3492 5525
542 454 602 537 670
656 455 783 520 Locren
796 456 1026 531 utnon-um.
1045 472 1116 532 ψ,
1133 457 1223 520 Drsa.
1244 469 1285 521 r.·
1299 456 1379 521 Cae.
1396 470 1468 520 anm

503 631 708 706 natura'non
738 651 788 707 est
816 639 949 727 physice
978 638 1204 723 multiplicata,
1233 640 1265 705 in
1295 639 1408 723 primis
1432 641 1502 724 jam
1533 639 1627 703 nulla

501 745 581 813 tides
600 748 746 813 habenda
764 756 814 814 est
832 748 1039 833 experientiae
1057 764 1232 825 sensuum,
1253 765 1328 830 quae
1346 745 1626 830 multiplicitatem

500 854 532 919 in
565 854 806 923 individuorum
837 854 1041 922 distinctione
1072 874 1109 921 ac
1136 855 1339 939 separatione
1365 852 1629 937 irrefragabiliter

500 962 695 1029 manifestat.
724 962 846 1029 Deinde
872 964 989 1029 eodem
1015 963 1115 1030 modo
1140 980 1177 1027 se
1201 961 1333 1027 habebit
1357 960 1483 1044 quaevis
1506 966 1628 1026 natura

498 1077 605 1135 creata
627 1078 774 1155 respectu
796 1070 999 1141 diversorum
1024 1068 1283 1145 individuorum,
1311 1088 1348 1134 ac
1371 1077 1486 1134 natura
1509 1067 1627 1134 divina

498 1188 648 1261 respectu
664 1176 762 1245 trium
782 1179 1011 1245 Personarum.
1033 1177 1132 1260 Atqui
1151 1179 1214 1243 hoc
1231 1178 1263 1242 in
1283 1177 1397 1260 primis
1414 1176 1570 1242 transfert
1591 1176 1626 1239 in

496 1292 656 1351 creaturas
676 1286 869 1372 mysterium
891 1285 1140 1371 Angustissimae
1158 1284 1338 1366 Trinitatis;
1359 1285 1428 1349 imo
1442 1283 1532 1350 aliud
1547 1284 1628 1348 lon-

496 1412 538 1476 ge
570 1390 730 1459 difficilius
761 1376 946 1469 intellectu,
975 1393 1131 1477 quoniam
1159 1394 1192 1459 in
1221 1392 1335 1458 creatis
1364 1390 1489 1457 infinita
1512 1391 1629 1456 forent

496 1500 680 1584 supposita,
700 1518 803 1584 eaque
818 1502 879 1566 alia
897 1500 938 1565 ab
956 1500 1026 1566 aliis
1043 1513 1192 1585 ternpore
1210 1519 1247 1565 ac
1266 1500 1337 1565 loco
1356 1498 1527 1571 distantia.
1549 1498 1629 1582 opi·

497 1607 664 1683 trionibus,
682 1606 810 1684 studiis,
827 1616 926 1692 atque
941 1607 1184 1693 operationibus
1193 1606 1366 1674 contraria.
1381 1606 1503 1672 Deinde
1514 1606 1546 1671 in
1557 1606 1627 1671 hac

495 1715 656 1780 sententia
677 1734 787 1799 reapse
803 1726 940 1801 negatur
954 1716 1135 1782 universale
1150 1717 1182 1781 in
1197 1715 1337 1781 essendo
1351 1715 1534 1781 secundum
1544 1732 1628 1799 ger-

495 1840 627 1888 manam
647 1822 717 1907 ejus
737 1824 905 1890 notionem
925 1824 1074 1908 superius
1092 1824 1297 1919 explicatam.
1319 1822 1504 1889 Universale
1523 1840 1627 1887 nam-

495 1942 561 2012 que
580 1946 647 1995 non
672 1940 722 1995 est
746 1930 804 2007 id,
823 1931 912 2014 quod
932 1930 1181 2015 quomodolibet
1198 1940 1250 1997 est
1271 1948 1377 1997 unum
1395 1928 1429 1996 in
1454 1928 1623 2013 pluribus,

495 2036 553 2101 sed
578 2036 626 2113 id,
657 2037 746 2120 quod
767 2046 818 2103 est
845 2038 879 2103 in
906 2037 967 2104 illis
985 2057 1043 2121 per
1071 2040 1188 2104 realem
1210 2036 1511 2123 multiplicationem
1531 2038 1626 2104 illius

496 2142 593 2209 unius
617 2145 801 2211 secundum
826 2156 930 2211 totam
959 2163 1052 2211 suam
1076 2146 1294 2214 actualitatem
1319 2162 1378 2211 seu
1400 2146 1625 2228 comprehen-

494 2251 633 2319 sionem.
655 2251 749 2318 Unde
767 2270 885 2319 0mnes
899 2264 1019 2339 negant
1034 2263 1183 2320 naturam
1197 2253 1342 2320 divinam
1357 2252 1418 2318 dici
1433 2270 1531 2336 posse
1546 2254 1626 2319 uni-

495 2362 665 2426 versalum.

469 2480 479 2503 ·
559 2474 678 2547 Dices,
709 2468 883 2535 discrimen
901 2447 984 2536 esse
1016 2468 1101 2535 inter
1127 2468 1399 2535 communitatem
1428 2478 1555 2535 naturae
1585 2470 1624 2535 in

493 2574 666 2641 individuis
684 2578 797 2642 creatis
817 2586 914 2661 atque
932 2578 963 2642 in
982 2576 1132 2643 Personis
1158 2576 1292 2642 divinis:
1319 2595 1396 2641 nam
1420 2575 1453 2641 in
1472 2575 1626 2647 Sanctis-

492 2683 574 2749 sima
600 2682 755 2749 Trinitate
783 2703 847 2750 una
875 2693 925 2749 est
942 2684 1099 2749 nuncetice
1122 2693 1236 2749 natura
1261 2684 1293 2749 in
1321 2684 1425 2750 tribus
1451 2685 1621 2762 PersoniS,

446 2863 448 2874 ,
492 2811 568 2858 curn
588 2793 750 2859 increatis
768 2813 785 2857 e
805 2810 963 2859 converso
982 2794 1024 2858 sit
1043 2793 1075 2858 in
1095 2793 1208 2858 multis
1226 2789 1399 2858 individuis
1413 2804 1529 2860 natura
1550 2812 1622 2860 una

491 2900 665 2965 dumtaxat
674 2900 875 2985 formaliter,
896 2919 963 2966 non
982 2907 1092 2964 autem
1109 2900 1277 2966 numricc.

558 3013 773 3091 Respondeo.
794 3007 828 3073 Si
848 3006 1000 3074 Scotistae
1019 3007 1124 3074 nolint
1143 3016 1274 3073 naturas
1288 3005 1386 3072 simul
1402 3024 1478 3072 cum
1497 3005 1622 3075 indivi-

492 3115 565 3180 duis
590 3113 812 3200 multiplicari,
840 3115 1021 3181 sedunam
1047 3113 1178 3200 physice
1204 3134 1241 3179 ac
1259 3113 1384 3182 realiter
1409 3115 1561 3181 eamdem
1583 3116 1620 3182 in

492 3221 734 3288 individuorum
755 3221 908 3290 varietate
927 3240 1111 3300 remanere,
1131 3239 1344 3305 quocumque
1357 3223 1492 3289 tandem
1508 3225 1622 3289 nomi-

493 3347 533 3393 ne
552 3330 716 3414 appellent
734 3329 895 3415 ejusmodi
919 3329 1077 3397 unitatem
1100 3327 1168 3395 sive
1188 3329 1379 3404 formalem,
1403 3329 1472 3395 sive
1497 3347 1622 3396 nume·

492 3437 605 3514 neam,
637 3437 714 3503 nihil
747 3438 923 3503 lucrantur.
954 3439 1002 3505 Re
1031 3435 1119 3503 enim
1152 3456 1234 3502 vera
1259 3455 1389 3521 semper
1419 3436 1619 3504 habebimus
1735 3488 1736 3491 ,

417 3605 421 3614 .
492 3545 620 3611 unicam
639 3545 816 3612 realitatem
836 3545 869 3610 in
889 3543 1024 3612 diversis
1042 3544 1234 3623 individuis,
1255 3545 1339 3612 sicut
1354 3544 1449 3611 unica
1464 3555 1515 3611 est
1535 3547 1621 3612 sub·

491 3653 609 3719 stantia
627 3653 659 3719 ln
678 3653 832 3720 Trinitate
847 3652 1076 3719 Personarum.
1090 3653 1183 3718 Unde
1196 3671 1261 3719 non
1279 3653 1388 3748 minus
1403 3652 1616 3738 repugnabit,

492 3762 600 3846 plures
613 3761 763 3828 homines
779 3782 811 3828 v.
829 3781 879 3847 g.,
896 3771 952 3828 aut
970 3762 1081 3845 plures
1095 3779 1216 3844 equos,
1237 3770 1294 3826 aut
1308 3761 1418 3845 plures
1433 3777 1505 3828 esse
1521 3763 1620 3845 plan·

490 3879 557 3946 tas,
579 3887 678 3952 quam
698 3871 808 3953 plures
826 3887 900 3936 esse
918 3869 1010 3936 deos.

512 4017 515 4022 ·
535 3982 637 4044 Prob.
654 3987 702 4060 4³³
747 3977 793 4042 Ex
808 3979 866 4042 hac
882 3975 1096 4043 Scotistarum
1109 3977 1268 4043 sententia
1285 3978 1388 4041 multa
1403 3993 1619 4060 consequun-

490 4093 545 4151 tur
561 4085 711 4151 absurda.
733 4085 840 4150 Primo
860 4083 947 4150 enim
966 4081 1007 4171 a)
1024 4083 1138 4150 eadem
1158 4093 1244 4150 esset
1263 4084 1451 4150 humanitas
1470 4084 1501 4149 in
1520 4082 1620 4152 Chri·

490 4204 542 4259 sto
561 4191 701 4258 Domino
720 4200 753 4256 et
776 4191 808 4257 in
826 4191 925 4271 Juda,
946 4191 1128 4276 eademque
1146 4191 1317 4258 adorabilis
1335 4203 1439 4268 esset,
1458 4201 1560 4276 atque
1581 4193 1618 4260 in

488 4301 573 4365 coelo
604 4299 695 4366 beata
725 4311 890 4383 regnaret,
920 4309 953 4365 et
982 4308 1069 4365 esset
1097 4299 1303 4374 detestanda,
1335 4308 1550 4384 gemeretque
1579 4301 1618 4366 iu

490 4406 615 4483 inseris,
636 4407 801 4492 suppliciis
818 4407 946 4472 addicta
964 4405 1183 4492 sempiternis.
1204 4404 1243 4494 β)
1263 4405 1385 4472 Deinde
1408 4426 1475 4473 non
1501 4419 1619 4490 posset

490 4515 577 4581 Deus
595 4534 702 4580 creare
721 4534 825 4583 unum
844 4514 1069 4593 individuum,
1089 4525 1145 4581 aut
1173 4513 1366 4592 annihilare,
1395 4512 1519 4582 caeteris
1545 4517 1620 4582 exi·

489 4622 664 4692 stentibus.
684 4622 811 4690 Creatio
823 4622 911 4689 enim
921 4623 1076 4707 importat
1089 4623 1337 4708 productionem
1348 4621 1433 4691 entis
1442 4642 1483 4690 ex
1495 4622 1616 4702 nihilo,

490 4729 627 4816 ideoque
660 4731 769 4816 quoad
803 4749 897 4798 suam
926 4739 1030 4796 totam
1059 4729 1245 4799 entitatem:
1277 4730 1310 4797 in
1339 4731 1498 4798 contraria
1532 4751 1619 4800 vero
