<?xml version="1.0" encoding="UTF-8"?>
<!DOCTYPE html PUBLIC "-//W3C//DTD XHTML 1.0 Transitional//EN"
    "http://www.w3.org/TR/xhtml1/DTD/xhtml1-transitional.dtd">
<html xmlns="http://www.w3.org/1999/xhtml" xml:lang="en" lang="en">
 <head>
  <title>
</title>
<meta http-equiv="Content-Type" content="text/html;charset=utf-8" />
  <meta name='ocr-system' content='tesseract 3.04.00' />
  <meta name='ocr-capabilities' content='ocr_page ocr_carea ocr_par ocr_line ocrx_word'/>
</head>
<body>
  <div class='ocr_page' id='page_1' title='image "./institutionesph00urrgoog/institutionesph00urrgoog_0506.png"; bbox 0 0 3492 5525; ppageno 0'>
   <div class='ocr_carea' id='block_1_1' title="bbox 572 486 1499 572">
    <p class='ocr_par' dir='ltr' id='par_1_1' title="bbox 572 486 1499 572">
     <span class='ocr_line' id='line_1_1' title="bbox 572 486 1499 572; baseline 0.002 -20"><span class='ocrx_word' id='word_1_1' title='bbox 572 486 633 572; x_wconf 89' lang='lat'>484</span> <span class='ocrx_word' id='word_1_2' title='bbox 686 490 811 555; x_wconf 78' lang='lat' dir='ltr'>Loorca</span> <span class='ocrx_word' id='word_1_3' title='bbox 826 490 1057 565; x_wconf 70' lang='lat' dir='ltr'>Masone-Lm.</span> <span class='ocrx_word' id='word_1_4' title='bbox 1077 492 1254 571; x_wconf 77' lang='lat' dir='ltr'>1.¹³·,Drse.</span> <span class='ocrx_word' id='word_1_5' title='bbox 1272 505 1316 555; x_wconf 74' lang='lat' dir='ltr'>a·</span> <span class='ocrx_word' id='word_1_6' title='bbox 1330 492 1409 557; x_wconf 75' lang='lat' dir='ltr'>Car.</span> <span class='ocrx_word' id='word_1_7' title='bbox 1427 508 1499 555; x_wconf 56' lang='lat' dir='ltr'>amm</span> 
     </span>
    </p>
   </div>
   <div class='ocr_carea' id='block_1_2' title="bbox 464 647 1728 1140">
    <p class='ocr_par' dir='ltr' id='par_1_2' title="bbox 464 647 1728 1102">
     <span class='ocr_line' id='line_1_2' title="bbox 464 647 1728 762; baseline -0.002 -21"><span class='ocrx_word' id='word_1_8' title='bbox 464 734 468 741; x_wconf 89' lang='lat'>.</span> <span class='ocrx_word' id='word_1_9' title='bbox 535 674 700 750; x_wconf 89' lang='lat' dir='ltr'>homines,</span> <span class='ocrx_word' id='word_1_10' title='bbox 722 686 758 742; x_wconf 94' lang='lat' dir='ltr'>ut</span> <span class='ocrx_word' id='word_1_11' title='bbox 783 674 913 761; x_wconf 85' lang='lat' dir='ltr'>cognita</span> <span class='ocrx_word' id='word_1_12' title='bbox 943 676 1159 762; x_wconf 78' lang='lat' dir='ltr'>repugnantia</span> <span class='ocrx_word' id='word_1_13' title='bbox 1186 673 1358 741; x_wconf 88' lang='lat' dir='ltr'>intrinseca</span> <span class='ocrx_word' id='word_1_14' title='bbox 1385 674 1597 758; x_wconf 85' lang='lat' dir='ltr'>scepticisrni‚</span> <span class='ocrx_word' id='word_1_15' title='bbox 1622 686 1652 739; x_wconf 90' lang='lat' dir='ltr'>et</span> <span class='ocrx_word' id='word_1_16' title='bbox 1726 647 1728 738; x_wconf 71' lang='lat' dir='ltr'>i</span> 
     </span>
     <span class='ocr_line' id='line_1_3' title="bbox 535 781 1728 920; baseline -0.002 -71"><span class='ocrx_word' id='word_1_17' title='bbox 535 781 675 849; x_wconf 85' lang='lat' dir='ltr'>vanitate</span> <span class='ocrx_word' id='word_1_18' title='bbox 690 792 977 869; x_wconf 84' lang='lat' dir='ltr'>argumentorum,</span> <span class='ocrx_word' id='word_1_19' title='bbox 995 783 1115 869; x_wconf 87' lang='lat' dir='ltr'>quibus</span> <span class='ocrx_word' id='word_1_20' title='bbox 1128 783 1300 869; x_wconf 85' lang='lat' dir='ltr'>probatur,</span> <span class='ocrx_word' id='word_1_21' title='bbox 1317 784 1412 848; x_wconf 90' lang='lat' dir='ltr'>abeo</span> <span class='ocrx_word' id='word_1_22' title='bbox 1426 782 1653 867; x_wconf 85' lang='lat' dir='ltr'>amplectendo</span> <span class='ocrx_word' id='word_1_23' title='bbox 1726 795 1728 920; x_wconf 84' lang='grc'>(</span> 
     </span>
     <span class='ocr_line' id='line_1_4' title="bbox 518 888 837 995; baseline 0 -41"><span class='ocrx_word' id='word_1_24' title='bbox 518 889 755 995; x_wconf 18' lang='lat' dir='ltr'>&#39;deterreantur</span> <span class='ocrx_word' id='word_1_25' title='bbox 772 888 837 979; x_wconf 87' lang='lat' dir='ltr'>(r).</span> 
     </span>
    </p>

    <p class='ocr_par' dir='ltr' id='par_1_3' title="bbox 1726 1105 1727 1140">
     <span class='ocr_line' id='line_1_5' title="bbox 1726 1105 1727 1140; baseline 0 0"><span class='ocrx_word' id='word_1_26' title='bbox 1726 1105 1727 1140; x_wconf 84' lang='lat' dir='ltr'>i</span> 
     </span>
    </p>
   </div>
   <div class='ocr_carea' id='block_1_3' title="bbox 532 996 1727 1513">
    <p class='ocr_par' dir='ltr' id='par_1_4' title="bbox 532 996 1727 1513">
     <span class='ocr_line' id='line_1_6' title="bbox 602 996 1653 1083; baseline 0 -22"><span class='ocrx_word' id='word_1_27' title='bbox 602 996 652 1064; x_wconf 81' lang='lat' dir='ltr'>Ad</span> <span class='ocrx_word' id='word_1_28' title='bbox 671 1013 854 1066; x_wconf 86' lang='lat' dir='ltr'>extremum</span> <span class='ocrx_word' id='word_1_29' title='bbox 875 996 940 1064; x_wconf 83' lang='lat' dir='ltr'>dixi</span> <span class='ocrx_word' id='word_1_30' title='bbox 960 998 993 1065; x_wconf 90' lang='lat' dir='ltr'>in</span> <span class='ocrx_word' id='word_1_31' title='bbox 1008 997 1248 1083; x_wconf 83' lang='lat' dir='ltr'>propositione,</span> <span class='ocrx_word' id='word_1_32' title='bbox 1263 1017 1335 1064; x_wconf 84' lang='lat' dir='ltr'>cram</span> <span class='ocrx_word' id='word_1_33' title='bbox 1352 1016 1404 1074; x_wconf 87' lang='lat' dir='ltr'>ao,</span> <span class='ocrx_word' id='word_1_34' title='bbox 1420 997 1478 1082; x_wconf 80' lang='lat' dir='ltr'>qut</span> <span class='ocrx_word' id='word_1_35' title='bbox 1489 996 1653 1083; x_wconf 59' lang='lat' dir='ltr'>perfetum</span> 
     </span>
     <span class='ocr_line' id='line_1_7' title="bbox 532 1102 1655 1189; baseline -0.002 -20"><span class='ocrx_word' id='word_1_36' title='bbox 532 1109 624 1189; x_wconf 83' lang='lat' dir='ltr'>atqua</span> <span class='ocrx_word' id='word_1_37' title='bbox 642 1105 850 1172; x_wconf 73' lang='lat' dir='ltr'>ranivmaiem</span> <span class='ocrx_word' id='word_1_38' title='bbox 862 1106 1029 1189; x_wconf 75' lang='lat' dir='ltr'>profitetur</span> <span class='ocrx_word' id='word_1_39' title='bbox 1045 1106 1284 1188; x_wconf 78' lang='lat' dir='ltr'>scaptr&#39;cirmum,</span> <span class='ocrx_word' id='word_1_40' title='bbox 1306 1105 1429 1171; x_wconf 88' lang='lat' dir='ltr'>nullam</span> <span class='ocrx_word' id='word_1_41' title='bbox 1449 1102 1576 1170; x_wconf 88' lang='lat' dir='ltr'>institui</span> <span class='ocrx_word' id='word_1_42' title='bbox 1593 1104 1655 1168; x_wconf 88' lang='lat' dir='ltr'>dis-</span> 
     </span>
     <span class='ocr_line' id='line_1_8' title="bbox 534 1212 1653 1299; baseline -0.002 -22"><span class='ocrx_word' id='word_1_43' title='bbox 534 1213 737 1297; x_wconf 87' lang='lat' dir='ltr'>putationem</span> <span class='ocrx_word' id='word_1_44' title='bbox 757 1232 867 1298; x_wconf 87' lang='lat' dir='ltr'>posse.</span> <span class='ocrx_word' id='word_1_45' title='bbox 888 1212 922 1279; x_wconf 89' lang='lat' dir='ltr'>Si</span> <span class='ocrx_word' id='word_1_46' title='bbox 942 1212 1016 1299; x_wconf 88' lang='lat' dir='ltr'>quis</span> <span class='ocrx_word' id='word_1_47' title='bbox 1043 1213 1131 1279; x_wconf 90' lang='lat' dir='ltr'>enim</span> <span class='ocrx_word' id='word_1_48' title='bbox 1160 1214 1311 1297; x_wconf 85' lang='lat' dir='ltr'>quaedarn</span> <span class='ocrx_word' id='word_1_49' title='bbox 1339 1212 1492 1297; x_wconf 89' lang='lat' dir='ltr'>principia</span> <span class='ocrx_word' id='word_1_50' title='bbox 1515 1220 1553 1277; x_wconf 93' lang='lat' dir='ltr'>ut</span> <span class='ocrx_word' id='word_1_51' title='bbox 1571 1218 1653 1276; x_wconf 90' lang='lat' dir='ltr'>certa</span> 
     </span>
     <span class='ocr_line' id='line_1_9' title="bbox 534 1299 1727 1405; baseline 0.002 -21"><span class='ocrx_word' id='word_1_52' title='bbox 534 1328 567 1384; x_wconf 91' lang='lat' dir='ltr'>et</span> <span class='ocrx_word' id='word_1_53' title='bbox 582 1320 762 1387; x_wconf 85' lang='lat' dir='ltr'>indubitata</span> <span class='ocrx_word' id='word_1_54' title='bbox 780 1321 983 1396; x_wconf 90' lang='lat' dir='ltr'>admitteret,</span> <span class='ocrx_word' id='word_1_55' title='bbox 1004 1329 1116 1405; x_wconf 89' lang='lat' dir='ltr'>posset</span> <span class='ocrx_word' id='word_1_56' title='bbox 1147 1340 1189 1387; x_wconf 90' lang='lat' dir='ltr'>ex</span> <span class='ocrx_word' id='word_1_57' title='bbox 1216 1320 1278 1387; x_wconf 85' lang='lat' dir='ltr'>iuis</span> <span class='ocrx_word' id='word_1_58' title='bbox 1307 1318 1425 1386; x_wconf 84' lang='lat' dir='ltr'>revinci</span> <span class='ocrx_word' id='word_1_59' title='bbox 1445 1318 1653 1401; x_wconf 79' lang='lat' dir='ltr'><strong>falsitatisque</strong></span> <span class='ocrx_word' id='word_1_60' title='bbox 1726 1299 1727 1386; x_wconf 49' lang='grc' dir='ltr'>Ξ</span> 
     </span>
     <span class='ocr_line' id='line_1_10' title="bbox 534 1444 677 1513; baseline 0 -20"><span class='ocrx_word' id='word_1_61' title='bbox 534 1444 677 1513; x_wconf 76' lang='lat' dir='ltr'>coargui.</span> 
     </span>
    </p>
   </div>
   <div class='ocr_carea' id='block_1_4' title="bbox 534 1587 1655 1785">
    <p class='ocr_par' dir='ltr' id='par_1_5' title="bbox 534 1587 1655 1785">
     <span class='ocr_line' id='line_1_11' title="bbox 582 1587 1655 1675; baseline 0 -22"><span class='ocrx_word' id='word_1_62' title='bbox 582 1605 634 1673; x_wconf 74' lang='lat'>53.</span> <span class='ocrx_word' id='word_1_63' title='bbox 682 1587 878 1657; x_wconf 78' lang='lat' dir='ltr'>Prorosmo</span> <span class='ocrx_word' id='word_1_64' title='bbox 894 1588 949 1656; x_wconf 75' lang='lat'>2.⁸</span> <span class='ocrx_word' id='word_1_65' title='bbox 979 1596 1154 1659; x_wconf 73' lang='lat' dir='ltr'>Perfectus</span> <span class='ocrx_word' id='word_1_66' title='bbox 1171 1603 1275 1675; x_wconf 82' lang='lat' dir='ltr'>etque</span> <span class='ocrx_word' id='word_1_67' title='bbox 1300 1593 1509 1657; x_wconf 83' lang='lat' dir='ltr'>universalis</span> <span class='ocrx_word' id='word_1_68' title='bbox 1536 1592 1655 1670; x_wconf 82' lang='lat' dir='ltr'>scepti-</span> 
     </span>
     <span class='ocr_line' id='line_1_12' title="bbox 534 1698 1357 1785; baseline 0.001 -23"><span class='ocrx_word' id='word_1_69' title='bbox 534 1698 665 1763; x_wconf 85' lang='lat' dir='ltr'>cismus</span> <span class='ocrx_word' id='word_1_70' title='bbox 684 1710 820 1764; x_wconf 79' lang='lat' dir='ltr'>naturoe</span> <span class='ocrx_word' id='word_1_71' title='bbox 838 1706 1004 1763; x_wconf 82' lang='lat' dir='ltr'>humanae</span> <span class='ocrx_word' id='word_1_72' title='bbox 1022 1703 1165 1785; x_wconf 80' lang='lat' dir='ltr'>physice</span> <span class='ocrx_word' id='word_1_73' title='bbox 1179 1711 1357 1781; x_wconf 74' lang='lat' dir='ltr'>repugnat.</span> 
     </span>
    </p>
   </div>
   <div class='ocr_carea' id='block_1_5' title="bbox 475 1856 1727 4202">
    <p class='ocr_par' dir='ltr' id='par_1_6' title="bbox 475 1856 1727 3878">
     <span class='ocr_line' id='line_1_13' title="bbox 602 1856 1727 1945; baseline -0.004 -22"><span class='ocrx_word' id='word_1_74' title='bbox 602 1860 781 1925; x_wconf 77' lang='lat' dir='ltr'>Probatur.</span> <span class='ocrx_word' id='word_1_75' title='bbox 802 1856 1012 1941; x_wconf 79' lang='lat' dir='ltr'>impossibilis</span> <span class='ocrx_word' id='word_1_76' title='bbox 1026 1865 1076 1923; x_wconf 89' lang='lat' dir='ltr'>est</span> <span class='ocrx_word' id='word_1_77' title='bbox 1090 1856 1224 1945; x_wconf 85' lang='lat' dir='ltr'>physice</span> <span class='ocrx_word' id='word_1_78' title='bbox 1239 1865 1344 1923; x_wconf 85' lang='lat' dir='ltr'>status</span> <span class='ocrx_word' id='word_1_79' title='bbox 1363 1857 1428 1934; x_wconf 87' lang='lat' dir='ltr'>iile,</span> <span class='ocrx_word' id='word_1_80' title='bbox 1449 1857 1482 1921; x_wconf 90' lang='lat' dir='ltr'>in</span> <span class='ocrx_word' id='word_1_81' title='bbox 1500 1874 1568 1938; x_wconf 86' lang='lat' dir='ltr'>quo</span> <span class='ocrx_word' id='word_1_82' title='bbox 1586 1856 1657 1920; x_wconf 89' lang='lat' dir='ltr'>nui·</span> <span class='ocrx_word' id='word_1_83' title='bbox 1726 1901 1727 1918; x_wconf 76' lang='lat'>.</span> 
     </span>
     <span class='ocr_line' id='line_1_14' title="bbox 536 1951 1313 2049; baseline 0.001 -21"><span class='ocrx_word' id='word_1_84' title='bbox 536 1964 597 2030; x_wconf 86' lang='lat' dir='ltr'>iius</span> <span class='ocrx_word' id='word_1_85' title='bbox 616 1981 749 2046; x_wconf 89' lang='lat' dir='ltr'>prorsus</span> <span class='ocrx_word' id='word_1_86' title='bbox 768 1963 812 2029; x_wconf 90' lang='lat' dir='ltr'>rei</span> <span class='ocrx_word' id='word_1_87' title='bbox 831 1963 992 2030; x_wconf 81' lang='lat' dir='ltr'>certitudo</span> <span class='ocrx_word' id='word_1_88' title='bbox 1004 1951 1153 2032; x_wconf 78' lang='lat' dir='ltr'>habetur.</span> <span class='ocrx_word' id='word_1_89' title='bbox 1174 1964 1313 2049; x_wconf 78' lang='lat' dir='ltr'>Ergo...</span> 
     </span>
     <span class='ocr_line' id='line_1_15' title="bbox 475 2072 1658 2158; baseline 0 -21"><span class='ocrx_word' id='word_1_90' title='bbox 475 2089 478 2099; x_wconf 84' lang='grc'><strong>’</strong></span> <span class='ocrx_word' id='word_1_91' title='bbox 602 2072 808 2138; x_wconf 84' lang='lat' dir='ltr'>Antecedens</span> <span class='ocrx_word' id='word_1_92' title='bbox 835 2080 924 2156; x_wconf 92' lang='lat' dir='ltr'>patet</span> <span class='ocrx_word' id='word_1_93' title='bbox 941 2073 1138 2157; x_wconf 83' lang='lat' dir='ltr'>experientia</span> <span class='ocrx_word' id='word_1_94' title='bbox 1161 2075 1333 2158; x_wconf 87' lang='lat' dir='ltr'>cujusque.</span> <span class='ocrx_word' id='word_1_95' title='bbox 1361 2074 1445 2139; x_wconf 87' lang='lat' dir='ltr'>Nam</span> <span class='ocrx_word' id='word_1_96' title='bbox 1471 2090 1537 2138; x_wconf 89' lang='lat' dir='ltr'>non</span> <span class='ocrx_word' id='word_1_97' title='bbox 1557 2072 1658 2137; x_wconf 89' lang='lat' dir='ltr'>modo</span> 
     </span>
     <span class='ocr_line' id='line_1_16' title="bbox 534 2176 1727 2267; baseline -0.001 -23"><span class='ocrx_word' id='word_1_98' title='bbox 534 2177 714 2245; x_wconf 80' lang='lat' dir='ltr'>certissime</span> <span class='ocrx_word' id='word_1_99' title='bbox 729 2178 851 2245; x_wconf 88' lang='lat' dir='ltr'>scimus</span> <span class='ocrx_word' id='word_1_100' title='bbox 869 2197 930 2245; x_wconf 91' lang='lat' dir='ltr'>nos</span> <span class='ocrx_word' id='word_1_101' title='bbox 944 2180 1083 2245; x_wconf 84' lang='lat' dir='ltr'>existere</span> <span class='ocrx_word' id='word_1_102' title='bbox 1101 2176 1170 2267; x_wconf 85' lang='lat' dir='ltr'>(a),</span> <span class='ocrx_word' id='word_1_103' title='bbox 1187 2180 1324 2256; x_wconf 88' lang='lat' dir='ltr'>sentire,</span> <span class='ocrx_word' id='word_1_104' title='bbox 1338 2180 1498 2264; x_wconf 84' lang='lat' dir='ltr'>cogitare,</span> <span class='ocrx_word' id='word_1_105' title='bbox 1519 2180 1656 2253; x_wconf 84' lang='lat' dir='ltr'>tamem,</span> <span class='ocrx_word' id='word_1_106' title='bbox 1726 2197 1727 2202; x_wconf 47' lang='lat'>¹</span> 
     </span>
     <span class='ocr_line' id='line_1_17' title="bbox 535 2284 1661 2371; baseline 0.001 -21"><span class='ocrx_word' id='word_1_107' title='bbox 535 2285 636 2362; x_wconf 90' lang='lat' dir='ltr'>sitim,</span> <span class='ocrx_word' id='word_1_108' title='bbox 649 2284 906 2369; x_wconf 88' lang='lat' dir='ltr'>innumerasque</span> <span class='ocrx_word' id='word_1_109' title='bbox 924 2287 1001 2352; x_wconf 87' lang='lat' dir='ltr'>alias</span> <span class='ocrx_word' id='word_1_110' title='bbox 1016 2284 1205 2352; x_wconf 79' lang='lat' dir='ltr'>affectiones</span> <span class='ocrx_word' id='word_1_111' title='bbox 1218 2288 1338 2367; x_wconf 84' lang='lat' dir='ltr'>subire3</span> <span class='ocrx_word' id='word_1_112' title='bbox 1355 2287 1412 2352; x_wconf 88' lang='lat' dir='ltr'>sed</span> <span class='ocrx_word' id='word_1_113' title='bbox 1431 2304 1550 2371; x_wconf 83' lang='lat' dir='ltr'>negare</span> <span class='ocrx_word' id='word_1_114' title='bbox 1569 2305 1661 2369; x_wconf 89' lang='lat' dir='ltr'>pror-</span> 
     </span>
     <span class='ocr_line' id='line_1_18' title="bbox 535 2392 1658 2479; baseline -0.001 -20"><span class='ocrx_word' id='word_1_115' title='bbox 535 2412 592 2460; x_wconf 92' lang='lat' dir='ltr'>sus</span> <span class='ocrx_word' id='word_1_116' title='bbox 613 2394 788 2477; x_wconf 87' lang='lat' dir='ltr'>nequimus</span> <span class='ocrx_word' id='word_1_117' title='bbox 807 2392 1001 2479; x_wconf 90' lang='lat' dir='ltr'>principium</span> <span class='ocrx_word' id='word_1_118' title='bbox 1020 2394 1283 2460; x_wconf 88' lang='lat' dir='ltr'>contradictionis</span> <span class='ocrx_word' id='word_1_119' title='bbox 1297 2394 1423 2477; x_wconf 87' lang='lat' dir='ltr'>aliaque</span> <span class='ocrx_word' id='word_1_120' title='bbox 1440 2395 1525 2459; x_wconf 88' lang='lat' dir='ltr'>bene</span> <span class='ocrx_word' id='word_1_121' title='bbox 1540 2395 1658 2468; x_wconf 91' lang='lat' dir='ltr'>multa,</span> 
     </span>
     <span class='ocr_line' id='line_1_19' title="bbox 534 2498 1660 2587; baseline 0 -21"><span class='ocrx_word' id='word_1_122' title='bbox 534 2510 606 2566; x_wconf 91' lang='lat' dir='ltr'>tum</span> <span class='ocrx_word' id='word_1_123' title='bbox 625 2498 815 2567; x_wconf 86' lang='lat' dir='ltr'>immediata</span> <span class='ocrx_word' id='word_1_124' title='bbox 838 2510 909 2567; x_wconf 93' lang='lat' dir='ltr'>tum</span> <span class='ocrx_word' id='word_1_125' title='bbox 935 2501 1087 2576; x_wconf 88' lang='lat' dir='ltr'>mediata,</span> <span class='ocrx_word' id='word_1_126' title='bbox 1109 2500 1243 2587; x_wconf 86' lang='lat' dir='ltr'>judicia.</span> <span class='ocrx_word' id='word_1_127' title='bbox 1272 2501 1348 2567; x_wconf 84' lang='lat' dir='ltr'>Haec</span> <span class='ocrx_word' id='word_1_128' title='bbox 1369 2500 1457 2567; x_wconf 92' lang='lat' dir='ltr'>enim</span> <span class='ocrx_word' id='word_1_129' title='bbox 1480 2519 1522 2565; x_wconf 86' lang='lat' dir='ltr'>ex</span> <span class='ocrx_word' id='word_1_130' title='bbox 1542 2500 1660 2586; x_wconf 89' lang='lat' dir='ltr'>princi-</span> 
     </span>
     <span class='ocr_line' id='line_1_20' title="bbox 535 2607 1659 2694; baseline 0 -20"><span class='ocrx_word' id='word_1_131' title='bbox 535 2608 595 2694; x_wconf 89' lang='lat' dir='ltr'>piis</span> <span class='ocrx_word' id='word_1_132' title='bbox 621 2628 678 2693; x_wconf 92' lang='lat' dir='ltr'>per</span> <span class='ocrx_word' id='word_1_133' title='bbox 705 2628 741 2675; x_wconf 91' lang='lat' dir='ltr'>se</span> <span class='ocrx_word' id='word_1_134' title='bbox 767 2610 852 2675; x_wconf 90' lang='lat' dir='ltr'>notis</span> <span class='ocrx_word' id='word_1_135' title='bbox 879 2608 1045 2675; x_wconf 90' lang='lat' dir='ltr'>evidenter</span> <span class='ocrx_word' id='word_1_136' title='bbox 1066 2617 1166 2694; x_wconf 87' lang='lat' dir='ltr'>atque</span> <span class='ocrx_word' id='word_1_137' title='bbox 1188 2609 1435 2676; x_wconf 87' lang='lat' dir='ltr'>ineluctabiliter</span> <span class='ocrx_word' id='word_1_138' title='bbox 1456 2607 1659 2687; x_wconf 85' lang='lat' dir='ltr'>derivantur;</span> 
     </span>
     <span class='ocr_line' id='line_1_21' title="bbox 535 2714 1663 2806; baseline 0 -26"><span class='ocrx_word' id='word_1_139' title='bbox 535 2714 691 2802; x_wconf 89' lang='lat' dir='ltr'>principia</span> <span class='ocrx_word' id='word_1_140' title='bbox 709 2736 787 2784; x_wconf 89' lang='lat' dir='ltr'>vero</span> <span class='ocrx_word' id='word_1_141' title='bbox 815 2736 870 2802; x_wconf 91' lang='lat' dir='ltr'>per</span> <span class='ocrx_word' id='word_1_142' title='bbox 895 2736 930 2783; x_wconf 91' lang='lat' dir='ltr'>se</span> <span class='ocrx_word' id='word_1_143' title='bbox 950 2726 1027 2784; x_wconf 88' lang='lat' dir='ltr'>nota</span> <span class='ocrx_word' id='word_1_144' title='bbox 1045 2715 1097 2806; x_wconf 73' lang='lat'>(3)</span> <span class='ocrx_word' id='word_1_145' title='bbox 1111 2718 1275 2784; x_wconf 80' lang='lat' dir='ltr'>verissima</span> <span class='ocrx_word' id='word_1_146' title='bbox 1292 2736 1356 2783; x_wconf 81' lang='lat' dir='ltr'>asse</span> <span class='ocrx_word' id='word_1_147' title='bbox 1380 2720 1515 2796; x_wconf 76' lang='lat' dir='ltr'>constat,</span> <span class='ocrx_word' id='word_1_148' title='bbox 1534 2718 1571 2781; x_wconf 86' lang='lat' dir='ltr'>in</span> <span class='ocrx_word' id='word_1_149' title='bbox 1590 2720 1663 2784; x_wconf 85' lang='lat' dir='ltr'>tan-</span> 
     </span>
     <span class='ocr_line' id='line_1_22' title="bbox 536 2825 1661 2912; baseline 0.001 -23"><span class='ocrx_word' id='word_1_150' title='bbox 536 2829 616 2900; x_wconf 84' lang='lat' dir='ltr'>tum,</span> <span class='ocrx_word' id='word_1_151' title='bbox 641 2831 678 2891; x_wconf 84' lang='lat' dir='ltr'>ut</span> <span class='ocrx_word' id='word_1_152' title='bbox 693 2845 749 2891; x_wconf 82' lang='lat' dir='ltr'>nra</span> <span class='ocrx_word' id='word_1_153' title='bbox 759 2825 850 2910; x_wconf 85' lang='lat' dir='ltr'>salsa</span> <span class='ocrx_word' id='word_1_154' title='bbox 875 2844 941 2891; x_wconf 84' lang='lat' dir='ltr'>esse</span> <span class='ocrx_word' id='word_1_155' title='bbox 955 2827 1099 2908; x_wconf 83' lang='lat' dir='ltr'>possibile</span> <span class='ocrx_word' id='word_1_156' title='bbox 1126 2827 1169 2891; x_wconf 87' lang='lat' dir='ltr'>sit</span> <span class='ocrx_word' id='word_1_157' title='bbox 1188 2826 1331 2912; x_wconf 76' lang='lat' dir='ltr'>cogitare.</span> <span class='ocrx_word' id='word_1_158' title='bbox 1359 2826 1500 2892; x_wconf 87' lang='lat' dir='ltr'>Possunt</span> <span class='ocrx_word' id='word_1_159' title='bbox 1523 2825 1661 2908; x_wconf 90' lang='lat' dir='ltr'>quidem</span> 
     </span>
     <span class='ocr_line' id='line_1_23' title="bbox 535 2932 1663 3019; baseline 0 -21"><span class='ocrx_word' id='word_1_160' title='bbox 535 2935 603 2999; x_wconf 85' lang='lat' dir='ltr'>haec</span> <span class='ocrx_word' id='word_1_161' title='bbox 622 2953 678 2998; x_wconf 90' lang='lat' dir='ltr'>ore</span> <span class='ocrx_word' id='word_1_162' title='bbox 697 2933 824 3019; x_wconf 82' lang='lat' dir='ltr'>negari,</span> <span class='ocrx_word' id='word_1_163' title='bbox 845 2934 920 3018; x_wconf 86' lang='lat' dir='ltr'>quia</span> <span class='ocrx_word' id='word_1_164' title='bbox 939 2933 1021 2998; x_wconf 83' lang='lat' dir='ltr'>nihil</span> <span class='ocrx_word' id='word_1_165' title='bbox 1040 2940 1088 2999; x_wconf 83' lang='lat' dir='ltr'>ast</span> <span class='ocrx_word' id='word_1_166' title='bbox 1109 2937 1187 2999; x_wconf 77' lang='lat' dir='ltr'>adeo</span> <span class='ocrx_word' id='word_1_167' title='bbox 1204 2952 1329 3010; x_wconf 81' lang='lat' dir='ltr'>aarum,</span> <span class='ocrx_word' id='word_1_168' title='bbox 1354 2933 1458 3017; x_wconf 88' lang='lat' dir='ltr'>inquit</span> <span class='ocrx_word' id='word_1_169' title='bbox 1482 2932 1663 3017; x_wconf 81' lang='lat' dir='ltr'>Angelicus</span> 
     </span>
     <span class='ocr_line' id='line_1_24' title="bbox 533 3038 1663 3126; baseline -0.003 -20"><span class='ocrx_word' id='word_1_170' title='bbox 533 3060 609 3106; x_wconf 91' lang='lat' dir='ltr'>cum</span> <span class='ocrx_word' id='word_1_171' title='bbox 630 3040 796 3126; x_wconf 84' lang='lat' dir='ltr'>Stagirita,</span> <span class='ocrx_word' id='word_1_172' title='bbox 817 3045 895 3125; x_wconf 85' lang='lat' dir='ltr'>quin</span> <span class='ocrx_word' id='word_1_173' title='bbox 908 3059 982 3106; x_wconf 84' lang='lat' dir='ltr'>voce</span> <span class='ocrx_word' id='word_1_174' title='bbox 997 3041 1111 3125; x_wconf 81' lang='lat' dir='ltr'>negari</span> <span class='ocrx_word' id='word_1_175' title='bbox 1124 3041 1236 3124; x_wconf 83' lang='lat' dir='ltr'>possit.</span> <span class='ocrx_word' id='word_1_176' title='bbox 1254 3041 1338 3108; x_wconf 81' lang='lat' dir='ltr'>Nam</span> <span class='ocrx_word' id='word_1_177' title='bbox 1355 3045 1388 3106; x_wconf 84' lang='lat' dir='ltr'>at</span> <span class='ocrx_word' id='word_1_178' title='bbox 1399 3041 1453 3105; x_wconf 80' lang='lat' dir='ltr'>doc</span> <span class='ocrx_word' id='word_1_179' title='bbox 1465 3038 1663 3123; x_wconf 79' lang='lat' dir='ltr'>principium</span> 
     </span>
     <span class='ocr_line' id='line_1_25' title="bbox 533 3148 1663 3234; baseline -0.001 -22"><span class='ocrx_word' id='word_1_180' title='bbox 533 3149 746 3222; x_wconf 84' lang='lat' dir='ltr'>notissimum,</span> <span class='ocrx_word' id='word_1_181' title='bbox 762 3151 846 3234; x_wconf 86' lang='lat' dir='ltr'>quod</span> <span class='ocrx_word' id='word_1_182' title='bbox 863 3167 927 3213; x_wconf 85' lang='lat' dir='ltr'>non</span> <span class='ocrx_word' id='word_1_183' title='bbox 945 3149 1109 3231; x_wconf 77' lang='lat' dir='ltr'>&#39;contingat</span> <span class='ocrx_word' id='word_1_184' title='bbox 1125 3149 1207 3214; x_wconf 80' lang='lat' dir='ltr'>adem</span> <span class='ocrx_word' id='word_1_185' title='bbox 1224 3167 1288 3214; x_wconf 82' lang='lat' dir='ltr'>esse</span> <span class='ocrx_word' id='word_1_186' title='bbox 1305 3152 1338 3213; x_wconf 83' lang='lat' dir='ltr'>et</span> <span class='ocrx_word' id='word_1_187' title='bbox 1352 3167 1414 3213; x_wconf 87' lang='lat' dir='ltr'>non</span> <span class='ocrx_word' id='word_1_188' title='bbox 1432 3166 1515 3222; x_wconf 80' lang='lat' dir='ltr'>esse,</span> <span class='ocrx_word' id='word_1_189' title='bbox 1529 3148 1663 3231; x_wconf 81' lang='lat' dir='ltr'>quidam</span> 
     </span>
     <span class='ocr_line' id='line_1_26' title="bbox 533 3245 1665 3340; baseline -0.002 -20"><span class='ocrx_word' id='word_1_190' title='bbox 533 3245 586 3320; x_wconf 73' lang='lat' dir='ltr'>ora</span> <span class='ocrx_word' id='word_1_191' title='bbox 608 3260 811 3340; x_wconf 80' lang='lat' dir='ltr'>negaverunt.</span> <span class='ocrx_word' id='word_1_192' title='bbox 845 3256 997 3338; x_wconf 73' lang='lat' dir='ltr'>Quodam</span> <span class='ocrx_word' id='word_1_193' title='bbox 1022 3273 1097 3321; x_wconf 84' lang='lat' dir='ltr'>vero</span> <span class='ocrx_word' id='word_1_194' title='bbox 1123 3258 1200 3321; x_wconf 79' lang='lat' dir='ltr'>adeo</span> <span class='ocrx_word' id='word_1_195' title='bbox 1227 3273 1302 3322; x_wconf 85' lang='lat' dir='ltr'>aera</span> <span class='ocrx_word' id='word_1_196' title='bbox 1328 3259 1419 3332; x_wconf 87' lang='lat' dir='ltr'>sunt,</span> <span class='ocrx_word' id='word_1_197' title='bbox 1443 3256 1527 3339; x_wconf 81' lang='lat' dir='ltr'>quod</span> <span class='ocrx_word' id='word_1_198' title='bbox 1551 3272 1665 3319; x_wconf 83' lang='lat' dir='ltr'>eorum</span> 
     </span>
     <span class='ocr_line' id='line_1_27' title="bbox 533 3361 1727 3455; baseline -0.003 -26"><span class='ocrx_word' id='word_1_199' title='bbox 533 3363 668 3446; x_wconf 78' lang='lat' dir='ltr'>opposita</span> <span class='ocrx_word' id='word_1_200' title='bbox 690 3365 848 3431; x_wconf 77' lang='lat' dir='ltr'>intellectu</span> <span class='ocrx_word' id='word_1_201' title='bbox 875 3363 947 3446; x_wconf 84' lang='lat' dir='ltr'>cdpi</span> <span class='ocrx_word' id='word_1_202' title='bbox 970 3383 1032 3428; x_wconf 84' lang='lat' dir='ltr'>non</span> <span class='ocrx_word' id='word_1_203' title='bbox 1058 3367 1206 3446; x_wconf 65' lang='lat' dir='ltr'>possunt·</span> <span class='ocrx_word' id='word_1_204' title='bbox 1235 3367 1267 3428; x_wconf 87' lang='lat' dir='ltr'>et</span> <span class='ocrx_word' id='word_1_205' title='bbox 1282 3364 1351 3428; x_wconf 80' lang='lat' dir='ltr'>ideo</span> <span class='ocrx_word' id='word_1_206' title='bbox 1376 3363 1412 3427; x_wconf 87' lang='lat' dir='ltr'>in</span> <span class='ocrx_word' id='word_1_207' title='bbox 1433 3361 1583 3427; x_wconf 74' lang='lat' dir='ltr'>interiora</span> <span class='ocrx_word' id='word_1_208' title='bbox 1608 3381 1666 3426; x_wconf 86' lang='lat' dir='ltr'>ra·</span> <span class='ocrx_word' id='word_1_209' title='bbox 1726 3414 1727 3455; x_wconf 30' lang='lat'>4</span> 
     </span>
     <span class='ocr_line' id='line_1_28' title="bbox 534 3470 1727 3554; baseline -0.003 -19"><span class='ocrx_word' id='word_1_210' title='bbox 534 3471 616 3538; x_wconf 83' lang='lat' dir='ltr'>tt&#39;one</span> <span class='ocrx_word' id='word_1_211' title='bbox 637 3471 682 3537; x_wconf 86' lang='lat' dir='ltr'>eis</span> <span class='ocrx_word' id='word_1_212' title='bbox 704 3472 827 3537; x_wconf 81' lang='lat' dir='ltr'>obviari</span> <span class='ocrx_word' id='word_1_213' title='bbox 845 3491 908 3538; x_wconf 89' lang='lat' dir='ltr'>non</span> <span class='ocrx_word' id='word_1_214' title='bbox 925 3474 1040 3552; x_wconf 76' lang='lat' dir='ltr'>potest,</span> <span class='ocrx_word' id='word_1_215' title='bbox 1063 3473 1119 3536; x_wconf 86' lang='lat' dir='ltr'>sed</span> <span class='ocrx_word' id='word_1_216' title='bbox 1143 3473 1244 3537; x_wconf 86' lang='lat' dir='ltr'>sotum</span> <span class='ocrx_word' id='word_1_217' title='bbox 1262 3470 1428 3547; x_wconf 79' lang='lat' dir='ltr'>exteriori,</span> <span class='ocrx_word' id='word_1_218' title='bbox 1453 3487 1523 3554; x_wconf 74' lang='lat' dir='ltr'>qua</span> <span class='ocrx_word' id='word_1_219' title='bbox 1541 3472 1591 3534; x_wconf 90' lang='lat' dir='ltr'>est</span> <span class='ocrx_word' id='word_1_220' title='bbox 1603 3476 1667 3550; x_wconf 82' lang='lat' dir='ltr'>par</span> <span class='ocrx_word' id='word_1_221' title='bbox 1726 3494 1727 3507; x_wconf 42' lang='grc' dir='ltr'>ι</span> 
     </span>
     <span class='ocr_line' id='line_1_29' title="bbox 535 3577 1727 3667; baseline 0.01 -24"><span class='ocrx_word' id='word_1_222' title='bbox 535 3597 637 3644; x_wconf 84' lang='lat' dir='ltr'>vocem</span> <span class='ocrx_word' id='word_1_223' title='bbox 655 3577 718 3667; x_wconf 85' lang='grc'>(4).</span> <span class='ocrx_word' id='word_1_224' title='bbox 1025 3643 1028 3650; x_wconf 89' lang='grc'><strong>,</strong></span> <span class='ocrx_word' id='word_1_225' title='bbox 1726 3578 1727 3655; x_wconf 63' lang='grc' dir='ltr'>ζ</span> 
     </span>
     <span class='ocr_line' id='line_1_30' title="bbox 600 3682 1664 3771; baseline -0.004 -20"><span class='ocrx_word' id='word_1_226' title='bbox 600 3686 765 3771; x_wconf 85' lang='lat' dir='ltr'>Experire‚</span> <span class='ocrx_word' id='word_1_227' title='bbox 782 3703 914 3769; x_wconf 84' lang='lat' dir='ltr'>quaeso,</span> <span class='ocrx_word' id='word_1_228' title='bbox 935 3693 1046 3752; x_wconf 87' lang='lat' dir='ltr'>utrum</span> <span class='ocrx_word' id='word_1_229' title='bbox 1066 3685 1214 3752; x_wconf 84' lang='lat' dir='ltr'>dubitare</span> <span class='ocrx_word' id='word_1_230' title='bbox 1232 3685 1337 3771; x_wconf 88' lang='lat' dir='ltr'>possis</span> <span class='ocrx_word' id='word_1_231' title='bbox 1357 3703 1437 3751; x_wconf 92' lang='lat' dir='ltr'>num</span> <span class='ocrx_word' id='word_1_232' title='bbox 1456 3682 1600 3750; x_wconf 81' lang='lat' dir='ltr'>circulus</span> <span class='ocrx_word' id='word_1_233' title='bbox 1617 3682 1664 3748; x_wconf 86' lang='lat' dir='ltr'>sit</span> 
     </span>
     <span class='ocr_line' id='line_1_31' title="bbox 533 3783 1727 3878; baseline -0.002 -19"><span class='ocrx_word' id='word_1_234' title='bbox 533 3794 729 3878; x_wconf 87' lang='lat' dir='ltr'>quadratus,</span> <span class='ocrx_word' id='word_1_235' title='bbox 751 3793 817 3858; x_wconf 91' lang='lat' dir='ltr'>duo</span> <span class='ocrx_word' id='word_1_236' title='bbox 836 3783 870 3858; x_wconf 88' lang='lat' dir='ltr'>et</span> <span class='ocrx_word' id='word_1_237' title='bbox 887 3793 1035 3876; x_wconf 88' lang='lat' dir='ltr'>quinque</span> <span class='ocrx_word' id='word_1_238' title='bbox 1052 3793 1211 3859; x_wconf 83' lang='lat' dir='ltr'>conficere</span> <span class='ocrx_word' id='word_1_239' title='bbox 1229 3800 1358 3878; x_wconf 86' lang='lat' dir='ltr'>septem</span> <span class='ocrx_word' id='word_1_240' title='bbox 1378 3802 1442 3860; x_wconf 91' lang='lat' dir='ltr'>etc.</span> <span class='ocrx_word' id='word_1_241' title='bbox 1726 3786 1727 3793; x_wconf 73' lang='grc'>’</span> 
     </span>
    </p>

    <p class='ocr_par' dir='ltr' id='par_1_7' title="bbox 531 3878 1727 4202">
     <span class='ocr_line' id='line_1_32' title="bbox 602 3898 1665 3988; baseline -0.003 -22"><span class='ocrx_word' id='word_1_242' title='bbox 602 3901 670 3966; x_wconf 88' lang='lat' dir='ltr'>i-ioc</span> <span class='ocrx_word' id='word_1_243' title='bbox 689 3909 885 3988; x_wconf 82' lang='lat' dir='ltr'>argumento</span> <span class='ocrx_word' id='word_1_244' title='bbox 903 3919 990 3984; x_wconf 86' lang='lat' dir='ltr'>saepe</span> <span class='ocrx_word' id='word_1_245' title='bbox 1009 3919 1090 3967; x_wconf 92' lang='lat' dir='ltr'>usus</span> <span class='ocrx_word' id='word_1_246' title='bbox 1107 3909 1159 3966; x_wconf 91' lang='lat' dir='ltr'>est</span> <span class='ocrx_word' id='word_1_247' title='bbox 1176 3900 1316 3986; x_wconf 80' lang='lat' dir='ltr'>Magnus</span> <span class='ocrx_word' id='word_1_248' title='bbox 1331 3898 1550 3986; x_wconf 78' lang='lat' dir='ltr'>Augustinus.</span> <span class='ocrx_word' id='word_1_249' title='bbox 1570 3898 1665 3964; x_wconf 81' lang='lat' dir='ltr'><em>Mul·</em></span> 
     </span>
     <span class='ocr_line' id='line_1_33' title="bbox 533 4007 1666 4092; baseline -0.002 -18"><span class='ocrx_word' id='word_1_250' title='bbox 533 4011 564 4074; x_wconf 88' lang='lat' dir='ltr'>ta</span> <span class='ocrx_word' id='word_1_251' title='bbox 579 4013 670 4085; x_wconf 86' lang='lat' dir='ltr'>sunt,</span> <span class='ocrx_word' id='word_1_252' title='bbox 691 4007 812 4092; x_wconf 88' lang='lat' dir='ltr'>inquit,</span> <span class='ocrx_word' id='word_1_253' title='bbox 840 4026 910 4092; x_wconf 73' lang='lat' dir='ltr'>qaia</span> <span class='ocrx_word' id='word_1_254' title='bbox 935 4008 1108 4073; x_wconf 82' lang='lat' dir='ltr'>academici</span> <span class='ocrx_word' id='word_1_255' title='bbox 1130 4008 1164 4072; x_wconf 89' lang='lat' dir='ltr'>in</span> <span class='ocrx_word' id='word_1_256' title='bbox 1186 4008 1316 4074; x_wconf 83' lang='lat' dir='ltr'>dubium</span> <span class='ocrx_word' id='word_1_257' title='bbox 1337 4026 1484 4074; x_wconf 82' lang='lat' dir='ltr'>revocare</span> <span class='ocrx_word' id='word_1_258' title='bbox 1507 4025 1572 4072; x_wconf 86' lang='lat' dir='ltr'>non</span> <span class='ocrx_word' id='word_1_259' title='bbox 1588 4015 1666 4091; x_wconf 79' lang='lat' dir='ltr'>pos-</span> 
     </span>
     <span class='ocr_line' id='line_1_34' title="bbox 531 4115 1666 4202; baseline -0.004 -19"><span class='ocrx_word' id='word_1_260' title='bbox 531 4121 624 4184; x_wconf 87' lang='lat' dir='ltr'>sunt:</span> <span class='ocrx_word' id='word_1_261' title='bbox 642 4119 734 4202; x_wconf 82' lang='lat' dir='ltr'>quate</span> <span class='ocrx_word' id='word_1_262' title='bbox 748 4119 794 4182; x_wconf 83' lang='lat' dir='ltr'>est</span> <span class='ocrx_word' id='word_1_263' title='bbox 810 4115 910 4182; x_wconf 84' lang='lat' dir='ltr'>iilud:</span> <span class='ocrx_word' id='word_1_264' title='bbox 925 4115 997 4182; x_wconf 78' lang='lat' dir='ltr'>Scio</span> <span class='ocrx_word' id='word_1_265' title='bbox 1015 4135 1063 4182; x_wconf 83' lang='lat' dir='ltr'>me</span> <span class='ocrx_word' id='word_1_266' title='bbox 1080 4116 1186 4181; x_wconf 84' lang='lat' dir='ltr'>vivere</span> <span class='ocrx_word' id='word_1_267' title='bbox 1203 4121 1261 4183; x_wconf 89' lang='lat' dir='ltr'>aut</span> <span class='ocrx_word' id='word_1_268' title='bbox 1275 4115 1420 4199; x_wconf 74' lang='lat' dir='ltr'>cogitare.</span> <span class='ocrx_word' id='word_1_269' title='bbox 1440 4115 1504 4184; x_wconf 79' lang='lat' dir='ltr'>tur·</span> <span class='ocrx_word' id='word_1_270' title='bbox 1520 4133 1577 4181; x_wconf 82' lang='lat' dir='ltr'>nec</span> <span class='ocrx_word' id='word_1_271' title='bbox 1595 4115 1666 4180; x_wconf 89' lang='lat' dir='ltr'>dici</span> 
     </span>
    </p>
   </div>
   <div class='ocr_carea' id='block_1_6' title="bbox 531 4327 1671 4854">
    <p class='ocr_par' dir='ltr' id='par_1_8' title="bbox 531 4327 1666 4496">
     <span class='ocr_line' id='line_1_35' title="bbox 566 4327 1666 4404; baseline -0.002 -15"><span class='ocrx_word' id='word_1_272' title='bbox 566 4337 608 4398; x_wconf 84' lang='grc' dir='ltr'>(ι)</span> <span class='ocrx_word' id='word_1_273' title='bbox 644 4329 706 4389; x_wconf 83' lang='lat' dir='ltr'>etr.</span> <span class='ocrx_word' id='word_1_274' title='bbox 724 4329 758 4389; x_wconf 87' lang='lat' dir='ltr'>S.</span> <span class='ocrx_word' id='word_1_275' title='bbox 772 4329 878 4388; x_wconf 89' lang='lat' dir='ltr'>Thom.</span> <span class='ocrx_word' id='word_1_276' title='bbox 897 4349 921 4386; x_wconf 88' lang='lat'>1.</span> <span class='ocrx_word' id='word_1_277' title='bbox 938 4348 965 4400; x_wconf 92' lang='lat' dir='ltr'>p.</span> <span class='ocrx_word' id='word_1_278' title='bbox 981 4347 1012 4399; x_wconf 90' lang='lat' dir='ltr'>q.</span> <span class='ocrx_word' id='word_1_279' title='bbox 1030 4348 1055 4398; x_wconf 76' lang='lat' dir='ltr'>r,</span> <span class='ocrx_word' id='word_1_280' title='bbox 1069 4349 1097 4385; x_wconf 84' lang='lat' dir='ltr'>a.</span> <span class='ocrx_word' id='word_1_281' title='bbox 1112 4328 1147 4397; x_wconf 77' lang='grc' dir='ltr'>ὃς</span> <span class='ocrx_word' id='word_1_282' title='bbox 1167 4327 1409 4404; x_wconf 60' lang='lat' dir='ltr'>metaphysica..</span> <span class='ocrx_word' id='word_1_283' title='bbox 1421 4328 1473 4388; x_wconf 86' lang='lat' dir='ltr'>lib.</span> <span class='ocrx_word' id='word_1_284' title='bbox 1491 4347 1533 4402; x_wconf 82' lang='grc'>4.,</span> <span class='ocrx_word' id='word_1_285' title='bbox 1548 4328 1616 4388; x_wconf 82' lang='lat' dir='ltr'>lect.</span> <span class='ocrx_word' id='word_1_286' title='bbox 1632 4330 1666 4398; x_wconf 82' lang='lat'>6,</span> 
     </span>
     <span class='ocr_line' id='line_1_36' title="bbox 531 4417 1387 4496; baseline -0.001 -18"><span class='ocrx_word' id='word_1_287' title='bbox 531 4421 581 4480; x_wconf 90' lang='lat' dir='ltr'>ubi</span> <span class='ocrx_word' id='word_1_288' title='bbox 595 4421 631 4478; x_wconf 91' lang='lat' dir='ltr'>de</span> <span class='ocrx_word' id='word_1_289' title='bbox 645 4421 857 4496; x_wconf 72' lang='lat' dir='ltr'>redarguendis</span> <span class='ocrx_word' id='word_1_290' title='bbox 871 4419 918 4486; x_wconf 82' lang='lat' dir='ltr'>iis,</span> <span class='ocrx_word' id='word_1_291' title='bbox 933 4417 985 4490; x_wconf 88' lang='lat' dir='ltr'>qui</span> <span class='ocrx_word' id='word_1_292' title='bbox 1000 4417 1094 4490; x_wconf 83' lang='lat' dir='ltr'>prime</span> <span class='ocrx_word' id='word_1_293' title='bbox 1108 4417 1253 4490; x_wconf 85' lang='lat' dir='ltr'>principia</span> <span class='ocrx_word' id='word_1_294' title='bbox 1267 4431 1387 4492; x_wconf 79' lang='lat' dir='ltr'>negant.</span> 
     </span>
    </p>

    <p class='ocr_par' dir='ltr' id='par_1_9' title="bbox 531 4508 1666 4669">
     <span class='ocr_line' id='line_1_37' title="bbox 565 4508 1666 4584; baseline 0.002 -18"><span class='ocrx_word' id='word_1_295' title='bbox 565 4511 607 4580; x_wconf 77' lang='lat' dir='ltr'>(a)</span> <span class='ocrx_word' id='word_1_296' title='bbox 643 4511 753 4567; x_wconf 75' lang='lat' dir='ltr'>Neritus</span> <span class='ocrx_word' id='word_1_297' title='bbox 768 4510 893 4582; x_wconf 73' lang='lat' dir='ltr'>unquam</span> <span class='ocrx_word' id='word_1_298' title='bbox 914 4510 1023 4566; x_wconf 80' lang='lat' dir='ltr'>erravit</span> <span class='ocrx_word' id='word_1_299' title='bbox 1036 4509 1067 4565; x_wconf 81' lang='lat' dir='ltr'>in</span> <span class='ocrx_word' id='word_1_300' title='bbox 1083 4509 1145 4576; x_wconf 76' lang='lat' dir='ltr'>troc,</span> <span class='ocrx_word' id='word_1_301' title='bbox 1163 4508 1238 4581; x_wconf 80' lang='lat' dir='ltr'>quod</span> <span class='ocrx_word' id='word_1_302' title='bbox 1250 4528 1308 4566; x_wconf 76' lang='lat' dir='ltr'>nott</span> <span class='ocrx_word' id='word_1_303' title='bbox 1322 4509 1487 4584; x_wconf 73' lang='lat' dir='ltr'>perciperet</span> <span class='ocrx_word' id='word_1_304' title='bbox 1497 4527 1532 4566; x_wconf 76' lang='lat' dir='ltr'>se</span> <span class='ocrx_word' id='word_1_305' title='bbox 1544 4511 1666 4568; x_wconf 76' lang='lat' dir='ltr'>ninere.</span> 
     </span>
     <span class='ocr_line' id='line_1_38' title="bbox 531 4597 1200 4669; baseline -0.003 -13"><span class='ocrx_word' id='word_1_306' title='bbox 531 4597 563 4657; x_wconf 90' lang='lat' dir='ltr'>S.</span> <span class='ocrx_word' id='word_1_307' title='bbox 577 4598 634 4656; x_wconf 81' lang='lat' dir='ltr'>Th.</span> <span class='ocrx_word' id='word_1_308' title='bbox 650 4599 684 4656; x_wconf 83' lang='lat' dir='ltr'>de</span> <span class='ocrx_word' id='word_1_309' title='bbox 701 4599 807 4668; x_wconf 70' lang='lat' dir='ltr'>Verri..</span> <span class='ocrx_word' id='word_1_310' title='bbox 823 4612 927 4669; x_wconf 84' lang='lat' dir='ltr'>quaeet.</span> <span class='ocrx_word' id='word_1_311' title='bbox 944 4617 986 4668; x_wconf 73' lang='lat' dir='ltr'>ro.</span> <span class='ocrx_word' id='word_1_312' title='bbox 1001 4619 1028 4655; x_wconf 85' lang='lat' dir='ltr'>a.</span> <span class='ocrx_word' id='word_1_313' title='bbox 1043 4599 1072 4656; x_wconf 88' lang='grc'>8.</span> <span class='ocrx_word' id='word_1_314' title='bbox 1087 4597 1123 4656; x_wconf 86' lang='lat' dir='ltr'>ad</span> <span class='ocrx_word' id='word_1_315' title='bbox 1138 4607 1200 4655; x_wconf 82' lang='lat' dir='ltr'>a.¹·</span> 
     </span>
    </p>

    <p class='ocr_par' dir='ltr' id='par_1_10' title="bbox 566 4686 1668 4763">
     <span class='ocr_line' id='line_1_39' title="bbox 566 4686 1668 4763; baseline 0.001 -16"><span class='ocrx_word' id='word_1_316' title='bbox 566 4694 606 4760; x_wconf 81' lang='lat'>(3)</span> <span class='ocrx_word' id='word_1_317' title='bbox 643 4688 753 4747; x_wconf 82' lang='lat' dir='ltr'>Contra</span> <span class='ocrx_word' id='word_1_318' title='bbox 764 4687 860 4757; x_wconf 71' lang='lat' dir='ltr'>(iant,</span> <span class='ocrx_word' id='word_1_319' title='bbox 877 4687 927 4747; x_wconf 85' lang='lat' dir='ltr'>lib.</span> <span class='ocrx_word' id='word_1_320' title='bbox 943 4709 967 4745; x_wconf 90' lang='grc' dir='ltr'>ι.</span> <span class='ocrx_word' id='word_1_321' title='bbox 978 4709 1004 4746; x_wconf 86' lang='lat' dir='ltr'>c.</span> <span class='ocrx_word' id='word_1_322' title='bbox 1014 4707 1060 4758; x_wconf 78' lang='lat'>213</span> <span class='ocrx_word' id='word_1_323' title='bbox 1073 4687 1124 4747; x_wconf 87' lang='lat' dir='ltr'>lib.</span> <span class='ocrx_word' id='word_1_324' title='bbox 1136 4709 1159 4746; x_wconf 85' lang='grc' dir='ltr'>ι.</span> <span class='ocrx_word' id='word_1_325' title='bbox 1171 4687 1329 4751; x_wconf 71' lang='lat' dir='ltr'>Posterior.</span> <span class='ocrx_word' id='word_1_326' title='bbox 1340 4686 1523 4762; x_wconf 60' lang='lat' dir='ltr'>mhrhcor„</span> <span class='ocrx_word' id='word_1_327' title='bbox 1532 4687 1602 4748; x_wconf 84' lang='lat' dir='ltr'>leet.</span> <span class='ocrx_word' id='word_1_328' title='bbox 1619 4709 1668 4763; x_wconf 89' lang='lat'>¹9·</span> 
     </span>
    </p>

    <p class='ocr_par' dir='ltr' id='par_1_11' title="bbox 565 4775 1671 4854">
     <span class='ocr_line' id='line_1_40' title="bbox 565 4775 1671 4854; baseline -0.002 -18"><span class='ocrx_word' id='word_1_329' title='bbox 565 4782 607 4854; x_wconf 75' lang='lat'>(4)</span> <span class='ocrx_word' id='word_1_330' title='bbox 643 4775 677 4846; x_wconf 82' lang='lat' dir='ltr'>S,</span> <span class='ocrx_word' id='word_1_331' title='bbox 692 4777 811 4849; x_wconf 88' lang='lat' dir='ltr'>Thom.,</span> <span class='ocrx_word' id='word_1_332' title='bbox 826 4787 864 4836; x_wconf 90' lang='lat' dir='ltr'>r.·</span> <span class='ocrx_word' id='word_1_333' title='bbox 873 4778 1044 4848; x_wconf 69' lang='lat' dir='ltr'>Posterior..</span> <span class='ocrx_word' id='word_1_334' title='bbox 1056 4778 1123 4837; x_wconf 90' lang='lat' dir='ltr'>leet.</span> <span class='ocrx_word' id='word_1_335' title='bbox 1141 4798 1184 4851; x_wconf 82' lang='lat'>19,</span> <span class='ocrx_word' id='word_1_336' title='bbox 1196 4790 1264 4851; x_wconf 84' lang='lat' dir='ltr'>post</span> <span class='ocrx_word' id='word_1_337' title='bbox 1276 4775 1406 4837; x_wconf 83' lang='lat' dir='ltr'>initium.</span> <span class='ocrx_word' id='word_1_338' title='bbox 1417 4775 1480 4836; x_wconf 78' lang='lat' dir='ltr'>etr.</span> <span class='ocrx_word' id='word_1_339' title='bbox 1491 4775 1532 4840; x_wconf 86' lang='lat' dir='ltr'>ih.</span> <span class='ocrx_word' id='word_1_340' title='bbox 1547 4778 1618 4838; x_wconf 83' lang='lat' dir='ltr'>leet.</span> <span class='ocrx_word' id='word_1_341' title='bbox 1636 4801 1671 4854; x_wconf 89' lang='lat'>7.</span> 
     </span>
    </p>
   </div>
   <div class='ocr_carea' id='block_1_7' title="bbox 0 0 1750 5525">
    <p class='ocr_par' dir='ltr' id='par_1_12' title="bbox 0 0 1750 5525">
     <span class='ocr_line' id='line_1_41' title="bbox 0 0 1750 5525; baseline 0 0"><span class='ocrx_word' id='word_1_342' title='bbox 0 0 1750 5525; x_wconf 95' lang='lat' dir='ltr'> </span> 
     </span>
    </p>
   </div>
  </div>
 </body>
</html>
