3492 5525
236 455 352 518 Anrrc.
370 468 430 536 4¹¹⁸
444 454 495 517 Dr:
511 452 743 517 Screurrnnuu
756 460 1072 518 suuacrsieunuous
1103 472 1180 519 locu.

97 640 272 705 tentialiter
282 647 339 704 aut
348 637 552 722 permissive.
564 637 756 721 Exemplum
767 636 911 703 babesin
921 638 1061 721 iis,quae
1071 635 1219 721 superius

97 748 269 813 innuimus
286 745 327 809 cle
346 744 552 829 Philosophia
562 734 726 821 naturali,
740 753 773 809 et
787 745 820 811 in
835 746 980 828 qualibet
995 746 1054 811 alia
1070 744 1216 811 scientia.

97 853 293 934 Quisenim
322 854 407 919 dicat
433 872 482 927 ea,
516 870 591 935 quae
623 851 798 935 respiciunt
817 854 952 936 plantas
971 864 1026 919 aut
1054 852 1217 927 animalia,

97 961 254 1029 contineri
279 962 349 1045 jam
374 969 446 1026 actu
466 959 499 1031 in
516 958 709 1025 veritatibus
732 960 954 1042 spectantibus
978 962 1016 1025 ad
1045 968 1221 1026 tractatum

97 1072 138 1136 de
157 1068 348 1155 corporibus
374 1064 576 1152 generatim?
602 1065 691 1132 Sicut
711 1067 799 1132 enlm
822 1068 863 1131 de
882 1068 1011 1133 animali
1036 1077 1072 1133 ut
1095 1069 1140 1133 sic
1163 1076 1220 1133 aut

98 1181 168 1263 ejus
187 1175 393 1261 passionibus
413 1175 525 1257 nequit
539 1172 754 1239 demonstrari
769 1174 966 1240 rationalitas
984 1184 1041 1241 aut
1059 1174 1220 1243 risibilitas

98 1286 258 1362 bominis,
289 1284 366 1366 quia
394 1301 460 1347 non
479 1291 570 1358 actu,
585 1282 649 1365 ,sed
673 1290 802 1348 tantum
823 1281 1041 1366 potentialiter
1069 1291 1125 1349 aut
1149 1302 1220 1367 per-

99 1392 232 1459 missive
250 1389 436 1456 continetur
459 1389 492 1454 in
511 1388 656 1464 animali,
676 1398 838 1471 quatenus
855 1390 923 1455 dari
951 1399 1061 1474 potest
1088 1391 1219 1474 aliquod

97 1499 217 1565 animal
238 1499 406 1580 rationale3
428 1497 472 1562 ita
489 1496 588 1561 etiam
609 1516 668 1561 nec
687 1502 728 1562 ex
747 1498 856 1580 planta
871 1506 907 1561 ut
930 1499 974 1563 sic
996 1498 1069 1563 licet
1083 1500 1220 1565 demon-

97 1609 189 1674 strari
210 1607 348 1683 animal,
377 1613 435 1671 aut
453 1605 563 1689 planta
590 1623 632 1669 ex
649 1605 790 1688 generali
818 1606 943 1671 ratione
968 1605 1125 1689 corporis,
1159 1606 1219 1672 nisi

99 1716 227 1781 aliunde
247 1713 403 1779 accedant
421 1710 576 1796 principia
589 1712 729 1779 diversa.
746 1711 777 1776 Si
796 1720 906 1777 autern
923 1713 1049 1777 diversa
1065 1713 1220 1798 principia

98 1824 311 1890 adhibeantur
329 1821 369 1886 ad
392 1820 560 1885 ulteriores
578 1821 804 1886 conclusiones
824 1822 1112 1896 demonstrandas,
1143 1825 1220 1891 novi

99 1932 196 1997 etiam
213 1929 343 1996 habitus
356 1927 497 2012 ponendi
516 1936 594 1993 sunt
610 1944 667 2010 pro
680 1927 833 1993 varietate
845 1928 922 1994 novi
937 1928 1081 1995 formalis
1091 1929 1217 1997 motivi.

167 2038 332 2105 Caeterum
365 2035 391 2101 si
417 2044 650 2119 argumentum
679 2035 850 2102 adversarii
873 2036 1012 2113 valeret,
1033 2038 1218 2121 probareta

97 2145 218 2211 fortiori
237 2141 408 2210 scientiam
426 2143 705 2209 subalternantem
730 2150 762 2207 et
780 2146 1036 2213 subalternatam
1061 2147 1102 2211 ad
1125 2163 1219 2211 eum·
1291 2126 1299 2141 ⁸

98 2254 174 2317 dem
194 2250 340 2317 habitum
360 2247 551 2337 pertinere(
577 2246 602 2335 ).

141 2364 249 2441 Objic.
271 2364 321 2425 5.⁰
367 2356 506 2423 Scientia
536 2356 667 2441 ponitur
695 2357 727 2422 in
756 2356 1010 2441 praedicamento
1041 2358 1215 2449 qualitatis.

99 2468 198 2549 Atqui
214 2467 248 2531 in
267 2466 518 2549 praedicamento
533 2483 599 2529 non
614 2465 746 2548 ponitur
764 2465 903 2548 qualitas
921 2486 963 2533 ex
983 2468 1095 2533 multis
1114 2467 1217 2551 quali·

96 2575 218 2640 tatibus
235 2573 429 2657 composita.
450 2574 534 2657 Ergo
557 2572 691 2640 scientia
719 2592 786 2639 non
809 2574 1018 2656 componitur
1044 2594 1084 2641 ex
1105 2576 1217 2643 multis

98 2681 284 2768 partialibus
299 2680 474 2748 habitibus.

164 2797 268 2873 Resp.
286 2791 318 2854 in
338 2788 451 2874 primis
469 2787 531 2853 dici
551 2796 659 2872 potest
673 2790 749 2872 poni
765 2790 796 2854 in
816 2773 1218 2875 praedicamentoqualita·
1256 2777 1262 2790 ’

96 2900 155 2975 tis,
185 2916 251 2964 non
279 2899 413 2963 totalem
437 2895 568 2980 praecise
595 2897 782 2973 scientiam,
816 2898 876 2964 sed
905 2899 1089 2982 partialem,
1123 2909 1239 2984 proutx

97 3007 233 3090 proinde
251 3004 408 3089 importat
425 3005 572 3070 habitum
589 3003 784 3086 simplicem.

165 3113 289 3179 Deinde
307 3112 449 3196 permitti
469 3119 595 3195 potest,
616 3111 704 3193 quod
719 3111 830 3177 totalis
848 3113 946 3178 etiam
969 3112 1101 3178 scientia
1117 3132 1219 3210 pona-

96 3223 205 3288 turin
236 3221 505 3305 praedicamento,
534 3219 613 3300 quin
634 3207 752 3286 'obstet
779 3221 976 3302 compositio
1005 3221 1151 3306 ejusdem
1177 3243 1217 3289 ex

98 3330 229 3405 multis,
255 3347 349 3404 narn,
378 3338 414 3392 ut
438 3327 587 3410 superius
609 3327 798 3392 notavimus
816 3347 892 3392 cum
918 3327 1043 3394 Eximio
1063 3329 1215 3406 Doctore,

96 3437 195 3504 etiarn
209 3435 329 3502 sanitas
344 3445 376 3502 et
392 3432 597 3519 pulchritudo
606 3435 815 3518 componitur
824 3453 863 3499 ex
871 3434 984 3502 multis
994 3435 1214 3519 qualitatibus,

96 3557 253 3612 ettamen
274 3544 307 3609 in
326 3543 579 3628 praedicamento
598 3540 795 3630 reponitur(
821 3541 845 3630 ).

458 3751 757 3827 ARTICULUS
780 3753 851 3827 IV.

259 3899 331 3969 De
349 3905 643 3968 scientiarum
663 3903 1063 3970 subatremariono.

143 4101 222 4170 295.
271 4081 412 4148 Nomine
430 4079 716 4147 subalternationis
734 4081 925 4166 intelligitur
941 4081 1121 4167 generatim
1141 4085 1219 4151 sub-
1306 4107 1366 4162 Quia

97 4190 259 4257 ordinatio
289 4192 340 4254 vel
359 4190 575 4274 dependentia
602 4190 698 4254 unius
721 4187 866 4255 scientia
897 4190 937 4256 ab
961 4191 1032 4256 alia.
1063 4190 1215 4268 Scientia,
1255 4179 1414 4304 '25:33⁰

94 4318 172 4382 quae
199 4299 241 4363 ab
267 4299 364 4363 altera
393 4297 530 4381 pendet,
555 4296 788 4377 subalternatim
807 4296 860 4362 illa
879 4317 956 4363 vero
977 4319 995 4362 a
1014 4315 1079 4383 qua
1098 4298 1218 4384 pendet

132 4573 172 4634 (1)
209 4565 272 4624 cfr.
290 4564 435 4632 Lossada‚
450 4563 503 4622 loc.
519 4562 568 4620 cit.
583 4581 647 4634 cap.
662 4563 695 4632 6,
710 4582 741 4620 n.
757 4582 802 4635 29.

130 4659 172 4727 (2)
209 4654 274 4714 Cir.
293 4653 440 4722 Lossadu,
463 4652 501 4710 ib.
518 4671 548 4712 n.
565 4671 613 4724 32,
637 4651 715 4724 apud
729 4671 818 4724 quem
832 4651 901 4711 vide
920 4653 1014 4727 pluro,
1031 4667 1092 4714 toto
1106 4653 1219 4716 illoca-
