3492 5525
256 415 374 479 nanc.
393 399 1087 497 3³1⁸ununosrecmntoeicasmriss
1127 433 1202 503 1125

113 620 176 667 nec
194 598 227 665 in
254 599 317 667 hoc
334 606 488 667 concreto
514 600 601 667 tomo
619 599 739 685 pr'ctns,
767 600 854 669 aliud
882 621 942 688 pro
961 603 1088 675 formali
1115 603 1245 690 respicit

114 709 178 775 nisi
202 708 356 776 formam.
381 708 466 795 Ergo
494 708 612 793 pariter
639 708 772 794 logica,
793 710 875 777 dum
904 729 956 779 res
983 711 1182 788 considerat,
1207 720 1245 779 ut

113 815 287 887 aru'ficiose
310 815 516 902 cognitas...
537 816 608 885 lluc
627 817 724 883 etiam
746 818 868 885 iaciunt
893 819 1244 905 exemplathetoricae

114 934 149 991 et
181 922 423 991 Grammatico.
453 924 521 991 Pari
551 943 671 1010 nempe
689 926 763 1011 jure
797 924 1016 995 Grammatica
1045 928 1108 995 dici
1131 935 1245 1012 posset

114 1031 293 1099 formaliter
318 1030 522 1098 considerare
546 1051 597 1101 res
616 1031 815 1118 significatas
833 1035 885 1101 vel
909 1033 1156 1119 significabiles,
1176 1053 1245 1119 quo

115 1139 234 1226 logica
253 1157 305 1206 res
331 1138 485 1207 definitas
509 1141 561 1206 vel
580 1139 775 1235 definibiles.
804 1142 847 1209 Ut
864 1141 954 1208 enim
981 1142 1098 1227 Logica
1122 1150 1175 1225 est
1193 1160 1245 1209 ars

115 1246 310 1324 deliniendi,
340 1248 386 1315 sic
411 1246 635 1315 Grammatico
661 1255 712 1315 est
739 1266 790 1315 ars
807 1250 991 1315 emendate
1021 1237 1176 1335 loquendi
1203 1249 1246 1315 de

116 1354 273 1422 ornnibus
293 1356 402 1423 rebus.
423 1355 644 1423 Nihilominus
667 1354 890 1424 Grammatica
908 1359 1014 1424 solam
1033 1356 1163 1443 respicit
1182 1358 1247 1425 tor·

118 1462 247 1528 maliter
266 1462 466 1530 locutionem
482 1472 519 1530 ut
537 1482 746 1550 congruam»
764 1462 826 1553 (1).

184 1570 222 1636 Et
251 1571 335 1637 hanc
352 1570 480 1637 videtur
504 1571 703 1655 expressisse
721 1572 918 1639 sententiam
943 1571 980 1638 S.
1011 1570 1174 1651 Thomas,
1194 1590 1246 1656 vel

117 1680 319 1763 quicumque
335 1679 378 1745 sit
395 1678 685 1762 auctor-opusculi
704 1679 837 1746 secundi
856 1679 898 1745 de
915 1679 1167 1748 Universatilms.
1188 1680 1248 1747 ln-

112 1787 261 1869 possibile
280 1789 328 1852 cst
344 1804 439 1853 unam
455 1790 485 1852 et
501 1788 639 1853 eamdem
653 1786 816 1853 scientiam
828 1786 1037 1856 determinare
1053 1790 1093 1853 de
1113 1787 1248 1855 Unr'rrcr·

116 1894 182 1961 sali
192 1902 252 1977 prr
268 1913 302 1961 se
326 1897 478 1979 quantum
494 1897 538 1960 ad
554 1894 629 1961 illas
646 1897 726 1960 dnos
748 1897 898 1973 nuperos,
922 1913 1000 1980 quos
1022 1894 1175 1976 antonin
1192 1898 1248 1974 scd

113 2004 220 2087 potius
233 2004 272 2068 dc
285 2020 349 2068 nno
362 2002 667 2085 pincernante
679 2009 740 2084 prr
755 2002 912 2069 candens.
928 2002 1006 2085 Ergo
1023 2001 1149 2086 copia,
1164 2024 1246 2071 cum
1366 2076 1374 2089 ,

116 2116 314 2181 considerat
330 2116 545 2190 universale,
566 2132 637 2179 non
659 2115 856 2179 considerat
877 2115 993 2193 ipsum
1015 2123 1184 2194 quantum
1201 2114 1246 2179 ad

117 2234 279 2293 naturam
294 2224 483 2301 subiectam
496 2240 558 2301 per
571 2202 628 2297 se}
643 2224 823 2286 nonenim
838 2222 1035 2285 considerat
1050 2223 1243 2297 hominem,

117 2335 155 2397 in
174 2332 324 2412 eoquod
346 2336 468 2406 homo,
489 2331 552 2393 sed
568 2332 606 2393 in
623 2349 665 2395 eo
689 2331 781 2409 quod
804 2331 953 2409 species,
973 2339 1009 2393 et
1033 2330 1085 2393 sic
1106 2330 1150 2394 de
1167 2332 1246 2394 aliis

117 2441 338 2505 animalibus.
358 2440 402 2502 Et
427 2438 505 2501 ideo
532 2439 659 2517 Logica
680 2439 913 2517 principaliter
938 2446 993 2501 est
1014 2437 1058 2501 de
1082 2438 1269 2502 secundis‘

118 2547 409 2612 intentionibus...
434 2542 519 2607 Atio
545 2545 651 2607 autern
675 2540 815 2611 scientie
839 2540 1044 2607 considerant
1067 2540 1246 2607 universate

117 2655 270 2737 quonium
291 2652 335 2716 nd
361 2668 427 2715 rem
450 2650 638 2735 subjectam·
665 2667 741 2714 nom
770 2648 973 2731 Philosophus
996 2648 1155 2714 naturalis
1180 2667 1246 2713 non

118 2758 298 2824 considerat
313 2765 423 2842 corpus
450 2756 560 2822 mobile
582 2756 617 2820 in
641 2758 793 2841 quantiam
816 2776 937 2841 genus,
960 2758 1017 2822 sed
1040 2754 1246 2842 inquantum

118 2868 229 2934 mobile
258 2873 390 2954 corpns,·
415 2868 448 2931 ct
471 2863 591 2930 musica
611 2883 675 2930 non
699 2864 882 2930 considerat
903 2883 1014 2932 sonum
1032 2863 1067 2930 in
1093 2866 1246 2950 quantum

118 2974 281 3051 occidam,
298 2975 354 3040 sed
371 2972 405 3038 in
424 2976 577 3057 qnantum
594 2970 668 3060 sic(
692 2969 716 3059 ).

444 3133 644 3201 Socvuurun
672 3147 921 3200 ornicucrnres.

167 3295 244 3384 347.
293 3303 401 3381 Objlc.
421 3303 469 3365 1.⁰
515 3296 547 3363 ld
562 3306 612 3363 est
625 3297 760 3363 formale
772 3295 939 3382 objectum
955 3296 1088 3382 partiale
1104 3295 1242 3382 Logicae,

120 3408 249 3490 dequo
278 3404 486 3472 verificantur
513 3404 611 3489 aliqui
639 3413 731 3471 actus
755 3403 894 3489 Logicae.
924 3403 988 3470 Sed
1007 3412 1098 3471 actus
1118 3403 1245 3490 logicae

122 3533 189 3581 non
209 3511 302 3599 pauci
317 3513 524 3580 verificantur
542 3513 583 3578 de
599 3512 677 3579 solis
693 3513 906 3596 conceptibus
924 3511 1110 3595 objectivis,
1130 3529 1188 3578 seu
1203 3512 1245 3578 de

122 3621 260 3707 objectis
278 3620 464 3706 cognitione
478 3618 652 3687 investitis.
669 3619 795 3704 Ergo...

167 3735 268 3798 Prob.
290 3732 377 3795 Min.
426 3727 529 3794 Actus
557 3727 626 3792 isti:
654 3727 760 3794 Genius
786 3731 832 3792 est
854 3725 1058 3812 prminabile
1081 3729 1121 3792 dc
1137 3727 1246 3793 multis

120 3837 219 3920 specie
232 3835 466 3919 differentibus:
485 3835 697 3902 Praedr'catum
717 3833 938 3917 propositionis
955 3833 1143 3918 affirmantis
1159 3834 1249 3902 debet

122 3943 312 4027 identificari
328 3961 399 4008 curn
415 3943 550 4029 subjecto
554 3961 568 4023 ;
587 3941 737 4027 Definitio
754 3943 843 4008 debet
854 3942 996 4008 converti
1007 3960 1078 4007 curn
1102 3941 1246 4028 definita·

121 4055 158 4119 ln
175 4051 355 4134 syllogismo
372 4054 508 4115 extrema
522 4051 635 4115 debent
649 4049 838 4137 alicndficari
853 4069 924 4116 cum
942 4050 1058 4127 medio,
1076 4033 1110 4115 et
1123 4050 1245 4116 similes
1309 4123 1312 4128 ,

123 4159 174 4226 alii
198 4158 294 4244 logici
317 4168 413 4240 sunt;
435 4166 469 4223 et
494 4168 604 4224 tamen
623 4160 664 4224 de
689 4159 768 4225 solis
797 4158 934 4244 objectis
961 4157 1138 4244 cognitioni
1167 4157 1245 4224 sub·

123 4267 286 4334 stantibus
298 4266 520 4344 verificantur,
543 4274 580 4333 ut
598 4265 815 4333 consideranti
831 4265 967 4351 patebit.
988 4267 1071 4332 llinc
1091 4273 1160 4332 tota
1179 4266 1245 4332 sere

160 4540 200 4603 (1)
238 4535 386 4610 Lonnada⁸
401 4535 455 4596 loc.
471 4534 532 4606 cit.¹
548 4554 578 4595 n.
594 4535 621 4594 6.

125 4713 140 4770 s
160 4631 199 4690 (2)
238 4625 316 4684 lnter
324 4644 392 4698 opp.
409 4623 442 4686 S.
453 4624 522 4697 Tic,
537 4624 646 4699 Opust.
664 4623 708 4698 56,
722 4622 859 4686 editionis
873 4625 1013 4686 Romanae
1021 4624 1104 4698 iussu
1118 4623 1152 4686 S.
1163 4625 1248 4687 PiiV

136 4727 217 4773 actae.
