3492 5525
242 475 359 539 Arene.
377 491 436 560 3³⁸⁸
451 474 680 551 OnJacrrones
694 492 826 541 conans
841 494 992 542 vennere.
1006 494 1145 542 racuer.
1171 492 1227 561 597

141 656 283 725 dubium
308 670 426 727 vocant
443 680 617 747 corporum
643 661 866 739 existentiam,
887 650 1080 747 principium
1098 662 1268 730 causalita-

142 766 205 841 tis,
226 766 330 833 immo
348 779 381 835 et
406 769 514 854 ipsum
532 768 796 837 contradictionis
821 768 1033 854 principium,
1053 770 1269 853 quemadmo-
1371 840 1374 844 J

142 873 226 939 dum
242 874 316 940 iecit
329 895 370 942 ex
385 877 549 945 veteribus
563 875 764 962 philosophis
775 876 971 953 Heraclitus,
988 884 1021 943 et
1036 869 1268 943 recentioribus

142 982 349 1066 temporibus
375 983 489 1070 llegel.
519 977 620 1068 rltqui
648 985 717 1050 haec
744 983 854 1051 ornnia
877 992 1025 1069 spectant
1043 984 1084 1052 ad
1101 984 1267 1072 obiectum

143 1086 368 1175 intelligentiae
387 1094 568 1177 proprium.
589 1091 715 1177 Ergo...
759 1174 762 1180 Ι

214 1204 318 1282 Resp.
331 1198 397 1265 Ore
415 1201 535 1267 docent
554 1198 647 1276 talia,
664 1201 715 1265 vel
735 1200 833 1265 etiam
854 1200 937 1265 sorte
955 1199 1132 1284 opinantur
1149 1198 1268 1284 insigni

143 1305 290 1387 quadam
318 1307 518 1385 temeritate,
548 1309 600 1373 vel
628 1307 704 1391 quia
732 1326 772 1373 ex
800 1307 993 1393 praeJudiciis
1021 1307 1071 1372 vel
1104 1326 1145 1372 ex
1171 1325 1270 1391 prava

144 1412 339 1480 educatione
358 1416 544 1500 mentisque
564 1414 806 1501 praecipitantia,
827 1415 933 1499 ipsam
959 1414 1176 1481 terminorum
1200 1414 1268 1481 vim

143 1539 184 1585 ac
204 1520 472 1605 significationem
489 1542 555 1590 non
574 1522 653 1591 satis
672 1521 869 1607 percipiunt,
891 1525 995 1591 nans.
1014 1521 1046 1587 Si
1065 1521 1133 1589 vim
1159 1520 1266 1588 termi-

144 1646 266 1694 norum
286 1630 387 1713 probe
407 1632 531 1708 norint,
551 1650 623 1715 neg.

216 1736 259 1802 Ut
277 1738 364 1803 enirn
385 1739 468 1804 bene
488 1738 612 1805 notavit
630 1756 707 1804 cum
728 1738 903 1804 Aristotele
921 1736 1100 1822 Angelicus
1116 1734 1185 1827 (r),
1206 1757 1271 1804 non

142 1846 424 1925 estnecessarium,
434 1849 518 1931 quod
529 1846 684 1932 quidquid
695 1838 812 1930 aliquis
825 1844 1093 1920 arctamenta
1105 1846 1268 1927 suscipiat,
1389 1868 1391 1873 ’

143 1953 201 2016 ael
215 1952 371 2035 opinemr.
388 1952 487 2029 Qrod
503 1955 528 2019 si
544 1954 619 2038 quis
633 1955 755 2019 sincere
771 1970 966 2037 persuasum
981 1952 1099 2018 babeat
1114 1951 1164 2029 id,
1180 1952 1271 2036 quod

144 2076 206 2125 ore
234 2060 437 2143 pronuntiat,
466 2068 579 2126 contra
608 2060 853 2128 evidentissima
881 2059 1071 2143 hujusmodi
1100 2059 1268 2143 principia,

144 2166 222 2231 ideo
247 2174 313 2244 est,
343 2168 420 2250 quia
446 2168 606 2235 terminos
639 2184 808 2253 perperam
843 2164 1007 2251 intelligit.
1041 2166 1168 2232 Etenim
1195 2174 1271 2250 pro

139 2272 296 2354 prium...
316 2277 365 2339 est
380 2275 491 2342 horum
506 2275 751 2357 principiorum,
771 2276 855 2359 quod
876 2292 939 2339 non
955 2275 1058 2339 sotum
1074 2287 1193 2340 neccsse
1210 2278 1269 2351 cst,

144 2399 185 2446 ea
197 2388 257 2462 per
268 2400 301 2446 se
317 2401 392 2448 nera
409 2400 491 2460 esse,
514 2384 570 2448 sed
585 2382 678 2449 etiam
697 2400 817 2448 necesse
833 2385 881 2447 est
895 2380 1014 2457 videri,
1037 2381 1204 2466 quod'sr'nt
1213 2389 1274 2465 per

144 2506 181 2553 se
193 2506 279 2555 arra.
299 2489 417 2556 Nullus
435 2490 518 2556 enim
530 2494 632 2573 potest
639 2497 699 2571 par
714 2508 747 2555 se
763 2489 890 2571 opinari
905 2488 1065 2554 contraria
1081 2506 1188 2555 eorum
1205 2488 1221 2576 (
1244 2486 1269 2577 ),

145 2606 187 2667 ut
205 2595 313 2661 scribit
337 2595 526 2681 Angellcus.
551 2599 635 2663 Nam
655 2605 758 2674 certe,
779 2596 863 2662 nibil
886 2599 935 2662 ‘cst
955 2599 1033 2661 adeo
1048 2612 1174 2673 verum,
1193 2597 1272 2681 quin

144 2720 221 2768 voce
240 2704 341 2786 possit
361 2704 483 2787 negari.
503 2705 587 2773 Nam
608 2708 639 2771 et
656 2704 710 2770 lroc
728 2704 922 2788 princrpium
949 2703 1164 2781 notissimum,
1190 2706 1273 2790 quod

145 2829 214 2875 non
230 2811 390 2897 contingat
410 2813 491 2878 idern
507 2831 571 2878 esse
593 2816 626 2878 et
639 2832 702 2878 non
725 2831 806 2890 esse,
833 2812 1037 2897 petramora
1063 2816 1268 2897 negaverunt.

149 2918 304 3000 &radam
326 2938 400 2985 vero
417 2923 494 2986 adeo
511 2941 587 2987 vera
603 2923 693 3004 sunt,
716 2922 801 3006 quod
816 2939 923 2985 eorum
947 2920 1084 3002 opposita
1109 2919 1272 2986 intellectu

144 3027 222 3106 capi
239 3045 301 3091 non
314 3025 472 3115 possunt(
497 3028 524 3112 l.

197 3139 303 3215 Objic.
325 3141 375 3200 2.'⁰
420 3133 484 3210 Qut
503 3135 622 3200 iterum
637 3134 822 3217 iterumque
842 3133 976 3209 lallitur,
994 3133 1136 3200 mendax
1155 3143 1222 3210 est,
1238 3143 1271 3201 et

147 3240 250 3306 tidem
272 3259 336 3307 non
357 3252 511 3308 meretur.
530 3242 628 3328 Atqui
648 3241 720 3308 talis
739 3251 790 3307 est
809 3241 900 3308 ratio.
918 3241 1046 3327 Ergo...

220 3355 323 3431 Reap.
353 3349 464 3415 distin.
487 3349 616 3436 Major.;
646 3349 672 3416 si
701 3349 819 3416 fallitur
847 3366 967 3433 perse
996 3358 1096 3432 atque
1124 3367 1164 3414 ex
1190 3347 1272 3414 vitio

147 3455 337 3533 intrinseco,
353 3475 458 3538 conc.,·
469 3455 494 3523 si
510 3475 567 3541 per
581 3456 746 3533 accidens,
757 3455 911 3538 ,subdist.,·
924 3473 989 3520 non
1010 3464 1153 3521 meretur
1171 3455 1270 3522 iidem

145 3563 181 3628 in
211 3582 250 3628 eo
277 3582 397 3648 genere
424 3582 531 3630 rerum
556 3564 659 3647 lisque
680 3563 856 3650 adjunctis,
877 3562 910 3628 in
936 3563 1057 3646 quibus
1088 3580 1269 3646 numquam

145 3671 234 3739 solet
252 3671 334 3748 talli,
354 3691 439 3755 neg.,·
458 3672 490 3737 in
510 3672 596 3749 aliis,
613 3675 714 3738 trans.
857 3745 861 3756 ¹

217 3777 254 3843 Et
271 3777 457 3846 contradict.
480 3779 612 3861 llinor.;
633 3797 705 3860 neg.
726 3795 861 3861 conseq.

195 3890 302 3968 Objic.
333 3893 383 3954 39
429 3885 523 3952 Ratio
551 3887 583 3952 in
613 3903 756 3951 errorem
781 3883 941 3969 plurimos
969 3902 1100 3968 semper
1127 3884 1268 3962 induxit,

143 3992 290 4058 absurda
308 3992 417 4059 omnis
445 3993 574 4078 generis
603 3991 822 4059 ratiocinando
846 3992 971 4058 invenit
1002 4011 1039 4058 ac
1068 4000 1175 4059 tutata
1206 4000 1268 4068 est,

142 4099 366 4183 veritatesque
384 4101 582 4176 certissimas
597 4119 664 4167 non
679 4119 750 4166 raro
768 4099 986 4186 impugnavit.
1003 4099 1086 4186 Ergo
1101 4100 1268 4167 fidendum

141 4205 209 4293 ipsi
230 4216 376 4274 nonest.

181 4495 226 4558 (r)
263 4491 327 4550 Lib.
343 4503 385 4566 4.·
399 4493 543 4568 Menapia,
559 4493 623 4550 lect.
638 4493 666 4559 6,
680 4512 795 4565 paragr.
811 4512 836 4550 c.

179 4585 224 4683 (a)
262 4579 295 4640 5.
309 4581 425 4652 Thom,
442 4581 507 4641 Lib.
527 4592 566 4640 1.·
579 4583 737 4640 Posterior.
752 4581 938 4655 analyticen,
950 4581 1015 4640 lect.
1031 4601 1077 4655 19,
1093 4581 1193 4642 atatIm
1203 4598 1270 4658 post

134 4685 295 4834 malim&
310 4761 426 4838 Thorn.¹
442 4761 549 4824 ibidem
566 4759 652 4834 paulo
666 4759 801 4820 interius.
