3492 5525
555 450 614 517 882
666 450 791 519 Loorcx
803 443 1038 529 Maron-Lm.
1054 468 1126 531 aas,
1141 452 1234 517 Drss.
1251 467 1296 535 4.·
1312 450 1389 517 Cae.
1409 466 1477 518 num

517 633 559 699 rio
571 638 655 701 certa
670 644 703 701 et
720 634 846 701 eoriirns
862 653 904 701 ex
919 635 1041 719 causis,·
1059 635 1110 701 vel
1128 634 1155 701 si
1174 636 1294 711 mavis,
1313 654 1354 700 ex
1365 636 1541 718 premissis
1557 654 1640 699 carc

514 758 583 807 sam
599 741 846 825 contuentium·
865 742 919 809 ubi
938 762 980 809 ex
996 742 1166 809 communi
1185 741 1449 827 interpretatione
1465 760 1565 807 causa
1585 760 1642 807 su·

397 870 418 913 n
517 849 635 915 menda
652 858 702 917 est
720 867 787 917 non
802 860 931 917 tantum
950 850 985 916 in
1004 852 1215 935 cognoscendo
1231 850 1290 916 sed
1308 849 1406 916 etiam
1427 850 1459 915 in
1477 850 1640 917 essendo.

310 956 450 1059 ,0132αῇ
472 1025 493 1053 m
517 956 678 1027 Caeterurn
696 974 877 1042 cognoscere
893 976 958 1023 rem
983 976 1041 1043 per
1069 958 1202 1024 'causam
1229 958 1290 1023 tria
1313 956 1485 1043 importat:
1518 955 1556 1042 α)
1585 976 1643 1022 co-
1722 989 1724 1000 ·

381 1098 473 1129 msam.
514 1064 672 1147 gnoscere
689 1082 838 1146 causam;
860 1062 901 1151 β)
917 1082 1114 1149 cognoscere
1131 1065 1220 1131 illam
1236 1082 1306 1130 esse
1324 1083 1458 1131 causam
1476 1066 1539 1140 rei,
1554 1077 1592 1132 et
1605 1062 1641 1155 γ)

517 1188 584 1236 rem
596 1181 726 1255 propter
736 1171 823 1237 illam
836 1190 968 1238 causam
981 1172 1028 1238 ita
1039 1192 1128 1249 esse,
1143 1182 1179 1238 ut
1189 1172 1279 1238 aliter
1293 1191 1364 1237 esse
1375 1190 1442 1237 non
1457 1170 1563 1256 possit
1575 1170 1638 1257 (r).
1722 1234 1724 1254 i

445 1329 454 1348 .
517 1277 661 1345 Primum
681 1298 738 1362 per
755 1298 791 1345 se
807 1288 912 1365 patet.
934 1281 1083 1347 Alterum
1104 1299 1169 1346 non
1184 1290 1235 1346 est
1248 1282 1346 1346 etiam
1362 1278 1639 1358 minus-evidens;
1722 1275 1724 1310 ³

516 1386 591 1467 quia
614 1384 735 1470 siquis
757 1404 888 1452 causam
912 1386 1045 1469 quidem
1069 1396 1245 1472 cognoscat
1268 1386 1302 1451 in
1324 1387 1443 1471 seipsa,
1466 1406 1535 1452 non
1564 1406 1641 1451 vero
1722 1389 1724 1418 ³

515 1492 735 1559 causalitatem
755 1495 825 1579 ejus
843 1493 875 1559 in
894 1494 1063 1570 ellectum,
1085 1494 1236 1577 quamvis
1255 1512 1334 1559 mox
1360 1494 1493 1559 aliunde
1516 1494 1642 1559 venerit

516 1599 547 1665 in
576 1599 674 1685 hujus
693 1601 852 1677 notitiam,
875 1602 988 1684 nequit
1007 1603 1151 1685 prolecto
1174 1602 1237 1667 dici
1260 1604 1416 1667 ellectum
1442 1620 1641 1685 cognoscere

516 1725 574 1790 per
590 1726 734 1775 causam.
755 1707 902 1775 Tertium
915 1694 1049 1792 quoque
1062 1718 1171 1793 patet*
1189 1709 1265 1792 quia
1282 1708 1352 1773 sciri
1369 1706 1499 1794 proprie
1515 1708 1640 1792 nequit,

517 1813 578 1880 nisi
598 1814 629 1881 id
647 1816 736 1898 quod
751 1824 921 1898 tamquam
937 1824 1064 1910 certum
1080 1824 1113 1880 et
1130 1815 1375 1881 immutabiliter
1392 1817 1458 1881 tale
1472 1807 1642 1901 cognosci-

516 1932 581 1989 tur.
607 1922 644 1988 Et
667 1924 822 2007 quoniam
846 1922 978 1989 scientia
1002 1921 1150 1989 notitiam
1170 1924 1214 1988 rei
1238 1943 1295 2008 per
1313 1941 1448 1989 causam
1473 1922 1639 2007 importat,

517 2010 662 2114 oportet,
685 2039 720 2099 ut
738 2049 833 2095 causa
853 2031 897 2096 ita
916 2031 1096 2096 necessario
1115 2050 1191 2095 cum
1211 2048 1243 2095 re
1263 2039 1494 2105 connectatur,
1516 2043 1554 2096 ut
1573 2033 1639 2095 hec

518 2136 608 2203 aliter
625 2156 697 2203 esse
717 2156 782 2204 non
809 2137 925 2221 possit.
949 2139 1023 2204 Non
1051 2147 1162 2203 tamen
1187 2156 1421 2204 necessessesse
1442 2137 1585 2213 videtur,
1606 2153 1640 2205 ut

518 2246 592 2329 buis
613 2245 696 2311 inter
720 2245 1033 2321 demonstrandum,
1056 2244 1190 2321 retexe,
1211 2244 1360 2327 explicite
1380 2256 1414 2309 et
1433 2243 1564 2328 signate
1588 2246 1641 2308 ad·
1722 2285 1724 2322 r

518 2361 622 2417 vertat
641 2352 825 2436 praemissas
845 2370 923 2437 esse*
935 2370 1050 2418 causas
1068 2351 1301 2433 conclusionis3
1315 2352 1373 2417 sed
1390 2351 1518 2417 sufficit
1532 2351 1638 2436 ipsum
1722 2338 1724 2414 Ῑ

516 2459 675 2526 directum
692 2458 934 2543 praemissarum
951 2458 1109 2543 judicium
1132 2460 1145 2544 (
1168 2457 1195 2546 ).

417 2590 475 2619 Μ
583 2574 726 2653 Quaeret
748 2573 935 2651 quispiam,
956 2586 1014 2631 cur
1031 2567 1164 2632 scientia
1179 2566 1220 2633 sit
1239 2565 1352 2631 notitia
1371 2566 1416 2631 rei
1431 2586 1490 2651 per
1507 2586 1638 2633 causam
1722 2626 1724 2631 .

318 2664 328 2693 ¹
354 2736 406 2765 m„
423 2734 452 2763 m,
517 2693 656 2757 eamque
676 2676 857 2759 proximam
877 2684 910 2739 et
923 2674 1139 2756 adequatam.
1156 2676 1400 2759 Respondetur‚
1416 2676 1493 2758 quia
1507 2676 1640 2741 scientia

517 2794 567 2851 est
586 2783 701 2849 notitia
719 2781 762 2849 rei
783 2802 849 2849 non
868 2783 1117 2868 qualiscumque
1131 2785 1188 2850 sed
1204 2785 1354 2867 perlecta.
1374 2784 1416 2849 At
1435 2783 1577 2867 perlecta
1598 2784 1639 2848 rei

519 2889 630 2956 notitia
649 2890 786 2956 obtineri
810 2888 940 2973 nequit,
963 2890 1024 2956 nisi
1042 2900 1281 2975 cognoscantur
1300 2890 1455 2974 principia
1473 2891 1548 2975 ejus
1565 2911 1642 2956 cau·

517 3015 639 3080 saeque.
660 2998 699 3062 Et
717 2997 797 3064 ratio
816 3005 882 3075 est,
903 2998 979 3081 quia
1000 2997 1137 3066 docente
1164 2997 1337 3065 Aristotele
1355 2995 1420 3085 (3),
1441 3007 1505 3062 rut
1529 3017 1565 3064 se
1591 3017 1641 3063 res

518 3105 614 3170 babet
628 3104 660 3170 in
680 3123 768 3182 esse,
782 3106 825 3171 ita
842 3106 938 3171 insui
959 3107 1097 3189 perfecta
1111 3106 1308 3190 cognitione.
1329 3105 1396 3170 Sed
1410 3123 1487 3171 esse
1499 3106 1543 3169 rei
1564 3125 1641 3190 pen-

517 3213 573 3278 det
590 3231 632 3277 ex
650 3231 757 3279 causa.
784 3213 867 3298 Ergo
894 3213 934 3276 ab
961 3232 998 3277 ea
1024 3212 1178 3297 pendebit
1202 3212 1288 3278 illius
1316 3213 1458 3297 perfecta
1482 3213 1638 3298 cognitio.
1722 3238 1724 3293 ;

517 3318 614 3396 Qrod
640 3319 825 3404 Philosophi
856 3304 1119 3404 pronuntiatum,¹
1141 3331 1177 3386 ut
1195 3323 1297 3385 semel
1317 3319 1512 3403 explicetur,
1539 3322 1573 3386 in
1603 3341 1641 3385 eo

517 3426 681 3502 tundatur,
702 3428 790 3509 quod
807 3428 944 3510 perlecta
963 3426 1104 3511 cognitio
1125 3445 1190 3492 non
1205 3429 1312 3492 solum
1336 3426 1467 3512 attingit
1488 3429 1639 3510 praedica-

517 3543 589 3599 tum
613 3534 718 3600 inesse
736 3535 899 3619 subjecto,
920 3534 978 3601 sed
1001 3535 1168 3618 quomodo
1195 3535 1289 3609 insit,
1311 3535 1572 3614 mutabiliterne,
1600 3556 1639 3600 an
1722 3610 1724 3613 ,

517 3641 773 3709 immutabiliter.
793 3641 878 3706 Cum
898 3651 1008 3708 autem
1029 3643 1061 3709 id
1080 3640 1198 3726 percipi
1218 3661 1284 3708 non
1300 3642 1420 3725 possit,
1444 3641 1505 3708 nisi
1517 3663 1640 3728 cogno
1722 3630 1724 3673 ⁵

516 3749 636 3816 scendo
656 3747 794 3840 radicem
815 3751 912 3835 hujus
930 3749 1134 3825 inbaesionis,
1154 3767 1229 3832 quae
1247 3750 1296 3816 vel
1317 3759 1368 3815 est
1386 3749 1420 3815 in
1434 3751 1515 3835 ipsis
1531 3759 1638 3817 extre·
1722 3740 1724 3761 ⁵

552 4024 592 4086 (r)
628 4015 710 4076 Scire
721 4015 896 4074 arbitramur
909 4017 1123 4089 unumquodque
1136 4017 1348 4093 simpliciter...
1359 4036 1423 4075 cum
1432 4038 1553 4078 causam
1560 4022 1636 4078 arbi·
1722 4010 1724 4039 ³

517 4117 629 4166 tremor
642 4125 823 4183 cognoscere¹
838 4113 956 4182 propter
969 4124 1055 4179 quom
1068 4125 1114 4164 res
1124 4115 1176 4176 est,
1192 4107 1360 4180 etpuom'am
1376 4107 1463 4165 illius
1478 4129 1570 4167 causa
1586 4120 1639 4176 est,
1722 4130 1724 4145 ¹

516 4207 544 4257 et
554 4218 611 4256 non
624 4207 669 4256 est
681 4197 862 4273 contingere,
879 4198 932 4253 lroc
944 4196 1032 4254 aliter
1044 4215 1075 4253 se
1088 4197 1200 4255 babere.
1211 4197 1332 4256 Aristot.
1350 4195 1402 4256 tib.
1417 4207 1455 4257 r.·
1467 4199 1638 4267 Posterior..
1722 4238 1724 4247 =

516 4307 579 4359 cup.
597 4283 716 4346 ainitio.

551 4379 592 4441 (a)
631 4373 665 4433 Si
679 4373 746 4448 quis
760 4387 857 4433 tamen
873 4374 1044 4447 particulam
1059 4375 1138 4435 iliam
1152 4395 1191 4434 ex
1204 4377 1300 4434 causis
1313 4396 1436 4449 prorsus
1442 4378 1531 4437 uellet
1537 4378 1640 4438 referre

516 4465 553 4524 ed
564 4485 666 4524 ceusm
679 4464 721 4522 rei
736 4463 797 4522 sive
814 4464 844 4523 iit
857 4464 990 4534 essendo,
1008 4465 1068 4524 siue
1082 4465 1112 4524 in
1125 4466 1335 4539 cognoscendo,
1355 4467 1382 4524 is
1400 4467 1456 4526 hac
1472 4467 1640 4528 definitione

517 4577 575 4616 non
598 4556 692 4614 solum
711 4554 862 4613 scientiam
878 4553 1033 4627 perfectam
1047 4568 1077 4613 ct
1089 4563 1206 4630 propter
1220 4557 1288 4630 quia
1301 4557 1575 4630 comprehenderet.
1590 4561 1637 4618 sed

444 4659 446 4662 ’
515 4647 602 4707 etiarn
617 4645 812 4718 imperfectam
823 4656 852 4702 et
862 4645 946 4718 quic,
957 4643 1034 4703 sicut
1048 4643 1216 4705 monuimus
1226 4645 1264 4706 de
1273 4647 1448 4718 proeeodenti
1460 4648 1637 4710 definitione

551 4740 592 4810 (3)
629 4735 694 4796 Lib.
708 4745 747 4794 1.·
760 4733 1002 4809 Metapbysr'cor.,
1017 4755 1080 4808 cap.
1095 4755 1122 4795 a.
