3492 5525
419 493 536 556 Anne.
563 510 621 556 rat·
642 494 691 562 Dr:
713 494 959 560 Sueuosrrroun
1152 491 1207 577 189

186 655 234 721 Ex
253 656 315 721 hac
331 657 522 725 definitione
536 660 605 744 jam
621 659 733 726 statim
751 661 904 746 colliges:
921 658 960 749 α)
980 680 1046 727 non
1065 659 1154 726 idem
1175 678 1247 728 esse

114 761 385 846 suppositionem
404 785 441 831 ac
458 765 741 851 significationem.
763 769 871 852 Accipi
890 767 978 835 enim
1005 766 1037 833 in
1057 767 1170 851 primis
1188 785 1245 834 seu

113 870 262 952 supponi
281 891 348 938 vox
362 881 471 955 potest
484 873 518 940 in
537 875 759 959 propositione
773 895 841 942 non
855 877 896 942 ad
911 875 1160 962 significandam
1178 893 1246 940 rem

114 969 283 1059 aliquam,
298 979 357 1044 sed
369 981 411 1046 ad
429 980 550 1066 aliquid
563 982 604 1047 de
617 1001 652 1050 se
671 983 740 1066 ipsa
759 983 1018 1058 enuntiandum,
1035 995 1072 1053 ut
1087 982 1248 1067 contingit

115 1082 150 1147 in
177 1086 409 1168 suppositione
430 1089 600 1156 materiali.
624 1091 780 1164 Praeterea
798 1093 831 1156 in
850 1091 920 1175 ipsa
938 1091 1164 1176 suppositione
1184 1091 1247 1155 for-

116 1190 210 1267 mali‚
228 1193 413 1277 suppositio
427 1205 478 1261 est
489 1196 716 1264 determinatio
731 1208 764 1265 et
778 1199 935 1264 restrictio
949 1197 1079 1264 termini
1094 1197 1244 1264 adunam

115 1317 159 1363 ex
178 1298 278 1365 variis
291 1299 597 1386 significationibus,
617 1314 829 1390 quaspotest
844 1305 977 1372 habere.
1026 1322 1029 1328 ·

189 1404 229 1491 β)
247 1409 343 1473 Nulla
368 1421 418 1475 est
444 1430 526 1488 vox,
555 1430 628 1494 quae
654 1413 686 1478 in
714 1414 936 1497 propositione
962 1431 1028 1477 non
1055 1412 1171 1478 habeat
1190 1410 1248 1477 ali·

1324 676 1399 727 Dlllerr

1301 756 1423 806 suppositio

1261 823 1460 878 assignificatione.

117 1532 222 1595 quam
243 1517 517 1599 suppositionem.
538 1519 599 1602 lpsi
618 1520 706 1584 enim
730 1521 859 1586 termini
885 1540 950 1587 non
972 1519 1193 1605 significantes
1215 1526 1247 1583 et
1335 1506 1342 1522 '

116 1626 445 1706 syncategorematici
474 1627 621 1710 usurpari
643 1637 782 1711 possunt
804 1630 846 1694 ad
867 1628 986 1712 aliquid
1007 1627 1243 1692 enuntiandum

117 1730 368 1815 perfectamque
394 1733 629 1812 conficiendam
658 1735 929 1818 propositionem.
961 1737 1004 1802 lta
1032 1743 1125 1808 recte,
1144 1735 1242 1800 dices:

1 1866 3 1887 ι
114 1837 238 1901 Blictri
254 1848 304 1903 est
322 1859 387 1905 vox
404 1843 571 1924 quaedam,
592 1841 695 1908 Etiam
712 1851 763 1908 est
780 1843 965 1926 conjunctio
983 1839 995 1930 (
1021 1845 1048 1926 l.

1 1940 2 1969 ³
189 1944 231 2035 γ)
245 1944 340 2011 Extra
359 1949 615 2032 propositionem
636 1958 697 2015 aut
711 1952 891 2032 orationem
912 1950 990 2016 nulli
1010 1950 1150 2015 termino
1169 1967 1247 2014 con-

117 2053 215 2116 venit
228 2055 424 2136 suppositio.
440 2058 555 2141 Neque
569 2058 656 2123 enim
673 2069 763 2125 extra
776 2058 957 2124 orationem
973 2067 1112 2142 possunt
1126 2055 1248 2140 aliquid

117 2160 285 2226 vocabula
294 2161 509 2229 determinate
523 2165 708 2240 enuntiare,
722 2183 799 2233 cum
810 2184 964 2250 apparere
978 2164 1055 2230 satis
1067 2182 1133 2229 non
1145 2163 1247 2248 possit

119 2287 163 2333 ex
192 2270 264 2333 sola
291 2289 406 2335 eorum
437 2272 632 2354 prolatione,
660 2292 760 2356 quem
789 2274 821 2338 in
847 2273 949 2338 finem
976 2281 1187 2355 usurpentur.
1212 2268 1246 2335 ln

117 2376 347 2459 propositione
361 2389 472 2445 autem
492 2399 533 2446 ex
552 2379 698 2465 subjecta
717 2382 850 2445 materia
869 2382 1079 2446 manifestum
1096 2379 1149 2453 fit,
1167 2377 1247 2463 quid

119 2486 267 2567 loquens
284 2485 344 2551 sibi
368 2488 461 2561 velit,
483 2488 676 2556 notitiamne
696 2489 738 2554 de
761 2489 860 2555 rebus
878 2491 1042 2574 ingerere,
1063 2506 1104 2553 an
1125 2488 1166 2553 de
1189 2505 1246 2556 vo,-

1 2604 2 2607 ’
117 2592 217 2657 cibus
235 2589 315 2676 ipsis
333 2595 456 2678 aliquid
475 2595 621 2664 definire.

169 2717 225 2785 55.
272 2699 434 2768 Dividitur
451 2703 635 2787 suppositio
653 2705 687 2770 ln
704 2703 894 2771 materialem
918 2712 951 2770 et
970 2703 1153 2770 formalem.
1179 2702 1248 2768 lvla·

118 2807 244 2874 terlalis
261 2817 327 2885 est,
348 2820 385 2876 ut
408 2811 569 2888 diximus,
591 2830 671 2878 usus
689 2811 819 2879 termini
839 2832 898 2897 pro
917 2831 969 2890 se,
984 2810 1146 2878 nimirum
1163 2828 1247 2897 ‘usus

119 2916 255 2984 termini
274 2935 340 2983 non
359 2918 400 2983 ad
418 2920 673 3002 exprimendum
691 2921 740 2997 id,
760 2920 851 3003 quod
878 2939 919 2985 ex
937 2920 1110 2986 hominum
1130 2918 1247 3002 placito

118 3025 284 3110 significat
306 3036 477 3109 tamquam
502 3026 637 3113 signum
661 3046 769 3093 rerum
797 3036 830 3092 et
854 3018 1095 3112 conceptuum,
1123 3027 1181 3092 sed
1207 3025 1248 3090 ad

1 3167 3 3232 3
121 3132 364 3199 enuntiandum
380 3134 413 3199 id
428 3136 517 3217 quod
532 3134 623 3201 estin
640 3135 748 3219 seipso
763 3136 948 3201 secundum
965 3154 1059 3201 suam
1076 3132 1245 3220 physicam

1 3235 4 3338 ζ
121 3238 314 3306 entitatem:
335 3250 372 3307 ut
389 3242 416 3307 si
435 3243 574 3309 dicatur:
594 3244 702 3309 charta
720 3254 770 3310 est
789 3263 866 3310 vox.
889 3243 996 3329 lluJus
1022 3252 1150 3308 tantum
1169 3260 1248 3325 sup-

1 3347 3 3374 *
121 3348 298 3433 positionis
315 3359 394 3416 sunt
416 3368 549 3434 capaces
574 3351 703 3417 termini
719 3364 795 3417 'non
814 3350 1032 3436 significativi.
1056 3348 1246 3434 Suppositio

1 3429 3 3486 l
121 3456 269 3522 formalis
287 3465 337 3522 est
355 3476 439 3529 usus,
454 3457 504 3523 v'el
524 3458 664 3542 acceptio
682 3459 811 3523 termini
836 3478 895 3542 pro
914 3459 1024 3541 aliquo
1047 3457 1242 3542 significato:

121 3566 223 3629 talem
251 3564 370 3629 habent
395 3565 526 3631 termini
551 3567 648 3653 hujus
672 3566 918 3649 propositionis:
944 3567 1043 3632 Homo
1067 3575 1117 3630 est
1140 3564 1246 3630 allus:

155 3781 198 3851 (r)
236 3778 303 3837 Ideo
318 3779 352 3836 P.
369 3779 474 3837 Petrus
489 3779 806 3851 Hurtadusisummul.
818 3780 895 3851 disp.
911 3800 937 3849 a,
953 3792 1022 3838 sect.
1041 3783 1079 3844 r.)
1092 3758 1158 3837 eum
1169 3776 1247 3837 Fon·

1 3927 2 3936 .
118 3890 186 3929 sem
201 3870 313 3937 (instit.
338 3869 466 3948 Dialect.
485 3869 535 3927 lib.
558 3870 586 3927 8.
606 3891 630 3927 c.
653 3872 692 3941 r.)
714 3869 818 3928 aeriter
841 3868 992 3928 invehitur
1014 3868 1044 3926 in
1068 3866 1248 3939 antiquiores

117 3958 266 4033 quosdam
280 3957 505 4029 Summulistas,
520 3958 573 4030 qui
587 3958 798 4031 propositiones
812 3959 900 4017 salsas
913 3958 950 4016 de
971 3959 1100 4029 subjecto
1119 3976 1179 4037 nqn
1197 3977 1248 4014 ve·

117 4047 255 4108 riticabili
266 4058 408 4106 vocamur
418 4048 455 4105 de
467 4049 597 4123 subjecto
606 4057 888 4123 ,nousupponnenta
900 4048 986 4119 quasi
1000 4048 1162 4119 subjeetum
1173 4046 1248 4118 ejus·

118 4137 201 4197 modi
220 4137 333 4195 nullam
347 4136 467 4196 haberet
479 4136 726 4209 suppositionem:
749 4157 844 4215 neque
863 4136 942 4195 enirn
962 4136 1097 4195 absurdae
1115 4157 1149 4220 ae
1169 4134 1249 4197 falsa

118 4228 217 4288 forent
229 4226 288 4285 illae
302 4226 528 4299 propositiones,
541 4227 599 4286 nisi
613 4228 777 4298 subiectum
796 4228 926 4299 aliquam
943 4225 1177 4300 suppositionem
1194 4226 1248 4305 ha-

1 4341 3 4380 l
117 4321 211 4378 beret.
219 4316 367 4377 Caeterum
375 4316 589 4389 propositiones
600 4316 637 4375 de
646 4317 776 4393 subjecto
786 4338 843 4375 nou
856 4326 1036 4393 supponente
1049 4314 1248 4379 admittuntur

116 4408 316 4469 communiter
337 4428 355 4465 a
378 4406 581 4480 philosophis,
602 4402 629 4466 si
650 4407 775 4467 eas-tuli
795 4406 1099 4487 nominetintelliges,
1121 4426 1259 4491 quorum·

116 4499 284 4570 subjeetum
309 4496 451 4556 subaudit
470 4495 581 4569 aliquid
601 4496 776 4565 absurdum,
800 4497 881 4569 quod
899 4496 1041 4555 verificari
1063 4495 1250 4556 nullomodo

116 4602 225 4663 potest:
241 4601 277 4648 ut
289 4586 317 4645 si
328 4586 398 4660 quis
411 4585 535 4647 diecret:
548 4588 648 4662 Equus
661 4588 818 4647 rationulis
838 4597 914 4646 esset
929 4586 1107 4645 utilissimus
1125 4586 1249 4671 domino:

115 4680 162 4739 rel
177 4680 280 4738 Asina
290 4679 418 4737 Balaam
427 4680 560 4751 pascitur
573 4680 608 4735 iu
622 4687 716 4753 prato.
735 4678 863 4748 Quando
876 4690 974 4737 autem
985 4676 1084 4755 eliqua
1098 4675 1251 4749 huiusmo-

114 4773 144 4829 di
155 4767 326 4849 propositio
337 4765 584 4840 indisputstione
595 4767 766 4843 profertur,
776 4766 879 4848 negari
889 4767 968 4827 solet
980 4770 1176 4843 suppositum.
