3492 5525
275 491 392 556 Anrrc.
411 504 469 576 5³¹·
482 491 864 572 Drunu.,'l³or.rsrr.r.oo.
883 513 925 559 er
939 495 1105 561 Ericusa.
1159 511 1217 580 375

138 675 291 761 rejicitur;
308 683 342 740 at
358 673 392 742 in
410 674 600 742 dilemmate
613 683 791 761 utrumque
809 676 989 744 assumitur
1002 678 1044 745 ad
1062 678 1259 746 concluden-

138 784 216 850 dum
236 791 348 849 contra
367 780 599 849 adversarium.

204 891 305 975 Leges
323 889 522 956 dilemmatis
540 899 622 957 sunt
641 890 704 956 lrae:

202 1003 332 1066 Prima:
348 995 421 1065 Non
432 997 526 1064 detur
537 997 673 1064 aredium
686 997 769 1084 inter
779 999 916 1076 membra
928 997 1164 1087 disjunctionis.
1178 998 1259 1068 llinc

136 1115 245 1190 peccat
262 1105 431 1181 dilemma,
451 1123 518 1188 quo
536 1103 662 1172 Tullius
681 1105 796 1190 probat
823 1103 877 1193 (r)
893 1109 1022 1172 morum
1044 1126 1109 1173 nan
1135 1127 1200 1174 esse
1220 1108 1260 1173 a·-

135 1217 278 1280 mendam
295 1233 336 1280 ex
353 1233 400 1289 eo,
426 1215 510 1298 quod
523 1212 650 1278 animus
668 1215 720 1278 vel
739 1217 848 1295 pereat
862 1232 935 1279 cum
950 1221 1094 1296 corpore,
1118 1217 1170 1280 nel
1188 1219 1263 1297 post

135 1325 262 1388 morum
278 1324 429 1386 numum
446 1319 552 1386 beatus
569 1320 613 1385 sit
617 1321 753 1405 sutnncs
757 1339 771 1402 ;
792 1339 866 1385 nam
887 1322 984 1403 datur
996 1321 1147 1400 tertium,
1167 1324 1258 1406 quod

138 1448 257 1513 nempe
278 1435 433 1494 aeternam
452 1427 670 1494 infelicitatem
689 1427 804 1494 subeat
828 1416 863 1494 in
879 1428 1003 1496 inieris.
1028 1428 1123 1498 Ratio
1146 1436 1258 1496 autem

135 1537 214 1621 legis
237 1545 303 1612 est,
324 1534 400 1619 quia
418 1535 446 1601 si
464 1535 560 1603 detur
578 1533 741 1610 medium,
771 1533 905 1620 effugiet
923 1554 982 1620 per
1009 1537 1089 1603 illud
1111 1537 1260 1604 adversa·

137 1643 202 1710 rius
216 1643 317 1709 ictum
337 1643 507 1726 utriusque
525 1660 638 1708 cornu.

1336 1013 1413 1070 uper:

1355 1095 1386 1132 ,ΙΙ

198 1753 356 1818 munda
373 1757 441 1818 lex:
474 1749 521 1816 Ut
533 1768 575 1815 ex
591 1753 721 1834 utroque
737 1749 871 1816 numbm
888 1751 1095 1818 comiadotrn
1110 1755 1194 1818 certo
1220 1771 1259 1818 ac
1373 1792 1392 1828 ,.

133 1857 421 1925 necessariarum
450 1873 545 1923 secus
564 1856 709 1922 elabetur
731 1855 912 1922 contrarius
938 1858 1088 1942 negando
1113 1858 1256 1926 illatum.

134 1967 179 2034 lta
198 1964 316 2032 vitiose
334 1965 407 2049 quis
427 1976 576 2050 argueret
602 1967 663 2030 hoe
689 1972 800 2048 pacto:
828 1963 918 2030 Mors
945 1965 1082 2032 terenda
1109 1971 1256 2034 nonest.

132 2074 219 2156 Quia
244 2075 298 2140 aei
320 2072 447 2156 animus
472 2072 643 2154 perticum
672 2077 800 2154 corpore
825 2073 878 2137 vel
894 2075 1112 2154 postmortem
1128 2073 1191 2140 erit
1205 2093 1259 2140 su-

127 2185 261 2262 perstes.
294 2180 333 2246 Si
357 2179 513 2262 primum,
544 2181 653 2246 nutlrcs
680 2183 786 2262 postea
816 2197 926 2245 sensrcs
956 2181 1074 2248 doloris
1099 2181 1170 2250 erit.
1199 2182 1258 2249 Sin

131 2290 283 2366 altenare,
298 2291 449 2355 aternum
458 2287 545 2372 felix
561 2287 632 2352 erit.
654 2286 795 2363 Vitiose,
811 2285 968 2371 inquam,
989 2289 1051 2355 hoc
1069 2288 1259 2357 dilemmate

132 2396 209 2480 quis
227 2405 392 2481 argueret,
418 2395 494 2478 quia
520 2394 597 2460 nihil
624 2393 804 2460 necessario
832 2394 1060 2473 concluderet,
1087 2415 1164 2462 cum
1191 2415 1258 2463 non

130 2503 242 2570 solum
262 2502 363 2588 possit
382 2520 452 2568 esse
471 2502 600 2568 animus
618 2509 778 2568 aeternum
798 2500 922 2579 inlelix,
938 2503 1110 2570 sedetiam
1127 2504 1260 2589 insuper

132 2610 239 2696 possit
253 2618 286 2675 et
299 2609 403 2694 ipsam
416 2616 555 2676 mortem
570 2601 819 2674 accerbissimus
827 2609 975 2675 comitari
989 2626 1107 2678 sensus
1120 2611 1256 2677 doloris·

199 2723 318 2787 Tertia
336 2723 404 2786 lex:
434 2717 478 2785 Ut
501 2735 564 2783 non
592 2716 637 2784 sit
655 2716 861 2799 reciprocum,
889 2735 946 2783 sen
963 2719 1036 2794 tate,
1056 2721 1141 2804 quoa
1161 2717 1258 2802 possit
1372 2759 1391 2797 ,.

128 2826 174 2893 ab
199 2826 381 2893 adamans
406 2824 587 2910 retorqueri.
615 2824 781 2909 Ejusmodi
807 2825 866 2889 luit
892 2825 1047 2892 dilemma
1070 2824 1172 2903 illius,
1200 2827 1256 2910 qui

131 2933 179 2999 sic
198 2934 287 2998 alteri
305 2932 482 3001 conabatur
497 2931 705 3017 persuadere,
723 2950 764 2996 ne
780 2932 1014 3015 rempublicam
1027 2932 1256 3001 administran-

131 3042 209 3106 dam
238 3040 433 3124 susciperet:
464 3040 524 3105 Vel
551 3042 632 3105 male
656 3041 708 3105 vet
733 3040 806 3105 bene
830 3039 1080 3107 administrabis.
1105 3041 1144 3107 Si
1163 3044 1253 3118 mate,

129 3146 309 3229 displicebis
334 3146 408 3214 diis.
435 3147 473 3213 Si
499 3147 573 3211 bene
601 3144 786 3211 bominibus.
820 3144 879 3211 Cui
909 3146 955 3212 sic
981 3149 1061 3213 alter
1090 3149 1256 3232 respondit

132 3254 367 3337 retorquendo:
388 3254 448 3319 Vel
466 3253 539 3319 bene
558 3254 609 3317 vel
625 3254 706 3319 male
723 3252 949 3320 administrabo
967 3255 1200 3338 rempublicam.
1220 3257 1257 3323 Si

132 3361 225 3435 bene,
235 3360 361 3444 placebo
377 3360 451 3429 diis.
473 3359 518 3426 Si·
527 3362 624 3435 mab,
645 3358 830 3425 bominibus.

200 3468 243 3534 Ut
261 3468 368 3543 vides,
398 3470 466 3534 lraec
483 3456 723 3551 argumentatio
750 3468 836 3532 valet
852 3468 1067 3550 potissimum
1089 3470 1131 3535 ad
1155 3471 1255 3536 laces·

132 3576 275 3642 sendum
294 3576 474 3641 inimicum.
495 3574 533 3639 Et
552 3572 693 3640 revocari
713 3572 810 3639 etiam
826 3582 936 3658 potest
950 3574 991 3641 ad
1006 3575 1253 3663 syllogismum.

132 3682 184 3748 Sit
203 3682 290 3747 enim
314 3682 357 3759 C,
378 3682 537 3748 sententia
555 3680 607 3745 vel
639 3679 719 3745 ratio
738 3679 855 3765 agendi
874 3681 1059 3757 adversarii,
1080 3702 1180 3765 quam
1195 3684 1257 3748 im-

132 3798 245 3873 petere
259 3790 352 3866 volo,
366 3796 399 3854 et
412 3789 445 3855 A
459 3800 491 3856 et
506 3790 533 3853 B
548 3787 695 3854 membra
714 3787 943 3871 propositionis
961 3788 1182 3875 disjunctivae:
1203 3792 1252 3857 di-

132 3900 257 3963 lemma
274 3896 307 3961 in
327 3896 410 3963 hanc
429 3897 602 3961 formulam
632 3893 732 3978 redigi
752 3902 876 3979 potest:
897 3894 929 3961 Si
955 3914 1031 3963 aera
1040 3898 1132 3981 foret
1144 3898 1185 3975 C,
1203 3901 1256 3965 vet

130 3982 213 4071 esset
226 4006 325 4069 stante
337 4004 381 4080 A,
400 4005 451 4068 vel
460 4006 559 4068 stante
577 4004 617 4067 B.
636 4000 737 4085 Atqui
753 4020 809 4066 nea
834 4006 936 4069 stante
949 4002 982 4069 A
987 4052 995 4079 ,
1016 4022 1072 4069 nea
1089 4007 1191 4071 stante
1213 4008 1251 4079 B,

131 4130 211 4177 vera
228 4114 277 4176 est
291 4110 338 4176 C:
352 4110 444 4194 aque
456 4110 609 4191 probatur
621 4126 661 4173 ex
678 4108 731 4185 iis,
746 4126 815 4192 que
833 4108 867 4173 in
879 4109 1053 4177 dilemmate
1064 4110 1256 4195 colliguntur

131 4238 175 4287 ex
191 4222 320 4303 utroque
337 4218 471 4283 membm
493 4214 726 4300 disjunctionis.
748 4216 898 4300 Erga...
922 4294 926 4301 Ι

1317 3500 1423 3549 Reductio

1354 3574 1384 3619 nd

1287 3643 1453 3705 syllogismum.

186 4326 259 4391 181.
307 4324 593 4407 Polysyitogismus,
612 4330 649 4388 ut
666 4322 735 4405 ipsa
750 4342 816 4388 vox
830 4324 909 4389 satis
923 4324 1075 4400 denotat,
1089 4333 1139 4389 est
1150 4323 1256 4389 mutti-
1273 4352 1468 4413 mimum..

125 4436 208 4517 ptcx
220 4431 425 4515 syllogismus,
440 4447 497 4497 seu
512 4430 766 4515 argumentatio,
780 4428 812 4493 in
827 4448 894 4513 qua
904 4429 1178 4496 conclusiounius
1193 4430 1257 4516 syl-

132 4538 267 4625 logismi
287 4536 464 4605 assumitur
483 4545 652 4619 tamquam
673 4537 840 4621 praemissa
855 4538 895 4603 ad
907 4536 1006 4602 alium
1027 4536 1254 4622 syllogismum

170 4773 211 4836 (ι)
248 4770 292 4829 De
305 4768 475 4837 Senectute,
491 4787 552 4839 cap.
571 4787 612 4839 19.

1282 4419 1286 4424 ’
1336 4425 1398 4484 quid.
