3492 5525
248 429 363 492 Anne.
379 441 441 510 4¹⁸·
455 425 505 489 Du
519 442 624 488 causa
639 441 839 488 rar-*merenas
854 420 1109 488 Uurrenslcru'n
1141 439 1196 502 721

112 619 260 694 spectus.
281 611 364 694 Ergo
383 628 422 675 eo
439 606 473 674 in
493 619 614 675 eventu
633 593 917 692 cognoscimus'in
935 605 999 674 illis
1017 604 1173 671 extremis
1192 622 1242 670 re·

113 716 269 782 lationem
290 715 481 800 quamdam,
502 734 576 800 quae
595 713 682 780 aliud
701 731 854 780 essenon
875 713 990 790 habet,
1011 731 1112 797 quam
1131 712 1173 777 ab
1190 710 1242 776 in-

111 825 246 890 tellectu
278 822 359 909 fingi
389 832 422 888 et
449 822 603 908 cognosci
631 819 696 910 (ι).
721 823 792 902 Jam
826 841 905 888 vero
935 839 992 906 per
1019 819 1244 906 cognitionem

113 932 315 1016 pracisivam
329 933 417 998 nulla
429 929 635 1015 cognoscitur
649 929 682 994 in
698 938 812 995 natura
826 929 937 995 relatio
948 930 990 994 ad
1005 946 1063 994 sua
1078 926 1239 1002 inferiora,

113 1039 175 1104 sed
194 1024 405 1144 solummoqo
425 1038 593 1122 praedicata
610 1037 675 1113 illa,
692 1055 767 1120 quae
787 1036 970 1106 secundum
989 1055 1027 1101 se
1039 1033 1242 1122 conveniunt

114 1145 237 1214 eidem.
258 1147 383 1232 Ergo...

184 1260 352 1321 Probatur
371 1252 476 1319 Minor
494 1253 603 1335 quoad
618 1253 751 1318 alteram
766 1259 904 1336 partem.
921 1251 1006 1328 Quia
1019 1250 1107 1317 sicut·
1120 1247 1242 1315 relatio

115 1380 176 1426 nes
188 1363 289 1427 reales
305 1379 370 1427 non
384 1371 620 1446 agnoscuntur,
634 1361 694 1428 nisi
706 1371 883 1444 utrumque
898 1368 1102 1427 extremumr
1117 1359 1239 1424 elatum
1269 1397 1273 1404 ·

113 1469 363 1544 considerando,
385 1466 429 1533 ita
446 1468 544 1533 etiam
565 1467 674 1534 relatio
690 1467 822 1533 rationis
833 1465 922 1553 tingi
942 1466 1055 1553 nequit
1074 1464 1107 1531 in
1127 1474 1241 1531 natura
1272 1541 1279 1548 .

115 1576 283 1661 praecisive
301 1575 444 1660 cognita,
466 1575 528 1642 nisi
552 1575 750 1641 conferendo
770 1575 856 1642 illam
887 1594 964 1640 cum
985 1573 1190 1641 interioribus
1208 1584 1242 1641 et

5 1757 7 1772 Ι
115 1683 317 1768 respiciendo
337 1683 497 1760 modum,
518 1683 702 1749 secundum
721 1700 820 1766 quem
840 1681 902 1748 illis
920 1682 1004 1747 inest
1018 1678 1080 1769 (2).
1127 1729 1132 1736 -

184 1791 217 1857 ld
243 1808 339 1874 porro
367 1791 473 1856 multo
505 1791 687 1856 evidentius
716 1782 820 1874 patet,
841 1790 868 1854 si
888 1791 997 1854 se'rrno
1017 1788 1064 1854 sit.
1077 1789 1118 1854 de
1146 1787 1241 1854 variis

114 1896 288 1981 speciebus
325 1896 557 1964 universalium
594 1915 653 1963 seu
699 1895 975 1981 praedicabilium3
1012 1915 1087 1979 quae
1124 1914 1245 1962 omnes

114 2016 309 2089 supponunt
330 2004 519 2070 relationem
541 2011 573 2069 et
591 2004 867 2089 comparationem
880 2022 957 2069 cum
972 2003 1050 2080 illis,
1066 2004 1107 2069 de
1122 2002 1242 2096 qnibus

116 2111 349 2198 praedicantur,
362 2130 422 2178 nec
437 2111 520 2177 inter
534 2131 569 2177 se
584 2111 846 2197 distinguuntur,
866 2112 928 2179 nisi
942 2111 1122 2178 secundum
1137 2110 1242 2176 diver-

114 2217 187 2284 sam
207 2220 501 2304 comparationem,
523 2219 566 2284 ita
590 2226 626 2284 ut
653 2218 766 2294 eadem
797 2218 877 2284 ratio
905 2217 1070 2303 praecisive
1097 2217 1245 2302 cognita,
1364 2216 1368 2224 '

117 2335 215 2410 prout
241 2326 459 2392 diversimode
484 2335 708 2410 comparetur,
735 2327 785 2393 vel
810 2328 850 2391 ad
873 2326 1000 2392 diversa
1021 2327 1167 2411 subjecta
1193 2345 1243 2390 re·
1284 2335 1291 2345 '

5 2443 6 2456 *
116 2435 252 2510 seratur,
275 2435 377 2518 possit
396 2453 468 2500 esse
486 2434 656 2500 diversum
677 2432 881 2516 praedicabile
899 2430 963 2521 (3).

186 2540 337 2618 Accedit,
357 2542 448 2624 quod
467 2541 578 2606 relatio
597 2541 731 2606 actualis
751 2542 934 2607 secundum
953 2559 1025 2607 esse
1044 2541 1111 2606 duo
1130 2549 1243 2624 postu·

115 2649 163 2712 lat
180 2657 338 2714 extrema.
359 2648 469 2713 Donec
488 2666 566 2733 ergo
585 2656 699 2731 praeter
723 2657 873 2714 naturam
901 2648 1004 2732 ipsam
1031 2648 1239 2727 abstractam,

5 2762 7 2769 ²
115 2754 301 2823 habeantur
319 2755 352 2821 in
372 2764 483 2820 mente
502 2753 667 2831 interiora,
689 2755 721 2821 in
741 2755 861 2839 quibus
881 2755 987 2823 inesse
1005 2765 1131 2842 potest,
1152 2756 1241 2841 quod

114 2862 158 2928 frt
187 2882 243 2947 per
270 2862 566 2948 comparationem,
597 2862 803 2928 relatio-dari
832 2864 955 2947 nequit.
982 2863 1127 2931 Praecisio
1152 2865 1240 2930 enim

114 2972 188 3037 sola
207 2990 273 3037 non
292 2970 415 3055 praebet
433 2962 494 3036 nisi
518 2971 782 3037 fundamentum.
799 2971 980 3051 relationis,
1002 2990 1122 3057 nempe
1149 2981 1243 3042 natu·

115 3097 188 3143 ram
214 3077 428 3154 abstractam,
449 3097 540 3160 quae,
562 3085 723 3163 quantum
748 3086 798 3145 est
825 3079 866 3144 de
884 3096 937 3156 se,
957 3078 1036 3145 satis
1055 3079 1169 3156 habet,
1191 3090 1240 3157 ut,

113 3184 294 3251 accedente
311 3185 467 3262 termino,
489 3204 662 3271 exsurgere
681 3186 793 3251 relatio
817 3185 937 3271 possit,
958 3187 1242 3271 quemadmodum

114 3290 224 3376 paries
250 3292 343 3359 albus
372 3293 413 3357 de
439 3312 475 3359 se
500 3293 615 3369 habet,
636 3292 796 3378 quidquid
817 3293 989 3378 requiritur
1016 3295 1163 3371 adhoc,
1192 3304 1241 3372 ut,

115 3400 228 3485 posito
254 3401 318 3466 alio
347 3400 468 3484 pariete
495 3401 588 3477 albo,
609 3402 743 3466 resultet
763 3400 856 3467 realis
885 3400 996 3467 relatio
1023 3402 1243 3470 similitudinis

113 3508 203 3573 inter
224 3516 414 3591 utrumque.
436 3507 575 3574 Necesse
593 3516 644 3573 est
667 3528 763 3594 ergo,
791 3517 827 3574 ut
850 3520 965 3575 natura
982 3505 1037 3575 illa
1055 3520 1243 3595 opponatur
1274 3578 1280 3586 ,

115 3614 189 3681 suis
208 3614 410 3681 interioribus
431 3615 471 3681 ad
491 3616 673 3681 habendam
694 3615 885 3682 relationem
909 3616 997 3681 illam
1025 3616 1158 3683 rationis
1175 3616 1240 3707 (4).

70 3780 82 3799 ,
188 3721 298 3806 Atque
317 3724 386 3789 haec
408 3732 459 3789 est
481 3741 595 3800 causa,
616 3742 672 3789 cur
698 3724 876 3809 Angelicus
899 3724 1018 3789 Doctor
1031 3743 1129 3809 ,saepe
1159 3724 1243 3791 dicat

116 3830 322 3899 intellectum
350 3828 535 3897 adinvenire
561 3830 595 3896 in
624 3830 721 3896 rebus
748 3830 961 3897 consideratis
989 3831 1161 3898 relationes
1192 3834 1243 3897 vel

115 3938 317 4005 intentiones
331 3937 472 4022 generis,
491 3936 605 4021 speciei
620 3946 699 4014 etc„
720 3956 841 4023 easque
858 3939 1005 4025 consequi
1021 3939 1252 4007 considerarim.
1343 3964 1349 3978 ·

115 4064 192 4111 nem
216 4045 350 4111 rationis
376 4042 440 4133 (5).
465 4043 551 4122 Quia
576 4054 691 4112 natura
708 4045 885 4125 abstracta,
905 4066 981 4115 cum
1008 4047 1051 4115 sit
1080 4066 1146 4113 una
1169 4056 1245 4133 apta

157 4263 198 4326 (ι)
235 4256 298 4317 cfr.
315 4256 505 4329 Conimbric.,
519 4258 555 4316 ln
567 4258 692 4333 Porhyr.
705 4259 842 4339 langog,
860 4278 890 4333 q.
905 4258 934 4327 6,
949 4272 1005 4318 art.
1021 4278 1048 4319 2.
1077 4278 1079 4283 ·

157 4346 198 4419 (2)
232 4346 309 4405 Vide
323 4346 424 4417 Suam,
438 4346 513 4419 disp.
533 4340 663 4423 Me'laplr.
675 4347 702 4416 6,
721 4361 792 4408 sect.
806 4348 835 4419 63
851 4361 880 4407 et
889 4347 940 4408 lib.
952 4360 996 4422 4.ο
1009 4350 1175 4422 aeduine,
1187 4371 1244 4427 63.

156 4440 197 4510 (3)
232 4434 310 4494 Vide
323 4434 410 4494 Suar.
415 4435 510 4509 ,.disp
527 4436 655 4511 Metapa.
671 4437 699 4508 6,
715 4450 786 4521 sect.
800 4438 829 4507 8,
847 4458 876 4497 n.
894 4456 918 4507 5.

157 4530 198 4599 (4)
233 4524 357 4585 vides.
372 4525 490 4595 Thoan,
506 4527 711 4596 dePotentio,
728 4546 757 4601 q.
774 4548 808 4600 7,
824 4538 880 4586 art.
894 4526 956 4586 6et
973 4549 1015 4586 ιι.

157 4619 197 4689 (ς)
237 4612 365 4673 vides.
388 4615 459 4686 Tu,
482 4615 535 4674 lib.
554 4635 586 4689 4.
612 4616 757 4691 Metapin,
774 4617 838 4676 leet.
858 4633 892 4691 43
915 4618 1091 4680 DeNeturn
1113 4618 1248 4707 Generis¹

116 4726 185 4779 cap.
200 4723 234 4779 4,
249 4706 421 4767 DePotent.
436 4724 466 4779 q.
481 4726 517 4779 7,
530 4720 586 4767 art.
605 4702 778 4777 umam·

1161 4810 1203 4893 46
