3492 5525
322 435 324 439 ·
361 419 479 482 Anne.
503 431 563 498 ψ·
585 415 797 494 Quorurnex
818 417 1059 482 Panotmaraa
1173 433 1233 498 737

215 597 373 664 Praeterea
389 614 513 682 genus,
544 595 663 662 iterum
681 615 722 662 cx
739 595 910 664 communi
938 595 1088 662 omnium
1106 613 1274 662 consensu

145 715 198 772 est
216 703 418 788 praedicabile
432 715 604 788 tamquam
621 721 694 788 pars
706 704 900 782 materialis,
917 714 1017 788 atque
1030 705 1112 774 adeo
1128 715 1163 770 ut
1178 703 1275 768 indil-

147 815 266 890 ferens,
285 812 506 880 contrahibilis
520 830 557 878 ac
575 811 829 878 determinabilis
844 831 901 896 per
915 813 1133 878 differentiam
1147 810 1274 894 specifi-

145 940 232 988 cam.
255 920 356 1004 Atqui
375 921 403 986 si
422 939 486 984 una
505 927 635 984 tantum
654 919 786 985 daretur
803 920 948 1004 species,
970 921 1059 985 nulla
1071 921 1144 1006 jam
1169 937 1273 985 rema·

147 1038 240 1094 neret
277 1027 492 1094 indifferentia
527 1029 579 1092 vel
613 1027 866 1095 contrahibilites
902 1028 1052 1112 generis,
1088 1026 1166 1111 quia
1193 1033 1272 1092 tunc

145 1136 327 1202 differentia
343 1134 493 1219 specifica
516 1133 611 1200 unica
639 1136 737 1210 roret.
759 1151 795 1200 ac
819 1134 956 1219 proinde
974 1152 1069 1218 aeque
1088 1135 1154 1198 late
1181 1144 1273 1218 pate·

147 1255 197 1310 ret
218 1263 254 1308 ac
273 1243 354 1309 ratio
371 1241 538 1328 generice,
559 1260 619 1307 nec
644 1251 756 1326 posset
782 1243 870 1308 illam
901 1242 1043 1326 amplius
1066 1243 1272 1308 contrahere.

146 1353 233 1436 Ergo
250 1348 315 1439 (t).
964 1337 967 1342 ¹

214 1459 338 1526 Deinde
362 1455 518 1541 quaeritur
537 1458 708 1539 quomodo
725 1474 833 1542 genus
861 1457 1053 1543 predicetur
1079 1458 1120 1522 de
1143 1455 1402 1548 inferio-om
1415 1474 1486 1555 mg„

147 1567 253 1644 ribus,
279 1577 390 1633 utrum
417 1573 588 1648 tamquam
609 1583 682 1649 pars
706 1566 946 1651 metaphysica,
966 1565 1118 1632 essentiae
1141 1583 1272 1630 eorum·
1303 1569 1468 1654 werede

146 1675 241 1752 dem,
262 1692 320 1740 seu
336 1681 507 1756 tamquam
524 1691 597 1756 pars
610 1663 929 1756 comprehensionis,
946 1692 989 1738 an
1006 1692 1084 1740 vero
1097 1681 1268 1757 tamquam
1311 1639 1458 1690 mmm·

146 1793 257 1852 totum
276 1783 468 1868 potentiale,
487 1781 635 1846 interiora
652 1781 716 1847 suh
733 1798 794 1848 sua
815 1781 1008 1848 extensione
1028 1782 1268 1866 complectens.

215 1889 252 1958 Et
279 1889 448 1974 responsio
476 1887 750 1956 communissima
776 1897 844 1967 est,
870 1908 980 1975 genus
1011 1906 1078 1956 non
1106 1887 1269 1973 praedicari

145 2007 311 2084 quatenus
338 2006 389 2062 est
414 2014 489 2081 pars
517 1997 757 2083 metaphysica,
791 1997 851 2062 sed
884 2008 1050 2081 quatenus
1077 2008 1128 2064 est
1160 2005 1268 2062 totum

145 2107 323 2192 potentiale
341 2113 488 2188 respectu
504 2105 706 2170 interiorum.
723 2104 760 2169 Et
780 2104 861 2170 ratio
879 2115 947 2182 est,
966 2105 1043 2189 quia
1060 2123 1136 2190 pars
1155 2102 1268 2187 nequit

146 2214 311 2298 praedicari
339 2213 381 2278 de
407 2220 479 2277 toto
506 2231 562 2296 per
591 2211 815 2288 identitatem,
838 2212 922 2279 sicut
949 2233 981 2280 v.
1001 2233 1037 2296 g.
1059 2211 1173 2295 nequit
1190 2211 1266 2288 dici,

146 2322 239 2406 quod
262 2322 363 2386 homo
391 2320 433 2386 sit
461 2319 612 2396 materia,
637 2323 688 2386 vel
713 2322 837 2397 anima,
858 2321 1012 2404 quamvis
1031 2330 1064 2386 et
1082 2320 1217 2386 materia
1235 2329 1268 2383 et

146 2427 257 2495 anima
285 2429 386 2495 insint
411 2429 444 2492 in
473 2428 623 2505 homine,
653 2427 784 2511 sintque
811 2437 919 2512 partes
943 2432 1103 2515 ejusdem.
1125 2427 1161 2494 Si
1178 2427 1267 2492 enirn

146 2557 222 2623 pars
240 2536 467 2622 praedicaretur
485 2536 527 2600 de
545 2544 632 2622 toto,
649 2554 767 2603 sensus
781 2549 881 2614 esset,
897 2537 987 2621 quod
1001 2549 1116 2605 toturn.
1129 2544 1180 2602 est
1194 2553 1268 2618 pars

146 2645 312 2730 praecisive
330 2655 476 2728 sumpta.
496 2643 580 2728 Ergo
599 2646 746 2728 oportet,
766 2645 856 2728 quod
876 2645 927 2733 id,
945 2645 1037 2728 quod
1049 2645 1092 2710 de
1110 2645 1175 2710 alio
1188 2661 1270 2728 prae-

144 2755 286 2830 dicatur,
314 2755 431 2839 saltem
458 2752 595 2819 contuse
626 2762 660 2818 et
678 2752 711 2819 in
731 2753 877 2839 potentia
902 2754 1069 2821 contineat
1091 2762 1201 2820 totum
1221 2751 1267 2831 id,
1356 2780 1364 2797 ·

144 2864 237 2946 quod
255 2864 340 2929 inest
357 2862 521 2946 subjecto.

215 2969 315 3053 Atqui
331 2968 415 3034 ratio
432 2968 585 3053 generice
599 2977 763 3051 quatenus
780 2978 831 3035 est
850 2988 925 3054 pars
937 2972 1089 3039 essentiae
1108 2990 1175 3037 non
1190 2989 1269 3037 con·

145 3079 231 3145 tinet
256 3080 318 3145 hoc
348 3076 449 3143 modo
477 3076 638 3160 quidquid
663 3077 749 3143 inest
775 3077 941 3164 subjecto,
976 3079 1124 3145 continet
1156 3088 1269 3146 autem

144 3196 311 3272 quatenus
326 3194 375 3251 est
392 3185 708 3268 totumpotentiale.
729 3184 854 3271 Ergo...
875 3184 928 3275 (a)

214 3296 252 3360 Et
270 3296 339 3360 haec
357 3300 408 3359 est
421 3310 576 3377 expressa
592 3294 739 3360 doctrina
758 3292 794 3361 S.
815 3295 951 3361 Thomae
970 3292 1035 3383 (3).
1322 3339 1444 3399 Quom

214 3405 369 3469 Praeterea
383 3400 562 3477 dubitatur,
581 3420 650 3484 quo
668 3412 762 3485 pacto
776 3401 1028 3486 intelligendum
1041 3404 1083 3471 sit
1100 3404 1181 3471 illud
1195 3423 1270 3489 pro·
1301 3409 1468 3498 iurulentum

143 3514 310 3599 loquium:
323 3510 431 3599 Genus
443 3510 1269 3602 remittereausteraa,·differentiaaeroajorma(4).
1290 3488 1473 3607 ,ffssmfflm

182 3734 223 3797 (r)
259 3728 335 3786 Vide
357 3725 500 3804 Losaada,
516 3724 645 3805 Rhodes,
662 3725 794 3798 aliosque
811 3726 956 3785 Auctorea
976 3726 1049 3786 loeia
1062 3727 1175 3798 duda,
1190 3728 1270 3801 apud

144 3839 223 3893 quoa
236 3818 321 3893 plura
334 3816 470 3891 reperies.

183 3908 225 3982 (a)
260 3906 337 3966 Vide
351 3907 451 3977 Suar.,
466 3905 543 3979 diap.
560 3907 690 3982 Meropia.
709 3921 840 3980 15,aect.
861 3928 905 3978 rr,
921 3927 949 3966 n.
967 3908 1015 3978 163
1030 3907 1268 3983 Complutenaea,

146 4000 279 4068 Rhodes,
288 3996 436 4068 ,Loasada,
450 4010 480 4055 et
494 3996 623 4066 reliquos
637 3997 779 4056 Auctores
793 3996 863 4056 loeis
876 3997 983 4057 citatis.

183 4092 224 4163 (3)
261 4088 338 4146 Vide
353 4087 461 4161 Opust.
483 4087 518 4144 de
537 4088 612 4145 Eate
631 4096 660 4144 et
680 4089 821 4155 essentia,
843 4109 905 4160 cap.
929 4108 961 4160 33
986 4098 1024 4147 r.·
1038 4088 1116 4149 nist.
1132 4109 1182 4161 ας,
1195 4110 1226 4163 q.
1244 4113 1269 4162 r,

144 4194 205 4239 art.
229 4198 254 4251 r,
276 4179 314 4236 ad
334 4188 413 4247 κως
432 4178 552 4237 Auctor.
575 4177 685 4250 Opuae.
709 4178 790 4237 Sum.
813 4187 864 4237 tol.
887 4179 994 4255 Lo‘ge'c.
1015 4180 1123 4252 Arist,
1139 4195 1225 4252 tract.
1244 4203 1269 4253 r,

145 4287 257 4342 c⁸1³·4·
602 4340 604 4347 ,

183 4360 225 4433 (4)
260 4359 304 4417 De
327 4376 387 4429 quo
410 4358 564 4431 proloquio
584 4358 651 4416 vide
672 4358 875 4430 Aristotelem,
890 4360 941 4417 lib.
956 4361 988 4431 8,
1003 4360 1182 4437 Metepbys„
1200 4373 1269 4421 text.

143 4468 289 4523 eornmp,
297 4470 360 4521 cap.
375 4469 409 4521 43
421 4446 493 4507 etS.
505 4448 622 4519 Tuom,
638 4450 880 4525 Metaplrysicor„
891 4450 942 4508 lib.
956 4471 988 4523 3,
1003 4452 1067 4511 leet.
1079 4474 1107 4526 7,
1122 4472 1238 4526 paragr.
1255 4474 1270 4509 a

144 4538 198 4600 lib.
214 4562 242 4614 7,
257 4540 322 4599 leet.
336 4560 365 4613 9,
378 4538 463 4599 initio
476 4539 569 4609 liba,
581 4539 633 4599 lec.
645 4561 675 4611 3,
687 4560 805 4614 paragr.
816 4540 844 4609 t,·
858 4562 882 4599 r.
894 4560 963 4613 p.q.
973 4559 1022 4613 50,
1033 4554 1090 4601 art.
1101 4563 1132 4611 a,
1143 4543 1180 4601 ad
1195 4554 1271 4616 r.··;

143 4632 191 4689 De
203 4631 310 4705 Spiril.
325 4640 428 4702 creat,
443 4643 500 4691 ert.
518 4650 541 4701 r,
555 4630 591 4687 ad
606 4639 704 4703 24.·¹¹;
719 4642 761 4690 a.⁰
775 4632 876 4691 Contr.
893 4631 990 4703 Gerre,
1012 4651 1075 4705 cap.
1093 4652 1145 4707 953
1161 4633 1270 4707 Opuae.

143 4722 183 4779 de
200 4720 449 4793 attrectassent,
463 4720 571 4793 σιμός
587 4719 699 4793 Opuae.
721 4724 757 4780 de
770 4723 891 4781 Nature
907 4722 1044 4795 Genen's,
1060 4744 1124 4798 cap.
1141 4744 1168 4798 ς.

1199 4846 1238 4911 47
