3492 5525
586 446 684 542 ‘rqq‘
780 445 907 522 Locren
928 439 1177 522 iinon-ursa.
1204 468 1250 519 1.·
1271 456 1351 522 Can.
1374 473 1423 541 4Ρ
1407 469 1447 504 ΡΡΡ

376 641 461 699 Rani·
474 643 505 691 ad
599 656 654 725 59.
700 637 752 704 ad
776 639 1034 725 dignoscendam
1063 649 1174 707 autem
1203 639 1464 725 suppositionem
1497 639 1670 726 praedicati,

352 712 525 842 ,ffffff
474 802 526 834 m
553 745 623 812 haec
636 755 724 813 certa
741 756 775 813 et
795 749 984 814 oommunis
1000 747 1138 815 traditur
1156 748 1282 833 regula:
1309 748 1551 838 Predr'cotqm
1536 765 1572 812 m
1589 749 1675 813 omni

379 853 500 910 ΡΡΡΡΡΡΡΡΡ·
547 850 756 936 propositione
776 853 981 936 affirmativa,
1005 873 1202 940 quecumque
1218 856 1264 921 sit
1284 855 1422 921 extensio
1446 855 1593 944 subjecti,
1620 855 1674 920 ia-

552 959 602 1026 bet
611 960 847 1043 suppurationem
859 961 1099 1043 particularem:
1117 979 1296 1028 econverso
1312 961 1572 1044 praetenturam
1589 963 1676 1028 omni

547 1066 755 1150 propositione
767 1069 913 1152 negativo
929 1069 1140 1136 unmnsalem
1157 1067 1275 1136 obtinet
1287 1069 1537 1153 suppositionem.

918 1332 1220 1410 narremus
1256 1287 1305 1408 n.

608 1518 680 1586 De
698 1518 977 1589 resolutione
995 1519 1252 1584 eommunis
1274 1512 1615 1601 suppositionis,

409 1728 471 1787 oure
501 1762 508 1779 .
595 1709 651 1780 60.
698 1713 868 1780 Resolutio
882 1699 1119 1799 suppositionis
1132 1714 1319 1780 communis
1335 1726 1385 1782 est
1400 1715 1572 1798 explicatio
1587 1717 1675 1798 eius-

354 1803 519 1930 roffio:
551 1819 627 1886 dem
646 1821 843 1906 assignando
867 1820 1015 1887 membra
1038 1822 1142 1897 varia,
1163 1821 1285 1905 quibus
1303 1822 1489 1905 aequivalet.
1507 1821 1602 1890 Unde
1621 1820 1671 1896 fit,

553 1936 589 1993 ut
608 1928 846 2013 propositiones
864 1928 906 1993 de
925 1927 1073 2014 subjecto
1096 1927 1267 1994 communi
1293 1947 1350 2013 per
1373 1929 1456 1994 hanc
1475 1931 1675 2013 suppositio-

552 2033 603 2102 nis
631 2034 865 2102 resolutionem
886 2035 994 2102 locum
1014 2035 1158 2120 praebere
1178 2035 1305 2119 possint
1323 2031 1444 2120 {multis
1467 2035 1535 2101 aliis
1554 2053 1677 2120 propo-

552 2141 741 2217 sitionibus,
762 2161 838 2227 quae
860 2143 1042 2208 necessario
1066 2161 1106 2208 ex
1130 2143 1198 2226 ipsa
1224 2142 1441 2228 colliguntur,
1463 2151 1577 2226 utpote
1595 2162 1674 2227 quae

552 2249 642 2335 prius
659 2250 692 2316 in
716 2269 754 2315 ea
777 2248 932 2335 implicite
955 2268 991 2315 ac
1016 2249 1195 2316 virtualiter
1213 2250 1477 2317 continebantur.
1500 2249 1611 2333 ltaque
1631 2253 1674 2314 ad

551 2358 786 2426 enucleandam
806 2367 839 2422 et
858 2357 991 2442 penitus
1018 2357 1363 2441 comprehendendam
1382 2359 1450 2423 vim
1478 2359 1676 2441 propositio-

550 2483 652 2544 num,
667 2464 880 2535 utilissimum
899 2473 967 2543 est,
983 2464 1164 2530 doctrinam
1178 2464 1219 2529 de
1234 2465 1422 2530 communis
1437 2463 1676 2549 suppositionis

551 2574 749 2640 resolutione
767 2573 897 2639 callere.

333 2702 336 2707 ·
378 2711 498 2771 440444..
618 2681 744 2769 Duplici
769 2681 870 2747 modo
897 2679 1014 2746 resolvi
1034 2687 1143 2765 potest
1161 2678 1361 2765 suppositio:
1384 2697 1441 2765 per
1458 2697 1620 2744 ascensum
1639 2688 1677 2743 et

358 2783 491 2899 ¹⁸:232„
463 2795 520 2838 W
550 2808 609 2873 per
624 2792 814 2855 descensum.
836 2790 1004 2855 Ascensus
1022 2798 1071 2855 est
1090 2806 1284 2874 progressus
1303 2788 1344 2853 ab
1363 2787 1566 2855 interioribus
1580 2786 1677 2853 suffi-

469 2868 500 2905 ω’
549 2896 672 2963 cienter
696 2896 898 2964 enumeratis
922 2896 963 2961 ad
989 2894 1166 2964 terminum
1195 2896 1412 2979 superiorem
1442 2894 1494 2961 illa
1520 2896 1582 2961 sub
1612 2913 1675 2960 sua

549 3005 739 3070 extensione
762 3003 1006 3080 continentem,
1033 3021 1092 3087 per
1114 3002 1296 3087 legitimam
1322 3002 1608 3086 consequentiam.
1634 3003 1677 3069 Et

343 3118 531 3176 minumum·
550 3110 752 3177 descendens
762 3119 813 3177 est
827 3128 1021 3196 progressus
1038 3130 1055 3174 a
1069 3111 1211 3177 termino
1226 3112 1394 3177 communi
1411 3119 1443 3174 et
1457 3110 1616 3195 superiori
1631 3111 1676 3175 'ad

549 3218 697 3286 interiora
715 3217 778 3284 sub
796 3216 881 3285 illius
900 3216 1090 3284 extensione
1114 3228 1287 3295 contenta,
1309 3236 1367 3301 per
1392 3217 1572 3303 legitimam
1592 3237 1678 3283 con-

548 3328 770 3410 sequentiam.
794 3324 1008 3409 Quadruplex
1031 3337 1081 3391 est
1104 3336 1176 3391 tum
1201 3344 1356 3392 aseensus
1378 3336 1450 3392 tum
1477 3326 1674 3401 descensus,

549 3432 751 3520 quadruplici
784 3432 1002 3517 suppositioni
1034 3432 1205 3499 communi
1239 3450 1343 3567 nuper
1376 3432 1531 3517 exposite
1563 3452 1678 3498 corre-

548 3543 730 3626 spondens.

291 3651 295 3659 '
379 3670 463 3719 naara
464 3672 496 3719 no
614 3646 796 3732 Propositio
813 3648 1019 3715 distributiva
1040 3648 1212 3714 resolvitur
1230 3667 1288 3731 per
1305 3648 1517 3725 descensum,
1533 3665 1678 3715 enume-

340 3740 528 3861 Q?
549 3757 650 3823 rando
669 3756 799 3840 singula
816 3755 986 3833 interiora,
1006 3767 1038 3823 et
1056 3756 1098 3823 de
1116 3755 1179 3822 illis
1204 3755 1340 3821 seorsim
1359 3756 1561 3822 enuntiando
1580 3756 1676 3822 idem

547 3864 779 3948 predicatum:
795 3863 828 3929 id
841 3864 932 3946 quod
944 3862 1012 3929 ieri
1028 3872 1136 3947 potest
1151 3862 1202 3929 vel
1217 3881 1275 3946 per
1290 3864 1400 3947 plures
1414 3862 1675 3947 propositiones,

547 3982 604 4039 aut
622 3990 680 4055 per
698 3990 798 4037 unam
818 3969 998 4036 virtualiter
1020 3969 1252 4056 multiplicem,
1277 3971 1371 4057 cujus
1393 3970 1577 4056 subjectum
1604 3972 1678 4038 sint

546 4078 734 4164 singularia,
747 4097 805 4163 per
813 4078 1034 4162 copulativam
1052 4077 1318 4164 coniunctionem
1337 4078 1499 4165 colligata.
1516 4076 1571 4143 Sic
1585 4078 1678 4147 itanc

546 4186 820 4270 propositionem:
833 4184 946 4251 Omais
959 4184 1104 4253 tomoesr
1114 4186 1267 4262 madae,
1279 4184 1322 4251 ita
1338 4188 1499 4253 resolves:
1512 4184 1680 4252 Hicbomo

544 4298 591 4358 est
602 4296 752 4370 mendox,
765 4294 863 4357 etitle
876 4294 1012 4357 mendax
1023 4296 1086 4369 est,
1100 4293 1200 4358 atille
1212 4292 1495 4359 arimarmendax
1508 4302 1586 4369 etc„
1603 4298 1676 4360 vel:

544 4402 622 4477 llic,
645 4406 678 4467 el
697 4402 769 4478 ille,
791 4404 827 4465 et
844 4400 900 4465 ille
920 4400 1005 4465 otius
1032 4408 1094 4467 etc.
1118 4404 1166 4465 est
1181 4402 1330 4466 mendox.
1352 4398 1442 4465 Hanc
1460 4419 1538 4466 vero
1556 4401 1676 4467 aliam:

543 4509 678 4575 trauan
693 4508 817 4573 memo!
830 4512 880 4573 est
893 4506 1041 4591 spiritus,
1067 4506 1126 4573 ita:
1148 4508 1216 4573 Hoc
1237 4508 1360 4575 animal
1380 4526 1444 4575 non
1460 4508 1680 4591 estspr'ritus;
1727 4502 1728 4583 l

519 4647 524 4658 ·
543 4614 627 4680 illaad
637 4614 761 4683 animi
770 4614 1113 4697 nonestspirilusetc„
1127 4616 1196 4683 vel:
1208 4616 1682 4693 Natocmecntaaetcaar-
1727 4598 1728 4617 ³

541 4724 610 4787 not
624 4724 828 4807 estspiritrrs.
848 4721 948 4799 Quod
967 4722 994 4789 si
1013 4724 1094 4791 velis
1113 4724 1273 4790 resolvere
1296 4726 1557 4809 suppositionem
1578 4742 1683 4793 com-
