3492 5525
543 503 603 572 754
654 485 778 553 Loorct
793 481 1027 562 bition-Lm.
1044 491 1116 565 2⁸¹⁸,
1132 483 1227 552 Drsr.
1246 500 1290 550 ι.·
1303 484 1383 552 cnr.
1403 501 1474 591 pun

300 686 418 742 arurae·
434 701 474 733 mr
574 665 808 753 Principiorum
825 667 1166 749 indemonstrabiiium
1181 667 1371 754 simpliciter
1386 670 1456 738 duo
1473 679 1553 737 sunt
1572 691 1631 756 ge·
1728 756 1730 763 Ι

331 758 441 804 ¹¹³⁰¹¹¹¹¹⁸
502 792 589 852 nere,
611 775 683 854 aiia,
698 793 773 860 quae
787 784 945 842 vocantur
963 776 1091 862 proprie
1106 776 1273 861 dignitates
1291 777 1342 842 rei
1360 778 1532 854 mmsis,
1552 778 1626 854 ntia,

500 901 574 967 quae
594 899 716 948 nomen
736 881 857 950 habent
870 874 1073 966 positionum.
1098 883 1283 960 Ambmretc,
1304 901 1381 968 quce
1395 881 1521 950 Tullius
1533 883 1628 968 effeta
1728 870 1730 961 ξ

499 998 533 1055 et
564 989 666 1056 Varro
688 991 812 1076 profeta
839 997 873 1056 et
895 991 1064 1076 proloquia
1088 991 1249 1068 nominat,
1273 991 1361 1076 apud
1383 991 1629 1058 conimbricen-
1728 1068 1730 1071 ,

496 1115 549 1164 ses
565 1093 633 1182 (r),
645 1105 726 1163 sunt
741 1097 803 1164 iiie
821 1096 1062 1181 propositiones
1080 1097 1291 1173 immediate,
1308 1115 1384 1182 quse
1397 1098 1556 1165 omnibus
1571 1118 1628 1184 per
1728 1074 1730 1093 ¹

497 1222 533 1271 se
560 1212 689 1288 patent,
709 1204 786 1288 quia
811 1193 910 1270 nerno
938 1214 1007 1283 est,
1037 1204 1094 1289 qui
1121 1223 1236 1271 eorum
1264 1204 1423 1273 terminos
1452 1223 1519 1272 non
1541 1208 1627 1272 clare

496 1311 661 1395 percipiat:
678 1312 783 1396 qualia
799 1320 878 1378 sunt
891 1313 1085 1397 principium
1099 1313 1423 1391 contradictionis,·et
1433 1311 1621 1380 iiiudaiiud:
1728 1342 1730 1350 v

500 1417 606 1486 Totum
623 1423 670 1486 est
681 1422 783 1506 nujus
795 1437 854 1486 sera
863 1423 968 1501 perte,
990 1440 1026 1486 ac
1039 1429 1157 1487 cetera
1171 1422 1204 1488 id
1217 1439 1333 1507 genus.
1350 1420 1447 1487 Unde
1463 1422 1627 1504 proprium
1728 1442 1730 1445 ·

494 1531 542 1593 est
552 1526 661 1593 borum
666 1525 1077 1613 principiorumquodnorr
1090 1531 1191 1596 sotum
1202 1547 1321 1594 necesse
1330 1531 1436 1604 erice
1441 1535 1625 1610 persevem
1728 1544 1730 1554 ·

494 1653 570 1710 esse,
586 1635 745 1701 sedetiam
758 1653 877 1702 nmessc
887 1639 934 1702 cit
948 1636 1065 1712 videri,
1080 1640 1165 1722 quod
1177 1638 1246 1704 sint
1252 1644 1310 1720 per
1322 1655 1439 1703 meere
1448 1635 1515 1722 (2).
1531 1636 1570 1702 Et
1582 1638 1625 1702 ob

495 1760 568 1808 eam
583 1761 714 1808 causam
732 1743 909 1810 dictasunt
926 1743 1096 1828 dignitates
1110 1763 1168 1811 seu
1181 1745 1357 1822 exemia,
1372 1747 1502 1827 propter
1519 1744 1626 1832 buius·

497 1848 584 1914 modi
596 1849 823 1934 pmnupiorrcm
835 1851 1054 1917 certitudinem
1065 1850 1384 1938 admen‘mestendum
1396 1850 1463 1916 cim
1475 1847 1541 1937 (3),
1557 1851 1625 1918 sive
1728 1843 1730 1923 ζ

497 1956 588 2041 quod
602 1965 727 2024 tantam
748 1956 1011 2043 perspicuitatem
1030 1958 1217 2036 obtineant,
1234 1967 1271 2024 ut
1287 1959 1388 2043 digna
1405 1957 1488 2034 sint,
1504 1957 1625 2041 quibus

495 2063 580 2130 sides
595 2065 801 2142 adhibeatur,
816 2065 903 2140 sive,
917 2075 954 2132 ut
967 2065 1012 2134 ait
1025 2063 1242 2143 Themistius,
1256 2065 1333 2150 quia
1343 2064 1427 2130 inter
1438 2083 1492 2140 ea,
1505 2064 1539 2131 in
1554 2065 1626 2149 qui-
1728 2130 1730 2133 .

502 2171 566 2238 bus
588 2171 695 2256 posita
716 2181 812 2250 sunt,
838 2172 1017 2258 principem
1045 2174 1153 2239 locum
1176 2171 1348 2240 obtineant
1369 2168 1433 2260 (4).
1459 2172 1626 2238 Vocantur
1728 2176 1730 2181 '

500 2278 599 2347 etiarn
614 2297 810 2372 communes
824 2280 925 2346 animi
937 2281 1167 2365 conceptiones
1181 2278 1245 2368 (5),
1256 2280 1334 2364 quia
1348 2298 1447 2345 nemo
1460 2288 1512 2346 est
1523 2279 1627 2346 homi

503 2405 584 2458 num
606 2388 730 2454 ratione
745 2387 927 2464 utentium,
943 2389 1000 2472 qui
1020 2387 1143 2454 nesciat
1156 2387 1224 2463 iiia,
1240 2395 1432 2471 teneatque,
1449 2406 1510 2453 nec
1526 2387 1626 2453 debet

500 2495 637 2580 proinde
655 2495 836 2572 addiscere,
852 2497 928 2561 c'urn
943 2494 1086 2562 scientiae
1104 2495 1239 2580 aiicujus
1252 2493 1443 2580 aggreditur
1461 2493 1621 2561 studium.

373 2625 379 2672 ι
453 2661 459 2680 ,
564 2602 743 2669 Positiones
773 2621 850 2668 vero
878 2611 957 2669 sunt
983 2601 1037 2668 ilia
1061 2600 1215 2687 principia
1238 2601 1446 2678 immediata,
1466 2620 1543 2686 quae
1567 2601 1627 2667 de-

496 2709 670 2777 monstrari
706 2709 841 2795 quidem
877 2719 1063 2795 nequeunt,
1098 2729 1175 2777 cum
1210 2707 1276 2776 sint
1308 2709 1515 2789 immediata,
1555 2729 1623 2778 non

493 2828 602 2885 tamen
622 2818 777 2885 omnibus
797 2828 873 2884 nota
887 2828 981 2895 sunt,
1002 2818 1079 2903 quia
1091 2818 1255 2902 pertinent
1273 2818 1315 2883 ad
1330 2816 1501 2883 materiam
1520 2838 1623 2903 pecu-
1728 2813 1730 2876 Ξ

494 2925 603 2992 liarem
623 2925 758 3012 alicuius
782 2927 941 3002 scientie,
962 2926 1102 3009 ideoque
1122 2943 1256 2993 necesse
1281 2944 1347 2992 non
1375 2934 1428 2992 est
1454 2945 1494 2991 ea
1517 2928 1623 2993 teneri

492 3030 533 3097 ab
552 3032 607 3111 iis,
628 3034 684 3117 qui
699 3034 867 3100 scientiam
887 3034 974 3108 iiiam
995 3033 1159 3099 addiscere
1178 3032 1352 3118 incipiunt,
1373 3033 1433 3099 sed
1445 3032 1506 3099 trin
1521 3034 1625 3101 vesti-

491 3139 569 3207 bulo
584 3139 798 3218 scientiae,·ad
817 3160 918 3226 quam
929 3142 1108 3227 pertinent,
1123 3141 1199 3225 poni
1212 3142 1331 3216 soient,
1347 3140 1436 3206 unde
1448 3152 1481 3207 et
1496 3159 1621 3208 nomen
1728 3194 1730 3198 .

491 3246 643 3315 videntur
660 3254 846 3333 accepisse»
862 3245 927 3336 (6).
948 3248 1043 3314 Tales
1056 3259 1134 3315 sunt
1147 3248 1218 3314 istae
1233 3248 1484 3333 propositiones:
1502 3248 1622 3315 Orrmes
1728 3317 1730 3320 .

488 3356 602 3439 angust
618 3356 696 3422 recti
722 3357 961 3441 suntaeqrmtes,
992 3374 1051 3440 pro
1074 3354 1238 3422 Mathaesi:
1260 3356 1342 3422 Due
1364 3356 1622 3422 contrcdr'cton'oe

483 3464 709 3546 propositiones
733 3466 893 3549 nequeunt
914 3482 979 3529 esse
1003 3481 1098 3529 verce:
1126 3464 1175 3529 Ex
1199 3481 1275 3530 vero
1301 3480 1365 3529 nort
1385 3463 1531 3549 sequitur
1554 3465 1622 3529 nr'si

489 3586 611 3648 oerum,
632 3589 690 3655 pro
709 3569 839 3657 Logica.

553 3679 609 3744 Ac
627 3678 770 3763 butus...·
789 3676 957 3745 divumnis
973 3678 1253 3766 manifestationem
1268 3678 1429 3745 umidum
1444 3683 1508 3755 est,
1532 3682 1621 3765 qued

486 3786 632 3869 querire
641 3785 828 3870 propositio,
851 3790 949 3874 cujus
961 3786 1171 3868 prediatum
1192 3790 1243 3852 est
1265 3786 1301 3851 ιἰι
1322 3786 1444 3852 reticere
1469 3787 1616 3875 subjecti,

521 3966 562 4031 (t)
599 3962 632 4022 in
646 3973 703 4023 ι.““
720 3962 786 4024 tibr.
800 3963 973 4031 Posterior,
985 3984 1049 4037 cap.
1060 3983 1087 4029 2,
1103 3962 1262 4024 Commeat.
1277 3962 1334 4023 litt.
1352 3984 1392 4021 ιιι.

520 4056 562 4121 (ι)
599 4052 632 4111 S.
649 4052 707 4113 Th.
717 4074 784 4112 cum
803 4052 936 4120 Aristot„
950 4053 1001 4111 tib.
1023 4074 1047 4124 r,
1062 4054 1236 4124 Posterior.,
1256 4052 1319 4113 leet.
1334 4074 1374 4127 19,
1393 4050 1488 4113 initio.

520 4148 561 4214 (3)
599 4142 632 4201 S.
647 4142 704 4202 Th.
721 4150 758 4202 r.·
768 4144 942 4212 Posterior.,
956 4142 1022 4201 ieet.
1038 4162 1065 4217 5,
1080 4162 1196 4218 paragr.
1211 4162 1237 4201 e.

521 4238 562 4305 (4)
600 4231 791 4300 Conimbrie,
808 4232 861 4290 loe.
884 4232 934 4291 eit.

520 4327 560 4392 (5)
597 4320 629 4379 S.
645 4321 701 4380 Th.
716 4329 752 4381 r.·
765 4321 937 4391 Posterior„
957 4322 1022 4381 lect.
1040 4342 1074 4395 ¹9
1089 4319 1183 4391 initio;
1194 4334 1299 4393 quaest.
1319 4343 1348 4380 ιι
1364 4324 1399 4380 de
1418 4320 1526 4391 Verri„
1540 4344 1570 4381 n.
1589 4345 1615 4381 ι.
1728 4377 1730 4389 ,

482 4408 681 4470 Nihilominus
701 4410 732 4469 in
755 4410 896 4483 opusculo
917 4430 1006 4484 super
1024 4410 1158 4471 Boetium
1178 4412 1213 4468 de
1229 4410 1479 4479 Hebdomadibus,
1496 4412 1619 4472 ridetur

482 4519 548 4557 cum
560 4500 661 4559 eodem
677 4500 778 4560 Boetio
794 4502 850 4560 sub
865 4501 983 4561 nomine
1005 4500 1206 4560 communium
1228 4501 1451 4573 conseptionum
1474 4521 1616 4575 compre·

482 4590 608 4649 bendere
622 4604 685 4651 tum
695 4590 850 4662 axiomata,
866 4604 929 4651 tum
944 4588 1112 4663 positiones.
1124 4589 1200 4649 inde
1213 4590 1310 4663 ipsum
1323 4585 1431 4650 ibidem
1441 4591 1533 4663 paulo
1546 4607 1617 4665 poet

481 4666 610 4751 initium
626 4678 694 4739 item
705 4678 736 4739 in
745 4694 851 4753 quast.
871 4700 904 4739 ιο
917 4681 952 4739 de
967 4680 1071 4750 Verit,
1084 4692 1140 4739 art.
1160 4700 1201 4737 re.

516 4770 557 4841 (6)
593 4768 783 4843 Conimbric.,
797 4770 830 4829 in
848 4780 905 4829 ι.““
921 4771 1095 4837 Posterior„
1109 4788 1174 4842 esp.
1192 4789 1219 4841 ι,
1235 4768 1267 4830 in
1280 4782 1437 4834 comment.
1451 4769 1512 4831 titt.
1526 4792 1569 4833 ιιι.
