3492 5525
573 468 636 555 956
689 468 813 533 Loorcn
826 469 1052 543 Maron-Lus.
1070 484 1140 546 μ’,
1156 470 1246 533 Drse.
1262 482 1308 553 4·
1322 468 1402 531 ene.
1419 482 1495 530 2.-

379 668 468 726 thn·
600 650 763 719 Oeterum
783 652 811 719 si
829 654 967 719 modum
985 653 1066 719 scire
1082 654 1216 737 quaeris,
1236 672 1304 736 quo
1322 651 1411 717 Deus
1430 650 1578 716 revelare
1597 650 1655 713 ho

326 739 518 857 ”flnffiffl‘
535 758 615 824 mini
633 760 737 843 possit
754 762 924 846 mysteria,
945 779 986 826 ex
1003 756 1418 845 doctrinaS.Thomae(1)
1436 758 1654 822 revelationes

340 882 505 1000 Termes·
534 864 654 932 divinae
676 870 843 934 continere
870 877 1007 953 possunt
1033 878 1067 933 et
1084 866 1320 935 immissionem
1341 884 1506 931 novarum
1531 866 1658 949 specie·

372 970 425 1010 ujus
477 969 485 998 ι

365 1029 472 1076 vatum
534 992 608 1039 rum
641 976 693 1041 vei
725 976 962 1042 ordinationem
995 977 1073 1043 oiim
1103 976 1332 1059 acquisitarum
1365 982 1399 1037 et
1428 984 1653 1057 augmentum

533 1082 666 1149 luminis
684 1082 908 1150 intellectualis
923 1084 963 1149 ad
981 1093 1069 1149 seno
1082 1082 1294 1169 judicandum
1308 1082 1350 1147 de
1365 1082 1421 1156 iis,
1442 1099 1525 1164 quae
1540 1081 1655 1145 mediis

533 1189 621 1256 hisce
638 1190 810 1274 speciebus
836 1191 938 1257 menti
964 1200 1243 1277 repraesentantur.
1273 1189 1357 1254 Nam
1384 1193 1657 1271 representantur

531 1296 687 1363 divinitas
711 1300 809 1364 menti
833 1300 994 1381 Propheta
1014 1300 1196 1383 prunaeque
1222 1298 1345 1383 quietem
1371 1297 1535 1362 mirante
1565 1314 1655 1361 sensu

531 1404 670 1471 exterim
676 1406 794 1490 forme
809 1406 986 1483 sensibiles,
1004 1405 1087 1472 suut
1103 1406 1222 1472 Daniel
1240 1406 1323 1469 m'dit
1338 1404 1539 1485 scripturam
1552 1404 1656 1486 peris-

533 1512 573 1576 tis
586 1509 655 1598 (2),
672 1516 856 1597 quantoque
869 1518 973 1579 autem
987 1522 1045 1597 per
1058 1514 1182 1599 formas
1196 1512 1418 1596 imaginarias,
1440 1514 1512 1577 sine
1530 1514 1656 1577 omnine

530 1618 688 1685 diuinitus
714 1620 895 1702 impressas,
914 1640 976 1686 non
992 1628 1048 1703 per
1068 1640 1192 1686 sensum
1212 1618 1351 1702 acceptas
1372 1618 1475 1706 (puta
1503 1620 1534 1685 si
1567 1621 1656 1683 alicui

531 1745 618 1793 caeco
636 1735 713 1793 nato
731 1728 994 1812 imprimerentur
1008 1729 1040 1794 in
1056 1729 1285 1813 imaginatione
1299 1730 1448 1794 colorum
1465 1727 1656 1793 similitudi-

440 1826 446 1834 ’
533 1852 607 1911 nes,
627 1835 652 1900 i.
671 1854 701 1900 e.
715 1836 867 1924 species),
884 1840 935 1901 vel
946 1836 1038 1902 ettam
1054 1836 1207 1901 divinitus
1224 1836 1388 1901 ordinatas
1405 1852 1447 1898 ex
1462 1834 1528 1909 leis,
1551 1854 1656 1919 quea

531 1942 673 2007 sensibus
685 1946 762 2007 sunt
771 1947 913 2025 accepta,
927 1945 1009 2009 suut
1017 1944 1191 2009 Hieremias
1199 1948 1285 2009 vidit
1297 1948 1402 2010 ollam
1410 1964 1657 2009 succensam

531 2056 616 2117 facie
629 2056 810 2133 Aquilonis
824 2048 892 2138 (3);
908 2052 974 2116 sive
986 2052 1080 2115 etiam
1097 2050 1299 2132 imprimendo
1309 2050 1424 2131 speeies
1436 2048 1656 2133 intelligibiles

531 2157 595 2239 ipsi
610 2158 722 2233 menti,
737 2157 821 2223 sicut
830 2160 968 2241 patetde
981 2156 1044 2234 his,
1059 2156 1116 2242 qui
1127 2156 1458 2239 accipiantuientiam
1472 2158 1531 2221 nel
1539 2158 1657 2239 sapien-

531 2265 610 2332 tiam
626 2264 780 2351 infusam,
798 2266 1037 2333 sieutSalamon
1055 2269 1088 2330 et
1095 2266 1237 2349 Apostoli
1252 2261 1317 2352 (4).

598 2374 713 2439 Lumen
738 2377 842 2438 auum
866 2373 1061 2458 intelligibile
1087 2376 1269 2457 prunaeque
1303 2372 1428 2456 qualem
1460 2372 1656 2453 imprimitur

532 2480 630 2545 menti
643 2481 783 2546 humana
795 2483 840 2545 ad
850 2480 1089 2567 dt'j'udicandum
1102 2500 1151 2555 ea,
1162 2480 1282 2564 queat
1294 2480 1369 2544 aliis
1381 2479 1451 2543 aisa
1466 2484 1568 2560 sunt,·
1578 2481 1657 2544 suut

531 2587 650 2653 dulim
663 2590 713 2653 est
725 2589 737 2666 (
745 2588 795 2653 hic
809 2588 926 2671 supra)
946 2591 984 2653 de
992 2588 1106 2671 Joseplr
1123 2584 1196 2674 (qui
1211 2588 1363 2670 exposuit
1378 2586 1556 2652 somnium
1580 2588 1655 2651 Pha-

533 2693 678 2784 raonis),
697 2697 731 2762 et
743 2695 826 2760 sr'eut
836 2698 926 2778 patet
939 2698 977 2759 de
992 2695 1168 2778 Apostolis,
1190 2696 1303 2779 quibus
1320 2700 1497 2762 Dominus
1521 2702 1655 2779 aperuit

532 2827 692 2883 sensum,
720 2819 759 2870 ut
780 2809 1009 2886 intelligerent
1029 2809 1216 2886 scripturas
1234 2800 1302 2888 (5):
1329 2805 1362 2867 et
1379 2805 1424 2866 ad
1446 2803 1505 2867 lroc
1520 2805 1657 2885 pertinet

532 2911 747 2994 interpretatio
763 2929 939 2976 sermonum
943 2931 957 2992 ,·
971 2911 1035 2975 sive
1052 2911 1141 2975 etiam
1164 2913 1207 2974 ad
1222 2909 1465 2998 dpuduandum
1482 2914 1654 2976 uerendum

531 3020 672 3084 divinam
683 3019 845 3084 veritatem
856 3037 904 3094 ea,
918 3037 986 3102 que
1002 3037 1096 3083 cursu
1106 3018 1246 3082 naturali
1259 3017 1346 3081 hono
1359 3018 1656 3098 apprehendit-sin

531 3127 624 3193 etiam
641 3128 686 3191 ad
705 3125 943 3212 dijudicandum
969 3125 1119 3191 veraciter
1142 3127 1173 3190 et
1188 3124 1351 3207 efficaciter
1372 3143 1421 3199 ea,
1440 3144 1514 3208 que
1535 3129 1655 3209 agenda

532 3237 611 3300 sunt
625 3230 690 3321 (6).

599 3339 727 3416 Quibus
747 3339 863 3406 similia
882 3341 976 3406 docet
995 3339 1067 3404 alibi
1084 3339 1119 3405 S.
1142 3338 1277 3404 Doctor:
1298 3339 1456 3403 lievelalrir
1459 3339 1508 3424 fit
1520 3344 1656 3424 qaedam

533 3447 679 3512 interiori
701 3451 734 3512 et
749 3446 939 3529 intelligibili
956 3445 1072 3512 lumine
1094 3449 1227 3511 mentem
1247 3445 1386 3518 elevante
1397 3449 1444 3510 ad
1452 3447 1656 3528 percipienda

533 3574 581 3631 ea,
596 3548 640 3621 ae't
652 3573 722 3640 qno
733 3561 795 3636 per
810 3553 917 3620 lumen'
929 3557 1074 3619 naturale
1088 3553 1261 3620 intellectus
1271 3553 1449 3637 pertingere
1463 3573 1530 3620 non
1540 3561 1654 3638 potest.

533 3662 723 3730 sicutenim
735 3669 795 3744 per
806 3666 910 3728 lumen
925 3663 1070 3728 naturale
1083 3661 1255 3726 intellectae
1266 3663 1528 3727 redditareertus
1543 3666 1585 3728 ete
1597 3665 1654 3731 tris.

533 3789 603 3856 quar
624 3771 741 3835 lumine
763 3770 818 3834 illo
840 3769 1014 3854 cognoscit,
1042 3773 1079 3834 ul
1093 3771 1131 3833 de
1141 3769 1253 3851 punis
1262 3769 1448 3852 principiis,
1469 3770 1516 3835 ita
1535 3774 1578 3836 ate
1597 3773 1654 3842 bis,

533 3896 602 3962 qnae
627 3877 864 3959 supernaturali
887 3877 1002 3942 lumine
1029 3876 1243 3958 apprehendit,
1270 3877 1492 3943 ceraunium
1524 3879 1655 3946 habet...

535 3985 616 4051 Cum
627 3984 780 4066 pratulo
797 3987 899 4049 autem
914 3983 1029 4049 lumine
1051 3988 1179 4050 mentem
1193 3983 1328 4049 interius
1341 3985 1525 4052 illustrante
1542 3989 1659 4052 adsum

569 4222 609 4285 (r)
647 4237 673 4274 2.
690 4236 716 4274 2.
733 4235 763 4287 q.
782 4235 883 4289 173,a.
898 4228 952 4272 aet
965 4236 994 4286 33
1007 4222 1045 4284 3.·
1057 4213 1140 4273 Cant.
1155 4213 1251 4284 Geni,
1266 4233 1291 4272 c.
1311 4231 1376 4286 154,
1393 4212 1491 4285 initiog
1503 4217 1539 4274 de
1556 4217 1656 4282 Varie,

534 4327 563 4380 q.
582 4327 672 4374 ιω.
687 4328 714 4379 7.

569 4401 610 4462 (a)
649 4395 727 4454 Vide
741 4395 861 4464 Daniel,
876 4413 938 4465 cap.
957 4411 982 4464 ς.
997 4413 1027 4451 v.
1043 4412 1087 4465 25.

569 4491 610 4557 (3)
646 4487 788 4552 Hierem„
804 4505 868 4555 cap.
887 4497 909 4540 1.
926 4503 953 4540 v.
985 4504 1025 4555 ¹3·

569 4577 610 4650 (4)
648 4577 890 4647 hunnivar·

570 4672 610 4734 (5)
648 4666 718 4723 Luc.
736 4684 829 4737 24,v.
845 4682 891 4736 45.

571 4757 612 4828 (6)
648 4775 675 4812 a.
691 4774 717 4814 a.
731 4775 761 4826 q.
780 4773 887 4826 173,a.
904 4773 929 4809 a.
