3492 5525
617 453 678 535 ooo
732 452 858 520 Lootcn
873 454 1102 529 utnon-un.
1120 468 1191 531 ψ,
1206 456 1297 520 Drse.
1314 455 1454 538 4.·Cn1>.
1471 472 1543 521 ψ

644 638 746 725 Major
763 639 880 726 objecti
899 636 1080 725 syllogismi
1100 636 1245 703 continet
1262 636 1483 704 Cartesianum
1500 638 1654 722 principiul

576 746 764 824 evidentiae,
797 746 888 831 quod
921 746 1033 831 nequit
1058 745 1208 829 applicari
1236 746 1276 811 ad
1303 764 1437 813 omnem
1471 745 1655 831 cognitionem

576 862 697 920 certam
726 854 870 941 cujusvis
896 852 1036 930 ordinis,
1062 852 1121 919 nisi
1150 853 1211 917 boc
1238 871 1336 919 sensu
1364 852 1579 939 intelligatur,
1596 855 1656 936 quot

575 962 684 1028 omnis
702 970 788 1027 certa
804 960 950 1046 cognitio
966 961 1106 1044 requirat
1123 958 1194 1027 sive
1212 958 1372 1026 internam
1392 960 1585 1027 evidentiam
1601 961 1656 1024 reri·

573 1068 666 1145 tatis,
687 1068 758 1135 sive
775 1069 891 1135 saltem
911 1078 1078 1134 externam
1099 1067 1327 1135 credibilitatis.
1343 1068 1428 1134 Nam
1448 1068 1595 1134 veritates
1606 1066 1657 1130 idei

574 1175 693 1243 divinae
712 1195 779 1242 non
796 1175 942 1261 gaudent
960 1175 1131 1241 intrinseca
1152 1176 1329 1253 evidentia,
1349 1195 1416 1259 qua
1439 1174 1473 1241 in
1496 1176 1603 1259 seipsis
1621 1196 1656 1257 pe

573 1292 682 1361 teant,
703 1284 760 1349 sed
783 1285 852 1349 sola
872 1292 1024 1363 externa,
1045 1302 1109 1365 qua
1132 1291 1219 1366 patet
1242 1284 1428 1358 dumtaxat,
1454 1283 1545 1368 quod
1564 1284 1656 1347 evr'dm

572 1391 618 1457 sit
631 1390 896 1479 illasfirmrssime
913 1390 1000 1455 credi
1014 1396 1117 1465 bosso,
1134 1388 1176 1455 ob
1195 1399 1329 1457 externa
1347 1408 1467 1475 nempe
1486 1391 1601 1455 motiva
1611 1409 1655 1455 cre

572 1498 753 1577 dibilitatis,
774 1516 849 1583 quae
868 1499 1029 1563 declarare
1048 1498 1088 1563 ad
1106 1495 1292 1582 Theologos
1310 1505 1446 1582 spectat.

616 1612 725 1689 objie.
745 1606 799 1674 a.⁰
846 1604 1007 1694 Mysteriis
1030 1603 1112 1670 fides
1136 1604 1318 1671 adhibenda
1340 1623 1406 1672 non
1430 1613 1494 1671 est.
1520 1605 1596 1671 Nam
1615 1603 1655 1667 illis

571 1714 649 1780 solis
669 1712 946 1800 propositionibus
963 1712 1045 1777 fides
1068 1720 1118 1777 est
1141 1712 1339 1788 adhibenda,
1361 1731 1443 1796 quas
1468 1710 1549 1777 ratio
1568 1712 1654 1777 suadet

570 1839 642 1887 esse
659 1840 770 1897 veras,
790 1838 886 1887 secus
905 1819 993 1886 enim
1017 1837 1172 1885 assensus
1194 1818 1356 1885 rationalis
1380 1838 1445 1885 non
1470 1821 1563 1885 soret.
1582 1818 1654 1899 Atqui

570 1930 725 2015 mysteria
743 1926 823 1993 ratio
849 1926 964 2011 nequit
991 1928 1126 1993 suadere
1154 1946 1229 1991 vera
1254 1946 1343 2005 esse,
1365 1934 1479 2012 utpote
1506 1945 1576 2011 quae
1599 1928 1653 1990 sunt

568 2055 667 2122 supra
685 2036 858 2129 rationem.
878 2034 1004 2120 Ergo...

634 2151 739 2228 Resp.
758 2142 839 2227 Neg.
859 2150 973 2209 asserta
990 2142 1031 2207 ad
1049 2140 1176 2226 probat.
1194 2142 1269 2209 dut.
1289 2141 1402 2228 Major.
1419 2142 1458 2207 lis
1471 2142 1548 2209 solis
1565 2156 1652 2225 propo

567 2250 741 2317 sitionibus
759 2248 840 2315 fides
859 2258 910 2315 est
928 2248 1127 2327 adhibenda,
1149 2264 1230 2331 quas
1250 2248 1330 2315 ratio
1348 2249 1465 2315 suadet
1487 2266 1557 2315 esse
1574 2264 1650 2311 vero.

566 2378 608 2425 ex
630 2358 781 2432 motivis,
811 2358 883 2424 sive
908 2355 1089 2423 intrinsecis
1107 2356 1176 2423 sive
1194 2354 1398 2433 extrinsecis,
1418 2375 1520 2433 cona„
1539 2360 1581 2420 ex*
1596 2354 1650 2419 solis

567 2466 700 2533 motivis
718 2464 917 2540 intrinsecis,
936 2482 1007 2548 neg.

631 2574 670 2639 Et
686 2561 871 2656 condedist.
893 2570 1030 2646 Minore,
1050 2589 1121 2655 neg.
1138 2588 1271 2654 conseq.

609 2686 717 2764 Objic.
734 2688 785 2749 3.⁰
829 2679 929 2757 Deus,
942 2698 1040 2762 quem
1049 2677 1276 2762 adoro,inquit
1284 2676 1647 2754 Rousseau,tenebrarun

565 2789 653 2856 Deus
673 2798 825 2865 nonest,
846 2807 907 2854 nec
929 2787 1128 2852 intellectum
1150 2787 1226 2852 mihi
1247 2787 1382 2872 largitus
1410 2793 1473 2863 est,
1504 2795 1538 2854 ut
1554 2805 1588 2851 eo
1603 2801 1646 2849 non

564 2906 682 2963 uterer.
704 2897 852 2982 injuriam
873 2914 953 2980 ergo
973 2895 1046 2960 lacit
1074 2893 1205 2962 rationis
1225 2893 1360 2972 auctori,
1384 2895 1579 2980 quicumque
1594 2891 1646 2956 dicit

523 3034 527 3045 ·
564 3005 723 3070 rationem
743 3002 977 3088 subjiciendam
997 3019 1080 3068 esse.

630 3118 735 3194 Resp.
758 3111 832 3176 dist.
853 3110 998 3194 primum
1017 3108 1158 3176 membr.
1179 3119 1299 3185 antec„
1320 3108 1408 3174 Deus
1432 3117 1563 3176 nonest
1583 3105 1644 3171 [leus

561 3219 781 3295 tenebrarum,
794 3226 956 3301 quatenus
970 3217 1001 3282 in
1011 3199 1120 3300 seipso
1134 3232 1265 3281 summe
1280 3215 1490 3300 intelligibilis
1504 3225 1643 3293 estnon„

561 3334 724 3409 quatenus
742 3345 761 3390 a
779 3323 874 3390 nobis
892 3323 990 3388 etiam
1008 3321 1155 3408 intelligi,
1177 3331 1273 3405 prout
1291 3323 1386 3388 estin
1401 3341 1453 3400 se,
1472 3325 1570 3408 possit
1582 3327 1644 3386 natu

562 3433 618 3499 rali
637 3430 774 3510 lumine,
794 3450 867 3514 neg.

628 3538 713 3604 Dist.
739 3538 836 3603 etiam
860 3537 997 3602 alterurn
1027 3536 1213 3602 membrum
1240 3537 1472 3615 antecedentis,
1495 3539 1575 3604 Deus
1598 3549 1641 3598 non

560 3655 611 3713 est
630 3646 708 3711 mibi
737 3645 872 3731 largitus
899 3643 1115 3720 intellectum,
1145 3653 1182 3710 ut
1206 3662 1246 3708 eo
1274 3661 1341 3710 non
1360 3653 1467 3710 uterer
1490 3645 1523 3714 in
1542 3639 1643 3710 investi·

559 3753 675 3839 gaudis
687 3752 876 3820 veritatibus
885 3748 1006 3817 ordinis
1020 3750 1183 3826 naturalis,
1196 3769 1298 3826 conc„
1315 3749 1347 3816 in
1363 3749 1413 3828 iis,
1425 3771 1502 3836 quae
1513 3753 1553 3818 illi
1565 3764 1641 3836 perse

559 3859 716 3946 impervia
735 3868 824 3935 sunt,
835 3859 983 3934 modist,
999 3876 1064 3923 non
1082 3866 1132 3923 est
1151 3856 1229 3922 milri
1250 3858 1383 3944 largitus
1404 3859 1605 3933 intellectum,
1619 3863 1641 3918 ut

559 3987 599 4033 eo
618 3985 684 4034 non
703 3974 812 4034 uterer
828 3967 870 4032 ad
888 3964 1104 4049 exquirendas
1130 3964 1273 4030 internas
1297 3967 1455 4044 rationes,
1483 3969 1594 4046 noddo,
1615 3957 1640 4024 td

558 4074 776 4150 credendum,
796 4075 822 4139 si
841 4074 1039 4149 revelantur,
1059 4075 1147 4138 conc'.

625 4180 712 4248 Dist.
732 4181 831 4248 etiam
849 4198 956 4256 cons„
977 4177 1033 4262 qui
1059 4178 1136 4244 dicit
1164 4178 1322 4245 rationem
1341 4179 1569 4266 subjiciendam
1590 4193 1640 4242 esst

558 4287 740 4355 auctoritati
760 4287 817 4353 Dei
836 4283 1019 4362 revelantis,
1040 4305 1123 4369 nen,
1140 4287 1343 4370 prejudiciis,
1359 4288 1535 4368 erroribus,
1551 4284 1639 4354 dubie

558 4413 623 4481 que
641 4379 922 4481 imprudentibus,
947 4413 1033 4459 conc.
1053 4389 1119 4479 (r).

546 4691 549 4696 Ι
592 4729 634 4799 (ι)
670 4720 1411 4816 VideTongiorgidoeeitnu.736,a.'etn.737.
1443 4787 1444 4790 ,
