3492 5525
375 465 513 527 onum
539 463 1018 529 1.u·Psncno·coomnon1s
1125 466 1130 483 '
1168 464 1244 540 7555

146 651 197 714 est
210 648 388 714 inradiata
405 653 437 715 et
446 653 506 730 per
522 655 555 716 st
572 649 837 732 noro-qnantum
856 648 904 712 est
917 646 958 709 de
974 661 1019 710 se.
1036 643 1102 711 Sed
1119 655 1266 726 quorun·

146 757 221 821 Mon
244 756 490 839 propositionum
516 755 644 822 termini
668 759 744 821 sunt
762 757 856 830 tales,
885 753 969 837 quod
992 753 1078 824 sum¹
1091 750 1144 818 in·
1157 747 1268 820 notitia

147 862 302 944 oninium,
321 863 405 929 so'eut
419 883 491 940 ens,
511 867 545 929 et
559 883 675 941 unum,
693 867 726 930 et
736 863 818 948 atio,
838 879 908 945 quoe
918 858 1102 933 suntnrts,
1117 857 1152 924 r'n
1167 874 1282 942 quon-2

148 973 212 1034 tum
229 973 298 1048 ens',
317 974 391 1036 nom
408 989 465 1036 ens
481 975 528 1037 est
538 971 643 1054 prima
659 971 815 1052 conceptio
828 969 1013 1037 innitretru.
1036 966 1127 1033 unae
1138 966 1283 1048 oportet.

146 1079 231 1161 quod
246 1080 325 1144 tetes
336 1079 563 1162 propositiones
579 1097 643 1144 non
660 1077 812 1154 solunin
829 1096 880 1154 so,
898 1077 955 1142 sed
964 1075 1060 1164 ntroin
1074 1074 1178 1159 osmod
1192 1089 1272 1146 nos,

147 1186 240 1269 quasi
257 1193 319 1268 per
332 1204 365 1252 so
391 1190 471 1253 notu
488 1187 680 1254 habeantur:
697 1186 782 1252 sicut
795 1187 880 1270 quod
896 1206 967 1252 non
992 1186 1160 1264 emnngn
1175 1185 1269 1250 idem

149 1313 229 1360 esse
245 1307 281 1360 et
298 1315 367 1362 non
385 1317 480 1372 esse,
501 1303 534 1359 et
550 1307 662 1362 totum
680 1297 727 1360 sit
741 1299 858 1376 majus
875 1315 940 1360 sua
956 1304 1072 1374 parte,
1091 1293 1125 1354 et
1137 1287 1283 1354 sinilia·

149 1401 241 1467 Unde
267 1403 299 1466 et
315 1401 494 1488 hujusmodi
506 1401 664 1484 principio
684 1393 800 1467 omnes'
814 1400 974 1482 acopinnt
997 1418 1018 1464 o
1041 1395 1281 1478 Metapinum·

146 1510 241 1595 cujus
255 1511 303 1574 est
324 1509 601 1574 considerareens
625 1509 834 1590 sinpliciter,
852 1513 952 1582 etos,
981 1523 1050 1590 quen.
1074 1509 1156 1570 sunt·
1171 1503 1282 1570 ‘entis'

148 1615 300 1697 Quodam
316 1635 390 1681 uero
412 1615 638 1698 propositiones
664 1620 741 1681 sunt
756 1615 958 1691 immediata,
979 1625 1120 1698 priorum
1147 1611 1272 1680 termini

146 1741 212 1786 non
226 1726 305 1787 sunt
318 1727 404 1805 upred
419 1741 522 1789 omnes
540 1711 618 1790 noti:
633 1726 717 1788 unde
734 1723 808 1788 ticet
812 1723 1023 1805 pennatum
1036 1722 1082 1786 sit
1094 1723 1134 1794 de
1149 1719 1281 1786 rotrone·

145 1830 293 1918 subjecti,
309 1834 411 1895 tomen
423 1831 499 1915 quio
511 1832 653 1918 doinitio
665 1832 794 1918 subjecti
805 1849 870 1896 non
882 1835 930 1896 est
940 1828 1084 1896 omnibus
1100 1831 1194 1917 noto,
1206 1845 1278 1899 non.

145 1940 194 2002 est
203 1939 412 2004 mesanum
424 1941 507 2023 quod
519 1942 596 2006 tetes
606 1939 830 2021 propositiones
841 1939 882 2006 ob
893 1938 1036 2005 nundus
1048 1938 1270 2015 emendantem
1309 1963 1333 1984 *-

144 2045 301 2110 struthos
309 2046 499 2127 propositio:
513 2053 645 2114 Omnes
659 2053 774 2130 anguli
789 2051 873 2114 recti
891 2059 974 2113 sunt
988 2051 1156 2129 aequales,
1172 2062 1272 2128 quou-

146 2157 213 2218 turn
225 2153 375 2230 urtinse,
390 2158 440 2220 est
444 2162 503 2237 per
516 2173 548 2220 se
562 2157 635 2220 noto
648 2155 713 2220 siue
722 2155 912 2229 imunitates,
925 2153 1001 2237 quio
1011 2153 1174 2238 equalitas
1185 2150 1275 2216 cedit
1297 2149 1301 2156 '

146 2261 183 2324 in
200 2259 379 2344 desinitione
396 2262 509 2345 anguli
525 2263 620 2337 recti,
639 2263 776 2346 angulus
794 2261 878 2326 enim
893 2264 997 2326 rectus
1014 2263 1076 2336 est,
1091 2257 1283 2346 quemfecit:

146 2367 233 2432 lineo
247 2373 345 2444 reeta,
362 2375 454 2451 super
466 2369 564 2436 annm
577 2370 691 2435 tineam
704 2371 819 2460 rectam
832 2371 958 2444 codem,
975 2368 1023 2432 ito
1035 2371 1119 2452 qnod
1130 2386 1170 2432 ex
1183 2369 1277 2432 oreo

145 2491 206 2558 que
218 2480 311 2556 porte
328 2477 440 2560 anguli
455 2479 631 2544 reddantur
647 2479 792 2561 equales.
814 2478 854 2542 st
868 2476 937 2542 ideo
953 2495 1025 2542 cum
1040 2478 1179 2560 produn
1189 2475 1272 2557 posi·
1299 2508 1301 2512 ·

148 2582 232 2648 tione
249 2582 446 2665 recipiuntur
462 2585 641 2672 hujusmodi
653 2584 814 2666 principio
831 2581 897 2671 (t).
1005 2603 1013 2625 ·

163 2721 167 2729 ·
216 2689 448 2774 Principiorum
477 2693 574 2757 etiam
603 2691 908 2757 demonstrabitium
937 2693 1004 2757 duo
1031 2701 1112 2756 sunt
1137 2697 1271 2776 genera,
1291 2703 1487 2758 minutiones

145 2798 369 2881 suppositiones
396 2810 429 2865 et
451 2800 612 2881 petitiones
635 2819 693 2866 seu
707 2800 933 2883 postulationes
960 2801 1135 2883 (postulato
1161 2798 1283 2864 dicunt
1325 2778 1445 2833 ΜΝ·

148 2906 372 2993 recentiores).
402 2907 567 2974 interdum
595 2908 682 2974 enim
711 2928 765 2983 ea,
790 2926 865 2991 quae
895 2926 963 2973 non
990 2907 1281 2983 demonstrantur,-

149 3014 301 3079 videntur
319 3034 394 3079 vera
413 3017 463 3079 vel
480 3016 657 3099 probabilia
671 3016 731 3092 ilii,
753 3015 795 3080 ad
809 3032 910 3098 quem
925 3013 1162 3081 demonstratio
1181 3014 1286 3081 insti--

147 3120 267 3196 tuitur,
284 3121 422 3204 ideoque
442 3140 500 3206 pro
518 3124 574 3189 iilo
591 3122 733 3207 supponi
753 3130 893 3207 possunt
907 3131 941 3187 et
958 3122 1081 3188 assumi
1100 3130 1272 3207 tamquam

149 3247 241 3305 vera,
273 3228 345 3294 ticet
375 3239 511 3313 possent
538 3230 772 3307 demonstrari,
797 3249 918 3314 aspro
943 3230 1162 3296 alioneoesse
1190 3231 1274 3295 toret

149 3335 248 3403 etiam
268 3336 500 3404 demonstrari:
521 3347 554 3404 et
573 3339 623 3403 hae
642 3348 720 3404 sunt
738 3336 995 3421 suppositiones.
1015 3336 1180 3405 interdum
1194 3356 1273 3403 vero

151 3444 309 3510 nonnulla
336 3446 406 3511 vult
425 3461 597 3511 assumere
615 3445 856 3513 demonstrator
884 3446 954 3510 sine
977 3445 1271 3520 demonstratione,

150 3550 191 3620 de
210 3551 329 3635 quibus
348 3561 403 3618 aut
421 3554 546 3620 nuttam
561 3553 658 3618 habet
672 3552 861 3637 opinionem
881 3555 932 3618 vel
953 3553 1120 3631 notitiam,
1135 3553 1205 3637 ille,
1221 3552 1273 3619 cui

149 3658 189 3723 fu
205 3660 459 3739 demonstratio,
480 3669 537 3727 aut
556 3661 654 3727 habet
680 3661 895 3738 contrariam,
914 3668 948 3725 et
969 3660 1044 3727 ideo
1060 3681 1100 3727 ea
1121 3663 1272 3743 postulat,

150 3774 189 3831 ut
207 3765 268 3833 sibi
287 3768 520 3835 concedantur:
536 3788 584 3867 *en
604 3768 839 3852 postulationes
856 3766 920 3857 (a).
1213 3767 1217 3777 '

132 4052 140 4059 '
186 4036 228 4109 (ι)
265 4034 299 4094 8.
314 4036 431 4105 Thoen,
448 4046 487 4094 r.·
499 4037 672 4105 Posterior„
687 4036 753 4095 teor.
768 4053 793 4108 5,
810 4054 956 4108 parspere

188 4130 228 4193 (2)
266 4126 307 4184 Its
322 4125 438 4197 quidem
452 4124 636 4195 Aristoteles,
649 4144 775 4197 eumque
787 4146 821 4183 eo
832 4124 938 4196 Sosus,
954 4124 1208 4187 Conimbrioenses
1220 4140 1275 4187 ete.

151 4214 351 4275 Nihilominus
366 4216 454 4287 psuio
466 4214 551 4274 aliter
564 4214 687 4287 explicat
698 4216 732 4274 D.
750 4214 879 4273 Thomas
893 4216 1050 4275 discrimen
1068 4216 1277 4290 ‘suppositionis

149 4326 170 4363 a
184 4304 390 4376 postulatione,
407 4304 436 4363 in
451 4304 512 4363 haeo
533 4306 622 4363 verba
643 4304 785 4365 scribens:
802 4306 949 4377 Differunt
971 4315 1067 4364 autem
1090 4308 1129 4365 od
1141 4309 1275 4376 s’nnicern,

150 4395 222 4467 quia
235 4395 376 4467 siquidem
390 4396 463 4451 totis
476 4396 637 4468 propositio
652 4394 935 4461 (indemonstrabilis
950 4414 1001 4467 per
1018 4396 1275 4467 suam-seientiam,

151 4484 205 4541 sed
219 4483 453 4542 demonstrabilis
474 4505 525 4556 per
545 4484 643 4551 aliam)
665 4487 707 4542 sit
721 4486 887 4559 probabitis
911 4486 1086 4556 addiscenst,
1107 4488 1204 4561 cniſst
1223 4491 1277 4545 de·

149 4576 336 4643 monstratio,
352 4574 464 4631 dicitur
477 4582 668 4647 suppositio...
683 4572 720 4631 Si
733 4594 801 4633 uero
816 4576 878 4644 iile,
894 4596 947 4633 nec
965 4577 1007 4632 sit
1019 4577 1148 4651 ejusdem
1161 4578 1286 4653 opinio-¹

150 4664 216 4732 nis,
231 4665 499 4736 mque-contraria,
515 4672 625 4739 oportet
644 4666 718 4738 quod
736 4664 944 4723 demonstrator
962 4666 1015 4723 troc
1034 4664 1072 4723 uit
1085 4686 1119 4727 eo
1136 4677 1234 4740 petar,
1250 4676 1279 4725 et

151 4762 223 4812 tunc
243 4752 351 4811 dicitur
373 4761 481 4827 petitio.
506 4752 543 4813 Si
565 4764 660 4814 autern
680 4756 741 4813 sint
765 4756 921 4814 controrior
942 4756 1106 4830 opinionis,
1135 4766 1195 4820 tum
1221 4767 1285 4823 erit·
