3492 5525
271 469 385 531 Arene.
403 482 463 549 4¹¹·
478 468 529 529 Du
544 466 776 529 Scrrcrrrrartuu
792 482 1109 529 susurrannmuour:
1141 478 1215 544 1005
1249 506 1252 515 .

131 670 191 715 nea
212 659 306 715 novae
325 650 493 734 passiones
508 650 683 723 resultant,
705 659 742 715 ut
757 649 802 714 sic
823 667 947 715 novum
968 648 1131 733 objectum
1147 646 1258 713 scibile

130 756 313 823 efflorescat
342 757 483 823 scientiae
507 758 738 823 subalternatae
763 757 1073 840 contemplandum,
1102 758 1170 820 lraec
1191 774 1257 820 non

131 875 242 948 potest
253 865 422 948 praedictas
436 865 604 947 passiones
617 864 827 948 investigare,
844 864 905 929 nisi
920 862 1099 947 suppositis
1113 862 1167 939 iis,
1184 881 1258 945 quae

131 970 315 1056 superiores
333 973 477 1039 scientiae
495 972 683 1055 disputant,
704 972 911 1055 potissimum
937 972 978 1035 de
1003 969 1056 1034 tali
1081 970 1258 1035 differentia

131 1079 357 1145 accidentaria.
375 1079 427 1145 Sic
443 1100 475 1143 v.
493 1100 528 1163 g.
547 1080 669 1145 Musica
684 1088 735 1146 est
748 1079 880 1145 scientia
897 1078 1022 1162 proprie
1038 1078 1259 1143 subalternata

133 1186 374 1262 Arithmeticae,
395 1187 472 1271 qula
499 1187 669 1269 tamquam
699 1187 865 1271 objectum
885 1186 1069 1251 considerat
1096 1202 1259 1251 rrurrrerum

131 1312 297 1370 sonorum,
318 1294 483 1377 objectum
500 1313 619 1378 nempe
639 1294 863 1360 Arithmeticae
875 1302 1077 1360 contractum
1095 1312 1151 1376 per
1169 1292 1260 1357 dirre-

131 1401 271 1488 rentiam
307 1399 427 1477 sonori,
450 1421 525 1485 quae
543 1400 754 1467 accidentaria
773 1410 823 1466 est
843 1409 875 1465 et
888 1412 1043 1467 extranea
1069 1401 1131 1475 illi,
1156 1418 1260 1481 quan·

134 1508 312 1591 doquidem
332 1510 403 1593 ejus
418 1507 635 1574 consideratio
650 1517 777 1591 spectat
795 1509 835 1573 ad
848 1507 1020 1593 Physicam
1041 1525 1098 1573 seu
1114 1507 1260 1572 Philoso-

134 1616 244 1700 phiam
266 1617 462 1682 naturalem:
481 1618 512 1680 in
529 1634 667 1682 numero
687 1624 804 1680 autem.
817 1633 938 1680 sonoro
953 1616 1074 1681 adsunt
1091 1613 1259 1699 passiones

135 1724 285 1806 propriae,
307 1742 426 1805 nempe
438 1724 675 1799 consonantiae,
690 1742 763 1805 quae
779 1740 839 1787 nec
852 1735 1052 1789 enascuntur
1065 1740 1106 1786 ex
1122 1739 1259 1787 numero

135 1832 326 1897 secundum·
345 1848 399 1907 se,
422 1849 481 1896 nec
505 1848 544 1894 ex
562 1831 669 1905 sonis,
690 1830 747 1895 sed
771 1850 812 1895 ex
831 1828 1044 1913 applicatione
1068 1828 1195 1895 numeri
1219 1828 1260 1893 ad

135 1957 254 2014 sonos,
275 1956 334 2003 seu
357 1957 397 2003 ex
415 1939 645 2022 conjunctione
672 1938 799 2003 numeri
824 1956 900 2002 cum
930 1954 1063 2003 sonoro.
1097 1938 1259 2001 Caeterum

135 2047 206 2111 istae
225 2044 392 2129 passiones
410 2046 565 2130 cognosci
580 2055 749 2128 nequeunt
771 2044 945 2111 scientifice
969 2044 1038 2110 sine
1061 2062 1190 2110 recursu
1219 2045 1259 2109 ad

137 2154 307 2236 passiones
331 2161 366 2216 et
394 2153 606 2237 proprietates
626 2171 856 2227 numerorum,
886 2172 921 2217 ac
942 2152 1078 2235 proinde
1107 2150 1259 2235 principia

136 2279 196 2325 sua
215 2269 386 2325 mutuatur
399 2279 439 2325 err
455 2260 678 2325 Arithmetica.
697 2258 799 2324 Simili
815 2260 915 2324 modo
931 2254 1151 2343 Peispectiva‚
1166 2260 1260 2343 cujus

136 2368 300 2453 objectum
322 2378 371 2432 est
387 2358 469 2432 linea
485 2369 633 2442 visualis,
655 2369 782 2451 proprie
795 2369 1035 2434 subalternalur
1048 2366 1257 2440 Geometriae,

137 2476 178 2539 ad
198 2493 298 2557 quam
313 2484 439 2558 spectat
454 2474 667 2540 consideratio
683 2475 791 2555 lineae;
813 2484 845 2539 et
859 2474 1016 2539 Medicina
1040 2474 1187 2540 similiter
1205 2491 1261 2537 su·

136 2583 337 2646 balternatur
350 2581 510 2667 Physicae‚
528 2582 603 2664 quia
613 2583 855 2665 contemplatur
865 2600 984 2666 corpus
996 2593 1030 2647 ut
1041 2576 1206 2665 curabile(
1231 2581 1259 2663 ).

205 2690 315 2754 Unum
334 2696 445 2754 tamen
466 2698 559 2764 nota,
590 2707 655 2753 non
685 2690 864 2772 quamlibet
883 2687 1096 2753 differentiam
1116 2686 1262 2751 acciden-

137 2797 252 2862 tariam
273 2789 480 2862 sufficere'ad
500 2799 767 2864 constituendum
797 2799 962 2883 objectum
987 2797 1130 2863 scientiae
1154 2795 1262 2861 subal-

138 2915 286 2980 ternatae,
307 2923 403 2970 secus
423 2904 511 2968 enim
531 2907 661 2970 daretur
675 2906 810 2971 scientia
824 2925 858 2972 v.
881 2926 916 2990 g.
940 2907 980 2970 de
996 2905 1078 2970 linea
1092 2903 1193 2969 calida
1210 2904 1260 2968 vel

138 3011 241 3086 dulci,
263 3023 319 3078 aut
334 3013 375 3076 de
394 3031 532 3078 numero
552 3013 645 3097 nigro
665 3023 742 3090 etc.‚
772 3013 829 3078 sed
848 3015 946 3077 talem
968 3011 1083 3095 requiri
1112 3011 1263 3076 differen-

138 3119 217 3183 tiam
233 3118 464 3184 accidentalem
480 3138 538 3185 seu
554 3133 758 3196 extraneam,
776 3139 817 3186 ex
832 3123 926 3205 cujus
941 3118 1169 3205 conjunctione
1183 3135 1259 3184 cum

138 3227 269 3311 objecto
287 3228 462 3310 superioris
481 3227 622 3293 scientiae
641 3231 776 3294 resultet
795 3246 919 3294 novum
935 3245 1042 3313 genus
1060 3225 1180 3293 scibilis
1195 3223 1258 3313 (2).

139 3334 195 3400 Est
215 3353 293 3420 ergo
305 3335 373 3400 haec
390 3335 473 3400 inter
485 3337 763 3400 subalternantem
777 3345 810 3400 et
825 3335 1079 3404 subalternatam
1092 3332 1262 3400 scientiam

139 3442 332 3516 differentia,
354 3442 444 3525 quod
460 3442 686 3508 subalternans
701 3445 848 3528 procedit
866 3461 907 3508 err
927 3443 1063 3526 propriis
1086 3441 1259 3525 principiis,

140 3567 198 3633 per
210 3568 245 3613 se
259 3549 356 3623 notis,
377 3550 595 3615 subalternata
611 3570 690 3616 vero
705 3551 849 3634 procedit
874 3569 914 3615 ex
938 3548 1100 3635 principiis
1120 3567 1185 3615 non
1205 3565 1263 3631 per

140 3675 176 3722 se
206 3656 309 3731 notis,
326 3658 382 3722 sed
402 3657 434 3721 in
455 3657 580 3722 lumine
599 3658 742 3723 scientiae
762 3657 1026 3724 subalternantis.
1048 3657 1094 3722 Ex
1112 3655 1167 3732 iis,
1188 3673 1262 3740 quae

141 3765 301 3829 hactenus
319 3764 481 3847 disputata
500 3773 594 3840 sunt,
615 3765 817 3833 derivantur.

207 3875 428 3938 conditiones
436 3876 478 3936 ad
489 3879 674 3953 perlectam
686 3879 927 3956 propriamque
937 3875 1263 3938 subalternationem
1308 3901 1451 3948 emano...

138 3982 361 4044 necessariae.
383 3983 499 4043 Prima
517 3988 584 4057 est,
615 3991 651 4046 ut
669 3981 851 4065 subjectum
872 3981 1101 4045 subalternatae
1120 3977 1261 4044 scientiae
1291 3973 1465 4092 ἰξδξῖιὶῐξξζῖῑ

141 4085 346 4150 contineatur
373 4084 437 4150 sub
463 4085 592 4170 objecto
620 4087 886 4163 subalternantis,
914 4085 957 4151 ita
985 4095 1022 4151 ut
1050 4087 1116 4151 hoc.
1140 4085 1181 4150 de
1209 4084 1263 4150 illo
1287 4113 1467 4170 „„„q„„„„

142 4191 307 4276 praedicari
322 4193 424 4276 possit
438 4192 470 4258 in
488 4193 577 4277 quid.
594 4194 637 4258 lta
655 4213 828 4270 numerus,
844 4194 1011 4280 objectum
1029 4191 1261 4268 Arithmeticae,
1338 4187 1417 4241 uim·

180 4499 220 4560 (1)
257 4494 320 4554 err.
332 4494 522 4564 Conimbric.,
538 4495 591 4555 loe.
607 4496 668 4566 cit,
677 4517 703 4554 a.
717 4519 741 4567 r,
756 4499 788 4556 In
799 4498 855 4556 lrac
866 4501 995 4573 perfecta
1006 4495 1265 4565 subalternatione,

146 4584 309 4656 Complut,
326 4585 379 4644 loc.
395 4586 456 4655 eit,
473 4605 503 4642 n.
518 4606 545 4659 7.

180 4675 222 4743 (a)
257 4673 333 4732 Vide
346 4673 447 4747 Suam,
458 4675 533 4748 disp.
549 4675 620 4734 Met.
638 4696 662 4745 r,
679 4691 749 4736 sect.
767 4695 793 4750 5,
809 4697 838 4736 n.
853 4696 900 4750 49,
911 4675 1125 4751 5o;Complut.‚
1137 4674 1267 4750 aliosque

144 4764 219 4834 AA„
235 4762 307 4823 locis
320 4764 371 4823 cit.
1070 4791 1074 4798 ·
