3492 5525
290 430 408 493 Anam.
426 442 486 512 μ’
495 427 616 492 Uanun
630 428 753 492 Loorca
767 446 917 495 screnum
930 448 974 493 an
986 447 1049 493 ans
1112 426 1191 509 1089

108 629 182 694 pars
199 610 299 687 illius,
321 613 493 695 multoque
512 612 622 678 minus
640 612 729 694 quod
749 612 789 679 sit
808 611 960 693 scientia3
985 610 1230 695 «quemadmo-

107 720 187 783 dum
208 719 285 785 niln'l
303 719 434 785 absurdi
453 730 521 796 est,
542 726 579 784 ut
597 718 703 803 inquit
722 718 852 785 Boetius
865 716 930 806 (ι),
943 718 970 785 si
983 718 1072 784 dicas
1091 736 1227 784 manunt

107 824 186 891 labri
204 844 275 892 esse
292 826 391 893 simul
411 835 443 893 et
462 824 541 892 labri
557 834 683 910 partem
703 834 736 891 et
754 826 1042 892 instrumentum»
1059 822 1122 913 (2).

174 933 321 1009 Accedit,
351 934 440 1016 quod
463 934 614 1016 quamvis
642 952 715 999 non
737 952 869 1018 semper
895 933 1156 999 instrumentum
1186 931 1229 997 sit

108 1042 254 1126 ejusdem
274 1039 406 1107 rationis
432 1059 508 1105 cum
538 1060 570 1105 re
598 1058 697 1123 quam
721 1042 815 1120 iacit,
838 1059 905 1107 non
932 1050 1043 1107 tamen
1068 1046 1229 1125 repugnat

108 1168 194 1224 esse,
215 1157 248 1215 et
265 1147 441 1232 aliquando
460 1162 510 1215 est
530 1166 642 1233 reapse
661 1148 808 1233 ejusdem
830 1148 981 1227 rationis,
1002 1157 1039 1213 ut
1052 1166 1128 1214 curn
1150 1148 1231 1211 mal·

108 1257 159 1323 leo
179 1257 316 1323 malleus
334 1254 475 1322 efficitur
492 1253 557 1344 (3).

173 1363 288 1447 Neque
307 1362 436 1429 vero·S.
457 1362 602 1428 Thomas
620 1360 654 1427 in
677 1363 807 1447 objecto
823 1363 895 1428 loco
923 1362 1057 1447 negavit
1083 1361 1231 1428 absolute

108 1470 260 1555 logicam
279 1488 352 1537 esse
369 1470 555 1547 scientiam,
575 1470 633 1535 sed
657 1471 759 1535 solam
788 1470 898 1537 retulit
925 1470 1107 1536 doctrinam
1132 1465 1233 1534 boetii

106 1577 277 1644 scribentis
305 1596 378 1643 earn
409 1578 519 1661 potius
549 1594 622 1643 esse
649 1577 793 1643 scientiae
821 1577 1097 1653 instrumentum,
1131 1594 1234 1659 quam

106 1684 288 1752 scientiam.
308 1684 472 1779 Caeterum
487 1685 523 1751 S.
543 1684 666 1753 Doctor
682 1694 755 1750 tum
774 1685 807 1751 in
827 1685 891 1751 hoc
902 1684 976 1770 ipso
988 1688 1060 1751 loco
1075 1681 1140 1772 (4),
1156 1694 1231 1750 turn

106 1793 183 1859 alibi
201 1810 289 1878 saepe
307 1791 458 1877 Loglcam
476 1792 688 1858 disertissime
707 1792 876 1859 scientiam
898 1811 970 1859 esse
989 1804 1022 1860 et
1037 1792 1177 1875 scripsit,
1198 1798 1231 1855 et

106 1900 273 1985 probavit,
294 1910 331 1966 ut
349 1900 493 1968 vidimus
511 1897 575 1989 (5).

152 2012 262 2091 Objic.
286 2006 340 2077 3?
386 2007 501 2093 Logica
523 2006 632 2093 dirigit
655 2026 790 2073 omnem
824 2005 994 2073 scientiam
1022 2008 1065 2073 ad
1092 2009 1231 2076 demon·

106 2116 292 2183 strandum.
305 2116 370 2181 Sed
382 2133 447 2180 non
461 2114 569 2200 dirigit
583 2132 620 2180 se
634 2114 752 2199 ipsam.
765 2114 847 2200 Ergo
857 2110 928 2200 ipsa
939 2132 1005 2181 non
1020 2124 1071 2183 est
1083 2116 1228 2181 scientia.

177 2221 1231 2311 Respdistllajor.Omnemomninoneg„omnemaliamprae-

106 2342 158 2397 ter
176 2330 335 2416 seipsam,
355 2350 441 2398 conc.
458 2329 585 2414 Nempe
603 2330 699 2397 simili
715 2330 815 2395 modo
830 2331 945 2416 logica
960 2331 1078 2398 dicitur
1092 2350 1228 2397 omnem

107 2438 278 2506 scientiam
297 2439 450 2524 dirigere,
470 2439 554 2507 sicut
567 2440 688 2505 coelum
710 2438 824 2505 dicitur
836 2439 949 2505 omnia
959 2449 1088 2525 tegere,
1111 2458 1229 2525 nempe

106 2545 221 2612 omnia
238 2547 297 2613 alia
315 2556 428 2631 praeter
444 2564 493 2614 se.

176 2660 284 2737 objic.
300 2661 350 2735 4.⁰
396 2652 513 2738 Logica
532 2672 598 2719 non
617 2662 722 2729 certo,
739 2654 796 2720 sed
815 2653 1025 2737 probabiliter
1043 2656 1228 2729 dumtaxat,

106 2763 277 2846 cognoscit
288 2781 385 2828 suum
401 2764 585 2847 objectum,
596 2760 862 2845 quandoquidem
873 2813 881 2840 ,
893 2772 930 2828 ut
943 2782 1020 2829 mox
1031 2762 1227 2838 videbimus,

106 2871 272 2936 acerrimae
289 2871 372 2936 inter
390 2871 602 2954 philosophos
621 2869 764 2936 existunt
792 2869 1030 2954 disputationes
1057 2871 1138 2937 circa
1166 2871 1233 2936 lor·

107 2979 197 3043 male
214 2979 379 3063 objectum
399 2978 543 3063 logices.
560 2978 644 3063 Ergo
660 2996 725 3043 non
745 2986 795 3044 est
812 2977 962 3043 scientia.

177 3093 281 3168 Resp.
305 3087 380 3154 dist.
401 3097 508 3152 antec.
525 3085 642 3170 logica
661 3104 726 3150 non
741 3093 847 3162 certo,
865 3085 923 3150 sed
940 3085 1147 3169 probabiliter
1160 3094 1231 3150 tan·

106 3205 198 3269 tum,
220 3193 389 3278 cognoscit
407 3195 571 3280 objectum
600 3211 698 3260 suum
724 3193 786 3259 sub
814 3193 937 3258 ratione
956 3194 1041 3259 entis
1064 3193 1157 3259 realis
1179 3195 1230 3260 vel

107 3301 257 3378 rationis,
274 3320 375 3377 conc„
391 3302 454 3368 sub
469 3301 591 3367 ratione
606 3302 695 3368 modi
710 3301 831 3375 sciendi
846 3310 914 3368 tam
929 3302 962 3367 in
977 3320 1113 3386 genere,
1130 3319 1230 3385 quarn

107 3411 142 3474 in
156 3409 274 3492 specie,
295 3427 385 3494 nego.

177 3515 311 3605 Certum
345 3517 466 3602 quippe
494 3526 543 3583 est
571 3516 740 3593 omnibus,
763 3515 913 3602 Logicam
933 3535 1030 3602 agere
1058 3517 1099 3583 de
1132 3519 1232 3585 modo

107 3623 233 3692 sciendi
262 3632 294 3689 et
322 3625 392 3709 ejus
418 3624 603 3709 speciebus.
634 3624 761 3689 Omnes
787 3623 864 3690 item
895 3624 999 3708 reipsa
1027 3623 1231 3692 conveniunt

107 3733 143 3799 in
173 3729 623 3815 definitionibusspecierum
652 3733 805 3810 istarum,
840 3730 1000 3815 quidquid
1033 3732 1075 3798 sit
1107 3733 1147 3799 de
1168 3751 1233 3800 una

107 3839 162 3906 vel
184 3840 282 3904 altera
310 3840 445 3920 vocula;
475 3858 516 3904 ex
545 3839 666 3922 quibus
692 3837 937 3906 definitionibus
964 3840 1236 3907 demonstrantur

107 3939 324 4033 proprietates
356 3946 445 4013 modi
477 3945 598 4012 sciendi
632 3946 800 4013 adfinem
835 3946 962 4032 Logicae
993 3949 1231 4026 conducentes,

146 4165 188 4229 (r)
227 4159 709 4234 lnitioa.Edition.inPorplryr.
874 4214 876 4217 .

146 4257 188 4318 (2)
227 4251 346 4310 Fonsec.
362 4249 411 4310 lib.
425 4270 456 4320 a,
473 4251 615 4324 Meropia,
630 4272 655 4308 c.
673 4272 704 4323 3,
719 4269 748 4320 q.
767 4271 798 4323 3,
812 4261 881 4310 sect.
896 4269 930 4324 4,
943 4250 980 4310 ad
994 4251 1145 4312 ultimum.

147 4349 188 4412 (3)
227 4339 289 4399 cfr.
304 4339 436 4410 Lossad.,
452 4339 505 4400 loc.
522 4339 571 4399 cit.
588 4359 618 4399 n.
638 4360 683 4413 ¹4³
700 4338 836 4413 Semery,
852 4340 906 4400 loc.
919 4340 969 4400 eit.
984 4355 1039 4402 art.
1053 4362 1087 4415 4,
1106 4343 1138 4403 in
1157 4361 1234 4416 resp.

106 4432 148 4491 ad
164 4429 269 4502 object.
284 4439 346 4503 4³²

147 4524 190 4592 (4)
228 4518 352 4594 opusc,
367 4520 401 4577 de
416 4519 514 4578 Trinit
528 4539 559 4592 q.
576 4539 602 4592 5,
618 4537 646 4576 a.
665 4538 688 4588 1,
705 4519 742 4576 ad
758 4529 818 4590 3.¹¹¹²²

147 4614 190 4684 (5)
229 4609 334 4683 Relege
347 4629 414 4668 mox
428 4608 580 4668 laudatum
598 4608 694 4667 locum
710 4609 759 4668 lib.
775 4628 803 4681 4,
819 4607 964 4685 Metapin,
977 4608 1044 4670 lect.
1057 4631 1086 4685 4.
1107 4611 1171 4671 cfr.
1187 4611 1234 4671 di·

107 4706 203 4771 cende
218 4705 341 4766 inlerius
356 4727 385 4766 n.
401 4728 464 4783 334.
480 4706 680 4768 confirmatur
693 4696 721 4766 δ.

1134 4821 1175 4902 ⁶9
