3492 5525
494 465 609 529 Anno
632 475 693 545 3¹¹⁸
712 463 763 527 De
783 463 906 529 Venno
1158 479 1213 546 ²31
1327 455 1330 462 “

134 643 228 712 reddi
245 653 368 729 potest,
388 646 465 730 quia
482 644 587 731 logici
606 606 767 712 deliniunt
792 658 915 712 nornen
934 644 967 713 in
992 647 1105 714 ordine
1123 646 1165 712 ad
1188 663 1259 730 pro

134 751 336 835 positiones,
348 772 462 820 vemm
475 755 527 820 vel
536 754 654 820 falsum
662 753 886 835 enuntiantes3
899 752 1137 839 propositiones
1146 762 1256 820 autern

132 859 299 944 ejusmodi
328 878 385 945 per
408 879 445 928 se
471 860 637 947 loquendo
655 879 722 928 non
748 861 971 932 coniiciuntur
989 861 1050 930 nisi
1078 877 1119 928 ex
1139 859 1258 928 talibus

135 967 343 1037 nominibus.

502 1211 801 1290 ARTICULUS
826 1213 893 1291 111.

578 1336 650 1466 be
664 1400 820 1466 verbo.

181 1629 240 1697 97.
290 1613 386 1678 Verbi
402 1631 467 1679 non
493 1631 559 1678 una
580 1620 630 1678 est
656 1613 818 1698 acceptio;
843 1612 962 1681 dicitur
988 1611 1076 1680 enim
1100 1611 1261 1697 imprimis
1288 1625 1455 1684 onerosum.

131 1721 280 1785 verbum
299 1720 438 1804 simplex
455 1721 685 1804 apprehensio,
705 1729 738 1786 et
757 1738 844 1805 saepe
862 1719 960 1786 etiam
981 1719 1119 1787 verbum
1136 1737 1262 1786 nuncu-

134 1837 237 1910 patur
265 1827 500 1910 quodcumque
530 1827 738 1896 vocabulum.
760 1827 854 1893 Nunc
882 1835 994 1893 autem
1024 1826 1187 1912 agendum
1211 1835 1262 1892 est

134 1935 178 2000 de
207 1933 311 1999 verbo
337 1932 372 1998 in
401 1933 463 1998 alia
488 1933 736 2018 significatione,
770 1933 926 2001 nimirum
955 1943 1053 2018 prout
1080 1953 1099 1998 a
1129 1932 1262 1999 nomine

134 2040 364 2125 distinguitur.
384 2040 422 2105 Et
441 2043 501 2111 hoc
526 2059 665 2108 sensua
687 2038 918 2108 Grammaticis
936 2039 1090 2107 definitur
1107 2037 1260 2107 verbum:

134 2167 202 2214 vox
214 2147 417 2214 ‘decimabilis
427 2155 487 2230 per
504 2151 651 2231 tempora.

204 2255 251 2321 At
270 2273 349 2322 vero
371 2274 389 2320 a
408 2255 613 2340 philosophis
634 2255 676 2322 ad
698 2263 845 2321 mentem
869 2254 1029 2340 Stagiritae
1056 2253 1259 2321 describitur:

133 2382 200 2429 vox
212 2361 425 2450 sigmficativo
437 2365 482 2428 ad
488 2363 653 2446 placitum,
658 2364 758 2449 finita
771 2381 894 2430 ac‘crrm
907 2367 1049 2446 tempore,
1068 2365 1157 2449 cujus
1173 2365 1263 2428 nulla

130 2478 213 2552 pars
230 2469 390 2554 significat
403 2471 580 2552 separatim,
600 2475 631 2536 el
645 2479 764 2553 semper
783 2488 904 2548 eorum,
923 2489 993 2556 quae
1010 2473 1049 2537 de
1066 2469 1131 2536 alio
1143 2469 1264 2552 pradi-
1316 2479 1319 2486 '

135 2580 267 2652 camber,
283 2579 415 2642 cstnota
432 2573 497 2665 (1).

203 2685 241 2750 ln
263 2703 331 2769 qua
352 2683 553 2762 definitione,
580 2684 807 2769 praetermissis
837 2683 907 2763 his,
933 2701 1009 2769 quae
1032 2685 1117 2777 circa
1138 2701 1261 2751 nomen

135 2794 301 2861 declarata
312 2800 407 2869 sunt,
430 2800 559 2876 oportet
577 2810 666 2859 nunc
682 2811 847 2876 exponere
865 2793 919 2859 illa
939 2795 1069 2870 solum,
1095 2812 1171 2877 quae
1189 2811 1263 2877 pro·

137 2902 207 2987 pria
225 2910 307 2967 sunt
323 2900 429 2969 verbi.
1225 2980 1229 2997 .

204 3009 244 3073 lit
257 3008 401 3093 primum
416 3007 531 3072 dicitur
547 3007 723 3093 nknificare
739 3026 811 3074 cum
829 3012 978 3091 tempore,
998 3010 1109 3092 inquo
1123 3007 1230 3073 differt
1244 3024 1263 3071 a

134 3116 287 3183 nomine.
307 3112 454 3181 Verbum
472 3114 560 3180 enirn
579 3113 740 3199 significat
757 3113 900 3182 formam
920 3114 1063 3200 aliquam
1082 3133 1143 3181 seu
1162 3113 1264 3180 actio-

136 3244 235 3299 nem,
252 3230 290 3287 ut
306 3221 479 3287 exercitam
498 3221 708 3305 intempore,
729 3231 766 3287 ut
783 3222 1008 3317 egredientem¹
1025 3230 1058 3289 et
1074 3229 1262 3288 manantem

133 3352 152 3397 a
171 3331 325 3415 subjecto
339 3329 372 3393 in
391 3339 553 3412 tempore,
569 3337 602 3393 et
614 3336 711 3413 prout
721 3340 1022 3397 commensuratam
1038 3330 1180 3413 tempori
1197 3325 1261 3416 (2).

135 3440 196 3505 Per
213 3437 298 3503 illud
314 3446 424 3502 autem
440 3436 530 3519 quod
544 3436 688 3503 additur:
709 3442 741 3502 et
752 3445 872 3519 semper
885 3454 1008 3513 eorum,
1024 3454 1094 3522 qun
1107 3440 1145 3501 de
1158 3435 1265 3520 alr'qrm
1310 3442 1315 3457 ’

128 3544 371 3629 praemonstr,
387 3546 436 3608 est
452 3546 544 3620 nola,
563 3543 744 3626 differtum
759 3547 860 3610 solum
872 3561 894 3610 a
908 3544 1045 3621 nomine,
1064 3546 1119 3609 sed
1136 3540 1265 3609 etiamn

130 3651 314 3737 pernitiem,
338 3652 422 3737 quod
438 3668 625 3735 quamquam
644 3650 806 3737 signficat
818 3670 889 3717 cum
904 3654 1047 3733 tempore,
1072 3668 1136 3715 non
1162 3652 1264 3713 tamen

134 3765 183 3827 est
190 3757 369 3827 necessarrb
382 3760 456 3823 nota
468 3774 524 3822 seu
531 3757 654 3841 signum
662 3776 782 3836 eorum,
792 3777 864 3844 que
877 3760 916 3825 de
926 3760 1025 3824 altero
1032 3757 1265 3840 predicandam

134 3868 268 3933 verbum
292 3869 397 3931 autem
414 3884 478 3930 non
494 3866 594 3930 solum
617 3884 651 3931 se
673 3868 756 3931 leml
778 3885 820 3932 ex
833 3869 926 3949 parte
947 3864 1116 3949 praedr'cati
1146 3861 1267 3929 ratione

125 3978 257 4061 forma,
272 3990 366 4057 quam
378 3971 549 4058 sign'ficot,
563 3974 619 4036 sed
626 3976 781 4054 preterea
798 3973 948 4056 exprimit
954 3960 1112 4039 'mtuabm
1124 3970 1267 4050 copulam

135 4100 191 4148 serr
212 4079 463 4162 compositionem
476 4078 564 4144 illius
581 4098 652 4145 cum
678 4077 815 4168 subjecto
829 4078 894 4169 (3).
923 4080 961 4145 Et
990 4079 1071 4144 ratio
1092 4082 1160 4150 est,
1191 4072 1268 4155 quia

135 4191 312 4278 sum'ecbrm
323 4184 549 4253 commemo
560 4185 775 4273 significatur,
791 4192 832 4254 ui
844 4188 1043 4257 cuiinbaeret
1054 4180 1190 4267 aliquid,
1211 4178 1268 4244 sed

170 4480 215 4546 (ι)
252 4470 330 4530 vide
341 4469 433 4529 Arist.
448 4468 499 4528 lib.
517 4480 566 4539 ιθ,
582 4470 756 4540 parilem..
766 4489 831 4542 etp.
847 4491 874 4543 3.

172 4564 217 4633 (a)
252 4561 380 4621 Nomine
389 4561 528 4634 temporis
540 4558 589 4617 hic
596 4558 769 4632 intelligitur
783 4574 980 4630 quaecumque
995 4548 1130 4616 duratio,
1143 4548 1204 4607 eive
1214 4562 1277 4615 per-

137 4671 263 4713 manens
275 4650 341 4711 sire
354 4645 526 4718 successiva,
545 4648 608 4707 sive
620 4648 818 4717 instantem,
830 4648 892 4706 sive
904 4646 956 4704 diu
972 4640 1135 4715 producta.

173 4744 216 4815 (3)
256 4740 291 4798 S.
305 4740 411 4799 Thom.
427 4740 604 4807 Peditum,
618 4738 669 4797 lib.
688 4760 710 4805 1,
728 4738 792 4795 leet.
809 4754 834 4809 5,
847 4748 914 4808 post
928 4730 1069 4791 initium.
