3492 5525
316 979 380 1037 Ratio
389 1005 427 1037 cur
437 990 484 1035 lite

235 1056 238 1063 '
318 1061 475 1118 impedimenta

359 1131 436 1176 vitient

317 1202 475 1248 waradonem.

551 443 610 535 580
671 444 795 517 Loorcs
808 399 1039 527 Maron-Lus.
1059 466 1127 528 μ’,
1143 444 1233 515 [lise.
1247 461 1293 537 4·
1307 446 1388 517 Can.
1408 464 1477 515 ψ

510 634 686 717 subrubra3
716 644 749 701 et
776 635 911 703 baculus
938 635 971 701 in
1001 652 1085 719 aqua
1116 652 1244 700 mersus
1276 633 1404 700 videtur
1430 620 1572 709 tractus,
1603 641 1642 697 et

510 743 651 828 objecta,
681 762 756 827 quae
789 762 846 828 per
875 744 995 809 vitrum
1019 744 1200 809 coloratum
1229 741 1484 827 perspiciuntur,
1513 740 1638 807 eodem

511 859 688 917 cernuntur
702 852 809 917 colore
828 852 972 937 pertusa.

580 958 741 1025 Ceterum
762 960 879 1025 horum
906 955 1055 1024 omnium
1076 958 1157 1023 ratio
1179 957 1213 1023 in
1232 977 1271 1023 eo
1295 958 1355 1025 sita
1374 966 1441 1035 est,
1468 956 1577 1040 quod,
1599 964 1642 1020 ut
1732 973 1733 976 ¹

511 1066 545 1132 in
564 1067 775 1153 Psychologia
789 1066 991 1142 videbimus,
1012 1065 1174 1150 percipere
1189 1064 1357 1150 quidpiam
1377 1072 1546 1148 nequeunt
1560 1082 1643 1129 sen·

511 1192 583 1251 sus,
605 1174 665 1240 nisi
685 1174 774 1259 prius
792 1175 832 1239 ab
847 1174 983 1259 objectis
1002 1172 1083 1257 ipsis
1106 1172 1355 1257 impressionem
1380 1173 1520 1256 aliquam
1546 1172 1641 1253 (spe·
1732 1147 1733 1168 ¹

510 1282 585 1349 ciem
608 1292 727 1348 nocant
745 1281 956 1363 sensibilem),
983 1298 1048 1362 qua
1066 1280 1106 1345 ad
1126 1280 1335 1347 sentiendum
1362 1280 1640 1353 determinentur,

510 1389 597 1455 inse
620 1390 788 1475 recipiant3
816 1398 848 1453 et
871 1388 914 1454 illi
934 1387 1137 1473 impressioni
1156 1388 1367 1454 adscribenda
1386 1400 1434 1453 est
1454 1386 1534 1451 ratio
1552 1385 1643 1451 ima·

509 1495 594 1581 ginis
624 1516 660 1561 ac
689 1496 910 1562 similitudinis
938 1495 1072 1580 objecti,
1103 1514 1166 1578 qua
1197 1496 1340 1562 sensatio
1368 1490 1581 1579 insignitur(
1610 1491 1638 1578 ).
1732 1581 1733 1588 ἵ

510 1602 617 1679 Qrare
633 1602 792 1687 quidquid
811 1604 851 1670 ad
875 1602 1036 1670 actionem
1059 1611 1156 1685 atque
1175 1602 1424 1687 impressionem
1445 1599 1640 1686 hujusmodi

509 1712 686 1778 vitiandam
707 1712 758 1776 vel
777 1712 977 1777 alterandam
998 1717 1183 1787 concurrat,
1205 1710 1237 1777 in
1256 1730 1353 1777 causa
1378 1709 1455 1787 erit,
1483 1728 1541 1776 cur
1564 1710 1640 1793 jam

509 1816 669 1885 sensibilis
688 1819 851 1904 perceptio
867 1820 990 1885 sincera
1004 1816 1176 1900 fidelisque
1190 1818 1240 1885 sui
1256 1817 1374 1903 objecti
1391 1815 1641 1902 repraesentatio

508 1944 581 1992 csse
601 1908 755 2009 nequeat.
883 2001 889 2012 .
918 1998 921 2006 ,
1501 2004 1506 2015 .

575 2032 658 2104 Quae
676 2044 752 2100 cum
773 2034 816 2099 ita
844 2032 926 2109 sint,
947 2040 984 2097 ut
1012 2031 1112 2098 fidem
1137 2032 1351 2100 adhibeamus
1376 2052 1534 2120 sensuum
1558 2052 1640 2118 per-

508 2141 648 2226 ceptioni
666 2142 746 2209 circa
766 2140 933 2226 proprium
953 2135 1121 2214 sensibile,
1139 2157 1217 2206 sana
1237 2141 1305 2207 sint
1326 2159 1464 2225 organa,
1486 2149 1636 2224 oportet,

508 2252 583 2333 apte
610 2249 766 2333 disposita
802 2260 834 2316 et
868 2239 931 2313 rite'
955 2246 1130 2331 applicata;
1162 2248 1307 2314 medium
1341 2268 1418 2314 vero
1454 2249 1638 2325 uniforme,

507 2356 737 2440 tranquillum,
763 2354 985 2438 omnibusque
1003 2354 1184 2439 generatim
1211 2355 1349 2421 liberum
1379 2356 1485 2423 causis
1505 2365 1642 2439 pertur-

508 2464 694 2529 bationum.

553 2570 616 2636 Sed
625 2572 694 2657 jam
711 2570 882 2637 veniamus
896 2570 937 2636 ad
956 2573 1090 2637 alteram
1111 2567 1343 2654 propositionis
1363 2580 1505 2654 partem.

558 2680 630 2746 108.
678 2683 833 2745 Secunda
851 2701 931 2760 pars
949 2682 993 2744 de
1010 2682 1254 2744 communibus
1270 2683 1504 2745 sensibilibus.

476 2790 481 2798 '
552 2785 642 2851 Patet
667 2793 712 2852 1.⁰
732 2784 944 2870 experientia.

553 2892 606 2959 2.⁰
653 2891 805 2968 Ratione,
833 2893 909 2976 quia
928 2893 1047 2956 mirum
1069 2911 1135 2957 non
1154 2900 1222 2968 est,
1244 2892 1270 2958 si
1291 2892 1435 2977 potentia
1452 2891 1635 2977 decipiatur
1732 2944 1733 2955 ,

491 3001 670 3086 ¹interdurn
699 2999 790 3066 circa·
807 3019 861 3076 ea,
878 3017 972 3081 -quae,
989 3017 1054 3064 non
1079 3018 1136 3082 per
1165 3018 1201 3064 se
1225 2999 1350 3084 primo,
1381 3002 1440 3066 sed
1458 3019 1498 3065 ex
1521 3018 1641 3065 conse·
1732 3028 1733 3031 ¹

508 3107 619 3190 quenti
648 3106 872 3190 apprehendit.
903 3105 993 3172 Talia
1016 3115 1125 3171 autern
1146 3115 1224 3171 sunt
1242 3107 1430 3172 communia
1451 3107 1631 3172 sensibilia.
1732 3152 1733 3155 ,

506 3215 589 3279 Nam
620 3215 747 3279 nullum
768 3232 883 3280 eorum
911 3231 1029 3278 sensus
1047 3211 1163 3295 aliquis
1183 3213 1330 3298 attingit,
1352 3214 1446 3297 quasi
1470 3233 1511 3279 ex
1529 3214 1636 3297 prima

507 3320 556 3386 sui
573 3319 793 3396 institutione,
814 3320 898 3386 sicut
918 3320 1046 3404 propria
1064 3319 1245 3395 sensibilia,
1266 3319 1325 3386 sed
1340 3321 1450 3386 solum
1469 3331 1636 3402 quatenus

507 3427 628 3494 habent
646 3429 678 3493 in
699 3447 734 3493 se
749 3427 940 3510 qualitatem
956 3427 1116 3509 aliquam,
1132 3446 1208 3509 quae
1222 3428 1264 3492 sit
1282 3427 1448 3513 objectum
1469 3428 1634 3513 cujusque

507 3554 624 3601 sensus
643 3535 826 3620 proprium,
848 3544 927 3617 puta
945 3533 1036 3600 visus
1056 3552 1121 3599 non
1142 3534 1277 3619 percipit
1289 3535 1555 3619 magnibrdinem,
1573 3551 1633 3604 aut

508 3643 637 3726 figuram
655 3651 717 3709 etc.
739 3641 799 3707 nisi
825 3652 921 3725 prout
948 3643 1136 3722 coloratam
1160 3651 1193 3706 et
1210 3650 1335 3721 tactus,
1363 3643 1423 3709 nisi
1443 3652 1541 3727 prout
1554 3645 1640 3709 resi-

505 3753 648 3826 stentem,
672 3758 704 3815 et
723 3749 809 3814 idem
830 3749 882 3814 dic
901 3749 942 3814 de
962 3749 1106 3831 reliquis.

556 3873 627 3941 109.
676 3861 796 3928 Tertia
810 3879 891 3938 pars
909 3860 953 3922 de
970 3862 1193 3924 sensibilibus
1211 3879 1273 3941 per
1290 3861 1462 3924 accidens.

550 3967 642 4030 Patet
660 3963 775 4047 pariter
799 3970 845 4031 1.⁰
864 3963 1078 4047 experientia,
1100 3972 1136 4028 ut
1156 3972 1273 4030 notum
1293 3964 1411 4048 cuique
1425 3973 1486 4032 est.

551 4078 601 4137 2.⁰
647 4070 741 4137 Ratio
760 4071 846 4135 idem
867 4071 967 4135 etiam
988 4071 1116 4136 suadet.
1133 4072 1217 4136 Nam
1230 4071 1395 4137 sensibilia
1413 4092 1471 4157 per
1484 4073 1638 4138 accidens

505 4177 794 4264 apprehenduntur
821 4176 1035 4243 solummodo
1065 4178 1188 4243 ratione
1207 4179 1400 4260 qualitatum
1429 4179 1635 4246 sensibilium

505 4285 723 4371 propriarum.
754 4283 854 4367 Atqui
882 4283 959 4348 steri·
981 4265 1108 4368 potest,
1141 4295 1178 4351 ut
1197 4273 1255 4350 ‘res
1283 4285 1382 4352 etiarn
1406 4285 1639 4353 diversissimae

505 4393 686 4460 secundum
712 4404 879 4466 naturam,
900 4391 1096 4457 conveniant
1121 4391 1153 4457 in
1181 4391 1291 4474 aliquo
1319 4391 1465 4459 sensibili
1489 4371 1654 4478 proprios

505 4509 581 4585 puta
597 4502 717 4572 colore.
731 4499 815 4582 Ergo
831 4498 920 4562 iacile
935 4515 1070 4581 quoque
1084 4497 1152 4565 freri
1169 4507 1293 4583 potest,
1309 4509 1345 4566 ut
1360 4501 1434 4585 quis
1445 4553 1454 4580 ,
1465 4502 1545 4567 dum
1561 4521 1639 4569 sen·

506 4673 785 4689 w

539 4735 580 4806 (r)
617 4732 678 4793 Cir.
696 4732 729 4790 S.
745 4732 865 4801 Thon,
885 4751 895 4788 r
913 4747 942 4804 p.
955 4748 985 4803 q.
1006 4751 1048 4805 17,
1063 4751 1091 4790 a.
1107 4751 1134 4788 2.
