3492 5525
554 456 613 523 816
669 460 794 525 [norea
809 460 1051 534 Maron-Lm..
1069 478 1125 535 aua,
1141 458 1234 523 Drsn.
1251 472 1295 543 3.·
1310 459 1390 523 Can.
1408 474 1479 523 ψ

582 643 635 709 Ob
652 645 801 709 eamdem
821 644 978 710 rationem
998 642 1176 728 praemissae
1194 661 1259 709 non
1279 652 1416 728 possunt
1434 661 1509 710 esse
1526 661 1635 708 cause

517 752 667 817 formales
697 752 747 817 vel
777 753 896 827 forma,
925 752 1040 817 saltem
1069 750 1259 826 intrinseca,
1290 750 1525 826 conclusionis,
1556 752 1636 833 quia

516 875 582 924 non
601 856 688 923 illam
709 866 840 925 actuant
858 859 909 925 vel
928 857 1117 926 informant.
1139 857 1208 924 Dixi
1228 860 1331 924 forma
1349 859 1465 924 saltem
1483 856 1636 923 intrinse-

514 984 567 1041 ca,
588 966 663 1049 quia
681 966 867 1033 concedunt
885 966 994 1050 plures
1012 964 1169 1031 Doctores
1194 966 1378 1051 premissas
1402 984 1475 1033 esse
1498 983 1632 1031 causam

515 1074 683 1141 formalem
703 1073 916 1141 extrinsecam
935 1073 1168 1150 conclusionis,
1188 1072 1264 1156 quia
1286 1082 1363 1139 sunt
1386 1074 1550 1140 motivum
1569 1074 1634 1138 lor·

514 1182 600 1247 male
622 1181 672 1247 vel
693 1181 772 1247 ratio
790 1180 933 1247 formalis
949 1182 1007 1246 sub
1024 1198 1086 1265 qua
1105 1198 1259 1247 assensus
1276 1177 1374 1247 illius.

584 1287 676 1355 Circa
704 1288 922 1355 causalitatem
950 1305 1029 1373 ergo
1055 1287 1297 1372 praemissarum
1325 1294 1472 1373 respectu
1500 1287 1632 1353 conclu·

342 1390 464 1435 “⁰²⁰²“
513 1393 614 1461 sionis
650 1409 698 1464 est
736 1398 915 1461 multorum
952 1396 1134 1472 sententia,
1170 1396 1355 1479 praemissas
1391 1413 1463 1461 esse
1499 1414 1629 1461 causam

378 1532 441 1582 arma,
514 1502 708 1569 efficientem
742 1502 972 1571 conclusionis.
1003 1502 1041 1568 Et
1068 1504 1111 1569 ita
1140 1502 1306 1569 existimat
1337 1502 1371 1571 S.
1400 1500 1547 1568 Thomas
1564 1500 1629 1590 (ι),

468 1606 473 1619 ‘
513 1609 720 1677 ferrariensis
735 1608 798 1699 (2),
820 1608 1010 1676 Dominicus
1029 1610 1109 1678 Soto
1122 1607 1136 1698 (
1140 1607 1187 1699 3),
1204 1611 1337 1677 Toletus
1345 1606 1409 1697 (4),
1425 1608 1553 1676 Rubius
1564 1606 1628 1698 (5),

516 1716 800 1785 Conimbricenses
818 1714 882 1805 (6),
900 1716 1087 1784 Franciscus
1106 1717 1224 1783 Soarez
1244 1718 1403 1784 lusitanus
1421 1714 1485 1804 (7),
1511 1716 1559 1782 De
1572 1718 1631 1783 Be·

512 1825 650 1891 ‘nedictis
659 1822 722 1914 (8),
735 1824 906 1891 Alamanni
919 1821 983 1913 (9),
995 1825 1030 1892 P.
1043 1824 1124 1893 Ant.
1139 1823 1286 1891 Bernald.
1299 1822 1628 1913 Qriros(1o)‚com-

509 1934 680 2017 plutenses
697 1929 783 2019 (ιι),
804 1934 945 2014 loannes
975 1952 993 1997 a
1021 1931 1058 1998 S.
1077 1924 1309 2020 Thoma(12),
1330 1930 1469 1998 Cosmas
1492 1933 1533 1997 de
1552 1932 1631 1997 Ler-

513 2060 566 2104 ma
579 2037 664 2129 (15),
682 2039 884 2107 Mastriusde
900 2039 1040 2105 Meldula
1057 2037 1143 2128 (14),
1158 2040 1293 2106 Pontius
1310 2034 1396 2128 (ι5),
1409 2039 1541 2123 aliique.
1565 2040 1631 2105 Pri·

513 2166 566 2211 ma
579 2148 647 2214 haec
666 2146 826 2214 sententia
844 2147 956 2214 tribuit
975 2138 1151 2231 praemissis
1169 2138 1336 2233 physicam
1365 2146 1569 2213 efficientiam
1594 2146 1627 2213 in

511 2252 753 2321 conclusionem
776 2254 834 2329 ita,
866 2264 903 2321 ut
928 2270 1082 2320 assensus
1100 2253 1160 2339 ipsi
1180 2252 1419 2338 praemissarum
1434 2252 1532 2320 simul
1551 2272 1628 2319 cum

512 2360 654 2446 potentia
672 2360 863 2428 intellectiva
878 2362 1059 2446 producant
1073 2345 1244 2427 assensum
1259 2362 1476 2429 conclusionis
1491 2362 1532 2427 ad
1549 2381 1629 2428 eurn

512 2456 665 2545 modum,
685 2488 752 2554 quo
771 2469 896 2554 species
914 2468 1123 2554 intelligibilis
1142 2468 1322 2553 potentiam
1348 2470 1528 2537 informans
1547 2472 1632 2557 phy-

512 2576 575 2642 sice
594 2574 742 2673 producit
757 2564 1024 2645 intellectionem.

510 2774 612 2834 ordine
626 2773 874 2849 propositionum.-
888 2772 964 2829 sa'cut
975 2772 1080 2842 sorim
1099 2772 1207 2830 dr'citur
1224 2773 1345 2830 materia
1365 2773 1471 2847 patris,
1492 2773 1561 2832 licet
1574 2794 1633 2833 non

510 2863 665 2920 secundum
685 2863 758 2936 quod
780 2869 839 2918 stat
860 2861 914 2918 sub
927 2865 1030 2930 forma
1045 2861 1164 2930 sarim
1184 2861 1251 2919 ideo
1265 2872 1361 2920 temere
1374 2863 1471 2936 potius
1493 2865 1634 2920 dr'cmur

509 2954 721 3026 propositiones
736 2951 886 3008 materiam
899 2951 1106 3018 conclusionis,
1120 2970 1206 3024 quam
1222 2972 1238 3009 e
1250 2971 1404 3019 converso,·
1417 2954 1488 3024 quia
1502 2953 1631 3020 termini,

510 3043 562 3115 qui
573 3041 790 3117 conjunguntur
804 3041 835 3096 r'n
853 3040 1050 3107 conclusione,
1071 3043 1232 3114 separatim
1247 3048 1397 3114 ponuntur
1408 3043 1441 3097 (ιι
1457 3044 1631 3117 praemissas.

511 3130 572 3190 clr.
585 3131 672 3190 etiam
688 3130 926 3204 Metaplrysicor.,
940 3129 991 3187 lib.
1010 3147 1040 3202 5,
1055 3127 1120 3188 lect.
1136 3151 1162 3200 3,
1178 3128 1271 3188 initio.

546 3225 586 3288 (ι)
623 3218 708 3277 Locis
729 3237 800 3290 nup.
821 3217 882 3288 cit.;
901 3232 930 3276 et
948 3217 998 3276 lib.
1022 3230 1061 3277 r.·
1078 3220 1248 3290 Posterior.¹
1260 3219 1323 3280 leet.
1342 3220 1472 3292 ainitim
1492 3230 1530 3280 r.·
1543 3221 1632 3281 Ceut.

512 3311 608 3380 Geni„
623 3329 649 3367 e.
666 3329 709 3382 57,
724 3308 879 3382 Amplius,
892 3327 955 3381 arg.
970 3327 997 3380 4.

546 3403 586 3465 (a)
625 3398 667 3455 ln.
683 3397 734 3456 lib.
752 3406 809 3454 ι.““
824 3396 924 3456 Contr.
939 3396 1035 3466 cent..
1051 3417 1115 3469 cap.
1129 3415 1179 3470 57,
1194 3417 1256 3471 arg.
1270 3417 1299 3472 4.

546 3495 587 3560 (3)
624 3487 655 3545 ln
668 3487 718 3545 lib.
737 3497 794 3544 ι.·“
806 3487 932 3557 Foster..
947 3507 1010 3559 cap.
1029 3508 1057 3557 ι,
1072 3501 1176 3560 quaeat.
1193 3508 1218 3558 ι,
1234 3488 1272 3546 ad
1286 3497 1346 3546 2.¹·

546 3581 586 3651 (4)
624 3577 657 3635 ln
670 3575 718 3634 lib.
735 3585 792 3633 ιθ·
804 3577 979 3647 Posterior..
993 3596 1056 3648 cap.
1072 3596 1100 3647 ι,
1114 3576 1144 3636 in
1159 3578 1209 3637 fin.
1222 3578 1395 3651 expositioni
1405 3582 1633 3655 statuminari,

511 3669 638 3727 Adverte
648 3673 799 3741 praeterea.

546 3757 586 3831 (5)
623 3757 655 3816 ln
668 3755 717 3814 lib.
738 3765 796 3813 ι(ΙΙ
810 3755 981 3825 Posterior„
995 3776 1060 3829 cap.
1076 3777 1105 3826 ι,
1120 3769 1223 3828 quaeet.
1242 3775 1267 3830 5.

546 3849 587 3914 (6)
623 3845 656 3905 ln
668 3845 719 3904 lib.
738 3845 1057 3918 1.=·Posrerior.‚eap.
1073 3867 1102 3917 ι,
1117 3858 1220 3918 quaeat.
1234 3867 1266 3918 4,
1280 3867 1307 3904 a.
1322 3867 1349 3904 2.

544 3938 585 4009 (7)
621 3936 737 4011 logia,
754 3946 837 3993 tract.
851 3934 885 4000 8,
900 3932 975 4006 disp.
989 3948 1107 4005 ωεστ.
1121 3953 1156 4008 4,
1172 3955 1288 4010 paragr.
1302 3956 1331 4009 4.

546 4027 585 4092 (8)
621 4023 736 4098 Logic„
748 4022 798 4082 tib.
814 4043 848 4096 4,
864 4043 894 4095 q.
910 4045 939 4090 1,
953 4043 1017 4095 cap.
1032 4044 1059 4083 a.

545 4115 587 4189 (9)
622 4114 733 4174 Summ.
746 4113 872 4172 Philus..
891 4112 982 4171 Prim.
998 4125 1084 4186 part..
1099 4134 1129 4185 q.
1145 4132 1195 4186 ις,
1210 4127 1265 4174 art.
1280 4135 1308 4188 4.

545 4205 604 4278 (ιο)
641 4203 725 4279 Opus
739 4201 927 4274 Plitosopt..
943 4214 1025 4262 tract.
1042 4223 1073 4273 a,
1089 4216 1165 4276 part.
1176 4204 1207 4273 6,
1222 4203 1298 4277 disp.
1316 4225 1365 4278 32,
1377 4219 1448 4266 sect.
1465 4225 1491 4279 5.

545 4297 604 4362 (ιι)
639 4295 727 4371 Lug..
742 4290 820 4363 disp.
838 4313 879 4365 ι),
896 4312 926 4364 q.
943 4312 970 4365 3.

545 4389 604 4454 (ιι)
639 4383 756 4460 Lugio..
769 4401 800 4453 q.
813 4400 903 4454 24‚a.
918 4401 945 4441 2.
1425 4439 1431 4448 ,

545 4477 605 4548 (13)
639 4473 758 4532 Pallor.
771 4490 810 4530 ex
825 4471 915 4532 doctr.
925 4471 1143 4547 sapientissimi
1150 4471 1295 4549 Magistri
1305 4473 1355 4534 Fr.
1371 4475 1493 4537 Domini
1503 4479 1540 4537 ce
1551 4479 1636 4554 Solo,

500 4580 582 4626 tom.
593 4583 626 4632 a,
641 4563 691 4622 lib.
705 4561 740 4634 8,
755 4582 786 4634 q.
803 4583 828 4635 3.

545 4661 604 4730 (14)
639 4649 994 4734 Logic.‚disp.112q.3.

546 4750 605 4826 (15)
640 4745 759 4820 Integer
771 4741 947 4816 Philoaoplr.
960 4760 1052 4814 curs„
1065 4742 1184 4820 Legio,
1199 4741 1276 4818 disp.
1288 4763 1335 4817 ao,
1352 4763 1384 4818 q.
1398 4765 1426 4806 a.
