3492 5525
566 452 626 521 04²
681 436 805 503 Ionica
819 436 1051 513 Maron-Lm.
1069 452 1136 502 μ’.
1154 438 1246 502 Drse.
1260 450 1305 521 4·
1321 438 1400 501 Car.
1420 456 1490 501 num

527 620 679 703 procedat
706 640 748 687 ex
774 621 905 689 diuerso
933 621 1058 687 motivo
1086 620 1228 697 formali,
1259 639 1378 705 nempe
1405 620 1483 704 quia
1511 618 1545 685 in
1580 638 1653 685 uno

527 726 688 797 motivum
706 738 759 795 est
777 728 1012 805 necessarium,
1033 728 1067 794 in
1090 728 1189 793 altero
1209 745 1285 795 vero
1303 737 1360 795 aut
1380 746 1447 794 non
1467 713 1520 794 e'st
1536 744 1654 793 neoee-

525 834 663 913 sarium,
684 845 741 903 aut
755 838 782 905 si
802 837 1019 905 necessarium
1040 844 1105 912 est,
1123 852 1188 901 non
1208 845 1316 902 tamen
1335 835 1506 902 evidenter
1526 853 1653 919 propo-

411 951 415 961 ‘
526 942 613 1009 nitur
630 942 817 1011 intellectui.
834 944 918 1009 Nam
938 944 1024 1010 ineo
1042 961 1123 1009 casu·
1138 943 1210 1009 licet
1228 942 1399 1009 lallibiiitas
1417 950 1451 1007 et
1471 942 1653 1008 infallibili-

524 1060 575 1117 tas
594 1059 726 1117 actuum
745 1052 839 1119 cadat
860 1051 942 1117 circa
969 1052 1056 1117 idem
1079 1048 1299 1125 enuntiabile,
1327 1068 1392 1115 non
1420 1058 1535 1113 tamen
1563 1049 1651 1114 cadit

522 1159 693 1226 secundum
709 1158 803 1227 idem.
823 1158 907 1244 Ergo
924 1158 1010 1225 nulla
1025 1166 1076 1223 est
1090 1156 1300 1242 repugnantia
1315 1156 1347 1222 in
1363 1175 1421 1233 eo,
1437 1156 1649 1239 quodetiam

522 1263 606 1333 circa
633 1266 720 1331 idem
748 1265 946 1333 enuntiabile
974 1265 1072 1331 simul
1099 1264 1202 1331 eliciat
1230 1263 1412 1330 intellectus
1431 1264 1517 1331 duos
1537 1274 1648 1339 actus,

523 1390 628 1441 unum
666 1372 883 1449 infallibilem,
921 1372 1059 1437 alterum
1098 1371 1281 1448 lallibilem,
1315 1371 1390 1455 quia
1410 1390 1525 1437 revera
1560 1390 1652 1437 unus

521 1497 636 1545 eorum
658 1498 723 1547 non
743 1489 841 1565 negat
858 1487 915 1547 aut
933 1478 1085 1555 destruit,
1106 1478 1196 1562 quod
1214 1480 1293 1544 alter
1309 1478 1472 1545 enuntiat.

583 1589 653 1669 Jam
672 1586 780 1655 sivox
791 1588 941 1653 imerlum
956 1588 989 1655 in
1005 1588 1105 1652 altero
1119 1604 1217 1653 sensu
1233 1586 1422 1671 accipiatur,
1444 1604 1573 1670 nempe
1589 1605 1650 1670 pro

520 1694 748 1770 formidoloso,
778 1696 897 1761 falsum
927 1704 993 1772 est,
1019 1694 1108 1779 quod
1134 1693 1167 1759 in
1197 1702 1305 1761 nostra
1333 1692 1514 1770 sententia,
1548 1704 1651 1778 prout

519 1801 706 1869 enuntiatur
733 1801 765 1869 in
789 1802 1027 1887 propositione,
1053 1810 1208 1885 sequatur
1225 1801 1427 1866 intellectum
1454 1801 1524 1867 lore
1544 1800 1649 1867 simul

520 1908 766 1976 formidolosum
787 1919 820 1974 et
834 1927 901 1975 non
921 1908 1180 1977 formidolosum.
1198 1908 1338 1993 Agimus
1361 1908 1450 1974 enirn
1466 1908 1509 1975 de
1529 1909 1649 1976 coexi-

390 2030 395 2041 ’
519 2016 637 2085 stentia
653 2016 796 2083 scientiae
809 2035 885 2083 cum
903 2026 976 2083 actu
990 2015 1151 2101 opinionis
1164 2033 1229 2082 non
1246 2014 1395 2082 habentis
1407 2018 1572 2081 actualem
1576 2016 1651 2100 sor·

518 2124 667 2190 malem
670 2124 889 2209 formidinem.
904 2124 1007 2190 Actus
1019 2142 1097 2190 vero
1111 2122 1297 2209 huiusmodi
1311 2122 1479 2206 opinionis
1495 2124 1649 2208 proiecto

520 2248 586 2295 non
605 2232 750 2315 continet
764 2231 925 2318 judicium
941 2230 1123 2309 affirmans,
1143 2230 1233 2314 quod
1251 2230 1451 2299 enuntiabile
1477 2242 1646 2297 assertum

517 2356 560 2405 ex
579 2337 705 2405 motivo
723 2338 897 2424 probabili,
914 2339 1016 2423 possit
1030 2339 1120 2405 aliter
1134 2357 1168 2404 se
1187 2338 1324 2415 babere,
1344 2338 1404 2403 sed
1420 2338 1647 2423 praescindita

516 2446 572 2511 tali
584 2444 721 2530 judici03
738 2446 826 2513 istud
845 2446 932 2512 enim
944 2446 1101 2532 judicium
1118 2444 1330 2512 solummodo
1342 2444 1504 2529 reperitur
1518 2445 1554 2511 in
1570 2456 1644 2512 actu

515 2551 678 2636 opinionis
707 2554 876 2620 formalem
902 2553 1110 2619 formidinem
1138 2552 1300 2621 habentis.
1323 2552 1407 2637 Ergo
1426 2552 1523 2629 illud,
1552 2554 1643 2637 quod

515 2660 685 2727 adversarii
701 2661 857 2746 objiciunt
875 2670 988 2727 contra
1002 2670 1147 2727 nostram
1161 2659 1340 2727 doctrinam
1357 2659 1466 2746 primo
1482 2663 1560 2727 loco
1576 2680 1641 2727 non
1712 2708 1713 2713 ,

514 2765 738 2857 subsistit(r).

580 2873 621 2963 β)
638 2875 826 2944 Secundum
846 2875 945 2942 etiam
963 2895 1028 2942 non
1048 2884 1137 2942 tenet
1154 2875 1198 2940 ob
1216 2876 1347 2942 easdem
1365 2875 1522 2942 rationes.
1544 2879 1640 2944 Nem-

514 3001 554 3068 pe
568 2983 600 3049 in
616 2995 726 3051 nostra
744 2982 905 3050 sententia
919 2983 1073 3050 darentur
1090 2982 1187 3049 simul
1202 2982 1269 3048 duo
1290 2991 1399 3059 actus,
1421 2985 1504 3050 alter
1522 2983 1637 3051 firmus
1708 3011 1709 3016 ¹

513 3101 546 3156 et
560 3093 653 3174 plene
666 3091 915 3168 determinatus,
938 3109 1056 3175 nempe
1070 3090 1220 3168 scientia,
1250 3099 1283 3154 et
1306 3091 1388 3155 alter
1407 3111 1477 3173 non
1498 3093 1632 3176 quidem

512 3207 586 3264 actu
619 3198 850 3264 formidolosus
874 3217 916 3264 ex
941 3207 1030 3282 parte
1054 3198 1205 3282 subjecti,
1237 3197 1296 3264 sed
1323 3200 1433 3264 solum
1467 3198 1502 3265 in
1530 3201 1635 3284 seipso

511 3305 661 3372 infirmus
675 3324 732 3372 seu
752 3305 890 3372 lallibilis
903 3305 946 3370 ob
965 3304 1186 3372 infirmitatem
1209 3305 1324 3372 motivi
1338 3305 1458 3372 diversi
1475 3327 1494 3371 a
1511 3307 1633 3372 motivo

511 3412 669 3480 scientiae:
691 3413 722 3477 in
738 3401 804 3496 quo
820 3413 944 3478 nullam
960 3412 1065 3479 inesse
1080 3413 1330 3498 repugnantiam
1350 3413 1578 3480 ostendimus.
1691 3408 1698 3425 '

576 3517 613 3612 γ)
631 3519 668 3585 Et
687 3521 773 3586 idem
792 3519 968 3586 dicendum
987 3529 1038 3586 est
1056 3520 1097 3587 de
1111 3519 1219 3587 tertio.
1242 3519 1380 3587 Daretur
1395 3539 1519 3606 nempe
1538 3523 1631 3590 simul

510 3627 631 3712 duplex
653 3635 744 3694 actus
772 3628 905 3693 evidens
924 3627 1020 3705 alter,
1047 3628 1128 3692 alter
1154 3623 1339 3704 inevidens,
1370 3629 1498 3695 ratione
1522 3630 1631 3696 motivi

509 3736 638 3802 diuersi.
654 3736 738 3803 Nam
754 3753 823 3800 rem
838 3733 988 3800 eamdem
1004 3735 1087 3800 clare
1102 3743 1135 3800 et
1150 3735 1287 3802 obscure
1302 3755 1525 3820 cognoscere,
1542 3737 1631 3804 dum

509 3843 609 3910 modo
628 3843 661 3909 id
678 3842 736 3908 fiat
754 3861 810 3927 per
828 3852 922 3908 actus
939 3841 1086 3926 diversos
1104 3851 1137 3907 et
1162 3861 1203 3910 ex
1226 3843 1364 3910 diversis
1384 3843 1522 3910 motivis
1542 3865 1630 3912 «non

508 3951 614 4037 magis
633 3951 761 4017 videtur
780 3968 960 4035 repugnare
985 3968 1027 4016 ex
1045 3951 1077 4016 vi
1095 3949 1330 4030 terminorum,
1351 3971 1454 4035 quarn
1475 3956 1569 4037 quod
1589 3956 1630 4021 in·

507 4061 658 4126 tellectus
672 4056 920 4142 apprehensioni
934 4057 1157 4142 superaddens
1167 4057 1345 4144 judicium,
1362 4072 1549 4146 cognoscat
1566 4081 1629 4128 rem

507 4166 658 4234 eamdem
671 4163 863 4249 suspensive
876 4164 974 4230 simul
986 4174 1019 4231 et
1030 4163 1200 4248 assertive3
1216 4165 1267 4231 vel
1280 4167 1371 4250 quod
1383 4185 1454 4234 rem
1471 4169 1589 4236 videns
1602 4171 1629 4236 in

542 4370 584 4432 (r)
619 4359 775 4436 Apposuite
787 4357 909 4432 Semery
925 4355 1025 4417 raiiud
1039 4357 1176 4432 estquod
1191 4357 1290 4432 opinio
1308 4379 1370 4421 nou
1384 4361 1542 4434 certificet,
1558 4363 1630 4424 eliud

505 4453 585 4527 quod
599 4450 684 4512 iaciat
697 4449 886 4510 fluctuantem
901 4465 951 4506 eeu
971 4444 1174 4507 formidantem
1193 4445 1374 4509 intellectum
1393 4451 1472 4512 circa
1492 4453 1627 4528 objectum

503 4545 552 4604 eui
572 4541 741 4602 assentitur.
766 4537 853 4598 Unde
873 4535 982 4596 dicitur
1004 4535 1103 4609 opinio
1124 4536 1289 4606 nonfacere
1309 4539 1498 4602 intellectum
1513 4543 1626 4612 eertum

505 4654 564 4694 non
586 4645 683 4693 autem
706 4629 831 4704 positive
848 4627 942 4687 iecere
959 4622 1103 4687 incertum
1125 4639 1179 4688 ete.
1201 4629 1340 4694 (Triton.
1360 4630 1551 4710 Philocteti,
1564 4647 1584 4697 t.
1608 4657 1625 4704 t.

447 4825 452 4834 α
503 4724 622 4799 dier-r,
639 4742 669 4797 o·
687 4720 727 4795 a)
