3492 5525
565 409 641 476 1118
682 414 808 477 Locren
824 411 1054 486 MnJon-Ltn.
1070 426 1141 488 asu,
1157 411 1248 475 Dtsn.
1262 412 1309 475 6.·
1324 410 1404 475 Can.
1421 428 1493 475 ψ

332 607 487 657 ιιουιιιιιιοῑν
567 604 669 667 Prob.
693 610 740 666 sc
785 596 985 665 Auctoritate
1002 596 1039 663 S.
1063 598 1217 663 Thomae:
1236 595 1433 678 Philosophia
1450 596 1573 679 ρήυω,
1592 597 1640 661 in·
1722 615 1724 624 ·

318 680 499 805 Ἣξζξίω
523 704 611 787 quit,
630 708 680 771 est
693 708 733 771 de
749 706 976 780 wmmunitru,
989 703 1067 790 quse
1082 707 1150 787 eim
1167 702 1374 770 consideratio
1389 707 1440 769 est
1452 705 1541 769 circa
1558 705 1641 787 ipsus
1722 695 1724 698 ’

521 830 572 879 res
589 831 779 889 communes,
798 812 919 879 scilicet
931 812 1017 879 circu
1033 830 1090 877 ens
1114 815 1146 877 et
1166 814 1272 893 partes
1297 814 1377 898 ejus.
1395 810 1436 877 Et
1455 814 1533 896 quia
1555 814 1639 878 circu

519 920 637 995 omniu,
664 938 734 1005 que
759 924 843 997 sunt,
873 918 963 985 babet
976 919 1132 1003 negotiari
1156 918 1253 994 rano,
1283 918 1396 1001 logico
1419 924 1525 985 aum
1537 925 1590 986 est
1601 924 1639 986 de
1722 987 1724 990 ,

518 1028 748 1109 operationibus
765 1026 1045 1110 ratunisdogica
1062 1026 1158 1091 ettam
1173 1026 1286 1091 eritde
1302 1025 1638 1110 iis‚quoecomnumiz
1722 1065 1724 1078 ·

517 1139 594 1201 sunt
607 1136 765 1211 monibus,
786 1136 821 1199 id
836 1138 899 1212 est,
918 1137 958 1199 de
972 1132 1197 1199 onomaton
1212 1131 1359 1209 rom,
1378 1152 1448 1218 qua
1468 1137 1514 1199 ad
1533 1154 1638 1201 ornnes
1722 1117 1724 1194 ἓ

516 1260 565 1307 res
582 1261 614 1307 se
632 1242 753 1310 Mbent
774 1248 853 1316 Non
871 1254 989 1309 autem
1005 1246 1070 1320 ita,
1084 1245 1177 1325 quod
1193 1245 1269 1323 ipsa
1284 1246 1412 1323 logica
1427 1246 1475 1307 nit
1490 1247 1535 1309 de
1553 1248 1637 1327 ipsis

516 1354 619 1417 rebus
636 1355 896 1427 communibus,
916 1354 1007 1416 sicut
1023 1353 1068 1415 de
1086 1352 1250 1430 subjectis
1267 1344 1332 1434 (t).
1722 1373 1724 1378 ·

560 1462 662 1524 Proh.
679 1465 728 1522 2.·
774 1456 901 1541 Logica,
918 1464 1033 1539 utpote
1046 1472 1120 1537 quae
1136 1454 1351 1520 arsdirectiva
1364 1462 1427 1531 est,
1443 1456 1522 1523 iliud
1536 1457 1634 1523 habet
1722 1449 1724 1458 '

511 1580 572 1648 pro
599 1563 727 1649 objecto
755 1580 817 1630 suo
844 1563 990 1647 proprio,
1011 1563 1045 1628 in
1070 1562 1164 1646 quod
1188 1562 1340 1628 inducere
1368 1561 1468 1628 debet
1495 1566 1632 1631 monam

511 1670 711 1737 rectitudinis
729 1690 786 1757 pes
803 1689 881 1737 suas
904 1672 1046 1756 regulas.
1067 1669 1167 1753 Atqui
1196 1669 1426 1736 rectitudinem·
1449 1670 1537 1737 illam
1568 1692 1632 1739 non
1722 1671 1724 1702 ²

510 1777 635 1845 inducit
654 1780 798 1863 proiecto
817 1780 849 1845 in
869 1797 921 1845 res
936 1777 1039 1862 ipsas,
1059 1777 1240 1843 secundum
1258 1794 1353 1843 suam
1382 1788 1532 1845 naturam
1558 1799 1630 1865 spo
1722 1765 1724 1820 i

508 1894 624 1953 ctatas.
645 1886 771 1970 Ergo...
881 1873 885 1879 ’

575 1996 609 2059 ln
637 1994 723 2059 idem
757 1992 868 2061 recidit
901 1995 970 2059 haec
999 1994 1059 2059 alia
1089 1992 1248 2077 probatio.
1279 1992 1395 2079 Logica
1421 2006 1472 2062 est
1499 1996 1630 2061 wenna
1722 2007 1724 2098 j

508 2103 661 2188 practica,
683 2112 739 2168 a'ut
756 2101 843 2170 ce'rte
860 2102 963 2169 instar
980 2101 1139 2186 practicae.
1159 2102 1244 2187 Ergo
1255 2104 1354 2169 habet
1371 2121 1432 2187 pro
1441 2102 1571 2187 objecto
1583 2104 1628 2181 id,

506 2211 595 2294 quod
614 2211 656 2276 ab
671 2212 739 2296 ipsa
757 2210 921 2296 operabite
934 2218 1002 2285 est,
1018 2219 1051 2275 et
1066 2218 1164 2294 prout
1174 2209 1351 2293 operabite.
1368 2210 1469 2294 Atqui
1484 2229 1537 2277 res
1550 2212 1629 2295 ipsae

507 2336 574 2385 non
594 2329 671 2385 sunt
697 2318 876 2403 operabiles
899 2338 919 2384 a
944 2318 1061 2402 Logica
1089 2316 1272 2383 secundum
1302 2335 1415 2385 earum
1445 2320 1627 2385 naturalem

506 2425 687 2493 entitatem.
710 2427 835 2511 Ergo...

550 2539 651 2602 Prob.
673 2543 721 2602 33
767 2533 799 2599 Si
829 2551 879 2599 res
905 2534 1011 2598 forent
1028 2533 1193 2617 objectum
1221 2532 1389 2617 propn'um
1420 2532 1567 2618 Logicae,
1587 2535 1630 2600 ad

505 2660 576 2707 eam
596 2650 755 2726 spectaret
771 2659 866 2727 agere
880 2641 921 2708 de
937 2640 1033 2707 rebus
1047 2640 1215 2707 omnibus.
1232 2639 1334 2723 Atqui
1348 2640 1411 2705 hoc
1429 2642 1548 2708 salsum
1565 2650 1626 2708 est.
1722 2675 1724 2710 ;

504 2749 629 2828 Primo,
656 2749 731 2834 quia
759 2768 853 2816 secus
882 2767 981 2815 nemo
1008 2754 1094 2814 esset
1120 2748 1228 2815 bonus
1257 2748 1413 2834 Logicus,
1435 2748 1496 2816 nisi
1515 2751 1629 2816 omnia
1722 2731 1724 2750 ¹

503 2869 624 2924 nosset.
646 2856 770 2923 Deinde
789 2857 906 2942 Logica
929 2875 995 2923 non
1022 2866 1109 2923 esset
1137 2875 1203 2923 una
1229 2855 1362 2922 sdentia
1390 2877 1411 2922 a
1435 2858 1563 2924 ceteris
1579 2859 1630 2925 di·
1722 2876 1724 2939 t

501 2963 634 3041 stincta,
655 2964 714 3031 sed
731 2965 925 3048 complexus
944 2963 1095 3030 omnium
1114 2964 1337 3030 scientiarum.
1722 2952 1724 2957 ’

567 3071 659 3138 Dices
678 3071 717 3138 ad
738 3071 889 3158 Logicam
910 3071 1043 3156 quidem
1062 3081 1207 3155 spectare
1226 3091 1322 3157 agere
1335 3073 1377 3138 de
1395 3073 1572 3148 omnibus.
1593 3083 1627 3138 at
1722 3144 1724 3157 ¹

500 3197 606 3264 parce,
627 3178 735 3258 sobrie
754 3199 791 3244 ac
810 3198 867 3263 per
885 3198 1017 3244 summa
1035 3178 1156 3264 capita;
1176 3189 1366 3245 caeterarum
1382 3198 1460 3246 vero
1474 3180 1625 3248 scientia·

500 3306 572 3354 rum
592 3305 684 3364 esse,
706 3296 745 3352 ut
763 3305 814 3352 res
832 3295 1028 3370 pertractent
1047 3285 1196 3354 funditus
1213 3295 1247 3352 et
1264 3286 1442 3371 copiosius.

565 3401 669 3478 Resp.
691 3393 725 3460 si
744 3395 784 3459 ad
804 3394 956 3479 Logicam
977 3412 1088 3460 revera
1105 3403 1230 3478 spectat
1248 3403 1381 3460 naturas
1399 3413 1509 3462 rerum
1533 3397 1625 3462 inve·
1722 3394 1724 3471 ζ

499 3501 619 3586 stigare
636 3511 807 3586 tamquam
827 3501 993 3587 objectum
1014 3501 1198 3585 proprium,
1215 3520 1280 3567 non
1298 3512 1369 3578 est,
1383 3522 1442 3568 cur
1459 3521 1527 3570 non
1547 3524 1624 3590 pos-
1722 3484 1724 3571 s

500 3607 558 3686 sit,
578 3628 615 3675 ac
634 3609 752 3676 debeat
772 3610 846 3695 jure
870 3627 932 3674 suo
959 3610 1001 3675 de
1018 3609 1081 3674 illis
1100 3610 1247 3677 funditus
1272 3618 1306 3674 et
1328 3610 1494 3694 copiosius
1511 3631 1621 3696 agere.
1722 3586 1724 3615 ¹

499 3717 583 3784 Tum
602 3715 678 3800 quin
697 3717 821 3800 quaevis
840 3715 974 3784 scientia
992 3723 1101 3801 potest
1119 3735 1156 3781 ac
1173 3715 1271 3782 debet
1295 3716 1327 3782 id
1352 3718 1453 3783 iacere
1472 3729 1620 3802 respectu

499 3824 550 3890 sui
569 3823 686 3911 objecti
706 3823 842 3909 proprii,
860 3832 897 3888 ut
914 3830 1043 3889 constat
1060 3810 1266 3907 inductione;
1284 3833 1355 3889 tum
1370 3824 1448 3908 quia
1465 3827 1618 3898 rationes,

499 3933 542 3998 ob
560 3949 643 4016 quas
661 3930 833 3997 adversarii
853 3949 980 4015 parcam
1009 3930 1218 4015 sobriamque
1246 3948 1355 3997 rerum
1381 3932 1529 3998 omniam
1556 3943 1621 3998 tra·
1722 3978 1724 3981 -

497 4039 674 4106 ctationem
703 4038 829 4123 Logicae
856 4038 1058 4113 attribuunt,
1078 4056 1173 4122 aeque
1203 4037 1366 4104 vindicant
1390 4040 1617 4106 tractationem
1722 4082 1724 4129 ÷

498 4145 677 4231 copiosam.
708 4146 774 4212 Has
805 4163 948 4229 namque
975 4145 1116 4212 aderunt
1143 4145 1188 4212 illi
1216 4145 1374 4228 rationes3
1394 4147 1500 4230 primo
1527 4147 1618 4231 quod
1722 4196 1724 4201 -

499 4253 613 4322 notitia
644 4271 750 4320 rerum
779 4251 930 4319 omnium
959 4252 1002 4319 sit
1033 4252 1228 4331 necessaria,
1261 4261 1298 4319 ut
1324 4253 1508 4320 intellectus
1537 4257 1618 4321 vitet
1722 4248 1724 4301 ῑ

498 4381 638 4440 errores,
658 4380 725 4446 quo
744 4360 876 4426 tandem
895 4360 1000 4426 tendit
1027 4358 1158 4445 Logica3
1179 4359 1296 4426 deinde
1324 4361 1415 4445 quod
1439 4381 1476 4427 ea
1503 4362 1617 4428 notitia

505 4687 507 4694 Ι
532 4611 573 4684 (ι)
609 4606 1619 4685 s.sh.tns.1.·n0sor.‚1001.20,pmgr.a.cn.0puoe.t·u
1722 4588 1724 4621 ³

499 4699 730 4764 universalibus.
