3492 5525
266 496 355 580 5111.
378 496 617 560 Pnrcosoenrne
638 512 741 559 onroo
763 512 807 557 ετ
828 510 1042 558 rnocnessus
1142 510 1181 573 47

101 688 307 747 accensentur
320 682 437 757 Cerdo,
450 677 613 745 Saturnini
632 678 775 756 auditor,
789 686 821 743 et
835 680 1032 743 Bardesanes
1045 674 1117 763 Syri
1138 672 1224 763 (me-

102 788 149 853 dio
163 808 240 857 saec.
258 786 300 875 ll)
315 798 348 853 et
362 788 484 854 Marcio
499 786 738 871 Paphlagonius
750 783 854 872 (med.
871 804 947 852 saec.
971 782 1012 873 tl)
1027 786 1164 870 ejusque
1177 784 1225 847 di-

102 897 241 979 scipulus
265 896 390 977 Apelles
413 902 447 959 et
470 894 563 959 Persa
574 893 686 957 Manes
709 889 890 980 (saecul),
910 902 1025 958 auctor
1036 890 1224 957 Manichaei·
1276 882 1384 976 Am·

103 1004 159 1067 smi
177 999 240 1089 (r).
264 1000 302 1066 l=li
322 1019 460 1078 errores,
477 1002 534 1083 qui
547 1000 611 1066 sub
630 1000 727 1065 variis
741 1000 854 1065 formis
867 1000 988 1083 sepius
1007 997 1143 1075 recocti,
1169 997 1224 1063 diu

104 1108 274 1175 Ecclesiam
289 1107 406 1175 Christi
418 1115 595 1184 vexarunt,
611 1128 627 1171 a
641 1105 788 1190 pluribus
803 1107 951 1172 Patribus
967 1106 1096 1192 egregie
1110 1104 1227 1170 contu·

104 1216 156 1282 tari
172 1226 267 1293 sunt,
290 1236 326 1280 ae
347 1214 541 1283 nominatim
564 1235 582 1279 a
604 1215 776 1281 Clemente
796 1214 896 1290 Alex,
914 1214 1075 1299 Origene,
1091 1213 1225 1287 irenaeo,

104 1326 326 1401 Theodoreto,
343 1322 540 1407 Epiphanio,
560 1320 759 1387 Tertulliano
775 1332 877 1404 atquc
890 1321 1091 1406 Augustino.

145 1434 200 1511 48.
249 1430 330 1495 Ecce
355 1440 465 1495 autem
490 1430 611 1496 saeculo
633 1428 677 1506 V,
700 1430 844 1495 barbaris
862 1429 1037 1513 imperium
1055 1446 1227 1494 romanum

104 1539 339 1623 occupantibus
353 1537 637 1621 vastantibusque,
651 1534 766 1602 litterae
782 1545 882 1619 atque
892 1536 1035 1602 scientiae
1050 1535 1228 1600 maximam

103 1646 228 1713 cladem
245 1646 349 1729 passae
362 1654 454 1712 sunt.
470 1644 626 1710 Nonnulli
642 1655 753 1710 tamen
773 1644 879 1710 adhuc
898 1643 1037 1710 tloruere
1055 1643 1113 1708 viri
1136 1641 1229 1707 laude

103 1753 259 1819 doctrinae
286 1752 473 1836 conspicui,
503 1752 684 1835 inquibus
712 1751 895 1836 principem
923 1753 1032 1817 lucum
1061 1751 1231 1816 obtinuere

104 1879 177 1927 saec.
203 1860 233 1925 V
259 1860 458 1925 Claudianus
473 1858 663 1937 Mamertus,
690 1859 840 1924 sacerdos
859 1854 1055 1924 Viennensis
1074 1858 1105 1923 in
1131 1856 1232 1922 Gallia
1272 1849 1417 1895 ⁰¹⁸⁰le

104 1968 193 2055 (post
217 1967 306 2037 med.
330 1985 406 2031 saec.
428 1966 479 2053 V)
497 1967 553 2049 qui
580 1966 678 2033 libros
692 1979 759 2031 tres
773 1966 901 2050 scripsit
922 1966 964 2031 de
981 1967 1073 2031 Statu
1092 1963 1230 2041 Aniaaa,

105 2088 140 2143 ut
159 2093 286 2141 errores
304 2072 414 2140 Fausti
432 2073 628 2158 Rhegiensis
648 2070 898 2158 Semipelagiani
917 2072 1091 2153 refellerem
1115 2080 1146 2138 et
1160 2074 1232 2138 Ma·

104 2184 216 2247 nanus
230 2180 358 2263 Capella
377 2182 409 2247 in
424 2198 485 2246 suo
505 2177 725 2267 Satyrum),
744 2191 844 2264 atque
865 2180 998 2246 Auitius
1015 2179 1158 2245 Mautius
1177 2178 1234 2244 Se-

106 2292 240 2355 verinus
261 2286 408 2371 Boetius,
427 2305 585 2353 romanus
606 2287 756 2371 patritius
776 2285 825 2376 (n.
847 2288 930 2353 circa
949 2307 1003 2354 an.
1027 2284 1233 2375 470†525)
1306 2304 1394 2351 aaran

103 2408 136 2463 et
156 2397 331 2481 praeclarus
358 2392 576 2478 Philosophus
589 2391 795 2471 christianus,
817 2397 873 2479 qui
897 2396 940 2461 ob
962 2396 1118 2460 affectata
1140 2395 1235 2459 liber-

101 2505 179 2573 tatis
193 2502 417 2587 suspicionem
431 2522 448 2566 a
463 2502 682 2578 Theoderico,
700 2488 776 2589 rege
791 2503 904 2580 ltaliae,
920 2505 971 2588 cuj
977 2522 1014 2569 us
1030 2505 1117 2588 prius
1131 2503 1234 2569 tuerat

103 2610 327 2687 Administer,
354 2608 512 2675 custodie
535 2591 690 2688 traditus,
716 2610 749 2675 in
774 2630 839 2693 qua
863 2612 954 2695 plura
977 2612 1104 2695 scripsit
1123 2628 1232 2695 opera:

104 2718 339 2788 Commentario
352 2718 387 2783 in
397 2718 643 2800 predicantem
656 2718 835 2785 Aristotelis
840 2739 853 2802 ,·
869 2718 1099 2785 Comnuntaria
1112 2719 1236 2784 minora

101 2833 136 2893 et
147 2827 273 2892 maiora
292 2827 325 2890 in
347 2826 462 2892 librum
480 2828 519 2890 de
536 2827 807 2907 interpretatione,
828 2808 1071 2909 dactylicarum
1088 2828 1237 2892 Prrbnrm

101 2935 374 3010 etPosterr'orum,
389 2935 438 2999 De
453 2931 716 3010 Unitate'etUno,
730 2936 780 2999 De
791 2935 1008 3001 Consolatione
1019 2935 1237 3017 Philosophum·

103 3064 141 3109 ac
160 3053 278 3128 postea
288 3044 384 3127 jussu
400 3043 486 3125 regis
504 3041 573 3106 dire
592 3041 724 3107 occisus
738 3050 803 3109 est.
826 3041 961 3126 Scripsit
981 3055 1135 3126 praeterea
1153 3043 1237 3108 duos

103 3153 189 3216 alios
203 3157 379 3226 tractatus,
396 3150 438 3215 de
456 3147 606 3234 Trinitate
627 3152 715 3214 etde
736 3150 1003 3228 Hebdomadibus,
1026 3150 1081 3234 qui
1105 3151 1147 3216 ab
1172 3150 1239 3215 An-

104 3258 216 3344 gelico
237 3257 377 3322 Doctore
401 3256 657 3322 luculentissima
680 3257 886 3342 expositione
906 3257 1055 3323 declarati
1078 3268 1156 3325 sunt
1171 3256 1237 3345 (3).

154 3383 213 3450 49.
261 3363 411 3431 Bbetium
447 3373 580 3430 secutus
609 3373 659 3430 est
688 3365 829 3449 Magnus
860 3365 1012 3432 Aurelius
1042 3365 1239 3432 Casiodorus
1287 3362 1427 3410 Cuim-

107 3471 376 3556 Sqatllaeensise
394 3472 541 3537 Calabria
560 3469 617 3560 (n.
637 3473 703 3554 480
719 3472 895 3555 circiter-l-
906 3472 1008 3559 575),
1026 3473 1083 3557 qui
1099 3472 1239 3558 scripsit,

109 3581 198 3646 inter
217 3579 276 3644 alia
295 3597 412 3665 opera,
433 3581 483 3644 De
499 3580 605 3644 anima
625 3588 658 3644 et
679 3582 718 3644 de
736 3580 869 3645 Artibus
886 3584 918 3645 et
933 3579 1109 3662 disciplinis
1126 3581 1241 3647 libera-

113 3687 193 3750 lium
217 3687 410 3763 litterarum,
436 3705 504 3769 quo
530 3685 563 3751 in
588 3695 727 3753 tractatu
752 3685 819 3771 agit
842 3687 882 3751 de
911 3687 1015 3753 tribus
1041 3688 1164 3754 artibus
1189 3689 1242 3753 vel
1300 3771 1303 3776 ,

115 3791 257 3858 scientiis
269 3793 544 3876 sermocinalilrus,
560 3793 772 3860 Grammatica
787 3813 923 3878 nempe,
939 3795 1101 3862 Rhetorica
1115 3807 1147 3861 ct
1161 3794 1243 3860 Dia·

119 3899 243 3976 lectica,
265 3919 340 3984 quae
357 3910 566 3985 componunt
585 3901 794 3967 notissimum
816 3901 895 3985 illud
914 3914 1064 3968 veterum
1089 3902 1241 3980 Trinium,

161 4151 200 4214 (r)
233 4149 393 4219 Genesim,
411 4161 481 4208 tom.
501 4170 512 4207 r
530 4169 592 4222 par.
612 4151 676 4222 1083
693 4150 833 4220 Bourier,
854 4151 908 4209 loc.
929 4151 976 4210 cit.
993 4153 1077 4225 chap.
1095 4153 1148 4224 lll;
1168 4155 1247 4213 Ten·

127 4253 262 4308 nemean,
274 4259 335 4310 par.
351 4259 416 4312 ¹993
431 4238 532 4311 Alzog.
546 4239 680 4298 Histoire
693 4243 728 4297 de
743 4243 754 4297 t
763 4241 769 4264 ’
783 4241 923 4318 Egir'se...
937 4244 1064 4300 traducite
1078 4263 1130 4301 sur
1145 4247 1176 4302 ta
1191 4255 1247 4318 3.¹·

127 4325 228 4383 eduae
247 4337 298 4402 par
319 4329 430 4388 isidore
449 4327 604 4395 Goscirier,
626 4330 774 4387 Premiere
793 4331 932 4400 Periode‚
950 4333 1113 4392 Deuxieme
1131 4335 1245 4406 Parme,

127 4411 208 4484 ehap.
224 4415 260 4484 113
276 4418 402 4484 Derras,
416 4419 551 4475 Historia
565 4419 599 4476 de
615 4421 645 4476 la
659 4421 808 4496 iglesiu...
824 4419 975 4478 traducida
991 4441 1044 4493 por
1059 4423 1085 4480 el
1103 4423 1155 4482 Dr.
1171 4424 1249 4498 Frey

129 4499 194 4560 Don
207 4505 297 4564 Pedro
310 4507 367 4565 Ab·
380 4507 417 4564 de
429 4505 601 4577 Torrecilia,
617 4521 689 4566 tom.
708 4529 719 4566 r
736 4529 796 4582 cap.
814 4529 842 4582 4.

165 4596 202 4658 (al
234 4595 387 4670 Satyricon
401 4594 461 4654 sive
479 4599 515 4654 de
535 4597 659 4672 Nuptiis
672 4600 751 4656 inter
762 4600 962 4676 Phr'loiogiam
981 4613 1009 4659 et
1028 4603 1206 4662 Mercurium
1221 4614 1248 4662 et

127 4680 164 4736 de
177 4693 277 4757 reptem
291 4687 403 4745 artibus
418 4687 609 4768 liberalibus,
623 4688 721 4746 studio
736 4687 814 4747 Frid.
831 4689 928 4762 Kopp.
944 4691 968 4748 F
969 4693 1059 4750 rencs.
1078 4693 1157 4766 1836.

160 4773 202 4845 ’(3)
235 4773 389 4862 Genealez,
404 4789 427 4836 t.
443 4795 470 4834 a.
486 4795 704 4851 peragro-213
720 4777 847 4838 Bourier
872 4779 925 4839 loc.
941 4779 988 4839 cit
1005 4781 1089 4854 chep.
1105 4783 1171 4845 vll.
