3492 5525
284 447 400 517 Anrrc.
418 464 477 511 aar·
491 448 658 527 Quonooo
675 468 814 514 nxrsrar
828 448 1048 514 Univensaee
1130 467 1191 531 703

107 638 189 695 sunt
201 638 308 713 partes
320 631 506 716 subjectivae
520 630 620 713 illius;
633 633 778 715 itemque
793 641 906 698 natura
921 630 1071 716 generica
1085 638 1232 715 respectu

108 737 310 821 specierum,
331 748 363 805 et
382 740 561 823 generatim
581 740 706 823 quaevis
726 740 807 807 ratio
823 739 971 823 superior
986 747 1133 823 respectu
1152 726 1204 805 ini
1217 773 1235 789 -

109 844 247 911 riorum.
272 844 355 912 Inter
373 846 433 913 has
451 848 533 913 duas
552 848 784 915 abstractiones
812 847 1058 931 quadruplicem
1084 846 1235 913 differen-

108 951 190 1018 tiam
210 961 301 1019 notat
320 951 494 1037 Cajetanus
513 951 578 1040 (r),
1022 944 1026 952 ’

163 1184 235 1251 ¹7¹·
283 1167 457 1235 Scuouon.
506 1170 615 1247 Queri
634 1178 751 1254 potest,
769 1188 848 1237 num
869 1171 910 1235 ad
925 1167 1235 1254 pleneconstituen·
1298 1198 1395 1245 Nm,

110 1276 192 1341 dum
221 1276 401 1341 universale
429 1276 582 1362 lingenda
612 1276 712 1342 sitin
743 1286 868 1353 natura,
901 1296 976 1359 quae
1004 1273 1235 1343 denominatur
1262 1270 1441 1385 ‘⁰⁰⁸¹,ll‘0ffm

110 1383 319 1459 universalis,
339 1384 446 1467 aliqua
463 1385 523 1449 alia
538 1385 645 1451 unitas
659 1385 809 1451 distincta
824 1386 864 1451 ab
879 1385 943 1460 illa,
962 1404 1061 1468 quarn
1077 1354 1452 1471 hactenus„q:ss¹.'1{',⁸2„rr..

110 1490 361 1559 declaravimus.
381 1491 465 1557 Nam
479 1501 570 1570 sunt,
587 1494 642 1576 qui
658 1492 752 1557 aliam
768 1502 924 1577 praeterea
938 1493 1110 1589 unitatem,
1128 1490 1235 1557 nescio
1276 1485 1350 1541 Ἐφ’·
1365 1484 1424 1529 fi‘ss·

110 1616 227 1681 quam,
248 1598 423 1695 requirant,
443 1600 505 1683 ipsi
525 1610 648 1667 naturae
672 1602 899 1675 inhaerentem,
929 1619 1030 1683 quarn
1054 1599 1236 1666 intellectus

111 1705 267 1790 fingatin
287 1706 396 1773 illaad
417 1709 490 1782 hoc,
511 1718 547 1774 ut
567 1715 690 1773 naturae
710 1708 835 1773 realiter
865 1695 973 1792 plures
1003 1708 1036 1773 in
1062 1706 1237 1773 individuis

111 1812 291 1879 existentes
307 1815 465 1880 unitatem
482 1816 645 1899 propriam
666 1815 862 1882 universalis
882 1816 1119 1882 nanciscantur.
1137 1815 1239 1897 Ajunt

112 1938 234 2004 nempe
252 1922 295 1987 illi
314 1933 473 1998 auctores,
495 1922 722 1988 «intellectum
743 1924 926 1989 humanum
940 1924 1042 1988 iacere
1057 1920 1239 1987 universale

112 2027 292 2095 formaliter
310 2048 367 2113 per
386 2031 460 2105 hoc,
481 2031 570 2113 quod
585 2030 617 2096 in
638 2036 760 2097 naturis
779 2030 905 2097 realiter
921 2030 1033 2097 multis
1046 2030 1151 2115 tingat
1169 2030 1242 2094 uni·

111 2143 228 2203 tatem.
253 2137 334 2203 Puta
352 2136 536 2204 intellectus
554 2137 729 2223 tingendo,
749 2138 840 2222 quod
859 2138 970 2204 omnia
988 2135 1141 2204 animalia
1163 2144 1241 2203 sunt

112 2260 220 2308 unum
239 2243 373 2320 animal,
395 2246 470 2311 iacit
488 2244 607 2311 animal
631 2246 812 2311 universale
832 2254 864 2311 et
883 2264 989 2331 genus
1009 2253 1156 2329 respectu
1183 2246 1242 2309 ho·
1293 2269 1295 2274 ·

113 2350 212 2416 minis
240 2361 272 2453 et
298 2351 396 2417 bruti:
418 2352 575 2437 fingendo
594 2372 710 2419 omnes
737 2354 889 2419 homines
914 2372 987 2419 esse
1006 2371 1110 2419 unum
1139 2351 1242 2417 horni-

112 2477 205 2535 nem,
231 2459 304 2524 iacit
330 2460 498 2525 hominem
523 2460 739 2527 universalem
759 2470 791 2527 et
811 2460 954 2546 speciem
975 2472 1124 2545 respectu
1143 2458 1238 2533 Petri,

111 2566 217 2641 Pauli,
249 2566 403 2633 Francisei
433 2568 638 2651 aliorumque
672 2568 929 2635 individuorum.
964 2569 1131 2633 Fundetur
1172 2568 1241 2632 haec

109 2672 277 2739 sententia
306 2673 339 2739 in
363 2676 439 2749 hoc,
461 2676 551 2758 quod
570 2676 674 2762 reipsa
694 2695 760 2742 non
779 2677 876 2742 datur
902 2685 1029 2760 aparte
1054 2676 1097 2741 rei
1117 2675 1242 2765 aliquid

111 2792 233 2866 praeter
256 2783 443 2868 singularia,
465 2793 496 2850 et
522 2795 633 2851 tamen
655 2793 769 2870 praeter
791 2784 967 2870 singularia
985 2783 1159 2868 requiritur
1185 2783 1243 2848 ali·

111 2889 194 2972 quid
214 2890 299 2956 aliud
318 2891 358 2956 ad
382 2891 580 2968 universale,
597 2893 770 2977 singularia
790 2893 879 2959 enirn
899 2900 977 2960 sunt
995 2893 1136 2977 ipsamet
1157 2893 1243 2957 mul-

3 3051 4 3080 ,
111 2995 281 3079 tiplicitas,
304 3005 539 3083 praeterquam
559 3000 733 3083 requiritur
757 3000 876 3067 unitas.
900 3001 976 3065 ilaec
997 3009 1106 3065 autem
1128 2999 1243 3082 nequit

3 3089 4 3124 ³
112 3121 190 3170 esse
217 3105 388 3172 intrinseca
406 3104 453 3193 (id
473 3117 523 3172 est
542 3107 675 3193 physice
695 3127 731 3172 ae
755 3109 880 3172 realiter
903 3107 1064 3174 inhaerens
1089 3104 1241 3194 naturae),

112 3212 194 3296 quia
214 3232 269 3297 per
288 3212 492 3280 intrinsecam
513 3215 784 3298 multiplicitatem
801 3213 994 3282 excluditur.
1012 3215 1095 3299 Ergo
1111 3233 1244 3280 necesse

3 3339 4 3344 ¹
111 3331 180 3396 est,
201 3333 237 3386 ut
256 3320 363 3386 unitas
390 3320 621 3406 multiplicitati
647 3322 856 3407 superveniat
883 3323 925 3388 ab
952 3322 1162 3398 intellectum
1183 3340 1242 3387 nec

111 3427 249 3504 sufficit,
262 3431 352 3512 quod
367 3447 433 3496 uno
448 3437 520 3495 actu
536 3431 704 3514 praecisivo
718 3433 820 3496 multa
836 3431 1241 3516 apprehendantursolum

112 3537 330 3620 exprimendo
358 3536 402 3612 id,
428 3537 460 3603 in
486 3556 553 3621 quo
572 3540 771 3606 conveniunt
794 3547 827 3604 et
846 3540 985 3622 perfecte
1009 3537 1128 3603 similia
1150 3551 1242 3619 sunt,

114 3645 280 3728 neglectis,
292 3645 498 3722 differentiis,
514 3646 572 3710 sed
591 3646 724 3730 insuper
742 3645 925 3728 requiritur,
947 3645 1036 3712 utin
1055 3646 1110 3710 tali
1131 3653 1245 3711 natura

113 3753 378 3834 apprehendatur
397 3752 534 3837 positive
552 3753 658 3837 aliqua
683 3753 743 3818 alia
763 3753 869 3819 unitas
889 3771 946 3837 per
973 3761 1122 3818 nostrum
1151 3751 1246 3816 intel·

114 3863 238 3926 lectum
257 3859 407 3936 conficta,
429 3878 486 3945 per
501 3849 601 3943 quarn
622 3861 787 3946 objectum
807 3862 839 3926 in
864 3879 900 3926 se
919 3860 1109 3945 multiplex,
1130 3859 1246 3924 evadat

114 3969 295 4033 formaliter
314 3985 418 4035 unum
437 3966 501 4057 (2).
523 3967 606 4044 Qnae
625 3969 773 4037 doctrina
784 3969 898 4036 similis
917 3976 967 4034 est
986 3969 1042 4044 illi,
1062 3967 1246 4033 secundum

108 4093 220 4158 quam
240 4075 350 4152 iidem,
372 4075 427 4159 qui
456 4078 526 4143 haec
549 4077 682 4154 docent,
710 4077 890 4143 Thomistae
917 4075 1114 4142 arbitrantur
1144 4074 1247 4140 deno·

156 4296 196 4355 (r)
233 4289 425 4350 commentar.
436 4298 501 4365 sup.
518 4290 629 4365 Opusc.
642 4290 675 4350 S.
695 4291 749 4348 Ta.
765 4290 800 4348 de
814 4290 889 4348 Erite
902 4299 931 4347 el
942 4289 1082 4358 essentia,
1098 4300 1203 4360 quaest.
1221 4308 1247 4358 r,

3 4355 4 4450 J
117 4381 170 4439 Ad
184 4381 285 4440 horum
302 4380 459 4456 pleniorem
483 4381 751 4456 intelligentiam...
775 4378 837 4438 Cir.
866 4379 1108 4451 Complutenaes,
1127 4377 1247 4454 Logia,

117 4469 198 4541 disp.
213 4491 246 4542 4,
262 4482 367 4541 quaeat.
381 4491 413 4543 4,
429 4491 460 4527 n.
477 4491 525 4542 29,
541 4483 570 4530 et
585 4469 662 4540 disp.
682 4491 729 4542 19,
745 4483 849 4540 quaest.
865 4488 899 4542 4,
917 4489 946 4526 n.
961 4467 998 4540 46
1012 4487 1093 4540 seqq.

157 4561 197 4633 (a)
234 4560 275 4618 lta
289 4561 366 4632 apud
383 4560 414 4618 P.
432 4559 563 4632 Semery,
582 4559 698 4617 Tricam.
711 4559 889 4633 philosoph,
905 4571 978 4616 torn.
994 4579 1017 4626 r,
1039 4558 1117 4629 disp,
1133 4577 1160 4627 a,
1174 4576 1203 4628 q.
1218 4576 1247 4646 4,

3 4663 5 4714 4
119 4663 175 4710 nrt.
201 4671 226 4724 7.
246 4648 308 4708 Cir.
333 4650 472 4720 Lossada,
494 4651 579 4726 tog,
603 4662 685 4708 tract.
707 4671 730 4719 r,
749 4647 826 4720 disp.
852 4669 880 4719 a,
903 4667 967 4720 cap.
988 4667 1017 4721 4,
1037 4668 1067 4706 n.
1091 4667 1137 4720 33,
1152 4665 1249 4720 seqq.·,

119 4751 204 4801 tract.
226 4761 252 4812 3,
263 4738 338 4811 disp.
355 4760 381 4811 a,
397 4756 459 4812 cap.
478 4762 503 4812 3.
668 4757 671 4765 ’
