3492 5525
296 452 412 515 Anne.
429 468 490 535 4¹¹⁸
505 452 556 515 De
573 449 804 514 Screnrmnuu
819 467 1139 515 suoaunenninrone
1163 465 1238 531 1007

155 629 235 695 tiam
256 630 353 697 unius
370 632 513 699 scientiae
525 634 567 698 ab
584 633 644 698 alia
663 632 832 697 iuratione
849 632 1004 708 scientia,
1026 650 1084 697 seu
1098 633 1201 716 quoad
1213 648 1280 696 nra·

155 736 382 821 m'sestationem
408 758 539 806 suarum
556 741 800 823 conclusionum.
827 738 927 824 Atqui
958 740 997 806 si·
1012 740 1119 823 aliqua
1148 736 1280 805 scientia

156 844 398 923 universaliter,
415 867 452 913 ac
466 867 521 931 per
536 866 571 913 se
586 848 739 915 desumat
750 848 791 913 ab
803 847 863 913 afia
876 846 1028 932 principia
1041 866 1117 922 sua,
1134 866 1209 913 vere
1225 846 1282 911 de-

156 954 280 1035 pendet
298 955 341 1018 ab
354 955 407 1020 iffa
425 955 458 1020 in
478 955 602 1021 ratione
615 956 770 1022 scientiae.

224 1060 368 1126 Dubitari
387 1071 497 1127 tamen
512 1072 631 1146 potest,
649 1072 759 1129 utrum
775 1063 881 1147 aliqua
896 1062 1029 1129 scientia
1043 1063 1226 1147 dependeat
1241 1062 1282 1127 ab

156 1166 217 1231 afia
235 1168 268 1232 in
287 1169 443 1235 omnibus
460 1169 527 1235 suis
547 1170 726 1255 principiis,
747 1173 774 1236 si
798 1171 963 1256 objectum
991 1169 1077 1237 iliius
1097 1187 1162 1235 non
1185 1170 1282 1235 addat
1347 1160 1350 1167 ’

156 1273 254 1339 etiam
274 1276 487 1343 differentiam
508 1278 738 1344 accidentalem
757 1278 886 1363 objecto
914 1278 1061 1358 alterius;
1084 1296 1204 1361 nempe
1223 1278 1284 1341 du-

157 1381 249 1447 bium
279 1402 351 1449 esse
379 1392 504 1468 potest,
530 1394 640 1451 utrum
669 1386 762 1450 tertia
788 1405 828 1451 ex
853 1385 1012 1469 praedictis
1042 1370 1283 1451 conditionibus

157 1491 224 1555 dari
252 1492 356 1574 possit
379 1491 449 1557 sine
473 1492 602 1559 duabus
627 1492 799 1576 prioribus.
824 1494 908 1558 Nam
932 1504 1058 1560 certum
1079 1493 1221 1568 videtur,
1250 1492 1281 1557 in

158 1599 313 1664 omnibus
331 1601 489 1683 exemplis
508 1600 645 1685 propriae
661 1600 945 1667 subalternationis
957 1603 988 1666 in
1009 1601 1162 1666 humanis
1180 1600 1282 1666 scien·

157 1706 210 1771 tiis
222 1714 288 1771 tres
318 1708 387 1772 iffas
405 1726 521 1788 omnes
538 1708 741 1774 conditiones
760 1709 885 1773 adesse.
908 1698 1089 1774 Adducitur
1112 1706 1244 1791 quidem
1263 1727 1282 1772 a

159 1814 270 1879 muftis
293 1815 481 1898 exemplum
509 1816 695 1900 Theologiae
721 1816 931 1901 dogmaticae,
961 1833 1034 1899 quae
1063 1815 1282 1881 subalternata

158 1938 230 1987 esse
259 1921 376 1987 dicitur
398 1921 539 1988 scientiae
567 1922 625 1988 Dei
650 1942 688 1989 ac
718 1926 908 1999 Beatorum,
937 1922 1090 2006 quamvis
1116 1924 1281 2007 objectum

158 2028 346 2113 Theologiae
388 2048 453 2096 non
473 2032 588 2096 addat
631 2032 844 2097 differentiam
882 2031 1113 2097 accidentalem
1152 2030 1282 2115 objecto

159 2137 302 2202 scientiae
326 2136 384 2203 Dei
402 2156 439 2203 ac
458 2136 647 2215 Beatorum,
672 2139 731 2205 sed
752 2139 794 2204 sit
813 2156 917 2205 unum
937 2138 1090 2222 idemque
1113 2158 1188 2205 curn
1212 2139 1278 2203 iilo.

160 2242 285 2309 Verum
311 2246 404 2310 valde
422 2246 676 2312 controvertitur
693 2248 776 2313 inter
796 2246 1009 2331 Philosophus
1028 2266 1064 2312 ac
1083 2244 1280 2331 Theologos‚

159 2362 270 2418 utrum
299 2354 476 2438 Theologia
500 2356 541 2420 sit
560 2356 687 2441 proprie
706 2365 739 2421 et
757 2356 867 2423 stricte
890 2357 1109 2421 subalternata
1140 2354 1283 2421 scientiae

159 2460 218 2524 Dei
242 2470 275 2525 et
302 2463 492 2540 Beatorum,
513 2472 550 2528 ut
569 2482 647 2529 mox
662 2464 822 2530 dicemus.

227 2568 394 2636 Adversus
413 2572 570 2637 hactenus
589 2572 738 2638 traditam
755 2572 935 2638 doctrinam

204 2674 282 2763 296.
329 2684 436 2760 objic.
463 2686 510 2745 1.⁰
528 2677 559 2743 Si
580 2680 745 2766 objectum
772 2682 1002 2747 subalternatae
1027 2678 1169 2769 scientie
1193 2677 1283 2745 addit

158 2804 257 2869 supra
275 2786 441 2872 objectum
465 2787 717 2854 subalternantis
745 2789 962 2855 differentiam
980 2788 1228 2854 accidentariam
1251 2796 1283 2852 et

158 2905 364 2971 extraneam,
391 2915 456 2960 non
485 2897 545 2962 erit
564 2915 667 2963 unum
688 2916 745 2981 per
762 2916 815 2975 se,
836 2898 896 2963 sed
917 2915 1019 2963 unum
1045 2915 1103 2980 per
1121 2895 1281 2970 accidens,
1405 2896 1407 2908 '

159 3011 375 3088 aggregatum
396 3022 514 3087 nempe
542 3023 582 3069 ex
607 3004 734 3088 objecto
762 3005 937 3101 superioris
959 3004 1101 3071 scientiae
1132 3011 1164 3068 et
1189 3003 1283 3069 dine·

160 3110 263 3175 tentia
291 3111 491 3179 accidentali.
521 3112 621 3197 Atqui
652 3113 801 3196 superius
820 3121 1020 3198 praeceptum
1046 3120 1283 3194 ostensumque

159 3219 236 3295 fuit,
258 3219 422 3304 objectum
441 3218 582 3285 scientiae
601 3220 720 3286 debere
739 3239 812 3286 esse
832 3239 935 3286 unum
956 3239 1013 3304 per
1031 3239 1078 3286 se.
1099 3219 1183 3304 Ergo
1202 3218 1280 3282 falsa

160 3335 211 3391 est
239 3326 386 3392 doctrina
412 3327 545 3402 tradita,
576 3328 657 3393 circa
684 3328 888 3394 conditiones
910 3337 944 3394 et
967 3337 1116 3394 naturam
1140 3325 1282 3392 scientiae

160 3433 403 3501 subalternatae.

227 3548 332 3625 Resp.
354 3541 449 3606 Varie
467 3543 602 3608 solvunt
615 3551 764 3609 auctores
782 3546 844 3609 hoc
858 3554 1090 3628 argumentum
1111 3541 1198 3628 apud
1217 3541 1285 3606 Ru·

160 3647 253 3715 bium
271 3647 341 3736 (f),
360 3647 519 3730 Joannem
547 3671 565 3714 a
588 3649 621 3716 S.
646 3650 775 3716 Thoma
793 3648 861 3738 (2),
887 3661 920 3716 et
941 3644 1280 3735 complutensem).

160 3755 295 3841 Optima
315 3777 393 3824 vero
413 3757 542 3822 videtur
560 3757 672 3832 Rubii,
694 3755 899 3837 toanntsaS.
912 3751 1280 3842 Thoma,Tofeti(4)ac

164 3863 295 3949 Georgii
311 3863 442 3930 Rhodes
461 3863 513 3952 (5)
525 3866 704 3949 responsio,
718 3883 838 3951 nempe
861 3865 1057 3932 «scientiam
1082 3865 1286 3932 subalterna·

161 3984 229 4040 tam
243 3991 307 4039 non
324 3973 441 4038 habere
458 3991 517 4057 pro
532 3974 679 4058 subjecto
691 3973 770 4039 iilud
787 3987 1015 4059 aggregatum,
1033 3981 1070 4038 ut
1084 3983 1133 4039 est
1148 3987 1208 4037 ens
1230 3989 1287 4054 per

162 4080 311 4146 accidens
335 4079 551 4146 constitutum
580 4099 622 4146 ex
648 4079 835 4148 accidentali
865 4081 1044 4148 differentia
1075 4089 1107 4145 et
1138 4079 1287 4164 subjecto

166 4291 446 4304 ψ

198 4389 238 4450 (ι)
274 4384 363 4458 1,ομ
379 4382 429 4441 lib.
449 4391 486 4440 1.·
501 4384 595 4453 Pasa,
611 4395 694 4441 tract.
710 4383 746 4440 de
759 4382 927 4442 Subaftern.
943 4385 1058 4453 scient„
1075 4403 1105 4442 n.
1122 4401 1215 4456 2549.

198 4473 240 4544 (a)
276 4474 365 4549 Lep„
380 4493 410 4545 q.
426 4491 475 4546 ης,
491 4485 547 4531 art.
563 4492 596 4542 a,
611 4473 841 4531 desecandum.

198 4567 239 4633 (3)
278 4562 645 4636 Loe.cit.q.a,an.rp.
841 4583 846 4593 ·

197 4653 240 4724 (4)
274 4652 395 4729 Logia„
410 4653 460 4710 fib.
478 4661 517 4709 ιθ
530 4653 657 4721 Pomm,
672 4671 735 4725 eap.
751 4671 784 4725 7,
800 4664 904 4723 quaest,
918 4651 1067 4727 1,Exquo
1081 4653 1287 4726 attemperes.

198 4746 239 4814 (ς)
275 4741 390 4801 an'fos.
406 4743 514 4817 persp..
528 4741 577 4802 lib.
594 4761 627 4816 4,
642 4741 719 4815 disp.
737 4763 760 4814 z,
777 4761 806 4815 q.
824 4762 848 4813 r,
863 4754 931 4802 sect.
950 4763 977 4816 3,
992 4743 1041 4802 An
1054 4743 1216 4806 secundam.
