3492 5525
551 448 611 506 oao
666 443 790 508 Locren
805 442 1035 517 Maron-Lm.
1055 458 1124 522 ψ,
1141 444 1233 507 Drse.
1248 457 1294 528 4.·
1309 444 1386 509 Can.
1406 461 1477 509 aum

578 628 704 697 Etenim
724 628 853 714 singula
871 626 1059 693 testimonia
1081 625 1220 694 seorsim
1239 637 1374 713 accepta
1398 629 1477 697 nihil
1496 630 1636 714 quidem

512 735 546 802 in
565 737 682 821 seipsis
701 736 807 823 magis
822 736 960 812 babent,
975 734 1045 801 sive
1059 737 1214 803 accedant
1228 736 1297 803 sive
1312 756 1378 802 non
1397 738 1557 805 accedant
1567 739 1634 815 alii,

513 863 581 909 rem
600 846 751 909 eamdem
770 852 945 925 testantes;
969 844 1028 909 sed
1046 854 1157 909 tamen
1176 863 1252 909 cum
1272 844 1414 928 idipsum
1435 845 1487 911 alii
1508 855 1635 913 testan-

511 964 582 1029 tur,
602 952 802 1037 manisestum
815 953 959 1017 redditur
976 952 1026 1028 id,
1042 952 1133 1036 quod
1151 952 1249 1017 etiam
1266 951 1355 1037 prius
1373 953 1556 1028 habebant,
1576 954 1635 1019 sed

511 1064 676 1129 occultum
700 1070 784 1137 erat,
814 1060 1073 1145 nempe'veritas
1103 1060 1307 1128 narrationis.
1337 1060 1634 1131 Quemadmodum

511 1170 623 1235 lumen
638 1186 715 1235 cum
730 1169 896 1255 objectum
919 1167 1043 1234 visibile
1057 1167 1235 1244 illuminat,
1256 1187 1323 1235 non
1347 1168 1428 1234 illud
1444 1169 1581 1253 quidem
1599 1171 1634 1235 in
1739 1217 1741 1220 -

510 1278 619 1363 seipso
639 1278 809 1353 immutat,
831 1295 946 1342 verum
966 1275 1042 1341 facit
1062 1294 1216 1359 apparere
1238 1295 1276 1341 ac
1302 1276 1427 1343 visibile
1456 1277 1577 1343 reddit.
1598 1277 1634 1343 Si

511 1404 571 1453 nos
589 1383 703 1452 intueri
721 1402 894 1469 possemus
912 1382 1060 1449 animum
1084 1383 1263 1467 loquentis,
1284 1385 1429 1449 valorem
1449 1385 1634 1451 testimonii

510 1496 579 1579 eJus
588 1491 776 1559 immediate
786 1508 1076 1576 cognosceremus3
1089 1492 1165 1574 quia
1175 1510 1252 1557 vero
1262 1491 1434 1558 intuitione
1450 1492 1631 1557 alienarum

508 1601 736 1687 cognitionum
751 1618 917 1675 caremus,
937 1598 1193 1684 confugiendum
1212 1600 1307 1665 nobis
1321 1609 1370 1666 est
1384 1600 1426 1665 ad
1438 1612 1527 1666 certa
1541 1618 1634 1683 quae-

508 1710 584 1775 dam
605 1716 736 1774 externa
747 1702 885 1781 indicia,
905 1725 979 1790 quae
999 1706 1207 1790 potissimum
1223 1709 1369 1773 relucent
1387 1708 1419 1772 in
1438 1708 1634 1773 collectione

508 1817 651 1901 plurium
671 1814 823 1891 testium,
845 1824 882 1879 ut
901 1814 1035 1890 exinde,
1055 1813 1089 1879 id
1107 1815 1198 1898 quod
1217 1814 1296 1879 latet
1313 1816 1501 1892 occultum,
1530 1817 1634 1881 mani·

509 1927 645 1992 testetur
663 1922 884 1989 audientibus.

552 2038 714 2100 Instabis.
735 2031 788 2098 2.⁰
835 2029 866 2095 Si
886 2030 1020 2096 testium
1040 2030 1183 2113 plurium
1212 2030 1359 2096 collectio
1378 2029 1458 2095 nibil
1477 2028 1635 2096 immutat

508 2140 540 2205 in
556 2138 660 2223 seipsa
676 2146 825 2205 naturam
841 2136 1036 2214 testimonii,
1053 2136 1258 2220 impossibile
1273 2148 1339 2214 est,
1352 2145 1389 2205 ut
1402 2137 1633 2203 certitudinem

474 2292 478 2303 ·
508 2247 609 2333 pariat
630 2265 788 2329 unquam.
1262 2233 1270 2254 '

574 2356 675 2436 Nam;
696 2352 738 2441 α)
757 2354 876 2439 singuli
895 2362 1035 2435 possunt
1049 2353 1112 2418 salli
1128 2361 1160 2417 et
1180 2353 1288 2419 tallere
1307 2372 1367 2420 seu
1386 2354 1531 2420 mentiri.
1548 2354 1634 2439 Ergo

507 2462 653 2529 similiter
672 2478 801 2527 omnes.
824 2458 863 2549 β)
882 2458 1007 2545 Singuli
1026 2462 1172 2544 proiecto
1196 2461 1286 2526 liberi
1313 2463 1446 2527 luerunt
1466 2462 1509 2527 ad
1537 2480 1635 2527 men-

507 2571 669 2636 tiendum.
692 2569 794 2653 Atqui
813 2568 868 2635 ubi
883 2568 976 2634 adest
995 2569 1126 2634 libertas
1144 2570 1185 2634 ad
1209 2568 1460 2644 mentiendum,
1481 2578 1636 2635 constare

508 2678 638 2762 nequit,
659 2695 742 2744 num¹
758 2694 870 2759 reapse
886 2677 1092 2741 mendacium
1112 2676 1208 2741 adsit.
1228 2676 1354 2762 Ergo...

575 2795 680 2871 Resp.
701 2805 772 2870 neg.
791 2793 905 2851 assert.
1185 2845 1189 2852 .

575 2895 626 2960 Ad
646 2895 871 2980 probationem
891 2891 931 2978 α)
947 2893 1024 2959 dist.
1046 2899 1128 2959 ant:
1146 2902 1178 2957 et
1198 2892 1231 2957 in
1253 2893 1452 2977 quibusdam
1468 2893 1633 2978 adjunctis

508 3012 636 3069 constat
653 3003 800 3086 singulos
821 3019 880 3066 nec
903 2999 1008 3084 decipi
1024 2989 1092 3065 'nec
1107 2999 1235 3066 mentiri
1258 3001 1300 3065 de
1318 3002 1420 3076 sacto,
1441 3021 1542 3077 conc„
1565 3019 1633 3066 non
1739 2995 1741 3017 '

508 3119 646 3185 constat,
663 3127 755 3192 neg.;
769 3117 802 3173 et
816 3109 891 3174 dist.
913 3107 1029 3191 pariter
1047 3125 1270 3189 consequens,

575 3217 626 3282 Ad
642 3215 684 3304 vll)
703 3216 816 3281 eadem
837 3222 909 3282 esto
929 3214 1115 3300 responsio,
1134 3215 1358 3299 distinguendo
1382 3218 1516 3302 Major.;
1538 3215 1631 3282 liberi

509 3325 643 3409 quidem
662 3325 794 3390 luerunt
814 3323 854 3387 ad
865 3321 1091 3399 mendacium,
1107 3322 1166 3389 sed
1181 3322 1381 3407 quandoque
1393 3332 1524 3390 constat
1537 3325 1629 3402 satis,

509 3451 566 3498 eos
585 3431 731 3498 libertate
750 3450 810 3497 sua
829 3429 1008 3496 mentiendi
1024 3448 1090 3495 non
1109 3449 1189 3496 usos
1205 3449 1295 3507 esse,
1310 3449 1412 3508 conc„
1433 3433 1541 3506 aliter,
1557 3451 1630 3515 neg.

577 3538 857 3620 Contradistinguo
871 3537 1003 3614 Minor.‚
1020 3537 1053 3602 in
1069 3536 1268 3621 quibusdam
1283 3537 1464 3623 adjunctis,
1479 3557 1582 3615 conc,
1598 3539 1631 3604 in

509 3646 595 3723 aliis,
612 3655 645 3711 et
662 3645 855 3712 nominatim
874 3645 907 3710 in
926 3643 982 3722 iis,
1003 3663 1078 3729 quae
1098 3635 1450 3729 modo'exposuimus,
1467 3665 1539 3732 neg.

576 3755 613 3821 Et
632 3773 703 3838 neg.
724 3771 860 3836 conseq.

575 3863 632 3928 Dic
656 3861 751 3936 mihi,
773 3869 854 3927 tune
878 3861 1024 3926 mentiris
1047 3862 1322 3945 quotiescumque
1340 3872 1397 3929 aut
1420 3871 1514 3946 potes
1539 3884 1634 3932 men-

507 3972 575 4048 tiri,
595 3980 651 4036 aut
669 3969 849 4036 libertatem
870 3969 971 4034 habes
989 3968 1157 4055 physicam
1178 3969 1374 4036 mentiendi?
1392 3971 1568 4038 Fallerisne
1597 3975 1631 4040 in

507 4077 678 4154 omnibus
709 4079 741 4142 in
771 4077 892 4160 quibus
918 4077 1057 4143 lallibilis
1086 4078 1142 4143 es?
1167 4077 1301 4144 Minime
1325 4096 1421 4156 sane,
1449 4083 1634 4164 apotemia

509 4204 651 4269 namque
661 4170 710 4251 'ad
729 4195 837 4251 actum
858 4202 924 4250 non
943 4186 1029 4251 valet
1047 4186 1294 4268 consequentia.
1319 4186 1433 4271 ltaque
1458 4188 1486 4254 si
1504 4199 1632 4256 certum

509 4301 575 4369 est,
595 4302 696 4359 testes
716 4310 945 4377 sepenumero
963 4311 1040 4357 vera
1059 4292 1260 4374 renuntiare;
1280 4301 1351 4359 tota
1372 4293 1549 4362 difficultas
1568 4307 1635 4363 stat

508 4402 541 4467 in
559 4402 808 4486 cognoscendo,
829 4401 1040 4483 quandonam
1061 4419 1137 4466 vera
1156 4400 1356 4470 renuntient.
1377 4402 1476 4485 ldque
1496 4403 1524 4469 si
1543 4417 1634 4472 certo

508 4518 625 4574 notum
639 4527 711 4574 esse
727 4517 851 4592 potest,
867 4517 993 4573 certum
1009 4526 1165 4574 assensus
1179 4507 1343 4574 motivum
1359 4510 1502 4594 prebeat
1517 4530 1634 4579 eorum
1739 4512 1741 4517 '

510 4614 748 4691 testimonium,
770 4633 902 4681 necesse
921 4626 986 4696 est;
1003 4615 1162 4698 quidquid
1179 4616 1222 4682 sit
1235 4613 1276 4681 de
1291 4617 1425 4703 physica
1439 4618 1588 4701 potentia
1602 4629 1636 4684 et

511 4724 672 4801 libertate,
705 4742 806 4807 quarn
836 4722 1008 4791 habuerint
1040 4721 1229 4790 illusionum
1258 4742 1296 4790 ac
1323 4725 1498 4792 mendacii.
1529 4727 1634 4812 Atqui
1739 4808 1741 4811 Ι
