3492 5525
271 481 393 545 harre.
408 496 469 563 4²·
481 480 759 547 Gmouscssrrr.
777 494 948 552 svecirrcs
961 500 1093 549 ornasse
1147 498 1203 567 503
1244 463 1249 468 ³

120 666 254 749 aliquod
275 672 420 733 creatum
439 666 658 736 deserendum
687 666 745 743 sit,
773 666 923 737 omnium
951 669 1061 753 potius
1080 670 1242 754 jacturam

120 776 243 849 tacere,
264 791 364 857 quam
391 772 496 841 Deum
516 772 666 845 amittere
685 772 851 845 malimus.
881 775 1021 844 Necesse
1034 764 1157 845 'autem
1175 794 1243 842 non

118 892 169 949 est
188 881 409 949 adhaesionem
440 880 674 969 metaphysica
700 880 903 953 certitudinis
927 884 1085 968 maiorem
1108 901 1243 967 quoque

118 989 270 1055 intensive
288 1006 376 1066 esse,
394 1007 495 1072 quam
516 988 660 1077 physice
676 997 731 1057 aut
747 990 920 1077 moralisad
935 990 1127 1078 haesionem.
1139 976 1244 1059 lotenss

117 1098 169 1163 sio
188 1114 331 1179 namque
349 1096 545 1166 adhaesionis
564 1097 685 1182 pendet
703 1116 744 1165 ex
764 1098 878 1184 majori
897 1106 955 1169 aut
973 1097 1090 1165 minori
1109 1096 1243 1167 eviden-

118 1204 162 1269 tia
181 1211 214 1270 et
232 1204 400 1272 vivacitate
416 1204 699 1289 apprehensionis,
721 1216 754 1275 et
772 1222 918 1273 crescere
937 1214 993 1271 aut
1012 1204 1115 1273 minui
1135 1212 1243 1289 potest

119 1312 218 1379 etiam
238 1311 270 1380 in
297 1313 415 1381 eodem
432 1311 536 1397 gradu
559 1312 711 1396 specilico
730 1312 950 1388 certitudinis,
973 1330 1032 1398 pro
1052 1312 1165 1398 majori
1185 1322 1241 1379 aut

119 1418 238 1485 minori
255 1420 434 1487 attentione
453 1418 643 1503 ceterisque
662 1419 841 1505 adjunctis,
859 1439 895 1487 ac
910 1418 1047 1504 proinde
1061 1418 1242 1487 accidenta-

118 1527 158 1593 lis
173 1534 235 1593 est.
255 1525 307 1595 Sic
326 1528 424 1594 otiam
448 1546 541 1593 amor
560 1526 617 1594 Dei
636 1536 744 1611 potest
765 1528 968 1610 appretiative
985 1545 1141 1611 summus!
1155 1546 1240 1605 esse,
1334 1617 1338 1626 ἢ
1389 1555 1394 1563 ·

118 1634 193 1700 licet
212 1634 364 1701 intensive
383 1635 425 1701 sit
445 1636 553 1712 minor
566 1654 678 1699 amore
697 1634 771 1712 tilii,
792 1636 890 1719 patris
908 1636 958 1703 vel
976 1634 1083 1703 amici.

464 1794 670 1863 Socvuururr
691 1812 907 1875 osyecrrovss.

163 1953 218 2025 66.
270 1962 418 2041 objicies
440 1970 487 2024 1.⁰
514 1956 684 2025 Certirudo
703 1958 753 2022 vel
773 1968 822 2024 est
843 1956 1063 2044 metaphysica
1082 1957 1134 2023 vel
1154 1959 1242 2027 nulla

117 2072 182 2129 est.
204 2064 288 2133 Nam
308 2064 494 2131 «certitudo
512 2074 591 2131 tunc
610 2064 719 2131 solum
740 2064 894 2142 habetur,
914 2083 991 2133 cum
1010 2065 1118 2132 omnis
1132 2064 1243 2135 sormi·

116 2172 161 2237 do
193 2172 316 2239 erroris
344 2183 395 2239 est
424 2173 571 2253 exclusa3
604 2170 744 2243 formido
762 2180 871 2245 autem
899 2173 1014 2239 erroris
1036 2183 1115 2240 tunc
1132 2174 1241 2244 solum
1358 2243 1360 2248 ,

116 2280 319 2355 excinditur,
340 2298 416 2347 cum
445 2280 616 2348 manifesta
646 2288 696 2347 est
724 2278 968 2365 impossibilitas
992 2281 1152 2365 oppositi,
1171 2280 1241 2348 sive

116 2406 195 2455 cum
224 2399 356 2472 apparet
376 2388 419 2453 rei
441 2388 632 2463 necessitas,
659 2386 728 2455 sive
751 2388 901 2455 absoluta
925 2386 994 2454 sive
1018 2388 1239 2476 hypothetica.
1300 2450 1304 2457 .

117 2495 203 2580 Ergo
219 2502 298 2561 tunc
318 2496 426 2561 solum
442 2494 580 2561 habetur
597 2496 773 2571 certitudo,
790 2513 865 2563 cum
882 2494 926 2562 rei
947 2493 1125 2562 necessitas
1141 2516 1241 2581 appa-

4 2666 5 2701 3
117 2610 183 2679 ret,
200 2600 268 2671 sive
291 2595 439 2669 absoluta
459 2602 527 2668 sive
546 2602 767 2689 hypothetica.
785 2602 886 2686 Atqui
908 2609 988 2669 tunc
1001 2602 1131 2673 obtinet
1151 2605 1241 2669 certi·

116 2712 198 2778 tudo
217 2709 451 2797 metaphysica.
475 2709 559 2796 Ergo
586 2711 636 2774 vel
655 2710 1063 2806 certitudo'metaphysica
1090 2711 1238 2789 habetur,

116 2820 170 2882 vel
190 2819 278 2884 nulla
293 2827 342 2886 est
357 2818 542 2886 certitudo»
562 2815 576 2906 (
603 2816 627 2902 ).

184 2932 289 3010 Resp.
315 2945 383 3010 neg.
409 2934 582 2994 assertum.
609 2925 809 2992 Probationis
837 2925 976 3011 primam
1001 2927 1161 2994 Minorem
1186 2928 1236 2997 di·
1327 2953 1331 2961 ·

116 3033 253 3116 stinguo:
278 3032 519 3099 formidatum
543 3034 649 3100 solum
679 3032 879 3110 eacloditur,
903 3052 978 3100 cum
997 3033 1167 3102 manifesta
1189 3044 1241 3101 est

116 3140 361 3224 impossibilitas
380 3141 541 3225 oppositi,
572 3141 795 3227 metaphysica
822 3143 873 3210 vel
899 3142 1060 3218 absoluta,
1083 3163 1122 3208 ea
1145 3144 1241 3211 nimi·
1337 3221 1341 3231 ,

116 3267 210 3324 rum,
230 3267 295 3331 qua
311 3248 474 3333 judicetur
492 3249 682 3334 oppositum
703 3248 807 3316 hicet
824 3268 912 3320 nunc
930 3269 987 3334 per
1005 3252 1128 3318 nullam
1150 3269 1240 3335 pror·

115 3374 179 3422 sus
190 3356 369 3439 potentiam
388 3354 457 3422 lieri
476 3374 587 3440 posse,
604 3375 696 3441 ηιμ·
711 3377 787 3425 cunr
799 3357 971 3425 manifesta
989 3368 1040 3426 est
1053 3358 1239 3443 impossibi·
1288 3415 1292 3423 .

115 3464 191 3532 litas
210 3465 324 3530 saltem
341 3460 475 3550 physica
490 3465 541 3529 vel
561 3464 709 3540 moralis,
729 3483 817 3531 conc.

185 3569 287 3636 Simili
307 3570 407 3638 modo
427 3570 503 3638 aisa.
524 3570 667 3655 primum
686 3591 906 3660 consequens.
928 3572 1087 3639 Minorem
1103 3574 1236 3640 alteram

116 3678 350 3762 subsumptam
378 3677 553 3762 distinguo:
578 3679 605 3747 si
635 3679 768 3747 nomine
797 3679 999 3747 necessitatis
1021 3679 1180 3748 absolutae
1205 3692 1237 3749 et

116 3785 340 3871 hypotheticae
363 3785 559 3872 intelligatur
581 3786 756 3854 necessitas
780 3805 838 3871 per
856 3806 1102 3871 quamcumque
1124 3798 1239 3873 poten·

116 3894 194 3958 tiam
215 3893 448 3970 ineluctabilis,
467 3913 555 3961 conc.
576 3912 688 3970 secus,
709 3913 795 3978 nego.

148 4041 160 4052 -
184 4000 325 4085 Duplicis
354 4001 483 4086 generis
501 4013 550 4068 est
580 4000 788 4089 hypothetica
806 4020 865 4068 seu
885 4003 1110 4071 conditionalis
1128 4023 1238 4070 neces·
1322 4043 1327 4055 ·

114 4108 207 4183 sitas,
226 4110 327 4174 altera
344 4127 418 4192 quae
432 4107 578 4176 continet
593 4109 802 4196 hypothesim
819 4112 870 4176 vel
885 4111 1109 4179 conditionem
1127 4113 1236 4178 solum

116 4215 305 4282 naturaliter
335 4215 530 4312 inserentem
559 4203 829 4284 conditionatum:
858 4217 933 4284 talis
973 4227 1025 4284 est
1063 4221 1237 4287 necessitas

114 4321 202 4408 ignis
221 4323 261 4388 ad
280 4322 556 4399 comburendum,
572 4323 597 4389 si
616 4325 788 4406 applicatio
810 4325 1019 4392 comhrcstihila
1041 4327 1238 4403 sufficienter

113 4429 331 4514 dispositum3
346 4430 392 4496 sic
406 4431 504 4499 etiam
519 4440 722 4500 tormentum
738 4432 889 4500 bellicum
902 4434 1098 4517 exploditur,
1111 4434 1143 4500 si
1151 4436 1237 4520 ignis

112 4538 334 4603 admoveatur.
355 4535 464 4602 Altera
482 4547 533 4604 est
559 4539 766 4624 hypothetica
786 4540 971 4617 necessitas,
991 4561 1066 4625 quae
1092 4543 1237 4610 continet

151 4775 193 4834 (ι)
231 4770 265 4828 Ρ.
289 4767 440 4838 Palmieri,
456 4771 561 4845 Legio.
580 4769 688 4830 Crita’c.
703 4791 765 4842 cap.
784 4772 963 4831 1.ches.lll.
