3492 5525
304 282 421 343 Annae.
448 280 789 345 1.⁰⁸Urnuanocrca
810 298 860 343 srr
873 298 1094 345 necessarus.
1148 298 1223 362 1073

209 470 366 533 Secunm
381 485 462 547 pars
480 463 577 532 etiam
598 465 763 549 probatur.
779 466 863 532 Nam
884 484 951 531 non
971 465 1099 531 videtur
1114 465 1262 530 absolute

141 591 294 657 superare
320 574 473 639 virtutem
501 575 681 639 naturalem
702 574 835 638 humani
861 572 1000 659 ingenii,
1024 584 1060 639 ut
1087 572 1263 656 penetralia

141 679 276 745 aliarum
304 678 512 746 scientiarum
530 679 686 759 introeat,
707 680 785 763 quin
805 680 894 764 prius
913 690 1057 748 transeat
1082 700 1138 764 per
1162 678 1261 745 limen

142 786 278 871 Logicae.

207 900 251 961 Et
266 900 458 963 declaratur
484 896 517 961 in
541 896 630 962 bunc
647 896 798 961 modum:
822 896 957 965 «Potest
974 895 1158 962 intellectus
1189 895 1260 961 sine

140 1001 266 1087 Logicae
281 1001 427 1069 subsidio
441 1022 627 1087 comparare
639 1004 863 1070 conclusiones
878 1002 1071 1069 scientificae
1083 1001 1260 1068 inmediate

125 1109 297 1177 ‚deductas
317 1130 356 1175 ex
375 1111 487 1196 primis
500 1111 679 1196 principiis,
697 1120 733 1177 ut
744 1121 873 1179 constat
887 1130 926 1177 ex
940 1110 1130 1195 probatione
1146 1110 1260 1195 primae

139 1217 404 1302 propositionis.»
423 1220 533 1304 «Ergo
551 1229 584 1285 et
607 1218 683 1284 alias
702 1239 720 1284 a
739 1219 852 1303 primis
870 1218 1034 1304 principiis
1054 1218 1257 1293 remotiores,

138 1325 244 1391 donec
261 1345 379 1393 omnes
398 1328 531 1393 tandem
551 1328 731 1411 acquirat.»

207 1441 335 1502 «Prob.
364 1454 499 1518 conseq.
525 1436 609 1500 Nam
637 1434 863 1500 conclusiones
896 1432 1040 1518 probatae
1070 1452 1137 1517 per
1154 1433 1258 1518 prima

138 1522 293 1625 principia
322 1560 387 1608 non
416 1542 527 1608 minus
546 1551 633 1608 notae
655 1543 724 1627 jam
749 1552 839 1617 sunt,
869 1559 970 1625 quam
991 1540 1143 1626 principia
1172 1540 1255 1625 ipsa.

136 1648 222 1733 Ergo
241 1647 358 1732 poterit
375 1649 558 1715 intellectus
576 1648 638 1715 illis
657 1650 704 1715 uti
719 1658 889 1733 tamquam
906 1647 1082 1733 praemissis
1098 1648 1137 1713 acl
1153 1667 1256 1715 novas
1294 1653 1299 1661 ‘

136 1755 214 1821 alias
232 1757 451 1824 inferendas.»

205 1864 320 1929 «Patet
337 1865 581 1949 consequentia.
602 1866 687 1931 Nam
705 1865 779 1930 ideo
794 1883 835 1930 ex
851 1863 963 1949 primis
978 1862 1140 1948 principiis
1153 1862 1256 1929 dedu·

134 1988 208 2035 cere
225 1972 331 2055 potuit
345 1972 587 2049 conclusiones,
607 1972 684 2055 quia
702 1992 739 2037 ea
759 1973 913 2057 principia
928 1972 987 2057 ipsi
1002 1983 1080 2038 sunt
1094 1970 1255 2037 evidentia

134 2079 206 2143 sine
239 2080 366 2164 logica.
397 2080 464 2146 Sed
484 2081 582 2146 etiam
607 2080 721 2165 primae
743 2080 972 2147 conclusiones
998 2079 1057 2163 ipsi
1082 2080 1150 2165 jam
1178 2086 1255 2145 sunt

135 2186 303 2254 evidentes
321 2186 391 2254 sine
410 2189 544 2273 logica:
559 2189 642 2274 Ergo
658 2189 774 2273 poterit
794 2208 834 2254 ex
852 2188 914 2254 illis
933 2188 1063 2273 proprio
1077 2196 1179 2253 marte
1197 2187 1256 2252 de-

135 2294 252 2360 ducere
270 2314 372 2361 novas
395 2296 484 2361 alias.
511 2296 549 2361 Et
573 2315 649 2361 cum
668 2297 708 2361 de
734 2296 785 2362 his
813 2297 928 2361 eadem
954 2296 995 2361 sit
1018 2294 1114 2371 ratio,
1137 2294 1254 2378 poterit

64 2482 67 2485 ⁴
134 2402 461 2494 sucessivaillatione
477 2404 637 2469 deducere
651 2423 796 2470 omnes»
814 2402 878 2491 (t).

202 2511 299 2594 ldque
318 2512 551 2596 urgeripotest
572 2521 765 2596 argumento
784 2513 823 2578 ad
842 2510 1012 2577 hominem
1039 2518 1151 2576 contra
1168 2508 1255 2575 Tho·

135 2618 266 2694 mistas,
281 2638 329 2685 ex
352 2620 472 2702 quibus
498 2621 680 2687 intellectus
698 2639 756 2703 per
774 2620 912 2703 primam
939 2619 1253 2689 demonstrationem

133 2726 247 2811 accipit
266 2727 350 2793 illico
369 2729 515 2795 habitum
535 2728 643 2794 totalis
658 2728 815 2804 scientiae,
836 2728 893 2811 qui
913 2728 954 2794 ab
968 2727 1048 2812 ipsis
1066 2727 1205 2810 simplex
1221 2734 1254 2791 et

134 2833 293 2901 indivisus
318 2837 537 2912 existimatur,
569 2850 605 2903 ut
625 2856 686 2904 suo
706 2838 776 2902 loco
801 2836 959 2911 vidimus,
981 2836 1025 2902 ita
1045 2843 1082 2900 ut
1101 2835 1253 2917 deinceps
1334 2831 1338 2840 '

134 2943 214 3008 solis
232 2942 375 3028 indigeat
398 2943 567 3029 speciebus
596 2944 636 3009 ad
663 2944 835 3010 eliciendas
861 2943 952 3009 facile
975 2951 1108 3009 caeteras
1136 2960 1253 3008 omnes

133 3051 441 3118 demonstrationes.
471 3053 557 3117 Nam
584 3050 658 3118 hinc
686 3052 834 3136 sequitur
859 3062 934 3135 post
953 3051 1093 3136 primam
1114 3051 1248 3116 demon·

133 3159 325 3224 strationem
354 3170 486 3225 caeteras
514 3160 669 3226 faciliores
696 3179 786 3235 esse,
813 3179 888 3225 cum
904 3161 973 3244 jam
998 3166 1253 3244 praesupponant

133 3265 280 3331 habitum
300 3265 510 3350 acquisitum,
528 3287 586 3332 nec
604 3268 740 3352 proinde
760 3265 912 3354 logicam
933 3255 1250 3348 necessariam'esse3

135 3391 211 3438 nam
228 3375 410 3440 secundum
430 3373 617 3441 Themistas
636 3395 694 3459 per
712 3375 850 3459 primam
875 3375 1188 3442 demonstrationem
1211 3373 1251 3438 de

132 3481 266 3568 Physica
274 3482 341 3568 jam
354 3483 446 3548 adest
464 3483 496 3548 in
511 3483 677 3548 intellectu
692 3482 991 3570 habitusPhysicae,
1013 3501 1120 3566 neque
1136 3481 1176 3546 ad
1190 3499 1253 3546 cae-

130 3598 218 3654 teras
237 3588 532 3656 demonstrationes
544 3590 631 3656 aliud
643 3601 796 3675 preterea
811 3592 994 3675 requiritur,
1011 3609 1113 3674 quam
1129 3589 1251 3674 species

131 3697 360 3781 intelligibiles.
381 3696 481 3780 Atqui
502 3717 568 3763 non
585 3697 771 3783 estLogicae
790 3697 998 3783 suppeditare
1017 3698 1140 3783 species
1159 3697 1252 3763 intel-

130 3803 270 3888 ligibiles
288 3803 358 3871 aliis
376 3803 532 3872 scientiis,
546 3806 629 3890 Ergo
647 3805 680 3871 in
694 3807 747 3871 illa
763 3805 1006 3874 Thomistarum
1022 3803 1182 3872 sententia
1193 3804 1253 3870 Lo-

129 3912 203 3995 gica
222 3911 263 3978 ad
281 3911 417 3978 aliarum
437 3911 643 3980 scientiarum
659 3914 898 3981 assecutionem
914 3915 1092 3982 necessaria
1105 3931 1171 3979 non
1186 3922 1248 3979 est.

395 4147 399 4153 ,
479 4073 676 4144 Solvuurun
693 4091 908 4156 oeJecnoues.

177 4251 254 4322 322.
302 4241 410 4319 obiic.
434 4243 482 4302 1.⁰
527 4238 628 4302 «Non
648 4238 786 4303 babetur
812 4235 946 4303 scientia
966 4237 1025 4305 nisi
1054 4237 1172 4305 rerlexe
1195 4257 1252 4303 co·

128 4353 308 4430 gnoscatur
334 4344 577 4410 conclusionem
602 4363 675 4412 esse
699 4353 785 4412 recte
813 4345 987 4413 deductam
1012 4365 1053 4414 ex
1076 4345 1250 4430 praemissis

165 4582 206 4645 (1)
243 4577 385 4646 Lossado,
401 4574 454 4635 loc.
471 4575 531 4646 cit..
548 4597 576 4635 n.
594 4598 621 4650 7.
