3492 5525
356 462 473 526 Anne.
498 477 557 544 3³¹·
577 459 787 540 Quorunuarr
810 463 1046 528 Paraorcauraa
1165 481 1226 546 749

138 644 325 728 loquendo,
355 645 430 728 quia
462 645 628 730 proprium
656 645 845 731 hujusmodi
873 645 1055 712 secuudum
1084 646 1263 710 naturalem

138 752 289 817 ordinem
312 769 377 818 non
397 761 506 836 potest
523 772 590 819 non
611 770 743 818 manate
761 754 802 820 ab
820 754 978 830 essentia,
999 771 1059 819 nec
1077 761 1186 837 potest
1209 752 1266 817 de·

138 857 249 935 ficere,
267 859 328 925 nisi
347 859 502 948 impediat
517 861 626 929 divina
646 861 790 946 potentia
809 861 1003 927 miraculum
1023 857 1212 948 patrando(
1237 857 1263 948 ).

208 973 384 1052 Quaerltur
397 968 450 1037 ιο
464 975 508 1036 de
522 973 647 1054 quibus
660 975 868 1053 praedicetur
884 974 1077 1054 Proprium.
1094 967 1264 1051 Proprium

137 1073 286 1140 bifariam
312 1074 508 1142 considerari
528 1085 648 1160 polest,
669 1077 775 1160 primo
803 1077 901 1141 relate
918 1076 959 1142 ad
979 1084 1141 1150 naturam,
1171 1075 1265 1160 cujus

137 1189 191 1247 est
211 1183 398 1266 proprium,
426 1191 460 1249 et
486 1184 630 1252 secundo
661 1183 827 1268 proprium
856 1184 889 1249 in
912 1182 1083 1249 communi
1115 1192 1265 1268 respectu

137 1287 258 1372 proprii
278 1288 311 1354 in
328 1287 507 1360 individuo.
530 1290 697 1376 Proprium
717 1309 796 1376 ergo
811 1293 911 1376 relate
929 1291 970 1356 ad
989 1291 1149 1356 rationem
1163 1309 1266 1376 gene·

137 1396 239 1462 ricam
264 1398 315 1462 vel
334 1398 531 1482 specificam,
552 1402 647 1486 cujus
674 1411 724 1466 est
747 1401 928 1484 proprium,
959 1399 1073 1482 nequit
1098 1398 1262 1483 praedlcan‘

1319 987 1438 1042 Quomodo

1322 1062 1433 1129 proprium

1310 1133 1446 1186 predicetur.

140 1513 178 1569 ut
196 1505 389 1581 universale,
410 1507 486 1591 quia
506 1525 571 1574 non
590 1519 679 1591 patet
700 1507 795 1574 latius
813 1503 878 1582 illa,
898 1515 997 1590 atque
1019 1506 1101 1572 adeo
1120 1524 1186 1571 non
1212 1514 1263 1571 est
1309 1519 1313 1530 ·

138 1612 305 1696 proprium
326 1625 473 1698 respectu
493 1614 591 1702 illius,
612 1615 694 1681 sicut
713 1613 862 1698 superius
879 1614 1024 1682 diximus
1049 1615 1091 1678 de
1108 1613 1264 1680 differen-

136 1719 183 1783 tia
201 1729 348 1806 respectu
374 1719 505 1806 speciei.
531 1721 698 1807 Proprium
719 1740 796 1787 vero
815 1721 947 1807 generis
965 1721 1130 1806 praedicari
1153 1731 1263 1807 potest

137 1835 176 1891 ut
204 1827 383 1894 universale
402 1829 442 1894 de
461 1829 641 1915 speciebus,
672 1830 756 1896 sicut
785 1829 951 1913 quantitas
979 1848 1012 1896 ν.
1041 1847 1075 1914 g.
1106 1831 1148 1894 de
1171 1827 1262 1895 omni

137 1934 253 2022 specie,
281 1937 436 2020 corporis,
457 1937 617 2022 ,itemque
651 1937 817 2022 proprium
856 1936 973 2020 speciei
1006 1937 1047 2000 de
1087 1933 1262 2015 individuis

137 2063 171 2109 v.
201 2063 235 2128 g.
263 2041 422 2110 risibilitas
450 2045 490 2109 de
513 2045 652 2130 singulis
681 2043 927 2129 particularibus
952 2043 1152 2110 hominibus.
1184 2045 1263 2109 Pro-

136 2149 244 2234 prium
263 2151 359 2216 etiam
379 2153 411 2218 in
430 2153 599 2220 communi
620 2152 782 2238 praedicari
805 2161 912 2236 potest
938 2160 1108 2239 tamquam
1136 2151 1262 2235 species

135 2257 178 2322 de
191 2257 327 2343 singulis
346 2258 518 2326 individuis
538 2259 685 2344 propriis:
705 2271 740 2327 ut
758 2259 786 2326 si
801 2259 902 2326 dicas:
923 2259 991 2325 Hoc
1013 2259 1132 2325 risibile
1148 2263 1198 2324 est
1216 2260 1263 2325 ri·

134 2365 238 2446 sibile
262 2367 473 2449 nequeenim
494 2377 642 2452 respectu
670 2367 799 2433 illorum
820 2367 918 2433 habet
942 2365 1098 2432 rationem
1125 2365 1257 2451 proprii.

461 2525 759 2618 §Vl—Aceronia
783 2546 934 2595 uoorcun.

186 2689 258 2774 ¹87·
306 2690 352 2754 De
364 2687 518 2755 accidenti
532 2689 711 2767 dubitatur,
731 2690 901 2775 quomodo
916 2689 1079 2776 praedicari
1098 2690 1201 2774 possit
1219 2690 1261 2758 de
1337 2743 1388 2774 ,Μ
1420 2745 1434 2775 ,

134 2798 292 2883 subjecto,
313 2817 388 2866 cum
409 2800 449 2866 sit
472 2799 570 2865 abeo
596 2799 722 2866 realiter
749 2799 954 2875 distinctum,
974 2808 1008 2865 et
1034 2799 1262 2884 contingenter
1341 2873 1346 2885 ,
1373 2802 1379 2844 ³

133 2904 241 2971 eidem
260 2905 446 2985 adveniens,
466 2915 503 2973 ut
517 2927 592 2974 curn
608 2906 698 2973 dicis:
716 2908 829 2973 Petrus
842 2909 1018 2983 eridoctrts,
1032 2910 1084 2973 vel
1094 2907 1183 2972 albus
1195 2916 1258 2976 etc.
1301 2886 1349 2989 ’ᾗ
1368 2888 1423 2989 ΞΟ

133 3010 199 3078 Res
217 3024 328 3080 tamen
356 3014 446 3080 lacile
465 3015 657 3091 declaratur,
679 3033 755 3080 narn
783 3015 815 3081 in
835 3015 886 3081 his
906 3015 1041 3099 aliisque
1065 3012 1261 3099 propositio·

134 3118 232 3186 nibus
255 3120 478 3206 interpretatio
497 3122 601 3208 logica
623 3132 683 3199 est,
706 3132 742 3187 ut
760 3120 968 3207 predicatum
992 3120 1079 3186 idem
1100 3122 1205 3187 valeat
1222 3140 1260 3187 ac

131 3226 248 3293 babens
265 3232 326 3294 iaie
342 3230 498 3305 accidens,
518 3238 617 3313 atque
635 3229 718 3296 adeo
742 3230 791 3295 uis
814 3232 919 3295 allatae
946 3226 1101 3295 orationis
1119 3239 1169 3295 est
1193 3229 1256 3295 bic:

134 3334 251 3401 Petrus
262 3340 310 3401 esi
325 3336 437 3403 babens
454 3338 642 3413 doctrinam,
662 3338 846 3413 albedinem,
864 3346 942 3414 etc„
961 3336 1015 3403 ubi
1035 3338 1126 3403 vides
1142 3336 1261 3423 doctriz

137 3462 214 3509 narn
229 3444 280 3509 vel
295 3445 478 3511 albedinem
497 3463 561 3511 non
575 3444 607 3510 in
623 3453 722 3535 recto,
738 3446 795 3511 sed
808 3444 840 3511 in
856 3444 990 3529 obliquo
1006 3444 1181 3529 praedicari.
1198 3444 1258 3510 Vel

129 3550 281 3617 simavis
300 3570 367 3616 rem
395 3552 486 3618 aliter
503 3554 676 3637 explicare,
699 3554 731 3619 in
756 3552 945 3639 hujusmodi
974 3551 1259 3635 praedicationibus

130 3675 199 3724 non
219 3660 404 3727 enuntiatur
423 3659 572 3728 identitas
591 3660 765 3726 accidentis
782 3680 858 3727 curn
874 3660 1033 3746 subjecto,
1050 3659 1109 3725 sed
1123 3659 1259 3726 actualis

130 3765 211 3831 unio
229 3766 279 3831 vel
300 3765 490 3833 inhaerentia
508 3767 681 3835 accidentis
701 3768 732 3834 in
753 3768 912 3854 subjecto.
933 3768 1041 3845 Quare
1053 3768 1126 3834 licet
1140 3766 1259 3833 doctri·

129 3892 185 3949 na,
207 3874 257 3939 vel
277 3875 393 3940 albedo
411 3882 468 3941 aut
486 3875 654 3958 quodlibet
672 3875 760 3942 aliud
779 3874 928 3941 accidens
945 3893 980 3941 re
999 3874 1221 3961 distinguatur
1239 3894 1259 3940 a

127 3980 290 4066 subjecto,
312 3991 345 4049 et
359 3994 527 4067 propterea
546 3983 644 4049 eliam
661 3993 801 4067 nequeat
816 3982 979 4068 predicari
994 3982 1204 4050 inabstracto
1216 3982 1258 4048 de

126 4090 197 4164 illo,
226 4089 363 4156 dicendo
382 4111 415 4156 v.
440 4109 489 4175 g.:
510 4091 624 4157 Petrus
646 4095 694 4157 est
708 4090 851 4157 doctrina
876 4094 927 4157 vel
943 4092 1064 4167 albedo,
1088 4090 1258 4158 verissime

128 4206 241 4293 tamen
271 4198 463 4282 praedicatur
492 4198 524 4265 iri
544 4208 707 4275 concreto,
728 4199 803 4283 quia
821 4199 847 4265 si
867 4197 983 4265 Petrus
1009 4199 1050 4265 sit
1068 4200 1177 4266 doctus
1204 4198 1257 4264 vel
1339 4278 1344 4289 .

125 4304 231 4381 albus,
249 4305 343 4373 datur
362 4306 595 4403 perfectissima
626 4306 777 4373 identitas
795 4306 879 4373 inter
896 4306 1025 4372 Petrum
1041 4310 1073 4373 el
1094 4306 1257 4373 babentum

126 4411 305 4479 doctrinam
318 4414 369 4480 vel
377 4414 550 4479 albedinem
567 4411 581 4502 (
606 4411 632 4502 ).

167 4664 208 4734 (r)
242 4660 319 4722 Vide
333 4662 477 4733 Loasada.
492 4662 546 4721 loc.
561 4660 625 4731 eit..
638 4660 715 4735 disp.
730 4681 765 4733 a,
780 4681 843 4735 cap.
860 4682 887 4733 3.

165 4759 205 4822 (a)
243 4752 331 4813 Plura
345 4752 428 4813 dabit
448 4750 592 4821 Losaada,
606 4752 661 4811 loe.
676 4751 729 4811 cit.
