3492 5525
296 429 415 493 Anrrc.
435 428 613 493 1.¹¹⁸D1vrs.
631 447 800 494 enoeosrr.
816 445 962 495 marrona
977 407 1131 496 nanterum
1173 451 1231 516 247

155 615 265 700 ipsum
287 614 387 681 etiam
406 614 605 699 subjectum.
625 613 669 679 Ut
688 613 776 678 enim
795 633 836 680 ex
862 632 962 698 supra
984 613 1080 682 dietis
1107 616 1148 681 de
1172 617 1272 684 verbo

154 723 328 788 innotescit
360 719 427 809 (1),
461 723 530 787 haec
557 721 751 806 propositio:
784 722 872 786 Deus
893 725 956 797 est,
991 723 1023 788 in
1053 724 1137 788 hanc
1169 723 1272 808 logice

156 831 339 896 resolvitur:
354 831 440 896 Deus
450 834 497 895 est
507 829 659 895 existens:
677 838 710 895 et
728 831 820 895 haecz'
832 829 946 894 Petnas
962 829 1074 895 scribit
1089 831 1223 908 librum,
1239 831 1271 896 in

155 937 250 1003 hanc:
275 937 388 1002 Petrus
414 941 461 1002 esi
474 936 613 1024 scribens
629 936 763 1002 librum:
792 947 824 1004 et
851 937 936 1002 haec:
960 936 1104 1012 Gaudeo,
1126 936 1158 1002 in
1186 938 1272 1004 hanc

155 1043 266 1110 aliam:
284 1045 422 1128 Egeram
431 1046 587 1127 gaudens,
608 1051 752 1127 quaeest
770 1042 811 1108 de
828 1041 926 1109 tertio
945 1043 1124 1128 adjacente.

221 1150 253 1216 Si
272 1171 369 1236 porro
382 1169 508 1234 quaeras
524 1150 682 1215 rationem
697 1151 955 1235 appellationum
970 1151 1104 1216 harum:
1124 1152 1269 1230 Attende,

153 1257 306 1343 inquieti.-
318 1259 471 1325 Albertus
482 1259 633 1343 Magnus,
653 1260 736 1342 qued
754 1259 808 1322 loc
824 1257 954 1323 aerium
971 1271 1025 1324 est
1043 1259 1168 1324 endum
1180 1261 1273 1347 adja-

153 1385 227 1432 cens
248 1367 366 1432 aetna
392 1368 427 1431 in
443 1365 668 1448 propositione,
696 1364 731 1429 in
748 1383 811 1450 qua
834 1365 889 1430 bac
914 1365 1041 1431 verbam
1064 1380 1118 1433 est
1142 1371 1275 1434 nonest

148 1475 369 1556 paediam,
389 1473 425 1538 id
440 1477 502 1548 est,
523 1490 574 1537 res
588 1472 775 1554 praedicata,
790 1475 846 1537 sed
862 1475 910 1537 est
925 1475 1054 1538 tamtum
1066 1477 1140 1538 nota
1153 1481 1272 1556 compo·

151 1580 555 1662 amnemamnem
581 1580 732 1666 subjecto,
749 1577 793 1644 'ut
816 1598 888 1645 cam
913 1578 1048 1646 dieitur:
1077 1587 1192 1648 Homo
1219 1595 1273 1648 est

152 1695 265 1756 albus.
286 1690 327 1754 Et
337 1692 411 1753 lanc
428 1687 548 1752 dicitur
559 1692 702 1753 tertium
719 1691 894 1768 adjacens,
914 1706 978 1752 non
999 1687 1125 1764 ordine,
1146 1689 1201 1753 sed
1213 1707 1273 1754 na-

153 1815 258 1862 mero:
275 1796 385 1860 ordine
403 1794 485 1859 enim
502 1795 673 1858 secundam
694 1797 741 1858 est
755 1795 914 1880 adjacens.
934 1794 997 1860 Sed
1013 1795 1089 1878 quia
1109 1795 1273 1878 conjungi-

154 1905 232 1969 bilia
250 1908 326 1968 sunt
339 1906 411 1968 ante
427 1900 673 1989 conjunctionem
686 1918 808 1977 eorum,
828 1904 859 1966 el
875 1900 1082 1983 composibilia
1099 1906 1171 1966 ante
1193 1921 1274 1966 com-

148 2011 350 2098 positionm
361 2029 431 2076 cam
444 2008 689 2090 compositionem
702 2007 817 2073 nonsit
828 2008 1001 2091 intelligere
1011 2008 1272 2091 sinecomposilis;

155 2119 211 2183 tac
227 2121 318 2184 modo
345 2119 497 2202 manenda
518 2117 573 2181 loc
590 2121 738 2184 verbum
762 2129 817 2182 est
840 2114 933 2180 eliam
959 2113 1070 2180 ordine
1086 2119 1135 2182 est
1149 2116 1274 2180 tertium

153 2222 384 2312 adjmens(2),

205 2336 278 2398 108.
324 2333 480 2400 Praeterea
493 2331 616 2409 ratione
627 2327 850 2414 dispositionis
861 2329 1077 2397 terminorum
1092 2329 1272 2416 propositio

153 2440 309 2507 dividitur
326 2439 360 2505 in
377 2441 526 2506 directam
547 2457 605 2504 seu
623 2439 815 2514 namnetem,
836 2445 869 2502 et
892 2437 1077 2504 indirectam
1101 2456 1160 2505 seu
1179 2439 1273 2504 inna-

152 2550 300 2619 taratra.
328 2547 489 2614 Naturalis
506 2555 558 2612 est
575 2546 645 2622 illa,
666 2547 698 2611 in
724 2563 791 2628 qua
813 2545 885 2616 loco
910 2546 1072 2629 praedicati
1096 2547 1272 2612 collocetur

152 2656 314 2721 terminus
324 2654 510 2740 significans
525 2654 663 2718 sormam
678 2654 730 2717 vel
745 2653 844 2718 instar
859 2653 986 2727 sormae,
1002 2663 1034 2718 et
1052 2655 1124 2720 loco
1134 2653 1271 2739 subjecti
1295 2651 1321 2743 ¹¹·
1331 2652 1374 2753 J
1385 2638 1403 2683 ³⁸
1413 2654 1478 2755 ‘nm'

151 2765 316 2829 terminus
332 2762 520 2848 significans
537 2762 578 2827 ad
598 2760 735 2827 modum
753 2760 932 2845 suppositi,
961 2762 1012 2826 vel
1031 2760 1128 2827 etiam
1148 2762 1217 2839 illa,
1239 2763 1271 2827 in

154 2890 221 2956 qua
240 2872 451 2956 praedicatum
470 2870 567 2936 latius
585 2878 672 2955 patet
690 2887 791 2951 quam
810 2869 1010 2954 subjectum.
1034 2868 1072 2936 Et
1095 2888 1113 2933 e
1136 2888 1273 2937 conver-

153 2998 194 3045 so
223 2977 401 3062 propositio
434 2985 484 3043 est
512 2976 718 3052 innaturalis,
747 2994 823 3042 cum
850 2974 981 3043 termini
1014 2976 1113 3041 modo
1143 2978 1272 3043 inverso

152 3086 387 3171 disponuntur.
408 3084 555 3151 Brevius:
577 3083 758 3169 Propositio
777 3091 827 3149 est
847 3084 1017 3158 naturalis,
1043 3084 1176 3167 quando
1194 3102 1273 3151 con-

152 3195 238 3259 tinet
250 3193 504 3275 praedicationem
516 3193 707 3267 namnetem,
724 3202 757 3258 et
772 3189 978 3267 innaturalis,
995 3190 1128 3274 quando
1142 3190 1273 3259 innatu-

153 3303 275 3367 ralem:
296 3302 338 3366 de
356 3300 477 3385 quibus
495 3300 569 3365 alibi
588 3300 713 3365 dictum
734 3307 784 3364 est
802 3295 866 3385 (3).

222 3406 382 3474 Dividitur
390 3410 488 3474 etiam
504 3406 681 3492 propositio
693 3406 816 3471 ratione
830 3404 1045 3473 terminorum
1059 3404 1092 3471 in
1108 3406 1273 3475 identicem
1341 3425 1435 3473 retum

150 3526 185 3583 et
193 3517 375 3603 formalem.
390 3514 529 3581 identica
537 3525 588 3582 est
603 3514 672 3591 illa,
688 3514 720 3579 in
736 3532 802 3597 qua
813 3513 1037 3597 praedicatum,
1054 3522 1109 3579 aut
1123 3523 1174 3581 est
1185 3515 1271 3583 idem
1318 3506 1339 3543 ‘¹
1352 3498 1457 3545 Μὴ·

149 3625 225 3708 ipse
244 3623 420 3699 terminus,
437 3624 494 3706 qui
513 3624 621 3689 locum
640 3630 779 3717 occupat
797 3620 950 3705 subjecti,
972 3631 1027 3688 aut
1042 3623 1069 3689 si
1086 3641 1152 3688 non
1170 3624 1269 3700 idem,

149 3740 204 3798 est
233 3731 349 3796 saltem
375 3732 517 3814 perfecte
540 3746 766 3815 synonymus,
788 3749 822 3793 v.
842 3748 877 3813 g.
904 3728 991 3793 homo
1015 3739 1064 3796 est
1092 3730 1190 3813 barno,
1221 3734 1272 3796 vel

147 3837 239 3906 ensis
255 3846 306 3903 est
317 3837 456 3921 gladius.
484 3835 640 3903 Formalis
659 3855 677 3900 e
694 3853 853 3901 converso
867 3835 937 3913 illa,
955 3836 1050 3920 cuius
1068 3838 1197 3904 termini
1226 3838 1272 3904 di-

149 3947 367 4029 stinguuntur
385 3943 524 4020 ratione,
541 3945 657 4009 saltem
676 3943 859 4008 secundum
880 3942 1073 4025 implicitum
1093 3952 1126 4009 et
1144 3945 1274 4029 explici-

147 4064 226 4119 tum
246 4048 311 4139 (4),
332 4059 384 4115 ut:
399 4051 522 4116 animal
537 4055 584 4116 est
598 4048 791 4129 substantie·
808 4050 907 4115 Homo
920 4053 967 4115 esl
976 4051 1097 4116 animal
1106 4052 1271 4118 rationale.

185 4267 232 4339 (ι)
270 4264 367 4336 Supra
383 4263 510 4336 n.98in
522 4262 573 4322 fin.

185 4363 230 4424 (a)
268 4353 332 4413 Cir.
349 4353 383 4411 S.
400 4354 505 4430 Thom,
522 4354 685 4412 Perillerm.
701 4352 751 4411 lib.
765 4373 793 4423 a,
809 4352 873 4412 leet.
890 4373 917 4423 a,
933 4352 1011 4421 inin,
1026 4364 1056 4411 et
1071 4372 1186 4426 paragr.
1201 4354 1229 4413 6.

183 4447 230 4520 (3)
268 4442 367 4516 Supra
381 4464 410 4501 n.
425 4462 471 4515 42.

183 4538 229 4609 (4)
266 4533 344 4591 Nota
356 4545 465 4603 autem,
478 4532 550 4590 alias
562 4531 788 4603 propositionem
795 4534 946 4600 formalem
957 4529 1080 4605 intelligi
1094 4532 1185 4605 ipsam
1200 4553 1276 4592 oom-

146 4624 318 4699 plexionem
343 4620 548 4691 terminorum,
569 4620 750 4680 identitatem
764 4620 970 4693 objectivarum
991 4620 1136 4681 rationum
1161 4622 1275 4695 signifi·

145 4714 296 4781 mutium,
312 4726 399 4783 prout
412 4724 457 4770 est
470 4712 501 4769 in
515 4710 620 4783 seipsa:
634 4731 693 4783 quo
706 4724 790 4784 pacto
803 4710 933 4769 formalis
943 4711 1100 4784 propositio
1110 4711 1215 4770 dicitur
1225 4733 1275 4785 per
