3492 5525
248 462 364 525 Anne.
381 460 506 544 4¹¹³An
521 478 713 526 nonninus
733 478 839 524 nourr.
856 443 995 535 conse'Q'.
1012 476 1086 523 erc.
1128 455 1186 538 833

110 650 246 725 negetur
264 643 305 709 de
319 642 475 710 omnibus
493 642 717 735 interioribus,
735 660 809 726 quae
823 642 887 708 sub
910 641 967 708 illo
983 641 1133 726 subjecto
1149 657 1230 705 con·

107 748 269 825 tinemut,
289 750 332 817 ad
349 750 412 817 hoc
431 761 466 819 ut
477 750 621 836 judicare
636 750 759 835 possim
776 768 856 817 num
868 748 1080 834 praedicatum
1095 746 1228 832 aliquod

107 856 336 927 affirmandum
356 861 407 924 vel
426 859 615 945 negandum
635 858 677 924 sit
694 859 736 923 de
754 858 864 941 aliquo
882 856 1042 933 interiori,
1057 855 1144 924 aliud
1161 875 1227 923 non

108 963 293 1047 requiritur,
308 964 368 1031 nisi
385 967 476 1051 quod
495 966 642 1032 noverim
663 965 872 1050 predicatum
888 964 972 1031 illud
983 963 1158 1031 convenire
1176 965 1227 1031 vel

109 1088 290 1157 repugnare
313 1073 537 1140 universaliter
555 1072 758 1139 distributive
777 1072 867 1139 alteri
897 1071 1145 1159 subjectossub
1161 1090 1228 1155 quo

109 1178 242 1247 inferius
259 1178 338 1259 illud
356 1180 656 1265 comprehenditur.
677 1180 777 1265 Atqui
797 1182 859 1248 hoc
878 1180 1086 1267 cognoscitur
1104 1198 1161 1264 per
1173 1198 1231 1245 as·

109 1304 245 1354 sensum
273 1300 307 1355 et
330 1287 552 1373 cognitionem
578 1288 941 1374 praemissarum..Ergo
971 1276 1087 1373 praeter
1113 1289 1228 1352 harum

109 1412 280 1460 assensum
297 1396 424 1461 nullum
439 1394 526 1461 aliud
540 1394 700 1480 judicium
721 1396 940 1463 necessarium
968 1404 1018 1463 est
1043 1395 1085 1461 ad
1103 1394 1232 1462 elicien-

109 1500 186 1567 dam
206 1499 484 1587 conclusionem(
510 1498 535 1589 ).

175 1614 356 1677 Difficilius
374 1613 552 1686 definitur,
569 1628 610 1675 an
630 1608 810 1694 requiratur
828 1610 868 1676 ad
887 1610 1079 1676 eliciendam
1099 1610 1233 1675 conclu-

110 1716 236 1783 sionem
256 1718 471 1802 apprehensio
484 1718 524 1783 de
536 1717 682 1783 bonitate
694 1718 953 1802 consequentia.
968 1719 1013 1793 At
1025 1718 1054 1785 si
1069 1716 1109 1783 de
1124 1716 1232 1783 modis

110 1826 258 1908 perlectis
277 1836 408 1911 agatur,
428 1826 541 1910 quales
560 1835 638 1893 sunt
657 1826 745 1891 modi
768 1826 1036 1912 syllogismorum
1057 1823 1169 1910 primae
1194 1823 1233 1889 sr-

109 1934 217 2018 gurae‘‚
238 1935 372 1999 fortasse
396 1950 436 1998 ne
461 1933 675 2017 apprehensio
696 1934 831 2017 quidem
850 1932 1002 2001 distincta
1015 1941 1114 2017 atque
1133 1931 1236 2016 expli·

109 2042 174 2107 cita
184 2040 396 2107 connexionis
411 2040 650 2126 praemissarum
667 2050 741 2107 cum
756 2040 967 2107 conclusione
979 2049 1031 2107 est
1041 2041 1231 2107 necessaria.

110 2148 184 2231 lpsa
200 2147 288 2237 enirn
307 2146 449 2231 cognitio
466 2157 671 2239 etassensus
690 2147 932 2233 praemissarum
950 2149 1034 2214 adeo
1053 2146 1161 2214 vivide
1180 2152 1234 2212 ex·

112 2256 201 2322 hibet
225 2254 426 2321 identitatem
455 2257 671 2323 terminorum
691 2255 910 2323 conclusionis
928 2256 1012 2322 inter
1030 2274 1078 2331 se.
1101 2265 1138 2321 ut
1148 2254 1233 2321 nihil

107 2366 178 2449 jam
196 2364 339 2448 amplius
348 2354 556 2429 ‘desideretur
573 2364 614 2429 ad
633 2364 721 2429 illarn
740 2364 990 2442 enuntiandam.

156 2488 236 2557 2²5·
281 2470 444 2537 Caeterum
459 2470 542 2537 inter
560 2490 632 2547 eos,
654 2470 710 2555 qui
727 2482 848 2559 negant
873 2470 1056 2556 explicitam
1075 2469 1236 2556 cognitio-
1286 2548 1292 2559 .
1319 2479 1375 2523 Alie

112 2598 191 2644 nem
207 2579 247 2644 de
266 2579 410 2645 bonitate
424 2580 686 2663 consequentiae,
706 2598 771 2645 non
792 2598 857 2645 una
876 2588 926 2645 est
945 2579 1026 2647 ratio
1043 2598 1113 2646 rem
1134 2577 1236 2673 expll-
1269 2546 1424 2667 ξ’,ᾝῖἷζ

112 2687 218 2753 candi.
236 2688 322 2753 Nam
342 2687 440 2773 aliqui
460 2688 576 2754 volunt
590 2686 694 2772 ipsam
715 2687 886 2754 formalem
898 2688 1146 2754 conclusionem
1161 2702 1234 2752 esse
1281 2692 1415 2747 explendi·

114 2795 251 2862 virtuale
265 2797 432 2878 quoddam
457 2804 490 2862 et
508 2795 703 2879 implicitum
721 2795 879 2878 iudicium
899 2797 941 2862 de
959 2796 1104 2884 bonitate
1121 2814 1236 2862 conse·

113 2904 273 2986 quentiae3
289 2903 332 2968 ob
349 2919 489 2986 eantque
506 2921 638 2970 causam
659 2902 805 2988 rejiciunt
824 2903 965 2987 quodvis
976 2903 1234 2989 aliudjudicium

115 3011 303 3105 hujusmodi
329 3031 350 3076 a
373 3011 584 3077 conclusione
610 3009 813 3077 distinctum.
836 3010 880 3076 lta
902 3010 1186 3078 Conimbricenses
1203 3019 1237 3075 et
1306 3076 1310 3081 .

117 3117 249 3184 Rhodes
267 3115 331 3206 (2).
352 3119 428 3184 liaec
447 3137 523 3184 vero
542 3117 713 3203 explicatio
729 3118 868 3204 rejicitur
886 3139 905 3183 a
924 3119 959 3184 P.
981 3120 1073 3205 Mayr
1091 3115 1155 3207 (3),
1172 3126 1237 3182 eta

114 3227 152 3292 Ρ.
173 3224 220 3289 De
238 3225 417 3292 Benedictis
431 3222 497 3314 (4);
519 3245 578 3292 nec
593 3227 672 3292 mihi
688 3230 831 3294 multum
846 3226 976 3292 arridet.
1003 3224 1105 3304 Na'm,
1127 3225 1238 3293 utalia

114 3328 284 3410 omittam,
296 3332 454 3417 judicium
469 3333 510 3398 dc
525 3333 669 3401 bonitate
684 3334 928 3418 consequentiae
941 3343 991 3400 est
1005 3335 1123 3401 veritas
1138 3342 1239 3418 atque

114 3440 298 3508 enuntiatio
307 3439 526 3507 diversissima
541 3461 560 3506 a
573 3443 793 3510 conclusione.
809 3442 907 3508 Aliud
919 3442 1039 3526 quippe
1055 3451 1106 3509 est
1119 3441 1236 3507 dicere:
1328 3497 1333 3507 .

116 3549 166 3614 Ex
183 3548 231 3614 his
243 3548 415 3630 prornissis
433 3548 590 3636 objectiois
607 3550 749 3635 sequitur
763 3552 891 3616 Petrum
908 3569 973 3616 esse
990 3551 1190 3627 rationalem,
1207 3557 1240 3614 et

117 3655 205 3720 aliud
232 3657 355 3722 dicere:
375 3655 490 3724 Petrus
507 3660 556 3754 est
582 3659 770 3742 ralionalis;
799 3669 832 3725 et
860 3667 969 3743 potest
998 3660 1136 3724 alterum
1167 3674 1240 3724 esse

118 3781 254 3841 verum,
275 3773 309 3828 et
330 3765 467 3829 alterum
488 3763 713 3834 salsissimum.
742 3765 851 3842 Quare
870 3766 1068 3833 credendum
1095 3784 1162 3832 non
1190 3775 1242 3832 est

119 3873 226 3958 ipsam
245 3871 488 3938 conclusionem
503 3891 576 3939 esse
585 3873 746 3958 judicium
765 3875 807 3940 de
825 3873 971 3940 bonitate
983 3873 1240 3958 consequentiae.

188 3977 250 4044 Alii
269 3986 378 4046 autern
389 4017 399 4055 ‚-
414 3988 450 4045 ut
469 3980 529 4046 PP.
551 3981 692 4048 Lossada
711 3991 743 4048 et
763 3981 870 4068 Mayr,
883 3983 1005 4061 volunt
1018 3981 1181 4067 judicium
1201 3981 1245 4048 de

120 4085 267 4155 bonitate
285 4088 528 4171 consequentiae
547 4086 734 4154 identificari
753 4107 830 4154 cum
850 4087 1045 4175 praemissis,
1065 4089 1117 4155 vel
1137 4089 1245 4173 impli-

121 4197 186 4262 cite
204 4195 362 4262 contineri
377 4195 410 4261 in
430 4194 508 4272 illis,
525 4196 602 4281 quia
620 4195 803 4264 intellectus
816 4197 850 4262 in
868 4196 948 4282 ipsis
962 4198 1141 4282 premissis
1155 4194 1247 4264 videt
1320 4282 1324 4287 ᾖ

161 4483 202 4555 (r)
239 4479 301 4542 err.
318 4481 362 4542 De
376 4479 539 4542 Benedictis
552 4494 582 4541 et
595 4477 737 4554 Lossadn,
752 4481 823 4542 locis
835 4481 943 4542 citatis.

161 4576 202 4639 (a)
238 4571 324 4632 Locis
337 4570 386 4632 cit.

162 4661 205 4734 (3)
240 4660 318 4721 Loco
331 4661 380 4736 cit,
397 4682 498 4736 moni.

162 4751 205 4826 (4)
240 4749 309 4813 Loc.
323 4751 373 4814 cit.
389 4753 465 4818 Dico
477 4763 519 4814 an·
