3492 5525
250 465 364 531 Aaarc.
381 480 442 549 4³¹·
458 464 508 528 De
523 482 629 530 causa
644 482 840 531 craterense
855 465 1127 533 Untvansntrun.
1157 482 1213 550 7¹¹

1040 572 1253 588 ...ιιι-ι-

128 664 217 730 neg„
238 643 315 728 quia
332 662 400 711 uno
414 652 488 710 actu
507 643 658 723 mentisa
673 642 881 712 multitudine
896 645 1053 731 omnique
1067 646 1255 717 diversitate

130 752 318 820 individuali
338 752 601 836 praescindentis,
621 770 709 819 conc.

198 859 236 925 Et
252 859 437 927 contraditi.
457 858 599 935 Minore,
619 876 688 943 neg.
713 876 848 955 conseq.

197 966 280 1033 Vide
298 978 498 1051 quantopere
516 966 778 1034 discriminentur
803 966 834 1033 hi
854 978 920 1035 tres
934 979 1128 1054 conceptus:
1165 971 1255 1039 Unus

131 1076 235 1153 mmo,
252 1076 315 1142 vel:
331 1074 391 1141 Hic
405 1075 510 1155 loma
525 1074 642 1141 Omnes
656 1062 808 1157 hominem
823 1083 867 1141 et:
884 1076 996 1145 Homo.
1013 1077 1140 1144 Primus
1157 1082 1254 1146 refert
1298 1060 1304 1116 J

132 1182 267 1249 unicum
282 1180 487 1258 individuum
503 1182 684 1264 obiectum,
702 1184 782 1249 alter
796 1183 1092 1262 nauitaindividua,
1109 1188 1254 1253 notando

132 1289 262 1357 iliorum
283 1289 544 1371 multitudinem3
572 1291 659 1357 unde
688 1299 802 1357 neuter
830 1309 945 1358 eorum
974 1292 1164 1360 universalis
1189 1303 1252 1372 est,

134 1418 194 1466 nec
213 1398 319 1465 reddit
337 1398 502 1484 objectum
522 1416 620 1465 suurn
641 1398 835 1465 universale.
852 1398 980 1467 Tertius
994 1400 1136 1493 denique
1150 1404 1255 1486 expri-

132 1507 194 1574 mit
213 1516 379 1583 naturam,
400 1525 475 1589 quae
494 1523 604 1572 revera
623 1505 793 1591 multiplex
811 1506 908 1573 estin
927 1507 1102 1573 individuis
1115 1509 1256 1575 existen·

132 1616 239 1691 tibus,
261 1614 318 1680 sed
339 1632 404 1680 non
424 1612 577 1697 exprimit
596 1614 841 1680 multitudinem
862 1623 918 1680 aut
937 1614 1125 1683 varietatem
1140 1615 1256 1683 indivi-

131 1724 267 1789 dualem
297 1722 501 1788 eorumdem.
535 1721 573 1787 iit
603 1721 814 1789 nihilominus
847 1723 928 1790 ratio
959 1723 1028 1800 illa,
1060 1742 1161 1807 quam
1179 1725 1255 1791 talis
1310 1713 1316 1725 ’

134 1839 315 1915 conceptus
334 1830 446 1911 refert,
467 1828 622 1912 quoniam
642 1836 691 1894 est
709 1829 758 1905 id,
779 1830 812 1895 in
827 1849 894 1913 quo
909 1830 1019 1897 omnia
1034 1831 1200 1898 individua
1212 1832 1256 1897 si-

134 1936 222 2004 milia
242 1947 336 2013 sunt,
357 1947 390 2004 et
417 1935 500 2002 inter
518 1954 553 2002 se
580 1937 796 2014 conveniunt,
827 1956 936 2004 revera
962 1938 995 2003 in
1014 1938 1169 2006 omnibus
1195 1939 1256 2005 illis

134 2028 301 2135 reperitur.

201 2153 239 2218 Et
258 2152 331 2219 ideo
349 2152 402 2217 illa
423 2152 503 2218 ratio
523 2154 574 2219 vel
594 2160 720 2229 natura,
736 2162 834 2236 prout
852 2152 885 2219 in
903 2155 1000 2221 tertio
1017 2152 1072 2220 illo
1094 2163 1254 2240 conceptu

135 2267 376 2346 repraesentata,
403 2258 520 2325 dicitur
546 2267 579 2324 et
602 2270 651 2327 est
680 2259 887 2335 universalis,
916 2270 1032 2345 utpote
1054 2280 1129 2346 quae
1157 2264 1255 2329 refert

132 2367 254 2452 aliquid
272 2375 345 2433 actu
365 2366 558 2443 indivisum,
577 2375 611 2431 et
629 2365 787 2433 divisibile
805 2366 838 2432 in
856 2368 964 2451 plura:
989 2372 1076 2445 actu,
1105 2370 1252 2454 inquam,

133 2475 323 2549 fruticosum,
346 2482 442 2560 prout
461 2482 511 2540 est
530 2473 562 2539 in
582 2484 709 2551 mente,
731 2476 805 2557 quia
822 2485 1070 2558 representatur
1088 2476 1157 2542 sine
1175 2475 1256 2541 divi·

134 2583 227 2649 sione
247 2601 283 2647 ac
309 2582 544 2666 multiplicitate
571 2581 831 2664 individuorum
857 2590 890 2647 et
914 2582 1071 2649 divisibile
1096 2584 1130 2648 in
1145 2586 1252 2667 plura,

132 2689 209 2774 quia
242 2690 397 2775 reperitur
427 2690 459 2755 in
488 2688 634 2774 pluribus
660 2689 833 2756 individuis
863 2691 1072 2776 multiplicata
1090 2691 1123 2757 in
1147 2709 1254 2757 rerum

139 2807 270 2874 natura,
287 2798 338 2864 vel
353 2805 439 2863 certe
454 2797 582 2882 reperiri
597 2806 719 2880 potest.

491 3096 790 3174 ARTICULUS
813 3098 884 3172 IV.

282 3303 351 3366 Do
374 3316 514 3366 oeuee
532 3299 755 3365 efficiente
773 3301 1116 3383 universalium.

188 3571 261 3639 ¹73·
311 3549 553 3635 Suppoirimus,
585 3547 662 3615 alias
691 3550 851 3633 potentias
879 3550 1114 3636 cognoscitivas
1141 3558 1257 3635 praeter

135 3662 339 3728 intellectum
361 3677 426 3724 non
447 3677 543 3742 posse
562 3659 665 3723 facere
685 3659 882 3725 universale:
903 3658 935 3724 id
959 3658 1050 3742 quod
1072 3659 1105 3724 in
1120 3666 1255 3725 tractatu

137 3771 180 3835 de
195 3767 317 3833 Anima
331 3767 564 3851 disputandum
580 3774 630 3831 est
644 3762 712 3853 (r);
728 3765 931 3832 intellectum
945 3784 1024 3832 vero
1040 3785 1111 3832 esse
1124 3785 1256 3832 causam

135 3873 334 3942 efficientem
360 3873 565 3948 universalis,
594 3874 690 3949 satis,
711 3873 842 3957 opinor,
863 3892 904 3939 ex
932 3873 1088 3941 hactenus
1114 3873 1257 3958 probatis

135 3985 255 4049 elucet.
288 3980 387 4047 Modo
415 3979 592 4048 videndum
620 3990 685 4056 est,
707 3973 776 4064 ¹per
802 4000 903 4064 quem
935 3989 1044 4047 actum
1075 3981 1258 4048 intellectus

137 4089 301 4157 confletur
320 4087 517 4165 universale,
537 4104 595 4171 per
612 4087 861 4154 abstractionem
878 4106 938 4170 seu,
955 4086 1195 4171 precisionem,
1215 4106 1256 4153 an

136 4217 196 4284 per
214 4193 505 4280 comparationem.

204 4305 248 4372 Ut
278 4321 373 4388 porro
395 4301 534 4386 quaestio
558 4302 675 4368 melius
701 4301 916 4388 intelligatur,
942 4301 1156 4387 supponenda
1178 4312 1258 4369 sunt

138 4412 294 4498 quadam
321 4429 361 4476 ex
384 4409 499 4476 eodem
527 4417 663 4476 tractatu
689 4411 730 4476 de
757 4409 877 4476 Anima
898 4407 983 4476 circa
1008 4410 1163 4488 modum,
1190 4428 1257 4494 quo

138 4583 407 4601 ...ιι-..υ-

175 4669 214 4732 (r)
251 4659 328 4719 Vide
340 4635 449 4718 interea
459 4701 465 4729 ‚
476 4657 501 4716 ei
515 4657 606 4728 iubet,
621 4658 655 4717 P.
665 4657 770 4727 joann.
787 4659 885 4729 Ulloe,
897 4659 1011 4735 topic..
1026 4657 1101 4732 disp.
1118 4680 1144 4729 2,
1155 4679 1218 4732 etp.
1230 4681 1258 4735 33

135 4755 237 4813 Aaron
251 4751 359 4824 Meyn,
370 4749 483 4808 Philas.
498 4751 605 4823 perip„
621 4760 696 4820 part.
715 4748 824 4820 r,disp.
841 4771 866 4822 3,
882 4769 912 4821 q.
932 4769 956 4819 r,
970 4761 1026 4808 art.
1041 4771 1068 4823 7,
1083 4749 1221 4822 aliosque.
