<?xml version="1.0" encoding="UTF-8"?>
<!DOCTYPE html PUBLIC "-//W3C//DTD XHTML 1.0 Transitional//EN"
    "http://www.w3.org/TR/xhtml1/DTD/xhtml1-transitional.dtd">
<html xmlns="http://www.w3.org/1999/xhtml" xml:lang="en" lang="en">
 <head>
  <title>
</title>
<meta http-equiv="Content-Type" content="text/html;charset=utf-8" />
  <meta name='ocr-system' content='tesseract 3.04.00' />
  <meta name='ocr-capabilities' content='ocr_page ocr_carea ocr_par ocr_line ocrx_word'/>
</head>
<body>
  <div class='ocr_page' id='page_1' title='image "./institutionesph00urrgoog/institutionesph00urrgoog_0067.png"; bbox 0 0 3492 5525; ppageno 0'>
   <div class='ocr_carea' id='block_1_1' title="bbox 273 442 1189 546">
    <p class='ocr_par' dir='ltr' id='par_1_1' title="bbox 273 442 1189 546">
     <span class='ocr_line' id='line_1_1' title="bbox 273 442 1189 546; baseline 0.005 -25"><span class='ocrx_word' id='word_1_1' title='bbox 273 458 372 541; x_wconf 70' lang='lat'>5111,</span> <span class='ocrx_word' id='word_1_2' title='bbox 389 460 629 523; x_wconf 77' lang='lat' dir='ltr'><strong>Pinnosoemn:</strong></span> <span class='ocrx_word' id='word_1_3' title='bbox 651 478 753 523; x_wconf 84' lang='lat' dir='ltr'><strong>omoo</strong></span> <span class='ocrx_word' id='word_1_4' title='bbox 775 479 818 524; x_wconf 78' lang='grc' dir='ltr'><strong>ετ</strong></span> <span class='ocrx_word' id='word_1_5' title='bbox 840 442 1054 525; x_wconf 75' lang='lat' dir='ltr'><strong>nnoonsssus</strong></span> <span class='ocrx_word' id='word_1_6' title='bbox 1149 477 1189 546; x_wconf 80' lang='lat'><strong>45</strong></span> 
     </span>
    </p>
   </div>
   <div class='ocr_carea' id='block_1_2' title="bbox 102 641 1238 3407">
    <p class='ocr_par' dir='ltr' id='par_1_2' title="bbox 102 641 1230 2229">
     <span class='ocr_line' id='line_1_2' title="bbox 104 641 1225 719; baseline 0.002 -12"><span class='ocrx_word' id='word_1_7' title='bbox 104 642 165 707; x_wconf 88' lang='lat' dir='ltr'><strong>sive</strong></span> <span class='ocrx_word' id='word_1_8' title='bbox 179 661 277 719; x_wconf 91' lang='lat' dir='ltr'><strong>curn,</strong></span> <span class='ocrx_word' id='word_1_9' title='bbox 294 642 567 709; x_wconf 82' lang='lat' dir='ltr'>Academicorum</span> <span class='ocrx_word' id='word_1_10' title='bbox 578 650 633 707; x_wconf 91' lang='lat' dir='ltr'><strong>aut</strong></span> <span class='ocrx_word' id='word_1_11' title='bbox 648 641 912 708; x_wconf 85' lang='lat' dir='ltr'>Manichaeorum</span> <span class='ocrx_word' id='word_1_12' title='bbox 923 644 1122 709; x_wconf 91' lang='lat' dir='ltr'><strong>commentis</strong></span> <span class='ocrx_word' id='word_1_13' title='bbox 1137 644 1225 709; x_wconf 91' lang='lat' dir='ltr'><strong>dele·</strong></span> 
     </span>
     <span class='ocr_line' id='line_1_3' title="bbox 104 747 1224 826; baseline 0.003 -12"><span class='ocrx_word' id='word_1_14' title='bbox 104 750 152 826; x_wconf 89' lang='lat' dir='ltr'><strong>tis,</strong></span> <span class='ocrx_word' id='word_1_15' title='bbox 177 753 335 816; x_wconf 89' lang='lat' dir='ltr'><strong>humanae</strong></span> <span class='ocrx_word' id='word_1_16' title='bbox 358 747 502 815; x_wconf 79' lang='lat' dir='ltr'><strong>scientiae</strong></span> <span class='ocrx_word' id='word_1_17' title='bbox 527 748 740 814; x_wconf 80' lang='lat' dir='ltr'><strong>fundamenta</strong></span> <span class='ocrx_word' id='word_1_18' title='bbox 767 759 799 815; x_wconf 87' lang='lat' dir='ltr'><strong>et</strong></span> <span class='ocrx_word' id='word_1_19' title='bbox 825 749 1062 816; x_wconf 80' lang='lat' dir='ltr'><strong>firmitudinem</strong></span> <span class='ocrx_word' id='word_1_20' title='bbox 1091 752 1122 816; x_wconf 93' lang='lat' dir='ltr'><strong>in</strong></span> <span class='ocrx_word' id='word_1_21' title='bbox 1151 760 1224 817; x_wconf 91' lang='lat' dir='ltr'><strong>tuto</strong></span> 
     </span>
     <span class='ocr_line' id='line_1_4' title="bbox 103 855 1226 939; baseline 0.002 -16"><span class='ocrx_word' id='word_1_22' title='bbox 103 857 287 933; x_wconf 89' lang='lat' dir='ltr'><strong>collocavit,</strong></span> <span class='ocrx_word' id='word_1_23' title='bbox 308 866 365 923; x_wconf 91' lang='lat' dir='ltr'><strong>aut</strong></span> <span class='ocrx_word' id='word_1_24' title='bbox 385 856 565 933; x_wconf 91' lang='lat' dir='ltr'><strong>malorum,</strong></span> <span class='ocrx_word' id='word_1_25' title='bbox 586 855 711 938; x_wconf 86' lang='lat' dir='ltr'><strong>quibus</strong></span> <span class='ocrx_word' id='word_1_26' title='bbox 731 857 925 939; x_wconf 86' lang='lat' dir='ltr'><strong>premuntur</strong></span> <span class='ocrx_word' id='word_1_27' title='bbox 943 858 1113 933; x_wconf 91' lang='lat' dir='ltr'><strong>homines,</strong></span> <span class='ocrx_word' id='word_1_28' title='bbox 1129 857 1226 925; x_wconf 91' lang='lat' dir='ltr'><strong>ratio-</strong></span> 
     </span>
     <span class='ocr_line' id='line_1_5' title="bbox 105 960 1223 1049; baseline 0.002 -21"><span class='ocrx_word' id='word_1_29' title='bbox 105 982 177 1029; x_wconf 92' lang='lat' dir='ltr'><strong>nem</strong></span> <span class='ocrx_word' id='word_1_30' title='bbox 192 974 225 1030; x_wconf 90' lang='lat' dir='ltr'><strong>et</strong></span> <span class='ocrx_word' id='word_1_31' title='bbox 239 962 403 1049; x_wconf 82' lang='lat' dir='ltr'>originem</span> <span class='ocrx_word' id='word_1_32' title='bbox 414 972 446 1027; x_wconf 89' lang='lat' dir='ltr'><strong>et</strong></span> <span class='ocrx_word' id='word_1_33' title='bbox 460 982 575 1029; x_wconf 86' lang='lat' dir='ltr'><strong>causas</strong></span> <span class='ocrx_word' id='word_1_34' title='bbox 590 971 640 1027; x_wconf 90' lang='lat' dir='ltr'><strong>est</strong></span> <span class='ocrx_word' id='word_1_35' title='bbox 656 960 866 1046; x_wconf 83' lang='lat' dir='ltr'><strong>persecutus?</strong></span> <span class='ocrx_word' id='word_1_36' title='bbox 876 962 1009 1037; x_wconf 84' lang='lat' dir='ltr'><strong>Qranta</strong></span> <span class='ocrx_word' id='word_1_37' title='bbox 1020 964 1062 1028; x_wconf 91' lang='lat' dir='ltr'><strong>de</strong></span> <span class='ocrx_word' id='word_1_38' title='bbox 1076 964 1223 1049; x_wconf 80' lang='lat' dir='ltr'><strong>Angelis,</strong></span> 
     </span>
     <span class='ocr_line' id='line_1_6' title="bbox 103 1070 1224 1148; baseline -0.001 -12"><span class='ocrx_word' id='word_1_39' title='bbox 103 1072 141 1136; x_wconf 89' lang='lat' dir='ltr'><strong>de</strong></span> <span class='ocrx_word' id='word_1_40' title='bbox 155 1072 282 1146; x_wconf 90' lang='lat' dir='ltr'><strong>anima,</strong></span> <span class='ocrx_word' id='word_1_41' title='bbox 304 1072 346 1137; x_wconf 91' lang='lat' dir='ltr'><strong>de</strong></span> <span class='ocrx_word' id='word_1_42' title='bbox 361 1081 473 1135; x_wconf 91' lang='lat' dir='ltr'><strong>mente</strong></span> <span class='ocrx_word' id='word_1_43' title='bbox 488 1070 650 1147; x_wconf 90' lang='lat' dir='ltr'><strong>humana,</strong></span> <span class='ocrx_word' id='word_1_44' title='bbox 673 1071 715 1135; x_wconf 92' lang='lat' dir='ltr'><strong>de</strong></span> <span class='ocrx_word' id='word_1_45' title='bbox 728 1071 901 1135; x_wconf 90' lang='lat' dir='ltr'><strong>voluntate</strong></span> <span class='ocrx_word' id='word_1_46' title='bbox 921 1078 953 1135; x_wconf 89' lang='lat' dir='ltr'><strong>et</strong></span> <span class='ocrx_word' id='word_1_47' title='bbox 966 1070 1066 1137; x_wconf 91' lang='lat' dir='ltr'><strong>libero</strong></span> <span class='ocrx_word' id='word_1_48' title='bbox 1081 1070 1224 1148; x_wconf 82' lang='lat' dir='ltr'><strong>arbitrio,</strong></span> 
     </span>
     <span class='ocr_line' id='line_1_7' title="bbox 104 1176 1226 1264; baseline 0 -21"><span class='ocrx_word' id='word_1_49' title='bbox 104 1180 142 1244; x_wconf 91' lang='lat' dir='ltr'><strong>de</strong></span> <span class='ocrx_word' id='word_1_50' title='bbox 165 1178 322 1264; x_wconf 85' lang='lat' dir='ltr'>religione</span> <span class='ocrx_word' id='word_1_51' title='bbox 345 1185 378 1243; x_wconf 91' lang='lat' dir='ltr'><strong>et</strong></span> <span class='ocrx_word' id='word_1_52' title='bbox 401 1178 442 1244; x_wconf 92' lang='lat' dir='ltr'><strong>de</strong></span> <span class='ocrx_word' id='word_1_53' title='bbox 464 1178 557 1242; x_wconf 90' lang='lat' dir='ltr'><strong>beata</strong></span> <span class='ocrx_word' id='word_1_54' title='bbox 579 1178 661 1255; x_wconf 87' lang='lat' dir='ltr'><strong>vita,</strong></span> <span class='ocrx_word' id='word_1_55' title='bbox 683 1176 723 1241; x_wconf 92' lang='lat' dir='ltr'><strong>de</strong></span> <span class='ocrx_word' id='word_1_56' title='bbox 742 1187 892 1261; x_wconf 91' lang='lat' dir='ltr'><strong>tempore</strong></span> <span class='ocrx_word' id='word_1_57' title='bbox 910 1186 944 1242; x_wconf 89' lang='lat' dir='ltr'><strong>et</strong></span> <span class='ocrx_word' id='word_1_58' title='bbox 966 1177 1165 1255; x_wconf 77' lang='lat' dir='ltr'><strong>aeternitate,</strong></span> <span class='ocrx_word' id='word_1_59' title='bbox 1186 1180 1226 1243; x_wconf 92' lang='lat' dir='ltr'><strong>de</strong></span> 
     </span>
     <span class='ocr_line' id='line_1_8' title="bbox 104 1284 1228 1371; baseline -0.003 -18"><span class='ocrx_word' id='word_1_60' title='bbox 104 1289 170 1371; x_wconf 89' lang='lat' dir='ltr'><strong>ipsa</strong></span> <span class='ocrx_word' id='word_1_61' title='bbox 189 1304 326 1370; x_wconf 88' lang='lat' dir='ltr'><strong>quoque</strong></span> <span class='ocrx_word' id='word_1_62' title='bbox 341 1285 548 1353; x_wconf 84' lang='lat' dir='ltr'><strong>mutabilium</strong></span> <span class='ocrx_word' id='word_1_63' title='bbox 567 1303 742 1368; x_wconf 89' lang='lat' dir='ltr'><strong>corporum</strong></span> <span class='ocrx_word' id='word_1_64' title='bbox 760 1293 873 1351; x_wconf 89' lang='lat' dir='ltr'><strong>natura</strong></span> <span class='ocrx_word' id='word_1_65' title='bbox 888 1284 1100 1351; x_wconf 84' lang='lat' dir='ltr'><strong>subtilissime</strong></span> <span class='ocrx_word' id='word_1_66' title='bbox 1116 1285 1228 1369; x_wconf 89' lang='lat' dir='ltr'><strong>dispu-</strong></span> 
     </span>
     <span class='ocr_line' id='line_1_9' title="bbox 104 1390 1229 1481; baseline -0.001 -23"><span class='ocrx_word' id='word_1_67' title='bbox 104 1393 229 1460; x_wconf 75' lang='lat' dir='ltr'><strong>tavitio</strong></span> <span class='ocrx_word' id='word_1_68' title='bbox 248 1390 312 1481; x_wconf 90' lang='lat' dir='ltr'><strong>(r).</strong></span> <span class='ocrx_word' id='word_1_69' title='bbox 333 1392 424 1459; x_wconf 86' lang='lat' dir='ltr'><strong>Circa</strong></span> <span class='ocrx_word' id='word_1_70' title='bbox 442 1390 529 1457; x_wconf 91' lang='lat' dir='ltr'><strong>idem</strong></span> <span class='ocrx_word' id='word_1_71' title='bbox 550 1403 681 1475; x_wconf 89' lang='lat' dir='ltr'><strong>tempus</strong></span> <span class='ocrx_word' id='word_1_72' title='bbox 696 1390 936 1457; x_wconf 88' lang='lat' dir='ltr'><strong>videturetiam</strong></span> <span class='ocrx_word' id='word_1_73' title='bbox 951 1391 1100 1458; x_wconf 87' lang='lat' dir='ltr'><strong>fl&#39;oruisse</strong></span> <span class='ocrx_word' id='word_1_74' title='bbox 1118 1395 1229 1461; x_wconf 81' lang='lat' dir='ltr'><strong>Nema-</strong></span> 
     </span>
     <span class='ocr_line' id='line_1_10' title="bbox 102 1494 1228 1585; baseline -0.002 -18"><span class='ocrx_word' id='word_1_75' title='bbox 102 1502 184 1579; x_wconf 82' lang='lat' dir='ltr'><strong>sius,</strong></span> <span class='ocrx_word' id='word_1_76' title='bbox 200 1520 303 1585; x_wconf 89' lang='lat' dir='ltr'><strong>quem</strong></span> <span class='ocrx_word' id='word_1_77' title='bbox 319 1500 413 1565; x_wconf 92' lang='lat' dir='ltr'><strong>multi</strong></span> <span class='ocrx_word' id='word_1_78' title='bbox 430 1494 546 1583; x_wconf 83' lang='lat' dir='ltr'><strong>putan&#39;t</strong></span> <span class='ocrx_word' id='word_1_79' title='bbox 562 1500 660 1565; x_wconf 88' lang='lat' dir='ltr'><strong>iuisse</strong></span> <span class='ocrx_word' id='word_1_80' title='bbox 674 1498 865 1583; x_wconf 88' lang='lat' dir='ltr'><strong>episcopum</strong></span> <span class='ocrx_word' id='word_1_81' title='bbox 876 1499 1074 1565; x_wconf 87' lang='lat' dir='ltr'><strong>Emesanum</strong></span> <span class='ocrx_word' id='word_1_82' title='bbox 1089 1500 1122 1564; x_wconf 93' lang='lat' dir='ltr'><strong>in</strong></span> <span class='ocrx_word' id='word_1_83' title='bbox 1137 1501 1228 1566; x_wconf 84' lang='lat' dir='ltr'><strong>Phae-</strong></span> 
     </span>
     <span class='ocr_line' id='line_1_11' title="bbox 105 1603 1229 1693; baseline -0.004 -18"><span class='ocrx_word' id='word_1_84' title='bbox 105 1610 206 1685; x_wconf 89' lang='lat' dir='ltr'><strong>nicia,</strong></span> <span class='ocrx_word' id='word_1_85' title='bbox 226 1618 341 1674; x_wconf 88' lang='lat' dir='ltr'><strong>auctor</strong></span> <span class='ocrx_word' id='word_1_86' title='bbox 362 1608 565 1691; x_wconf 81' lang='lat' dir='ltr'><strong>Operisnon</strong></span> <span class='ocrx_word' id='word_1_87' title='bbox 586 1606 728 1691; x_wconf 86' lang='lat' dir='ltr'><strong>vulgaris</strong></span> <span class='ocrx_word' id='word_1_88' title='bbox 744 1606 785 1670; x_wconf 91' lang='lat' dir='ltr'><strong>de</strong></span> <span class='ocrx_word' id='word_1_89' title='bbox 804 1606 931 1673; x_wconf 81' lang='lat' dir='ltr'><strong>Natura</strong></span> <span class='ocrx_word' id='word_1_90' title='bbox 957 1608 1089 1671; x_wconf 84' lang='lat' dir='ltr'><strong>bominc’s</strong></span> <span class='ocrx_word' id='word_1_91' title='bbox 1103 1603 1171 1693; x_wconf 89' lang='lat'>(2);</span> <span class='ocrx_word' id='word_1_92' title='bbox 1196 1616 1229 1671; x_wconf 89' lang='lat' dir='ltr'><strong>et</strong></span> 
     </span>
     <span class='ocr_line' id='line_1_12' title="bbox 104 1712 1226 1800; baseline -0.002 -19"><span class='ocrx_word' id='word_1_93' title='bbox 104 1716 261 1800; x_wconf 85' lang='lat' dir='ltr'><strong>vulgatus</strong></span> <span class='ocrx_word' id='word_1_94' title='bbox 283 1714 456 1795; x_wconf 82' lang='lat' dir='ltr'><strong>Dionysius</strong></span> <span class='ocrx_word' id='word_1_95' title='bbox 479 1712 681 1795; x_wconf 73' lang='lat' dir='ltr'><strong>Areopagitae,</strong></span> <span class='ocrx_word' id='word_1_96' title='bbox 707 1714 799 1797; x_wconf 89' lang='lat' dir='ltr'><strong>cujus</strong></span> <span class='ocrx_word' id='word_1_97' title='bbox 828 1714 1093 1797; x_wconf 84' lang='lat' dir='ltr'><strong>praestantissima</strong></span> <span class='ocrx_word' id='word_1_98' title='bbox 1116 1732 1226 1797; x_wconf 88' lang='lat' dir='ltr'><strong>opera,</strong></span> 
     </span>
     <span class='ocr_line' id='line_1_13' title="bbox 105 1819 1230 1906; baseline 0.001 -20"><span class='ocrx_word' id='word_1_99' title='bbox 105 1824 181 1889; x_wconf 91' lang='lat' dir='ltr'><strong>licet</strong></span> <span class='ocrx_word' id='word_1_100' title='bbox 193 1819 473 1906; x_wconf 84' lang='lat' dir='ltr'><strong>praeclarissimam</strong></span> <span class='ocrx_word' id='word_1_101' title='bbox 489 1820 673 1885; x_wconf 85' lang='lat' dir='ltr'><strong>doctrinam</strong></span> <span class='ocrx_word' id='word_1_102' title='bbox 690 1821 893 1897; x_wconf 87' lang='lat' dir='ltr'><strong>contineant,</strong></span> <span class='ocrx_word' id='word_1_103' title='bbox 909 1822 1021 1887; x_wconf 93' lang='lat' dir='ltr'><strong>stilum</strong></span> <span class='ocrx_word' id='word_1_104' title='bbox 1035 1832 1147 1888; x_wconf 89' lang='lat' dir='ltr'><strong>tamen</strong></span> <span class='ocrx_word' id='word_1_105' title='bbox 1166 1822 1230 1887; x_wconf 87' lang='lat' dir='ltr'><strong>ior·</strong></span> 
     </span>
     <span class='ocr_line' id='line_1_14' title="bbox 104 1926 1230 2012; baseline -0.002 -17"><span class='ocrx_word' id='word_1_106' title='bbox 104 1946 265 2012; x_wconf 85' lang='lat' dir='ltr'><strong>mamque</strong></span> <span class='ocrx_word' id='word_1_107' title='bbox 288 1928 443 2011; x_wconf 90' lang='lat' dir='ltr'><strong>loquendi</strong></span> <span class='ocrx_word' id='word_1_108' title='bbox 472 1927 731 2009; x_wconf 86' lang='lat' dir='ltr'><strong>neoplatonicam</strong></span> <span class='ocrx_word' id='word_1_109' title='bbox 758 1927 917 1992; x_wconf 87' lang='lat' dir='ltr'><strong>redolent.</strong></span> <span class='ocrx_word' id='word_1_110' title='bbox 948 1926 1053 1994; x_wconf 85' lang='lat' dir='ltr'><strong>lluius</strong></span> <span class='ocrx_word' id='word_1_111' title='bbox 1082 1926 1230 1994; x_wconf 89' lang='lat' dir='ltr'><strong>Doctoris</strong></span> 
     </span>
     <span class='ocr_line' id='line_1_15' title="bbox 103 2032 1230 2118; baseline 0 -17"><span class='ocrx_word' id='word_1_112' title='bbox 103 2037 227 2105; x_wconf 92' lang='lat' dir='ltr'><strong>librum</strong></span> <span class='ocrx_word' id='word_1_113' title='bbox 247 2036 287 2099; x_wconf 92' lang='lat' dir='ltr'><strong>de</strong></span> <span class='ocrx_word' id='word_1_114' title='bbox 306 2033 429 2101; x_wconf 84' lang='lat' dir='ltr'><strong>Divinis</strong></span> <span class='ocrx_word' id='word_1_115' title='bbox 443 2032 640 2100; x_wconf 88' lang='lat' dir='ltr'><strong>Nominibus</strong></span> <span class='ocrx_word' id='word_1_116' title='bbox 657 2032 777 2118; x_wconf 85' lang='lat' dir='ltr'><strong>insigni</strong></span> <span class='ocrx_word' id='word_1_117' title='bbox 795 2034 1041 2101; x_wconf 90' lang='lat' dir='ltr'><strong>Commentario</strong></span> <span class='ocrx_word' id='word_1_118' title='bbox 1060 2035 1230 2101; x_wconf 86' lang='lat' dir='ltr'><strong>illustravit</strong></span> 
     </span>
     <span class='ocr_line' id='line_1_16' title="bbox 104 2138 389 2229; baseline -0.014 -20"><span class='ocrx_word' id='word_1_119' title='bbox 104 2144 141 2211; x_wconf 87' lang='lat' dir='ltr'><strong>S.</strong></span> <span class='ocrx_word' id='word_1_120' title='bbox 164 2142 310 2209; x_wconf 88' lang='lat' dir='ltr'><strong>Thomas</strong></span> <span class='ocrx_word' id='word_1_121' title='bbox 325 2138 389 2229; x_wconf 74' lang='lat'><strong>(3).</strong></span> 
     </span>
    </p>

    <p class='ocr_par' dir='ltr' id='par_1_3' title="bbox 105 2247 1238 3407">
     <span class='ocr_line' id='line_1_17' title="bbox 173 2247 1232 2315; baseline 0.002 -2"><span class='ocrx_word' id='word_1_122' title='bbox 173 2248 338 2314; x_wconf 82' lang='lat' dir='ltr'><strong>Caeterum</strong></span> <span class='ocrx_word' id='word_1_123' title='bbox 360 2260 486 2314; x_wconf 88' lang='lat' dir='ltr'><strong>veteres</strong></span> <span class='ocrx_word' id='word_1_124' title='bbox 505 2247 653 2313; x_wconf 85' lang='lat' dir='ltr'><strong>Ecclesiae</strong></span> <span class='ocrx_word' id='word_1_125' title='bbox 674 2248 783 2313; x_wconf 90' lang='lat' dir='ltr'><strong>Patres</strong></span> <span class='ocrx_word' id='word_1_126' title='bbox 797 2266 865 2315; x_wconf 92' lang='lat' dir='ltr'><strong>non</strong></span> <span class='ocrx_word' id='word_1_127' title='bbox 880 2267 920 2312; x_wconf 92' lang='lat' dir='ltr'><strong>eo</strong></span> <span class='ocrx_word' id='word_1_128' title='bbox 934 2248 1069 2314; x_wconf 92' lang='lat' dir='ltr'><strong>consilio</strong></span> <span class='ocrx_word' id='word_1_129' title='bbox 1087 2249 1232 2315; x_wconf 90' lang='lat' dir='ltr'><strong>Philoso-</strong></span> 
     </span>
     <span class='ocr_line' id='line_1_18' title="bbox 105 2354 1228 2445; baseline 0.001 -23"><span class='ocrx_word' id='word_1_130' title='bbox 105 2357 225 2442; x_wconf 91' lang='lat' dir='ltr'><strong>phiam</strong></span> <span class='ocrx_word' id='word_1_131' title='bbox 242 2354 475 2445; x_wconf 84' lang='lat' dir='ltr'><strong>excoluerunt,</strong></span> <span class='ocrx_word' id='word_1_132' title='bbox 502 2367 538 2422; x_wconf 94' lang='lat' dir='ltr'><strong>ut</strong></span> <span class='ocrx_word' id='word_1_133' title='bbox 558 2372 676 2420; x_wconf 90' lang='lat' dir='ltr'><strong>novam</strong></span> <span class='ocrx_word' id='word_1_134' title='bbox 700 2356 842 2437; x_wconf 89' lang='lat' dir='ltr'><strong>aliquam</strong></span> <span class='ocrx_word' id='word_1_135' title='bbox 865 2364 989 2421; x_wconf 91' lang='lat' dir='ltr'><strong>sectam</strong></span> <span class='ocrx_word' id='word_1_136' title='bbox 1009 2355 1228 2433; x_wconf 87' lang='lat' dir='ltr'><strong>instituerent,</strong></span> 
     </span>
     <span class='ocr_line' id='line_1_19' title="bbox 105 2460 1231 2547; baseline -0.002 -16"><span class='ocrx_word' id='word_1_137' title='bbox 105 2464 165 2531; x_wconf 88' lang='lat' dir='ltr'><strong>sed</strong></span> <span class='ocrx_word' id='word_1_138' title='bbox 181 2471 219 2529; x_wconf 91' lang='lat' dir='ltr'><strong>ut</strong></span> <span class='ocrx_word' id='word_1_139' title='bbox 233 2462 321 2527; x_wconf 92' lang='lat' dir='ltr'><strong>illam</strong></span> <span class='ocrx_word' id='word_1_140' title='bbox 341 2462 374 2528; x_wconf 94' lang='lat' dir='ltr'><strong>in</strong></span> <span class='ocrx_word' id='word_1_141' title='bbox 393 2460 573 2547; x_wconf 83' lang='lat' dir='ltr'><strong>Religionis</strong></span> <span class='ocrx_word' id='word_1_142' title='bbox 587 2460 769 2527; x_wconf 92' lang='lat' dir='ltr'><strong>subsidium</strong></span> <span class='ocrx_word' id='word_1_143' title='bbox 785 2460 987 2530; x_wconf 86' lang='lat' dir='ltr'><strong>adhiberent.</strong></span> <span class='ocrx_word' id='word_1_144' title='bbox 1005 2461 1231 2538; x_wconf 86' lang='lat' dir='ltr'><strong>Quamobrem</strong></span> 
     </span>
     <span class='ocr_line' id='line_1_20' title="bbox 108 2554 1232 2656; baseline 0 -21"><span class='ocrx_word' id='word_1_145' title='bbox 108 2590 170 2636; x_wconf 89' lang='lat' dir='ltr'><strong>nec</strong></span> <span class='ocrx_word' id='word_1_146' title='bbox 187 2570 287 2636; x_wconf 89' lang='lat' dir='ltr'><strong>etiam</strong></span> <span class='ocrx_word' id='word_1_147' title='bbox 305 2568 360 2633; x_wconf 92' lang='lat' dir='ltr'><strong>ulli</strong></span> <span class='ocrx_word' id='word_1_148' title='bbox 382 2570 503 2634; x_wconf 90' lang='lat' dir='ltr'><strong>scholae</strong></span> <span class='ocrx_word' id='word_1_149' title='bbox 520 2569 565 2634; x_wconf 88' lang='lat' dir='ltr'><strong>sic</strong></span> <span class='ocrx_word' id='word_1_150' title='bbox 579 2569 697 2633; x_wconf 88' lang='lat' dir='ltr'><strong>addicti</strong></span> <span class='ocrx_word' id='word_1_151' title='bbox 713 2554 828 2645; x_wconf 50' lang='lat' dir='ltr'><strong>erant:</strong></span> <span class='ocrx_word' id='word_1_152' title='bbox 839 2579 875 2634; x_wconf 94' lang='lat' dir='ltr'><strong>ut</strong></span> <span class='ocrx_word' id='word_1_153' title='bbox 890 2570 930 2633; x_wconf 92' lang='lat' dir='ltr'><strong>ab</strong></span> <span class='ocrx_word' id='word_1_154' title='bbox 943 2570 1075 2635; x_wconf 89' lang='lat' dir='ltr'><strong>alterius</strong></span> <span class='ocrx_word' id='word_1_155' title='bbox 1088 2571 1232 2656; x_wconf 87' lang='lat' dir='ltr'><strong>cujusvis</strong></span> 
     </span>
     <span class='ocr_line' id='line_1_21' title="bbox 105 2676 1233 2762; baseline -0.003 -18"><span class='ocrx_word' id='word_1_156' title='bbox 105 2678 231 2745; x_wconf 76' lang='lat' dir='ltr'><strong>scholae</strong></span> <span class='ocrx_word' id='word_1_157' title='bbox 247 2677 371 2762; x_wconf 90' lang='lat' dir='ltr'><strong>placitis</strong></span> <span class='ocrx_word' id='word_1_158' title='bbox 387 2678 613 2751; x_wconf 88' lang='lat' dir='ltr'><strong>abhorrerent,</strong></span> <span class='ocrx_word' id='word_1_159' title='bbox 629 2676 688 2741; x_wconf 91' lang='lat' dir='ltr'><strong>sed</strong></span> <span class='ocrx_word' id='word_1_160' title='bbox 698 2676 857 2759; x_wconf 93' lang='lat' dir='ltr'><strong>quidquid</strong></span> <span class='ocrx_word' id='word_1_161' title='bbox 868 2677 911 2741; x_wconf 92' lang='lat' dir='ltr'><strong>illi</strong></span> <span class='ocrx_word' id='word_1_162' title='bbox 923 2677 1121 2743; x_wconf 90' lang='lat' dir='ltr'><strong>contrarium</strong></span> <span class='ocrx_word' id='word_1_163' title='bbox 1133 2698 1233 2744; x_wconf 90' lang='lat' dir='ltr'><strong>nove-</strong></span> 
     </span>
     <span class='ocr_line' id='line_1_22' title="bbox 108 2781 1233 2871; baseline 0.001 -20"><span class='ocrx_word' id='word_1_164' title='bbox 108 2795 199 2861; x_wconf 92' lang='lat' dir='ltr'><strong>rant,</strong></span> <span class='ocrx_word' id='word_1_165' title='bbox 230 2783 427 2868; x_wconf 89' lang='lat' dir='ltr'><strong>respuebant</strong></span> <span class='ocrx_word' id='word_1_166' title='bbox 454 2781 517 2871; x_wconf 88' lang='lat'><strong>(4).</strong></span> <span class='ocrx_word' id='word_1_167' title='bbox 546 2782 704 2848; x_wconf 90' lang='lat' dir='ltr'><strong>Videlicet</strong></span> <span class='ocrx_word' id='word_1_168' title='bbox 724 2804 794 2849; x_wconf 89' lang='lat' dir='ltr'><strong>eam</strong></span> <span class='ocrx_word' id='word_1_169' title='bbox 814 2783 1064 2869; x_wconf 83' lang='lat' dir='ltr'><strong>philosophandi</strong></span> <span class='ocrx_word' id='word_1_170' title='bbox 1085 2805 1233 2852; x_wconf 91' lang='lat' dir='ltr'><strong>normam</strong></span> 
     </span>
     <span class='ocr_line' id='line_1_23' title="bbox 106 2889 1234 2974; baseline 0 -16"><span class='ocrx_word' id='word_1_171' title='bbox 106 2891 223 2959; x_wconf 88' lang='lat' dir='ltr'><strong>sectati</strong></span> <span class='ocrx_word' id='word_1_172' title='bbox 238 2901 335 2967; x_wconf 92' lang='lat' dir='ltr'><strong>sunt,</strong></span> <span class='ocrx_word' id='word_1_173' title='bbox 352 2910 452 2973; x_wconf 89' lang='lat' dir='ltr'><strong>quam</strong></span> <span class='ocrx_word' id='word_1_174' title='bbox 469 2889 656 2956; x_wconf 91' lang='lat' dir='ltr'><strong>eclecticam</strong></span> <span class='ocrx_word' id='word_1_175' title='bbox 671 2891 805 2960; x_wconf 89' lang='lat' dir='ltr'><strong>inrecto</strong></span> <span class='ocrx_word' id='word_1_176' title='bbox 820 2911 920 2958; x_wconf 90' lang='lat' dir='ltr'><strong>sensu</strong></span> <span class='ocrx_word' id='word_1_177' title='bbox 937 2893 1043 2958; x_wconf 89' lang='lat' dir='ltr'><strong>dicere</strong></span> <span class='ocrx_word' id='word_1_178' title='bbox 1061 2895 1151 2974; x_wconf 87' lang='lat' dir='ltr'><strong>licet;</strong></span> <span class='ocrx_word' id='word_1_179' title='bbox 1169 2913 1234 2959; x_wconf 93' lang='lat' dir='ltr'><strong>non</strong></span> 
     </span>
     <span class='ocr_line' id='line_1_24' title="bbox 107 2997 1237 3083; baseline 0 -17"><span class='ocrx_word' id='word_1_180' title='bbox 107 3001 245 3083; x_wconf 91' lang='lat' dir='ltr'><strong>quidem</strong></span> <span class='ocrx_word' id='word_1_181' title='bbox 265 2998 461 3064; x_wconf 87' lang='lat' dir='ltr'><strong>methodum</strong></span> <span class='ocrx_word' id='word_1_182' title='bbox 477 2999 563 3063; x_wconf 89' lang='lat' dir='ltr'><strong>illam</strong></span> <span class='ocrx_word' id='word_1_183' title='bbox 584 2997 769 3063; x_wconf 89' lang='lat' dir='ltr'><strong>eclecticam</strong></span> <span class='ocrx_word' id='word_1_184' title='bbox 782 2999 1049 3083; x_wconf 89' lang='lat' dir='ltr'><strong>Neoplatonicam</strong></span> <span class='ocrx_word' id='word_1_185' title='bbox 1068 3001 1237 3067; x_wconf 86' lang='lat' dir='ltr'><strong>Cousinia-</strong></span> 
     </span>
     <span class='ocr_line' id='line_1_25' title="bbox 108 3105 1235 3191; baseline 0 -19"><span class='ocrx_word' id='word_1_186' title='bbox 108 3127 249 3182; x_wconf 86' lang='lat' dir='ltr'><strong>namve,</strong></span> <span class='ocrx_word' id='word_1_187' title='bbox 264 3123 340 3188; x_wconf 88' lang='lat' dir='ltr'><strong>quae</strong></span> <span class='ocrx_word' id='word_1_188' title='bbox 359 3106 470 3170; x_wconf 88' lang='lat' dir='ltr'><strong>omnia</strong></span> <span class='ocrx_word' id='word_1_189' title='bbox 485 3105 758 3188; x_wconf 84' lang='lat' dir='ltr'><strong>Philosophorum</strong></span> <span class='ocrx_word' id='word_1_190' title='bbox 774 3112 954 3191; x_wconf 89' lang='lat' dir='ltr'><strong>systemata</strong></span> <span class='ocrx_word' id='word_1_191' title='bbox 974 3107 1007 3172; x_wconf 93' lang='lat' dir='ltr'><strong>in</strong></span> <span class='ocrx_word' id='word_1_192' title='bbox 1028 3107 1235 3173; x_wconf 89' lang='lat' dir='ltr'><strong>concordiam</strong></span> 
     </span>
     <span class='ocr_line' id='line_1_26' title="bbox 109 3213 1238 3297; baseline 0.002 -17"><span class='ocrx_word' id='word_1_193' title='bbox 109 3215 275 3280; x_wconf 87' lang='lat' dir='ltr'><strong>adducere</strong></span> <span class='ocrx_word' id='word_1_194' title='bbox 297 3223 451 3290; x_wconf 85' lang='lat' dir='ltr'><strong>conatur,</strong></span> <span class='ocrx_word' id='word_1_195' title='bbox 477 3213 535 3279; x_wconf 90' lang='lat' dir='ltr'><strong>sed</strong></span> <span class='ocrx_word' id='word_1_196' title='bbox 559 3213 664 3290; x_wconf 93' lang='lat' dir='ltr'><strong>illam,</strong></span> <span class='ocrx_word' id='word_1_197' title='bbox 690 3232 781 3296; x_wconf 89' lang='lat' dir='ltr'><strong>quae,</strong></span> <span class='ocrx_word' id='word_1_198' title='bbox 798 3213 960 3297; x_wconf 91' lang='lat' dir='ltr'><strong>quidquid</strong></span> <span class='ocrx_word' id='word_1_199' title='bbox 977 3233 1093 3280; x_wconf 88' lang='lat' dir='ltr'><strong>verum</strong></span> <span class='ocrx_word' id='word_1_200' title='bbox 1108 3227 1141 3282; x_wconf 92' lang='lat' dir='ltr'><strong>et</strong></span> <span class='ocrx_word' id='word_1_201' title='bbox 1159 3235 1238 3282; x_wconf 88' lang='lat' dir='ltr'><strong>vero</strong></span> 
     </span>
     <span class='ocr_line' id='line_1_27' title="bbox 108 3308 1234 3407; baseline 0 -20"><span class='ocrx_word' id='word_1_202' title='bbox 108 3324 282 3388; x_wconf 86' lang='lat' dir='ltr'><strong>cohaerens</strong></span> <span class='ocrx_word' id='word_1_203' title='bbox 312 3322 453 3406; x_wconf 89' lang='lat' dir='ltr'><strong>detegit,</strong></span> <span class='ocrx_word' id='word_1_204' title='bbox 490 3321 577 3405; x_wconf 92' lang='lat' dir='ltr'><strong>apud</strong></span> <span class='ocrx_word' id='word_1_205' title='bbox 607 3339 856 3404; x_wconf 85' lang='lat' dir='ltr'><strong>quamcumque</strong></span> <span class='ocrx_word' id='word_1_206' title='bbox 888 3308 1012 3387; x_wconf 83' lang='lat' dir='ltr'><strong>sectam</strong></span> <span class='ocrx_word' id='word_1_207' title='bbox 1046 3323 1234 3407; x_wconf 81' lang='lat' dir='ltr'><strong>reperiatur,</strong></span> 
     </span>
    </p>
   </div>
   <div class='ocr_carea' id='block_1_3' title="bbox 112 3584 1320 4820">
    <p class='ocr_par' dir='ltr' id='par_1_4' title="bbox 146 3584 885 3656">
     <span class='ocr_line' id='line_1_28' title="bbox 146 3584 885 3656; baseline -0.003 -10"><span class='ocrx_word' id='word_1_208' title='bbox 146 3594 189 3656; x_wconf 83' lang='lat'><strong>(1)</strong></span> <span class='ocrx_word' id='word_1_209' title='bbox 228 3586 354 3646; x_wconf 86' lang='lat' dir='ltr'><strong>SSmus.</strong></span> <span class='ocrx_word' id='word_1_210' title='bbox 374 3587 469 3644; x_wconf 88' lang='lat' dir='ltr'><strong>Dnus.</strong></span> <span class='ocrx_word' id='word_1_211' title='bbox 484 3585 589 3644; x_wconf 87' lang='lat' dir='ltr'><strong>Noster</strong></span> <span class='ocrx_word' id='word_1_212' title='bbox 602 3584 663 3642; x_wconf 88' lang='lat' dir='ltr'><strong>Leo</strong></span> <span class='ocrx_word' id='word_1_213' title='bbox 676 3584 753 3643; x_wconf 91' lang='lat' dir='ltr'><strong>Xlll.</strong></span> <span class='ocrx_word' id='word_1_214' title='bbox 770 3585 824 3644; x_wconf 88' lang='lat' dir='ltr'><strong>loc.</strong></span> <span class='ocrx_word' id='word_1_215' title='bbox 836 3585 885 3644; x_wconf 88' lang='lat' dir='ltr'><strong>cit.</strong></span> 
     </span>
    </p>

    <p class='ocr_par' dir='ltr' id='par_1_5' title="bbox 145 3674 706 3747">
     <span class='ocr_line' id='line_1_29' title="bbox 145 3674 706 3747; baseline -0.005 -14"><span class='ocrx_word' id='word_1_216' title='bbox 145 3683 190 3742; x_wconf 84' lang='lat' dir='ltr'><strong>(a)</strong></span> <span class='ocrx_word' id='word_1_217' title='bbox 227 3676 303 3734; x_wconf 90' lang='lat' dir='ltr'><strong>Vide</strong></span> <span class='ocrx_word' id='word_1_218' title='bbox 316 3674 475 3745; x_wconf 84' lang='lat' dir='ltr'><strong>Gonzalez,</strong></span> <span class='ocrx_word' id='word_1_219' title='bbox 489 3688 510 3732; x_wconf 89' lang='lat' dir='ltr'><strong>t.</strong></span> <span class='ocrx_word' id='word_1_220' title='bbox 527 3693 543 3730; x_wconf 73' lang='grc' dir='ltr'><em>ι</em></span> <span class='ocrx_word' id='word_1_221' title='bbox 560 3695 659 3747; x_wconf 84' lang='lat' dir='ltr'><strong>parag.</strong></span> <span class='ocrx_word' id='word_1_222' title='bbox 674 3693 706 3744; x_wconf 88' lang='lat'><strong>14</strong></span> 
     </span>
    </p>

    <p class='ocr_par' dir='ltr' id='par_1_6' title="bbox 112 3762 1260 4015">
     <span class='ocr_line' id='line_1_30' title="bbox 146 3762 1241 3837; baseline 0 -13"><span class='ocrx_word' id='word_1_223' title='bbox 146 3771 191 3837; x_wconf 85' lang='lat'><strong>(3)</strong></span> <span class='ocrx_word' id='word_1_224' title='bbox 230 3765 389 3837; x_wconf 86' lang='lat' dir='ltr'><strong>Disputant</strong></span> <span class='ocrx_word' id='word_1_225' title='bbox 402 3763 493 3822; x_wconf 89' lang='lat' dir='ltr'><strong>critici</strong></span> <span class='ocrx_word' id='word_1_226' title='bbox 507 3763 544 3821; x_wconf 89' lang='lat' dir='ltr'><strong>de</strong></span> <span class='ocrx_word' id='word_1_227' title='bbox 557 3764 683 3822; x_wconf 81' lang='lat' dir='ltr'><strong>Auctore</strong></span> <span class='ocrx_word' id='word_1_228' title='bbox 694 3762 823 3834; x_wconf 88' lang='lat' dir='ltr'><strong>Operum</strong></span> <span class='ocrx_word' id='word_1_229' title='bbox 838 3783 906 3834; x_wconf 83' lang='lat' dir='ltr'><strong>quae</strong></span> <span class='ocrx_word' id='word_1_230' title='bbox 919 3764 974 3821; x_wconf 89' lang='lat' dir='ltr'><strong>sub</strong></span> <span class='ocrx_word' id='word_1_231' title='bbox 989 3764 1107 3824; x_wconf 90' lang='lat' dir='ltr'><strong>nomine</strong></span> <span class='ocrx_word' id='word_1_232' title='bbox 1119 3763 1151 3824; x_wconf 87' lang='lat' dir='ltr'><strong>S.</strong></span> <span class='ocrx_word' id='word_1_233' title='bbox 1168 3765 1241 3825; x_wconf 89' lang='lat' dir='ltr'><strong>Dio-</strong></span> 
     </span>
     <span class='ocr_line' id='line_1_31' title="bbox 112 3851 1240 3928; baseline 0.001 -16"><span class='ocrx_word' id='word_1_234' title='bbox 112 3855 184 3928; x_wconf 82' lang='lat' dir='ltr'><strong>nysi</strong></span> <span class='ocrx_word' id='word_1_235' title='bbox 197 3851 392 3927; x_wconf 65' lang='lat' dir='ltr'><strong>Areopagitae</strong></span> <span class='ocrx_word' id='word_1_236' title='bbox 402 3853 596 3912; x_wconf 84' lang='lat' dir='ltr'><strong>celebrantur.</strong></span> <span class='ocrx_word' id='word_1_237' title='bbox 617 3851 803 3924; x_wconf 86' lang='lat' dir='ltr'><strong>Quicumque</strong></span> <span class='ocrx_word' id='word_1_238' title='bbox 817 3852 865 3910; x_wconf 90' lang='lat' dir='ltr'><strong>ille</strong></span> <span class='ocrx_word' id='word_1_239' title='bbox 880 3852 984 3924; x_wconf 82' lang='lat' dir='ltr'><strong>fuerit,</strong></span> <span class='ocrx_word' id='word_1_240' title='bbox 1001 3866 1111 3913; x_wconf 84' lang='lat' dir='ltr'><strong>certum</strong></span> <span class='ocrx_word' id='word_1_241' title='bbox 1130 3869 1177 3914; x_wconf 87' lang='lat' dir='ltr'><strong>est</strong></span> <span class='ocrx_word' id='word_1_242' title='bbox 1191 3854 1240 3913; x_wconf 85' lang='lat' dir='ltr'><strong>illa</strong></span> 
     </span>
     <span class='ocr_line' id='line_1_32' title="bbox 113 3932 1260 4015; baseline -0.004 -14"><span class='ocrx_word' id='word_1_243' title='bbox 113 3963 205 4014; x_wconf 84' lang='lat' dir='ltr'><strong>opem</strong></span> <span class='ocrx_word' id='word_1_244' title='bbox 217 3943 380 4015; x_wconf 81' lang='lat' dir='ltr'><strong>conscripta</strong></span> <span class='ocrx_word' id='word_1_245' title='bbox 393 3941 484 4002; x_wconf 83' lang='lat' dir='ltr'><strong>luisse</strong></span> <span class='ocrx_word' id='word_1_246' title='bbox 497 3953 566 4000; x_wconf 90' lang='lat' dir='ltr'><strong>ante</strong></span> <span class='ocrx_word' id='word_1_247' title='bbox 579 3961 643 4000; x_wconf 87' lang='lat' dir='ltr'><strong>saec.</strong></span> <span class='ocrx_word' id='word_1_248' title='bbox 658 3941 716 4000; x_wconf 53' lang='lat' dir='ltr'><strong>VJ</strong></span> <span class='ocrx_word' id='word_1_249' title='bbox 1257 3932 1260 3937; x_wconf 62' lang='grc'><strong><em>’</em></strong></span> 
     </span>
    </p>

    <p class='ocr_par' dir='ltr' id='par_1_7' title="bbox 118 4031 1320 4820">
     <span class='ocr_line' id='line_1_33' title="bbox 152 4031 1243 4108; baseline 0.003 -18"><span class='ocrx_word' id='word_1_250' title='bbox 152 4033 196 4105; x_wconf 81' lang='lat'><strong>(4)</strong></span> <span class='ocrx_word' id='word_1_251' title='bbox 232 4033 334 4093; x_wconf 84' lang='lat' dir='ltr'><strong>Patres</strong></span> <span class='ocrx_word' id='word_1_252' title='bbox 353 4033 411 4092; x_wconf 85' lang='lat' dir='ltr'><strong>late</strong></span> <span class='ocrx_word' id='word_1_253' title='bbox 427 4031 592 4102; x_wconf 75' lang='lat' dir='ltr'><strong>dicenteque</strong></span> <span class='ocrx_word' id='word_1_254' title='bbox 610 4041 750 4090; x_wconf 87' lang='lat' dir='ltr'><strong>notarunt</strong></span> <span class='ocrx_word' id='word_1_255' title='bbox 763 4031 967 4104; x_wconf 81' lang='lat' dir='ltr'><strong>gravissimos,</strong></span> <span class='ocrx_word' id='word_1_256' title='bbox 983 4031 1014 4091; x_wconf 90' lang='lat' dir='ltr'><strong>in</strong></span> <span class='ocrx_word' id='word_1_257' title='bbox 1029 4053 1104 4105; x_wconf 87' lang='lat' dir='ltr'><strong>quos</strong></span> <span class='ocrx_word' id='word_1_258' title='bbox 1121 4033 1243 4108; x_wconf 83' lang='lat' dir='ltr'><strong>impegit</strong></span> 
     </span>
     <span class='ocr_line' id='line_1_34' title="bbox 118 4117 1241 4194; baseline 0.001 -14"><span class='ocrx_word' id='word_1_259' title='bbox 118 4142 221 4193; x_wconf 76' lang='lat' dir='ltr'><strong>graeca</strong></span> <span class='ocrx_word' id='word_1_260' title='bbox 237 4121 440 4194; x_wconf 83' lang='lat' dir='ltr'><strong>Philosophia,</strong></span> <span class='ocrx_word' id='word_1_261' title='bbox 451 4140 577 4180; x_wconf 87' lang='lat' dir='ltr'><strong>errores:</strong></span> <span class='ocrx_word' id='word_1_262' title='bbox 589 4140 647 4192; x_wconf 92' lang='lat' dir='ltr'><strong>qua</strong></span> <span class='ocrx_word' id='word_1_263' title='bbox 661 4120 698 4178; x_wconf 91' lang='lat' dir='ltr'><strong>de</strong></span> <span class='ocrx_word' id='word_1_264' title='bbox 711 4140 743 4178; x_wconf 88' lang='lat' dir='ltr'><strong>re</strong></span> <span class='ocrx_word' id='word_1_265' title='bbox 757 4121 819 4194; x_wconf 83' lang='lat' dir='ltr'><strong>lege</strong></span> <span class='ocrx_word' id='word_1_266' title='bbox 830 4117 924 4179; x_wconf 92' lang='lat' dir='ltr'><strong>Clem.</strong></span> <span class='ocrx_word' id='word_1_267' title='bbox 935 4121 1091 4181; x_wconf 80' lang='lat' dir='ltr'><strong>Alexandr.</strong></span> <span class='ocrx_word' id='word_1_268' title='bbox 1101 4122 1241 4182; x_wconf 82' lang='lat' dir='ltr'><strong>Stromat.</strong></span> 
     </span>
     <span class='ocr_line' id='line_1_35' title="bbox 121 4204 1320 4286; baseline 0.002 -18"><span class='ocrx_word' id='word_1_269' title='bbox 121 4213 174 4270; x_wconf 90' lang='lat' dir='ltr'><strong>lib.</strong></span> <span class='ocrx_word' id='word_1_270' title='bbox 187 4214 218 4282; x_wconf 90' lang='lat'><strong>6,</strong></span> <span class='ocrx_word' id='word_1_271' title='bbox 234 4233 296 4286; x_wconf 87' lang='lat' dir='ltr'><strong>cap.</strong></span> <span class='ocrx_word' id='word_1_272' title='bbox 316 4231 329 4284; x_wconf 76' lang='grc' dir='ltr'><strong>ς</strong></span> <span class='ocrx_word' id='word_1_273' title='bbox 346 4224 376 4270; x_wconf 89' lang='lat' dir='ltr'><strong>et</strong></span> <span class='ocrx_word' id='word_1_274' title='bbox 391 4209 464 4268; x_wconf 85' lang='lat' dir='ltr'><strong>alias</strong></span> <span class='ocrx_word' id='word_1_275' title='bbox 481 4210 604 4283; x_wconf 71' lang='lat' dir='ltr'><strong>passim</strong></span> <span class='ocrx_word' id='word_1_276' title='bbox 626 4209 745 4283; x_wconf 82' lang='lat' dir='ltr'><strong>Origen.</strong></span> <span class='ocrx_word' id='word_1_277' title='bbox 765 4209 864 4268; x_wconf 85' lang='lat' dir='ltr'><strong>Contr.</strong></span> <span class='ocrx_word' id='word_1_278' title='bbox 884 4210 1018 4280; x_wconf 81' lang='lat' dir='ltr'><strong>Celsum,</strong></span> <span class='ocrx_word' id='word_1_279' title='bbox 1040 4211 1090 4269; x_wconf 89' lang='lat' dir='ltr'><strong>lib.</strong></span> <span class='ocrx_word' id='word_1_280' title='bbox 1110 4213 1129 4269; x_wconf 88' lang='lat'><strong>6</strong></span> <span class='ocrx_word' id='word_1_281' title='bbox 1146 4231 1242 4285; x_wconf 86' lang='lat' dir='ltr'><strong>saepe;</strong></span> <span class='ocrx_word' id='word_1_282' title='bbox 1315 4204 1320 4222; x_wconf 66' lang='lat'><strong>¹</strong></span> 
     </span>
     <span class='ocr_line' id='line_1_36' title="bbox 123 4297 1244 4374; baseline 0.004 -19"><span class='ocrx_word' id='word_1_283' title='bbox 123 4297 157 4355; x_wconf 90' lang='lat' dir='ltr'><strong>S.</strong></span> <span class='ocrx_word' id='word_1_284' title='bbox 181 4301 342 4374; x_wconf 82' lang='lat' dir='ltr'><strong>Augustin,</strong></span> <span class='ocrx_word' id='word_1_285' title='bbox 364 4300 417 4371; x_wconf 91' lang='lat' dir='ltr'><strong>qui</strong></span> <span class='ocrx_word' id='word_1_286' title='bbox 438 4299 468 4358; x_wconf 91' lang='lat' dir='ltr'><strong>id</strong></span> <span class='ocrx_word' id='word_1_287' title='bbox 489 4298 635 4371; x_wconf 85' lang='lat' dir='ltr'><strong>praestitit</strong></span> <span class='ocrx_word' id='word_1_288' title='bbox 649 4298 715 4364; x_wconf 90' lang='lat' dir='ltr'><strong>(lib.</strong></span> <span class='ocrx_word' id='word_1_289' title='bbox 738 4299 800 4356; x_wconf 79' lang='lat' dir='ltr'><strong>ude</strong></span> <span class='ocrx_word' id='word_1_290' title='bbox 816 4299 909 4358; x_wconf 74' lang='lat' dir='ltr'><strong>civit.</strong></span> <span class='ocrx_word' id='word_1_291' title='bbox 925 4299 983 4358; x_wconf 80' lang='lat' dir='ltr'><strong>Dei</strong></span> <span class='ocrx_word' id='word_1_292' title='bbox 997 4321 1058 4372; x_wconf 86' lang='lat' dir='ltr'><strong>cap.</strong></span> <span class='ocrx_word' id='word_1_293' title='bbox 1080 4307 1128 4374; x_wconf 83' lang='lat'><strong>41)</strong></span> <span class='ocrx_word' id='word_1_294' title='bbox 1142 4321 1244 4360; x_wconf 86' lang='lat' dir='ltr'><strong>omnes</strong></span> 
     </span>
     <span class='ocr_line' id='line_1_37' title="bbox 125 4387 1245 4463; baseline 0.004 -19"><span class='ocrx_word' id='word_1_295' title='bbox 125 4387 367 4463; x_wconf 83' lang='lat' dir='ltr'><strong>Philosophorum</strong></span> <span class='ocrx_word' id='word_1_296' title='bbox 392 4401 483 4448; x_wconf 85' lang='lat' dir='ltr'><strong>sectas</strong></span> <span class='ocrx_word' id='word_1_297' title='bbox 506 4387 692 4462; x_wconf 83' lang='lat' dir='ltr'><strong>recensendo.</strong></span> <span class='ocrx_word' id='word_1_298' title='bbox 716 4390 758 4446; x_wconf 90' lang='lat' dir='ltr'><strong>Ac</strong></span> <span class='ocrx_word' id='word_1_299' title='bbox 782 4388 957 4447; x_wconf 89' lang='lat' dir='ltr'><strong>nominatim</strong></span> <span class='ocrx_word' id='word_1_300' title='bbox 979 4409 1093 4448; x_wconf 85' lang='lat' dir='ltr'><strong>errores</strong></span> <span class='ocrx_word' id='word_1_301' title='bbox 1116 4409 1190 4462; x_wconf 88' lang='lat' dir='ltr'><strong>quos</strong></span> <span class='ocrx_word' id='word_1_302' title='bbox 1213 4391 1245 4449; x_wconf 92' lang='lat' dir='ltr'><strong>in</strong></span> 
     </span>
     <span class='ocr_line' id='line_1_38' title="bbox 125 4476 1244 4552; baseline 0.004 -18"><span class='ocrx_word' id='word_1_303' title='bbox 125 4477 252 4539; x_wconf 81' lang='lat' dir='ltr'><strong>Platonis</strong></span> <span class='ocrx_word' id='word_1_304' title='bbox 276 4477 466 4552; x_wconf 77' lang='lat' dir='ltr'><strong>Philosophia</strong></span> <span class='ocrx_word' id='word_1_305' title='bbox 481 4478 595 4537; x_wconf 88' lang='lat' dir='ltr'><strong>notavit</strong></span> <span class='ocrx_word' id='word_1_306' title='bbox 619 4476 652 4536; x_wconf 90' lang='lat' dir='ltr'><strong>S.</strong></span> <span class='ocrx_word' id='word_1_307' title='bbox 676 4477 872 4551; x_wconf 79' lang='lat' dir='ltr'><strong>Augustinus,</strong></span> <span class='ocrx_word' id='word_1_308' title='bbox 902 4477 968 4536; x_wconf 84' lang='lat' dir='ltr'><strong>uide</strong></span> <span class='ocrx_word' id='word_1_309' title='bbox 995 4479 1074 4550; x_wconf 81' lang='lat' dir='ltr'><strong>apud</strong></span> <span class='ocrx_word' id='word_1_310' title='bbox 1095 4478 1244 4538; x_wconf 89' lang='lat' dir='ltr'><strong>Andream</strong></span> 
     </span>
     <span class='ocr_line' id='line_1_39' title="bbox 123 4567 1245 4644; baseline 0.004 -21"><span class='ocrx_word' id='word_1_311' title='bbox 123 4567 231 4627; x_wconf 80' lang='lat' dir='ltr'><strong>hicrtin</strong></span> <span class='ocrx_word' id='word_1_312' title='bbox 249 4571 378 4642; x_wconf 81' lang='lat' dir='ltr'><strong>(Philos</strong></span> <span class='ocrx_word' id='word_1_313' title='bbox 399 4567 431 4627; x_wconf 91' lang='lat' dir='ltr'><strong>S.</strong></span> <span class='ocrx_word' id='word_1_314' title='bbox 453 4569 585 4644; x_wconf 75' lang='lat' dir='ltr'><strong>August.</strong></span> <span class='ocrx_word' id='word_1_315' title='bbox 606 4567 676 4625; x_wconf 91' lang='lat' dir='ltr'><strong>edit.</strong></span> <span class='ocrx_word' id='word_1_316' title='bbox 695 4567 795 4625; x_wconf 83' lang='lat' dir='ltr'><strong>Fabre.</strong></span> <span class='ocrx_word' id='word_1_317' title='bbox 815 4587 882 4639; x_wconf 88' lang='lat' dir='ltr'><strong>pars</strong></span> <span class='ocrx_word' id='word_1_318' title='bbox 903 4581 940 4625; x_wconf 88' lang='lat'><strong>1.·</strong></span> <span class='ocrx_word' id='word_1_319' title='bbox 955 4589 1018 4641; x_wconf 84' lang='lat' dir='ltr'><strong>esp.</strong></span> <span class='ocrx_word' id='word_1_320' title='bbox 1041 4586 1137 4643; x_wconf 81' lang='lat'><strong>15-25,</strong></span> <span class='ocrx_word' id='word_1_321' title='bbox 1162 4568 1245 4627; x_wconf 86' lang='lat' dir='ltr'><strong>Paris</strong></span> 
     </span>
     <span class='ocr_line' id='line_1_40' title="bbox 126 4657 1246 4733; baseline 0.004 -20"><span class='ocrx_word' id='word_1_322' title='bbox 126 4657 219 4732; x_wconf 73' lang='lat'><strong>1863.)</strong></span> <span class='ocrx_word' id='word_1_323' title='bbox 235 4659 297 4718; x_wconf 81' lang='lat' dir='ltr'><strong>cfr.</strong></span> <span class='ocrx_word' id='word_1_324' title='bbox 312 4657 484 4730; x_wconf 82' lang='lat' dir='ltr'><strong>Degerand,</strong></span> <span class='ocrx_word' id='word_1_325' title='bbox 500 4669 601 4716; x_wconf 86' lang='lat' dir='ltr'><strong>auctor</strong></span> <span class='ocrx_word' id='word_1_326' title='bbox 615 4669 691 4714; x_wconf 90' lang='lat' dir='ltr'><strong>certe</strong></span> <span class='ocrx_word' id='word_1_327' title='bbox 706 4675 765 4715; x_wconf 91' lang='lat' dir='ltr'><strong>non</strong></span> <span class='ocrx_word' id='word_1_328' title='bbox 778 4670 931 4730; x_wconf 84' lang='lat' dir='ltr'><strong>suspectus</strong></span> <span class='ocrx_word' id='word_1_329' title='bbox 943 4657 1039 4724; x_wconf 82' lang='lat' dir='ltr'><strong>(Hist.</strong></span> <span class='ocrx_word' id='word_1_330' title='bbox 1054 4667 1180 4733; x_wconf 74' lang='lat' dir='ltr'><strong>compar.</strong></span> <span class='ocrx_word' id='word_1_331' title='bbox 1195 4662 1246 4718; x_wconf 83' lang='lat' dir='ltr'><strong>des</strong></span> 
     </span>
     <span class='ocr_line' id='line_1_41' title="bbox 123 4745 1001 4820; baseline 0.001 -15"><span class='ocrx_word' id='word_1_332' title='bbox 123 4745 268 4820; x_wconf 71' lang='lat' dir='ltr'><strong>Syelemes</strong></span> <span class='ocrx_word' id='word_1_333' title='bbox 281 4749 319 4808; x_wconf 86' lang='lat' dir='ltr'><strong>de</strong></span> <span class='ocrx_word' id='word_1_334' title='bbox 331 4748 448 4810; x_wconf 82' lang='lat' dir='ltr'><strong>Philus.</strong></span> <span class='ocrx_word' id='word_1_335' title='bbox 463 4747 546 4820; x_wconf 82' lang='lat' dir='ltr'><strong>chop.</strong></span> <span class='ocrx_word' id='word_1_336' title='bbox 562 4767 612 4818; x_wconf 83' lang='lat' dir='ltr'><strong>aa,</strong></span> <span class='ocrx_word' id='word_1_337' title='bbox 628 4759 650 4806; x_wconf 92' lang='lat' dir='ltr'><strong>t.</strong></span> <span class='ocrx_word' id='word_1_338' title='bbox 664 4765 684 4820; x_wconf 86' lang='lat'>4</span> <span class='ocrx_word' id='word_1_339' title='bbox 696 4766 726 4820; x_wconf 82' lang='lat' dir='ltr'><strong>p.</strong></span> <span class='ocrx_word' id='word_1_340' title='bbox 745 4745 793 4818; x_wconf 81' lang='lat'><strong>16,</strong></span> <span class='ocrx_word' id='word_1_341' title='bbox 809 4745 893 4807; x_wconf 84' lang='lat' dir='ltr'><strong>Paris</strong></span> <span class='ocrx_word' id='word_1_342' title='bbox 909 4747 1001 4817; x_wconf 78' lang='lat'><strong>1822.)</strong></span> 
     </span>
    </p>
   </div>
   <div class='ocr_carea' id='block_1_4' title="bbox 0 0 1761 5525">
    <p class='ocr_par' dir='ltr' id='par_1_8' title="bbox 0 0 1761 5525">
     <span class='ocr_line' id='line_1_42' title="bbox 0 0 1761 5525; baseline 0 0"><span class='ocrx_word' id='word_1_343' title='bbox 0 0 1761 5525; x_wconf 95' lang='lat' dir='ltr'><strong> </strong></span> 
     </span>
    </p>
   </div>
  </div>
 </body>
</html>
