3492 5525
549 475 604 546 154
736 461 861 530 Loorcr
882 461 1132 566 Mmoa-Drso.
1160 475 1202 527 r.·
1223 461 1302 530 car».
1324 477 1397 530 ψ

507 653 645 732 utraque
659 643 849 714 delinitione
860 645 991 730 proprio
1005 647 1157 732 subjecto,
1181 647 1214 714 id
1233 654 1300 726 est,
1316 649 1517 716 contrarium
1536 667 1635 732 capa·

505 753 547 850 ci,
573 755 649 840 qula
675 763 824 842 respectu
849 753 988 840 subjecti
1016 755 1059 821 ad
1082 753 1289 840 suscipienda
1311 737 1471 823 cmr‘tfaria
1495 755 1634 822 minime

505 861 630 942 idonei,
651 881 751 930 omne
765 861 967 929 contrarium
980 862 1079 930 habet
1094 860 1261 942 medium,
1279 864 1361 949 lapis
1375 883 1520 948 namque
1534 874 1568 931 et
1581 883 1636 930 sa·
1719 928 1720 945 ,

506 967 614 1040 nitatis
628 977 661 1038 et
675 967 880 1058 egritudinis
893 978 945 1038 est
964 987 1107 1056 expers»
1121 965 1185 1058 (r).
1719 1030 1720 1039 ,

571 1079 669 1148 Porro
693 1077 811 1154 media,
837 1095 914 1163 quae
938 1077 1024 1148 inter
1046 1077 1206 1162 ejusmodi
1221 1079 1382 1146 contraria
1407 1078 1630 1159 intercedunt,
1719 1072 1720 1093 ’

504 1187 620 1272 partim
641 1185 800 1272 peculiare
816 1204 939 1253 nomen
954 1186 1093 1262 habent,
1110 1193 1143 1250 el
1157 1187 1311 1254 dicuntur
1325 1187 1504 1265 nominata,
1517 1195 1556 1254 ut
1574 1207 1632 1256 co-
1672 1253 1676 1260 ,
1719 1256 1720 1271 ,

504 1293 587 1362 iores
602 1291 700 1362 medii
724 1294 807 1362 inter
829 1293 936 1362 aidum
954 1295 986 1360 et
1005 1293 1150 1378 n'ignnm:
1178 1291 1239 1358 alia
1267 1313 1389 1361 nomen
1411 1305 1538 1362 certum
1562 1314 1631 1362 non

504 1401 625 1470 liabent
653 1409 686 1468 et
704 1401 857 1470 dicuntur
881 1399 1099 1477 innominata,
1119 1402 1217 1484 quote
1235 1410 1286 1468 est
1305 1400 1451 1470 medium
1475 1402 1594 1469 inter·
1571 1423 1632 1490 pn·

424 1507 854 1640 strenatpusinjnrnm.
868 1507 1038 1576 Medium
1029 1507 1273 1576 innominatum
1286 1509 1632 1593 habentquoqueeor·
1719 1564 1720 1571 ,

424 1597 600 1704 “pom
610 1635 684 1702 quae
695 1617 847 1686 eamdem
861 1633 939 1686 cum
952 1623 1065 1684 nostro
1074 1615 1410 1700 habenttemperrem
1421 1615 1631 1702 ideoquenec

501 1725 614 1814 irigida
634 1743 691 1794 nec
710 1725 812 1794 calida
823 1731 994 1792 vocantur

25 1821 109 1893 ’Μ’
154 1815 315 1890 “⁰⁶¹⁶’'
335 1849 438 1904 uma-o
569 1833 692 1900 Verum
710 1841 746 1898 ut
759 1843 829 1902 tota
848 1833 919 1898 iraec
934 1830 1080 1899 doctrina
1099 1831 1140 1896 de
1162 1830 1330 1896 contrariis
1355 1831 1505 1899 mediatis
1527 1845 1631 1919 atque

23 1937 88 1982 '‘¹¹“
120 1943 207 1986 ·’·’·“’
237 1927 293 1976 '¹‘
299 1921 410 2038 ’,”’””
314 1921 468 2110 &iiiii
501 1939 699 2010 immediatis
722 1941 781 2008 rite
804 1939 1016 2025 percipiatur,
1035 1947 1167 2024 oportet
1193 1940 1372 2017 declarare,
1398 1941 1479 2024 quid
1502 1942 1544 2010 sit
1566 1963 1630 2008 nn-
1720 2004 1721 2011 ,

438 2051 586 2118 eddom
600 2049 684 2120 inter
695 2049 859 2134 opposita
873 2046 1019 2116 Medium
1032 2046 1214 2133 generatim
1226 2058 1277 2116 est
1290 2046 1340 2124 id,
1357 2048 1469 2130 quod
1462 2051 1632 2133 interjacet

370 2191 375 2204 ·
500 2157 837 2226 interbinaextrema
853 2153 1629 2234 iiocauternlicetstrictissimesumaturdehis,

501 2283 576 2352 que
597 2267 630 2334 in
649 2265 765 2334 erdem
782 2263 867 2331 linea
890 2271 1063 2331 versantur
1076 2281 1154 2330 curn
1178 2263 1350 2344 extremls3
1376 2266 1545 2332 tamenin
1567 2267 1630 2331 hac

500 2373 683 2460 questione
698 2373 801 2459 logica
818 2371 965 2439 medium
980 2371 1122 2438 sumitur
1140 2371 1240 2436 etiam
1256 2389 1315 2456 pro
1328 2372 1419 2437 omni
1436 2391 1493 2449 eo,
1510 2373 1630 2457 inquo

499 2481 701 2550 conveniunt
716 2489 881 2558 extrema,
898 2480 950 2546 vel
974 2479 1064 2563 quod
1086 2497 1143 2563 per
1166 2498 1204 2544 ea
1219 2497 1285 2544 non
1300 2479 1496 2547 excluditur.
1517 2478 1630 2563 Atque

500 2589 543 2658 lta
562 2587 658 2656 verte
673 2597 812 2674 possunt
826 2585 1003 2672 excogitari
1014 2587 1135 2652 classes
1149 2586 1248 2652 medii
1260 2583 1323 2673 (a).
1351 2586 1449 2652 Aliud
1462 2589 1555 2654 enim
1577 2599 1630 2654 est

451 2691 463 2785 ;’
501 2697 647 2767 medium
677 2696 823 2784 ejusdem
847 2694 988 2789 Μ,
1014 2713 1073 2763 seu
1103 2699 1227 2760 nature
1250 2686 1328 2759 'cum
1352 2693 1527 2773 extremis,
1548 2696 1630 2763 illud
1721 2767 1722 2772 ,

501 2805 678 2881 nimirum.
705 2804 795 2889 quod
822 2813 872 2870 est
894 2803 928 2869 in
946 2804 1063 2871 eadem
1089 2804 1178 2869 velut
1203 2802 1287 2867 linea
1309 2812 1343 2869 et
1364 2804 1472 2888 specie
1503 2823 1627 2881 rerum,

501 2912 786 3001 quemadmodum
805 2920 884 2981 sunt
897 2913 1025 2979 colores
1038 2910 1137 2977 medii
1157 2910 1344 2977 albedinem
1362 2910 1448 2977 inter
1470 2923 1504 2978 et
1521 2911 1632 2999 nigre-

500 3020 629 3097 dinem.
645 3030 678 3087 et
692 3019 847 3105 quelibet
861 3020 934 3088 eliae
945 3022 1077 3096 forme,
1093 3037 1170 3105 quae
1188 3018 1251 3085 sub
1274 3020 1393 3085 eodem
1407 3037 1530 3104 genere
1548 3040 1628 3087 cum

501 3128 656 3197 extremis
671 3128 891 3215 reperiuntur.
905 3126 1003 3193 Aliud
1015 3138 1067 3195 est
1079 3128 1227 3193 medium
1237 3126 1377 3213 suman,
1391 3127 1502 3211 ipsum
1514 3128 1631 3195 videli-

499 3246 551 3307 cet
564 3236 751 3321 subiectum
767 3236 880 3303 lormis
893 3234 1063 3303 contrariis
1083 3234 1226 3302 vicissim
1246 3233 1440 3316 recipiendis
1453 3235 1626 3313 idoneum,

501 3346 578 3415 iilud
604 3363 748 3431 namque
766 3322 946 3411 commune
971 3343 1094 3409 habent
1117 3341 1279 3426 oppositae
1297 3342 1359 3407 iure
1382 3343 1508 3407 lormae.
1528 3342 1629 3411 Aliud

500 3454 638 3523 demum
663 3452 822 3539 distingui
847 3460 960 3536 potest
985 3452 1133 3517 medium
1160 3450 1203 3515 ab
1227 3450 1280 3515 his
1300 3449 1434 3517 duobus
1457 3450 1627 3517 diversum

501 3562 591 3649 quod
611 3560 806 3645 prinum
823 3560 932 3625 vocari
955 3566 1069 3642 posset
1085 3576 1147 3625 seu
1168 3558 1365 3641 negarim,
1379 3558 1457 3641 quia
1477 3560 1629 3627 consistit

502 3670 534 3738 in
557 3688 646 3737 mera
664 3678 890 3737 extremorum
904 3666 1142 3734 contrariorum
1158 3665 1350 3751 negatione,
1365 3674 1401 3731 et
1422 3668 1583 3751 reperitur
1595 3670 1630 3735 in

536 3962 578 4025 (ι)
614 3952 794 4013 Conimbrie.
813 3952 844 4011 in
865 3954 1053 4029 expositione
1071 3961 1171 4011 restes
1189 3950 1368 4010 Aristotele
1385 3952 1512 4009 Pmie‘c.
1533 3975 1560 4011 c.
1586 3975 1629 4016 ro:

501 4044 564 4105 etr.
579 4044 674 4111 Tolet,
689 4042 720 4103 in
729 4042 887 4103 Comment
901 4062 991 4115 super
1003 4042 1106 4101 εοάωι
1119 4042 1197 4109 loeo,
1211 4054 1242 4098 et
1254 4039 1386 4113 sylvane
1393 4041 1490 4100 suari
1505 4044 1632 4102 Aristo—

501 4136 569 4195 leir'e
583 4134 834 4211 anseromia.....
849 4146 922 4191 tom.
940 4153 965 4189 r.
979 4146 1065 4191 tract
1080 4132 1143 4203 3de
1157 4132 1462 4203 Postraede'cmate's
1472 4153 1537 4205 cap.
1557 4156 1569 4191 r
1585 4138 1632 4194 vel

506 4246 536 4283 ra
549 4226 586 4283 de
600 4224 751 4299 opponis
764 4242 793 4281 n.
811 4244 840 4288 e,
855 4242 884 4295 4.

536 4320 577 4381 (el
614 4313 656 4371 ite
671 4312 704 4371 S.
720 4312 851 4371 Thomas
864 4311 1062 4387 neiietept„
1077 4312 1143 4369 ieet.
1161 4312 1209 4379 rs,
1222 4332 1322 4385 perag.
1332 4312 1547 4378 semum
1557 4328 1629 4373 text

501 4418 552 4477 ης
568 4404 695 4461 Medium
710 4404 781 4459 rhen
805 4404 860 4459 dne
875 4404 980 4476 eligere
998 4403 1109 4474 aceepit
1121 4410 1217 4475 potest
1232 4423 1290 4461 no
1304 4406 1387 4463 noa·
1402 4407 1631 4479 μηδι-ἱμ-

501 4496 606 4551 &luen
620 4493 770 4565 utriusque
791 4493 931 4554 arerent.
951 4492 1026 4565 guoti
1044 4502 1088 4547 est
1102 4494 1228 4548 aediu-
1245 4495 1276 4548 ι’·
1289 4494 1387 4552 eole-
1404 4514 1529 4569 genere,
1548 4498 1632 4553 sicut

500 4584 600 4643 vt'rt'&
614 4584 661 4639 wi
676 4584 819 4657 'alithin
833 4582 908 4639 e'rtder
919 4582 1017 4637 atte-
1026 4590 1057 4639 et
1069 4583 1201 4657 uilem.
1215 4584 1290 4641 Atto
1303 4586 1386 4641 nonio
1395 4586 1631 4661 perch-egerin-

502 4694 579 4735 ιη,
601 4674 675 4747 guod
696 4674 782 4729 meon
806 4680 850 4731 est
871 4673 1019 4729 diome-
1041 4671 1071 4725 e‘n
1093 4693 1217 4743 genere,
1236 4676 1318 4730 sicet
1339 4677 1417 4731 r'aler
1435 4676 1579 4733 fioniu-
1602 4690 1631 4735 et

501 4762 1326 4837 open.pearm·estb·oneeerqm,utrpie
