3492 5525
531 486 569 555 74
936 454 1161 531 lsmooucr'ro

493 658 797 737 propugnaretque,
813 650 975 714 honorem
991 665 1125 731 quoque
1138 648 1319 715 litterarum
1336 659 1369 717 et
1387 648 1610 729 scientiarum,

492 760 562 825 sive
583 756 765 825 divinarum
787 756 856 823 sive
876 758 1115 831 humanarum,
1130 755 1325 823 sustinuisse
1345 766 1445 842 atque
1468 758 1610 827 auxisse.

493 868 540 932 Ac
563 866 668 951 primo
687 864 820 949 quidem
847 864 1025 931 nonnullos
1051 863 1228 949 theologos
1256 863 1343 931 misit
1367 864 1400 930 in
1426 864 1611 932 Concilium

230 1012 237 1028 .
278 1004 374 1058 mog„
390 1003 477 1057 mm,
491 970 736 1049 tridentinum,
753 972 785 1039 in
804 972 929 1055 quibus
939 971 1149 1037 eminuerunt
1165 970 1301 1053 lacobus
1311 973 1451 1053 taynires
1467 971 1613 1061 (Lainez)

280 1077 406 1133 delum·
425 1074 477 1123 ⁵⁸¹·
491 1083 658 1148 oraculum
682 1080 765 1147 illius
789 1078 1018 1163 sapientissimi
1032 1095 1221 1155 consessus,
1238 1088 1271 1145 et
1291 1080 1471 1162 Aphareus
1488 1082 1614 1147 Sarme—
1736 1151 1737 1156 ,

337 1162 419 1195 mem·

491 1206 567 1266 ron,
595 1188 650 1272 qui
681 1184 718 1253 16
745 1186 915 1254 volumina
941 1187 1251 1253 commentariorum
1286 1187 1319 1252 in
1347 1185 1381 1253 S.
1411 1186 1612 1273 §cripturam
1736 1253 1737 1262 ,

491 1295 607 1373 edidit,
623 1292 702 1384 (-{-r
713 1298 773 1381 585
791 1296 895 1361 aetatis
913 1292 983 1381 69).
996 1294 1150 1380 «Laynez
1161 1304 1192 1359 et
1208 1293 1396 1367 Salmeron,
1416 1298 1542 1380 «inquit
1555 1298 1615 1362 do-
1736 1269 1737 1358 i

491 1406 656 1472 ctissimus
686 1402 837 1490 AEgidius
860 1400 1037 1477 Foscarari,
1068 1401 1111 1466 O.
1142 1401 1409 1480 predicatorum,
1438 1404 1614 1490 episcopus

493 1512 701 1589 mutinensis,
716 1512 883 1577 ‹rmaximo
895 1528 971 1576 cum
986 1510 1158 1594 splendore
1169 1509 1210 1574 de
1220 1508 1280 1576 SS.
1293 1508 1499 1578 Eucharistiae
1509 1532 1615 1579 sacra-

493 1628 606 1687 mento
625 1628 738 1685 contra
758 1619 947 1684 lutheranos
969 1616 1208 1694 disseruerunt,
1229 1627 1261 1683 et
1277 1637 1387 1684 revera
1410 1638 1464 1683 me
1488 1620 1612 1685 felicem

491 1730 595 1805 duco,
612 1727 701 1811 quod
716 1726 747 1792 in
773 1728 842 1793 haec
856 1736 1005 1808 tempora
1019 1734 1087 1789 tam
1112 1726 1285 1791 doctorum
1300 1745 1400 1810 quarn
1424 1738 1613 1794 sanctorum

491 1835 621 1903 Parrum
645 1833 851 1901 inciderim.»
868 1830 920 1921 (r)
945 1830 1045 1898 Tales
1063 1841 1240 1917 tantosque
1258 1833 1358 1901 duces
1372 1845 1405 1901 et
1430 1834 1614 1919 inceptores

491 1943 541 2010 alii
556 1960 635 2009 mox
649 1940 831 2027 gravissimi
859 1941 990 2007 asseclae
1004 1958 1210 2016 successere,
1227 1962 1245 2006 e
1261 1942 1381 2025 quibus
1397 1952 1547 2009 nostrum
1563 1951 1614 2008 est

492 2050 672 2136 praecipuos
695 2050 885 2125 dumtaxat,
912 2067 1038 2133 eosque
1060 2048 1117 2131 qui
1140 2048 1223 2115 bene
1246 2049 1287 2114 de
1313 2049 1545 2134 philosophicis
1567 2050 1615 2116 di·

491 2157 633 2242 sciplinis
650 2168 857 2233 meruerunt,
876 2156 1004 2220 reterre.

473 2275 478 2281 '
537 2261 592 2333 86.
641 2264 852 2330 Aristotelem
866 2262 1119 2328 Commentariis
1130 2272 1162 2328 et
1172 2263 1368 2329 doctissimis
1379 2266 1615 2347 quaestionibus

291 2396 463 2449 chamum,
491 2373 690 2438 illustrarunt
718 2370 813 2435 Card.
841 2370 1029 2436 Franciscus
1050 2369 1182 2445 Tolerus,
1211 2372 1425 2437 cordubensis
1451 2371 1501 2459 (n,
1532 2392 1614 2458 ¹53²

490 2477 540 2564 -Ι-
562 2475 662 2564 1586)
676 2496 692 2543 a
712 2478 869 2563 Gregorio
883 2477 945 2543 Xlll
960 2479 1111 2543 ornnium
1128 2497 1191 2544 suo
1204 2489 1354 2561 tempore
1368 2481 1439 2545 sine
1458 2481 1522 2546 ulla
1538 2499 1616 2545 con-

492 2586 648 2652 troversia
667 2584 879 2652 doctissimus
893 2585 1058 2668 judicatus
1081 2583 1132 2672 (2)
1153 2596 1186 2651 et
1205 2586 1245 2650 ad
1270 2588 1461 2670 gravissima
1484 2589 1616 2673 negotia

491 2693 691 2779 expedienda
706 2693 748 2758 ob
769 2691 962 2777 sapientiam
987 2694 1150 2779 insignem
1173 2694 1516 2779 innocentissimaeque
1538 2695 1614 2762 vitae

491 2803 709 2888 integritatem
739 2799 920 2878 adhibitus,
943 2801 1077 2866 maximi
1092 2801 1189 2868 etiam
1207 2803 1343 2868 saetosa
1358 2802 1452 2869 Sixto
1470 2805 1516 2880 V,
1536 2803 1617 2870 Gre-

475 2897 584 2996 'gorio
603 2910 675 2977 xlv
691 2919 722 2975 et
737 2907 909 2974 Clemente
933 2908 1015 2985 Vlll,
1036 2930 1054 2974 a
1076 2929 1137 2975 suo
1162 2929 1240 2975 vero
1259 2909 1419 2996 magistro
1444 2911 1617 2978 Dominico

492 3017 572 3084 Soto
586 3017 766 3102 prodigium
780 3028 913 3102 propter
933 3016 1055 3101 ingenii
1078 3019 1302 3082 excellentiam
1327 3019 1528 3102 appellatus3
1552 3021 1618 3085 cla·

493 3125 639 3192 rissimus
661 3127 838 3210 theologus
862 3143 898 3189 ac
924 3142 1087 3190 sacrarum
1112 3125 1291 3190 litterarum
1315 3126 1475 3210 interpres
1490 3137 1523 3191 et
1537 3145 1618 3191 con·

491 3235 638 3300 cionator
651 3231 851 3317 pontificius.
864 3231 983 3298 Praeter
995 3249 1094 3315 opera
1107 3233 1292 3317 theologica
1305 3233 1432 3316 scripsit
1445 3253 1619 3298 commen-

493 3341 590 3406 tarios
609 3349 641 3405 et
669 3338 869 3423 quaestiones
893 3341 926 3404 in
954 3339 1138 3404 Aristotelis
1165 3339 1264 3405 libros
1288 3341 1329 3404 de
1342 3341 1468 3424 logica,
1484 3341 1618 3422 Physica

410 3445 415 3456 '
492 3448 615 3524 auditu,
640 3448 681 3512 de
708 3446 914 3513 Generatione
943 3459 975 3513 et
1001 3447 1216 3528 corruptione,
1241 3467 1278 3511 ac
1298 3447 1339 3512 de
1362 3448 1495 3516 Anima.

287 3561 471 3609 londonae·
537 3557 593 3638 87.
641 3555 754 3620 Petnas
780 3554 932 3631 Fomeca,
964 3549 1318 3638 lusitanus(-i-1599,
1341 3553 1618 3642 aetatis71)scri-

495 3659 559 3746 psit
585 3661 790 3746 egregiarum
822 3661 1054 3726 institutionum
1075 3659 1323 3726 Dialectr'carum
1348 3663 1447 3729 libros
1468 3671 1561 3741 octo;
1583 3674 1618 3728 et

495 3769 723 3834 Commentaria
746 3767 778 3836 in
798 3767 895 3833 libros
910 3767 1187 3848 Metaph’sicorum
1223 3769 1414 3836 Arr'stolelr's.
1448 3793 1466 3832 n
1475 3771 1619 3856 Magnus

495 3887 562 3943 erat
583 3876 761 3961 praesertim
780 3895 843 3942 saec
869 3874 954 3941 xvll
974 3877 1092 3941 horum
1110 3877 1425 3943 commentariorum
1439 3877 1472 3943 in
1496 3879 1618 3945 scholis
1663 3901 1674 3914 ·

530 4131 570 4191 (t)
607 4127 693 4198 Apud
710 4125 747 4182 Η.
763 4125 872 4182 Hurter
886 4125 1093 4181 Nomenclator
1104 4126 1269 4182 litterarius
1282 4139 1304 4182 t.
1321 4147 1332 4182 r
1348 4146 1376 4198 p.
1391 4147 1438 4200 155
1448 4172 1455 4194 ,
1467 4129 1619 4200 OEnipon·

494 4231 539 4284 te,
565 4215 689 4289 187173.
705 4213 814 4284 Quanti
831 4213 911 4271 heret
932 4213 1119 4271 Foscararius
1133 4235 1149 4270 a
1164 4213 1289 4272 Conciiii
1305 4215 1442 4274 Patribus
1455 4233 1571 4276 constat
1584 4240 1621 4277 ex

495 4305 530 4364 iis
542 4325 607 4377 quae
620 4305 657 4362 de
671 4325 704 4362 eo
718 4303 847 4362 referunt
862 4303 976 4360 Echard
985 4317 1015 4360 et
1029 4303 1139 4372 Quetis.
1150 4303 1249 4375 script.
1267 4304 1304 4362 O.
1317 4305 1411 4362 Praed.
1427 4305 1619 4366 «Sessionum

493 4395 580 4454 etiam
596 4393 723 4464 ejusdem
738 4392 850 4452 concilii
861 4391 1088 4451 ordinandarum
1098 4391 1382 4466 digerendarumquo
1391 4416 1460 4454 cura
1474 4417 1620 4456 canonum

495 4483 550 4556 ipsi
573 4483 746 4542 demandata
767 4481 836 4548 tuit,
859 4481 940 4553 quod
962 4481 1078 4554 egregie
1100 4481 1278 4552 praestitor
1295 4503 1363 4554 quae
1379 4505 1459 4542 nunc
1478 4487 1622 4546 habemus

494 4573 629 4644 editaque
642 4571 824 4645 prodierunt,
846 4571 948 4632 ordine
962 4571 1102 4644 redegit.»
1124 4569 1187 4630 ele.
1208 4573 1379 4632 Paliavicini
1400 4575 1511 4632 Histor.
1527 4577 1620 4636 Cone.

494 4661 577 4722 Trici.
591 4661 642 4720 lib.
663 4681 693 4734 ¹7
707 4681 732 4719 c.
753 4683 780 4718 rr
798 4661 911 4718 Hnrter
923 4659 963 4718 ib.
977 4661 1009 4718 in
1022 4675 1101 4718 nota.

530 4757 572 4818 (a)
610 4751 642 4810 ln
656 4749 761 4809 litteris
774 4751 810 4809 ad
825 4751 978 4810 eilbertum
994 4749 1126 4810 Bavariae
1135 4751 1240 4809 ducem
1254 4771 1333 4812 anno
1349 4755 1418 4827 157⁶
1430 4754 1518 4814 detis.
