3492 5525
4 2917 5 2922 ’
128 2923 261 3005 prima,
282 2932 333 2988 est
350 2925 426 3007 quia
443 2925 513 3009 ipsa
528 2926 670 3007 proprie,
686 2924 907 3007 principaliter
924 2934 958 2989 et
974 2924 1109 2990 mxime
1129 2924 1259 3005 substat,

408 483 526 550 nasac.
552 494 610 563 3³¹·
632 479 682 550 De
703 480 982 546 Pammenes-:nass
1168 498 1224 562 179

184 679 241 745 51.
287 663 469 730 Substantia
498 683 578 749 ergo
604 665 758 732 trifariam
782 665 992 749 potissimum
1013 664 1110 750 accipi
1141 671 1259 749 potest:
1277 683 1475 739 Quideubnansta.

134 767 171 857 α)
190 789 253 854 pro
270 771 401 836 essentia
418 773 578 856 cuiusque
597 771 641 838 rei
659 769 723 860 (t):
745 769 780 860 β)
799 791 858 858 pro
881 775 1023 841 realitate
1045 773 1086 840 ab
1107 771 1265 838 uertenti

132 877 301 944 distincta:
316 876 354 970 γ)
373 899 432 964 pro
448 883 517 946 ente
530 880 634 963 primo
650 882 796 963 completo
819 900 858 948 ac
876 882 976 950 totali.
997 880 1102 948 Prima
1121 878 1263 964 acceptio
1300 955 1305 966 ¹

135 985 295 1051 omnibus
318 987 453 1053 omnino
479 987 576 1080 rebus
599 987 771 1054 convenire
794 998 920 1072 potest,
946 990 1035 1055 nulla
1058 989 1180 1073 quippe
1198 983 1261 1064 est,

136 1111 216 1175 quae
233 1112 330 1158 suam
349 1113 415 1160 non
435 1095 552 1162 habeat
565 1095 754 1164 essentiam.
773 1095 965 1163 Substantia
980 1096 1104 1164 veroin
1120 1095 1264 1162 secundo

135 1219 257 1277 sensu,
278 1211 328 1268 est
346 1203 507 1287 quidquid
526 1204 673 1270 accidens
697 1223 763 1271 non
788 1212 855 1281 est,
875 1215 910 1270 et
933 1214 1067 1271 vocatur
1089 1203 1264 1270 substantia

133 1310 356 1390 metaphysica.
384 1309 491 1376 Tertia
513 1312 654 1396 acceptio
678 1321 729 1378 est
754 1313 884 1397 propria
902 1313 1093 1380 substantiae
1112 1312 1264 1397 praedica-

135 1417 303 1482 mentalis.

205 1523 261 1590 Est
286 1524 386 1610 igitur
409 1527 592 1592 substantia
617 1527 906 1611 praedicamentalis
928 1547 985 1594 ens
1006 1512 1187 1611 completum
1204 1535 1265 1610 per

131 1651 166 1697 se
182 1636 290 1709 stans,
311 1651 369 1698 seu
388 1654 452 1699 non
466 1635 611 1718 indigens
623 1635 704 1713 alio,
720 1636 772 1700 cui
787 1641 943 1720 tamqnam
956 1637 1088 1724 subjecto
1099 1637 1260 1705 inherent.
1320 1661 1325 1672 ·

134 1741 217 1814 Ens,
238 1740 390 1823 inquam,
411 1745 610 1824 completum,
631 1743 707 1826 quia
726 1743 876 1808 entitates
896 1743 1126 1812 substantiales
1140 1744 1264 1810 incom-

134 1848 234 1930 pletae
260 1865 326 1912 non
351 1849 513 1932 pertinent
538 1851 579 1940 ad
602 1851 794 1927 substantiae
820 1842 1109 1935 praedicamentum
1133 1851 1260 1930 directe,

132 1955 195 2018 sed
212 1955 323 2020 solum
341 1957 490 2023 indirecte
508 1958 559 2023 vel
578 1957 752 2036 recitative,
774 1967 811 2023 ut
829 1977 909 2024 mox
929 1959 1065 2028 dicetur.

203 2061 364 2128 Dividitur
385 2065 455 2130 baec
477 2064 688 2131 substantia
680 2084 713 2131 tn
727 2066 864 2148 primam
887 2073 918 2130 et
940 2069 1120 2132 secundam.
1141 2065 1261 2145 Prima,
1276 2079 1313 2136 Qu
1314 2081 1447 2196 0¹:913:
1449 2079 1478 2125 b-

133 2186 195 2234 seu
214 2169 388 2254 singularis
407 2180 507 2255 atque
525 2173 712 2250 individua,
733 2181 801 2251 est,
827 2192 902 2257 quae
927 2193 1035 2256 neque
1058 2174 1091 2239 in
1115 2161 1353 2277 subjector⁸

133 2285 205 2352 est,
225 2295 335 2360 neque
349 2280 389 2343 de
409 2279 556 2363 subjecto
571 2281 703 2357 dicitur,
721 2281 904 2358 utPetrns
921 2275 1101 2351 bacarion
1120 2281 1263 2346 Vocatur
1302 2237 1375 2338 'eriere
1365 2235 1444 2338 “xta

132 2384 234 2450 etiam
252 2384 543 2474 indmrbnumiu)
564 2396 597 2452 et
614 2385 829 2474 supportem(
839 2385 887 2475 3,)
909 2397 958 2464 et,
979 2389 1006 2454 si
1025 2389 1067 2454 sit
1086 2387 1260 2465 rationalis,

132 2491 308 2572 hypostasis
332 2491 404 2580 (4),
430 2514 467 2558 ac
483 2503 630 2576 persono.
657 2495 847 2560 Substantia
870 2497 1014 2560 secunda
1037 2506 1106 2572 est,
1130 2514 1207 2579 quae
1230 2495 1261 2560 in

133 2599 284 2682 subjecto
309 2619 375 2666 non
398 2610 465 2679 est,
492 2603 550 2668 sed
573 2603 614 2668 de
636 2603 783 2687 subjecto
806 2602 938 2679 dicitur,
965 2611 1001 2668 ut
1024 2603 1129 2681 hnno,
1154 2604 1258 2678 arbor,

131 2702 271 2784 animal,
292 2716 325 2774 et
343 2709 522 2794 generatim
542 2728 659 2777 omnes
677 2708 868 2777 substantiae
889 2709 1099 2779 universales.

188 2804 300 2882 'Ratio
317 2835 425 2901 porro,
450 2837 509 2884 cur
537 2819 719 2885 substantia
748 2817 921 2902 singularis
951 2835 1074 2883 nomen
1103 2816 1263 2901 acceperit
1286 2836 1467 2884 curaturam

1276 2911 1394 2965 singularis
1415 2911 1477 2955 diea-

1312 2991 1347 3027 tut
1360 2983 1440 3039 prim.
1455 2988 1459 2997 ·

134 3040 172 3095 ut
192 3030 339 3113 loquitur
357 3032 480 3097 Auctor
501 3021 625 3117 Opusc.
651 3035 691 3097 de
715 3034 809 3097 totins
833 3033 950 3115 Logicce
974 3032 1155 3097 Aristotelis
1172 3032 1263 3097 Sum·

131 3154 187 3201 ma
213 3134 283 3224 (3).
304 3137 429 3205 Etenim
455 3120 604 3206 substare
632 3140 771 3223 aliquid,
798 3159 856 3205 seu
875 3139 1061 3225 subjectum
1083 3158 1154 3206 esse
1173 3140 1263 3205 alteri

132 3252 265 3328 potest,
281 3246 333 3309 vel
348 3246 474 3328 physice
492 3256 525 3312 et
543 3248 576 3313 in
596 3249 752 3325 essendo,
780 3249 832 3313 vel
858 3248 952 3331 logice
974 3256 1007 3313 et
1029 3246 1064 3312 in
1088 3246 1265 3331 praedican-

131 3353 196 3427 do,
213 3350 370 3418 nimirum
385 3355 436 3418 vel
452 3362 615 3438 quatenus
630 3354 672 3421 sit
691 3355 876 3440 subjectum
894 3354 1053 3439 recipiens
1070 3354 1261 3431 accidentia,

133 3460 189 3524 vel
204 3470 367 3542 quatenus
385 3462 524 3545 recipit
515 3481 547 3527 m
567 3463 788 3546 propositione
807 3461 1066 3546 praedicationes.
1083 3462 1121 3529 Et
1140 3462 1264 3527 ratione

133 3567 374 3653 praedicationis
392 3569 598 3638 individuum
617 3579 703 3636 certe
726 3571 869 3635 maxime
893 3570 1037 3648 substat,
1060 3570 1136 3654 quia
1154 3569 1262 3654 ipsum

134 3683 249 3759 potest
263 3694 337 3742 esse
350 3676 535 3763 subjectum
554 3680 594 3743 de
610 3698 678 3761 quo
695 3679 885 3762 praedicetur
901 3698 966 3744 non
983 3681 1083 3745 modo
1099 3678 1261 3757 accidens,

132 3783 196 3849 sed
213 3781 311 3848 etiam
331 3785 471 3852 rationes
487 3786 719 3852 substantiales
742 3788 926 3871 genericae
922 3796 956 3851 et
981 3786 1158 3870 specifica,
1180 3795 1264 3853 reete

4 3889 6 3962 i
132 3890 259 3976 quippe
272 3887 462 3976 predicatur
477 3893 519 3959 de
534 3894 641 3972 Petro,
660 3895 749 3977 quod
763 3895 805 3961 sit
818 3896 921 3972 abas,
939 3903 971 3961 et
985 3894 1073 3961 borno
1080 3902 1112 3960 et
1130 3894 1261 3970 aninral,

169 4149 214 4209 (t)
245 4142 340 4213 ¹,Vide
363 4142 397 4201 S.
424 4132 552 4218 Au'gust.
579 4146 624 4203 De
639 4142 734 4204 Civit
759 4144 826 4215 Dei,
842 4144 894 4203 lib.
912 4163 959 4217 12,
982 4164 1046 4217 esp.
1063 4163 1091 4214 23
1107 4142 1140 4203 S.
1156 4143 1262 4204 Thom.

136 4230 253 4307 Opust.
263 4232 583 4304 determinantia,
598 4254 663 4307 cap.
681 4254 706 4292 t.

169 4323 216 4395 (a)
252 4320 353 4383 8me
372 4344 396 4381 1.
411 4344 441 4397 p.
456 4343 487 4396 q.
500 4342 554 4398 39,
569 4344 599 4383 a.
614 4344 638 4383 r

171 4418 216 4485 (3)
253 4410 320 4471 Ideo
346 4411 418 4486 quia
445 4412 602 4486 subjicitur
628 4412 768 4473 omnibus
792 4412 960 4487 praedieatis
986 4411 1203 4489 superioribus,
1230 4426 1264 4475 ut

130 4499 272 4563 tauns.
292 4502 373 4562 Tb.
364 4523 438 4577 ¹1²3·
440 4502 536 4564 ’ἀίει
554 4523 600 4573 10,
612 4524 688 4577 q..r
702 4516 759 4563 art.
775 4522 805 4573 3,
820 4501 976 4575 question.
994 4525 1019 4576 3.

167 4592 218 4755 ἕξ)
253 4612 610 4761 ioggssgtc.²rtrist.
635 4683 764 4745 sonna.
791 4696 876 4744 treet.
902 4704 935 4754 3,
964 4683 1000 4743 de
1013 4684 1263 4753 Proedicamntis,

126 4789 244 4846 eona·
372 4812 377 4823 ·
