3492 5525
242 467 357 530 Anrrc.
374 481 435 549 4¹¹³
452 466 554 531 Divis.
571 484 742 530 anonosrr.
759 484 905 560 ruqrroua
919 484 1047 530 unrrxr.
1113 477 1170 548 255

1000 569 1211 583 ——=-

91 647 163 712 Dixi
187 649 339 731 copulam
356 647 581 728 principalem,
602 625 679 731 quia
690 646 879 730 simplicitas
899 644 1129 730 propositionis
1145 664 1211 712 non

90 763 196 830 vetat,
228 753 407 838 quominus
424 755 607 840 subjectum
627 762 684 819 aut
713 754 922 838 predicatum
952 753 1052 819 instar
1070 754 1212 836 comple·

91 861 193 926 menti
213 862 330 926 habeat
354 862 535 928 orationem
554 862 697 944 aliquam
722 860 920 928 incidentem
939 878 1017 926 cum
1035 877 1097 934 suo
1112 860 1213 927 verbo
1307 847 1328 934 ,¹

90 981 122 1036 et
153 970 291 1054 copula,
324 988 399 1052 quae
429 977 598 1055 propterea
626 979 762 1035 vocatur
791 970 901 1052 copula
930 967 1149 1050 implicationis
1171 967 1211 1032 ad
1280 982 1365 1037 mpura

5 1054 6 1087 ³
90 1077 305 1145 differentiam
319 1078 524 1160 principalis,
554 1086 592 1142 ut
619 1078 728 1143 videre
747 1086 798 1142 est
822 1077 855 1142 in
883 1076 943 1141 hac
977 1075 1210 1160 propositione,
1226 1135 1248 1170 a
1262 1055 1423 1180 P'ffiffiffiim

90 1204 165 1266 quae
183 1183 324 1268 simplex
339 1195 388 1252 est
403 1185 522 1269 logice:
542 1185 608 1267 Qui
623 1188 700 1250 sunt
716 1183 850 1259 Christi,
872 1183 1213 1248 carnemsuamcrucl-

5 1290 316 1389 steteruntcum
328 1291 807 1374 vitiisatconcupiscantiissuis;
827 1290 881 1355 ubi
901 1291 1015 1374 copula
1030 1289 1213 1375 principalis

90 1399 176 1464 inest
200 1400 234 1464 in
258 1400 358 1465 verbo
383 1399 624 1484 crucifixerunt,
645 1399 783 1465 verbum
801 1405 913 1474 autem
932 1399 1010 1464 sunt
1028 1406 1079 1463 est
1097 1397 1213 1481 copula

5 1552 6 1559 ι
91 1505 333 1589 implicationis.

157 1612 337 1697 Propositio
366 1615 545 1698 complexa*
569 1615 620 1679 vel
653 1613 861 1700 hypothetica
896 1624 961 1686 est,
996 1630 1071 1694 quae
1104 1611 1212 1696 plures

90 1719 255 1804 simplices
273 1739 333 1786 seu
352 1721 547 1804 categoricas
565 1739 628 1805 ope
647 1719 884 1804 conjunctionis
902 1718 1037 1803 alicujus
1055 1717 1087 1783 in
1107 1735 1212 1784 unum

90 1826 233 1912 colligit:
256 1835 292 1892 ut
309 1828 336 1892 si
355 1828 459 1892 dicas:
480 1827 518 1894 Si
535 1829 626 1903 lucet,
647 1827 713 1892 dies
732 1831 788 1892 est.

158 1934 197 1998 Et
216 1934 373 2017 quoniam
391 1935 563 2020 complexa
582 1934 759 2020 propositio
785 1952 827 1998 ex
846 1933 993 2016 pluribus
1012 1933 1212 2017 simplicibus
1280 1960 1314 2007 n
1316 1963 1365 2017 ,1

90 2041 263 2117 coalescit,
283 2042 376 2123 quasi
401 2041 539 2107 totidem
560 2041 717 2107 membris
736 2039 820 2105 inter
842 2059 877 2106 se
896 2038 1069 2124 copulatis,
1090 2040 1212 2124 duplex
1235 2037 1346 2088 ⁰⁰⁹¹¹¹¹¹
1324 2051 1416 2082 ¹¹¹¹¹¹

92 2149 124 2212 in
143 2169 181 2213 ea
200 2149 286 2214 bene
305 2147 538 2214 consideranda
552 2156 603 2214 est
620 2148 753 2232 copula,
769 2146 904 2212 verbalis
924 2147 1077 2212 nimirum
1095 2149 1211 2232 copula
1225 2119 1254 2159 Ρ
1246 2106 1310 2232 ,ῬῬῬΞ
1310 2107 1423 2233 ,Jpfflf'

90 2257 295 2339 singularum
315 2254 577 2339 propositionum
594 2254 810 2338 simplicium,
831 2262 864 2318 et
878 2256 977 2320 altera
992 2273 1057 2320 non
1074 2254 1210 2320 verbalis

91 2362 277 2428 consistens
296 2362 327 2426 in
347 2363 417 2447 ipsa
434 2362 637 2427 connexione
657 2361 797 2444 partium
817 2363 932 2426 barum
952 2361 992 2426 ad
1011 2363 1212 2427 constituen-

92 2471 168 2534 dam
189 2469 446 2553 propositionem
473 2468 704 2553 compositam.
728 2468 767 2533 Et
784 2471 854 2534 haec
879 2464 927 2535 es't
953 2469 1069 2554 copula
1096 2469 1211 2552 princi-

92 2578 172 2662 palis
191 2576 422 2661 propositionis
447 2577 653 2661 compositae.
681 2577 761 2642 lilud
780 2577 868 2640 enirn
884 2576 945 2641 dici
970 2576 1067 2641 debet
1095 2578 1212 2660 copula

92 2683 277 2769 principalis
302 2692 336 2750 et
363 2684 467 2750 forma
499 2683 730 2769 propositionis
760 2684 969 2769 composita,
1004 2685 1093 2768 quod
1123 2683 1210 2748 illam

91 2792 264 2859 constituit
281 2791 314 2857 in
334 2790 456 2858 ratione
477 2792 549 2875 talis
568 2791 811 2877 propositionis.
828 2791 930 2875 Atqui
947 2802 1074 2859 nonest
1097 2793 1212 2876 copula

91 2899 231 2965 verbalis
245 2898 426 2982 partialium
442 2898 702 2985 propositionum
717 2897 763 2974 id,
779 2900 868 2983 quod
881 2898 978 2965 efficit
994 2898 1211 2983 compositam

92 3005 366 3091 propositionem
388 3014 495 3091 potest
525 3004 647 3091 quippe
670 3004 722 3071 illa
750 3007 881 3083 adesse,
911 3014 943 3071 et
967 3007 1115 3073 nondum
1143 3006 1210 3072 dari

93 3111 273 3198 propositio
308 3112 504 3197 composita,
531 3112 608 3195 quia
640 3114 732 3179 deest
760 3132 864 3179 nexus
890 3113 1022 3197 praecise
1053 3132 1090 3179 ac
1121 3132 1212 3179 com-

93 3221 225 3305 positio.
252 3218 540 3294 Quemadmodum
559 3218 586 3284 si
605 3219 711 3286 dicas:
731 3221 788 3287 Sol
815 3223 914 3298 lucet,
943 3220 1011 3286 dics
1035 3225 1091 3298 est,
1113 3221 1213 3285 babes

92 3328 227 3411 quidem
241 3329 375 3411 copulas
393 3326 540 3393 verbales
559 3327 697 3393 duarum
716 3326 914 3411 simplicium
935 3328 1210 3412 propositionum,

93 3454 159 3501 non
192 3444 304 3501 tamen
336 3434 435 3501 habes
468 3433 724 3519 propositionem
753 3435 980 3521 complexam;
1011 3444 1044 3500 et
1071 3454 1137 3501 non
1169 3435 1212 3501 ob

91 3545 187 3609 aliam
204 3541 380 3619 rationem,
401 3541 461 3607 nisi
478 3541 553 3625 quia
567 3542 804 3626 propositiones
823 3543 884 3607 illae
902 3550 979 3608 sunt
999 3543 1128 3627 penitus
1149 3542 1214 3608 riis-

91 3652 242 3727 sociatae,
260 3669 320 3715 nec
335 3650 402 3715 ullo
417 3668 502 3715 nexu
522 3649 572 3715 vel
588 3650 820 3716 consecutione
834 3650 1054 3717 continentur.

159 3759 199 3823 Et
218 3757 299 3824 ratio
316 3764 383 3832 est,
403 3757 480 3840 quia
497 3756 530 3822 in
549 3757 768 3841 propositione
796 3756 978 3841 composita
991 3758 1147 3841 precipue
1166 3757 1215 3823 in-

91 3864 237 3932 tenditur
263 3862 455 3947 (praecipuc,
482 3865 635 3947 inquam,
666 3883 731 3930 non
759 3875 869 3930 autem
902 3863 1013 3949 ιιαίιι)
1047 3864 1215 3932 enuntiare

90 3973 297 4039 simultatem
317 3978 350 4035 et
363 3971 532 4037 vinculum
552 3982 706 4037 mutuum
726 3970 926 4039 diversarum
945 3972 1212 4057 categoricarum,

89 4100 165 4163 quae
194 4078 348 4164 proinde,
376 4078 510 4160 praeciso
538 4078 593 4142 illo
622 4056 769 4153 vinculo,
800 4097 865 4144 non
897 4089 1036 4163 possunt
1057 4098 1127 4146 esse
1151 4100 1215 4145 una

87 4187 282 4271 complexa,
312 4186 369 4251 sed
387 4187 494 4269 plures
513 4184 687 4271 simplices.
718 4184 801 4260 Qrae
819 4204 917 4252 causa
939 4186 1054 4252 intima
1071 4196 1138 4264 est,
1159 4206 1215 4254 cur

88 4316 131 4362 ex
150 4293 302 4380 pluribus
313 4292 587 4378 propositionibus
601 4293 818 4378 simplicibus,
832 4313 906 4377 quae
921 4276 1058 4361 seorsim
1073 4304 1106 4359 et
1120 4295 1216 4360 abso·

88 4408 158 4469 inte
178 4403 269 4469 tatsae
286 4420 419 4486 prorsus
437 4402 520 4476 sint,
541 4402 645 4486 possit
659 4402 827 4468 verissima
840 4402 949 4469 enasci
964 4404 1162 4487 composita,
1183 4411 1216 4466 et
1294 4384 1298 4391 ’

89 4510 237 4577 vicissim
269 4528 310 4575 ex
338 4511 422 4575 veris
453 4509 653 4595 simplicibus
673 4509 760 4583 ,falsa
787 4509 985 4595 composita,
1016 4518 1053 4575 ut
1082 4510 1216 4575 interius

89 4617 235 4702 patebit,
250 4617 328 4700 quia
345 4616 423 4683 nihil
436 4624 541 4695 vetat,
562 4615 741 4700 quominus
755 4628 810 4684 aut
823 4616 906 4682 inter
920 4618 1015 4683 salsas
1026 4617 1217 4702 propositio

91 4746 149 4794 nes
166 4724 290 4794 existat
308 4742 412 4791 nexus
426 4734 458 4791 et
476 4724 681 4802 consecutio,
698 4733 755 4791 aut
767 4725 850 4790 inter
864 4743 957 4793 veras
976 4725 1185 4795 desideretur.
