3492 5525
277 504 392 570 Arene.
418 521 478 590 μ·
499 503 694 570 Drvrsrourcs
715 502 864 570 Tennrur
886 521 1053 572 neurius
1135 524 1191 590 1²7

97 696 282 772 nequeant.
297 689 335 754 Et
352 689 515 773 ejusmodi
530 698 580 756 est
594 690 665 756 idea
685 689 759 767 Dei,
781 709 883 774 quam
899 692 1108 776 assequimur
1121 692 1152 757 in
1172 693 1231 757 bac

95 795 183 873 vita,
206 799 410 882 assurgendo
434 815 492 883 per
515 797 718 864 ratiocinium
744 819 761 864 a
785 799 904 865 creatis
927 796 1179 885 perfectionibus
1190 799 1231 864 ad

96 901 264 970 infinitam
279 921 516 989 summamque
529 906 762 990 perfectionem
782 907 868 972 entis
883 906 1028 975 increati.

165 1011 314 1078 idearum
338 1013 531 1081 factitiorum
556 1012 694 1097 proinde
717 1014 860 1079 maxima
886 1012 1009 1081 utilitas
1033 1024 1083 1081 est
1107 1031 1173 1080 non
1198 1013 1231 1078 in

96 1118 246 1185 scientiis
269 1120 396 1197 solum,
424 1121 483 1186 sed
510 1121 608 1186 etiam
633 1121 665 1186 in
690 1120 832 1198 artibus,
858 1122 928 1188 sive
951 1120 1139 1188 liberalibus
1160 1122 1231 1188 sive

95 1225 314 1306 mechanicis,
328 1228 359 1293 in
379 1227 500 1311 quibus
513 1229 689 1314 archetypa
703 1228 838 1294 humani
856 1227 979 1314 ingenii
992 1230 1042 1294 vis
1055 1229 1230 1294 innumera

96 1336 303 1418 praeformat,
324 1343 357 1400 et
376 1335 497 1402 conilat
512 1353 651 1420 operum
665 1337 882 1420 exemplaria,
903 1354 1046 1419 quorum
1062 1337 1095 1403 in
1116 1345 1229 1403 natura

100 1439 233 1508 nonnisi
249 1441 377 1509 semina
391 1443 606 1527 deprehendit
622 1445 685 1508 huc
696 1444 771 1509 illuc
786 1444 946 1527 dispersa.

146 1567 199 1632 ¹7·
249 1550 330 1616 ldeae
343 1552 466 1618 ratione
478 1551 585 1628 modi,
601 1567 670 1634 quo
685 1569 753 1616 rem
770 1561 1024 1636 repraesentant,
1040 1551 1231 1640 dividpntur

95 1657 127 1722 in
137 1657 303 1723 intuitivas
312 1668 344 1723 et
353 1651 734 1726 abstractioas.'lntuitiva
744 1669 806 1736 est,
820 1677 895 1743 quae
905 1658 1072 1744 objectum
1085 1659 1230 1726 existens

95 1773 195 1848 prout
205 1765 615 1850 existenscontemplatur,
627 1776 660 1832 et
671 1766 805 1848 quidem
819 1785 878 1850 per
886 1766 1029 1850 speciem
1049 1767 1226 1852 propriam,

97 1871 211 1948 idest,
227 1873 418 1938 immediate
439 1874 471 1938 in
488 1874 614 1958 seipsa,
636 1883 668 1938 et
684 1891 750 1939 non
769 1891 826 1957 per
839 1873 1044 1951 discursum,
1061 1893 1230 1958 compara·
1341 1952 1345 1971 Ι

95 1979 204 2045 tiones
216 1979 403 2065 analogicas
416 1992 473 2047 aut
488 1978 718 2046 similitudines
727 1989 760 2044 et
770 1989 938 2065 respectus
953 1982 993 2047 ad
1008 1983 1069 2047 alia
1087 1980 1226 2067 objecta.

94 2085 131 2150 Et
151 2105 276 2152 nomen
298 2087 453 2172 accepita
472 2087 597 2154 visione
617 2087 721 2164 oculi,
736 2087 794 2170 qui
810 2087 939 2172 proprie
953 2087 1074 2154 intrari
1097 2089 1226 2156 dicitur.

95 2192 205 2269 Quare
215 2195 340 2278 duplex
350 2195 563 2263 estintuitivae
572 2193 772 2280 cognitionis
782 2195 928 2261 conditio
936 2194 1130 2262 essentialis:
1144 2193 1179 2284 e)
1191 2207 1228 2263 ut

95 2299 248 2385 respiciat
278 2302 445 2387 objectum
471 2302 616 2369 existens
643 2313 740 2387 prout
766 2303 925 2370 existens:
955 2301 990 2391 β)
1011 2304 1150 2369 utillud
1170 2324 1227 2388 per

94 2409 240 2492 speciem
263 2409 425 2494 propriam
441 2413 567 2476 reserat.

160 2517 369 2583 Abstractiva
391 2519 463 2584 idea
478 2527 544 2596 est,
565 2538 640 2601 quae
661 2521 814 2584 alterutra
833 2519 1021 2586 conditione
1039 2525 1139 2584 caret.
1166 2518 1224 2595 lta,

93 2623 219 2701 Deum,
241 2625 322 2691 dum
338 2624 370 2691 in
385 2626 449 2692 hoc
461 2627 558 2692 exilio
578 2627 725 2693 mortalis
743 2627 819 2694 vitae
838 2625 1104 2712 peregrinamur,
1128 2626 1225 2692 etiam

92 2742 183 2809 tum,
205 2751 283 2799 cum
307 2734 501 2801 existentem
523 2734 817 2821 apprehendimus,
834 2753 901 2802 non
923 2733 1075 2804 intuitive
1094 2734 1152 2800 sed
1171 2733 1228 2799 ab·

90 2841 247 2907 stractive
267 2844 518 2927 cognoscimus:
541 2844 627 2910 beati
642 2852 753 2910 autem
772 2844 803 2909 in
819 2844 900 2909 caelo
915 2843 1022 2909 Deum
1042 2841 1224 2919 intuentur,

91 2950 149 3031 qui
184 2962 384 3034 praesentem
410 2962 442 3017 et
471 2952 668 3017 existentem
691 2950 879 3019 immediate
902 2960 936 3017 et
956 2951 1081 3034 absque
1114 2950 1226 3016 alienis

89 3056 268 3141 speciebus
286 3060 565 3143 contemplantur.
583 3062 627 3125 lta
653 3058 769 3136 etiam,
791 3060 946 3144 quamvis
963 3061 1131 3137 colorum,
1152 3057 1226 3142 qui-

88 3184 240 3248 cumque
266 3184 331 3232 non
347 3168 541 3245 caecutiunt,
562 3168 650 3234 ideas
669 3167 811 3233 habeant
831 3165 1018 3244 intuitivas,
1031 3184 1223 3251 corpoream

88 3286 206 3339 tamen
232 3274 452 3340 substantiam
486 3274 615 3343 nonnisi
640 3275 836 3341 abstractive
854 3282 1081 3359 cognoscunt,
1109 3282 1226 3358 utpote

88 3399 165 3465 quae
187 3400 246 3466 per
260 3380 402 3465 seipsam
425 3380 562 3448 minime
576 3391 704 3468 pateat,
717 3384 777 3449 sed
796 3384 859 3448 sub
874 3382 1070 3466 qualitatum
1086 3381 1224 3447 sensibi-

89 3490 170 3555 lium
185 3488 309 3555 cortice
328 3492 435 3556 velata
454 3490 639 3568 delitescat,
659 3510 719 3556 nec
739 3490 831 3557 aliter
847 3489 967 3556 nostris
979 3489 1152 3557 obtutibus
1165 3489 1224 3554 ob-

87 3597 233 3679 jiciatur,
253 3604 354 3683 quam
371 3617 427 3682 per
441 3617 520 3666 suas
539 3596 753 3683 proprietates
767 3609 799 3664 et
821 3598 1105 3665 manifestationes
1115 3607 1225 3664 exiere

89 3724 160 3771 nas.
184 3705 255 3770 imo
267 3706 309 3771 de
320 3707 390 3789 ipsa
404 3704 577 3772 existentia
588 3713 698 3790 potest
711 3706 820 3771 baberi
836 3705 906 3771 idea
921 3724 1003 3790 pure
1012 3703 1221 3780 abstractiva,

86 3812 112 3876 si
127 3811 284 3879 videlicet
305 3821 590 3897 repraesentetura
611 3824 740 3891 mente,
763 3832 829 3879 non
841 3822 878 3877 ut
896 3821 970 3879 actu
989 3812 1148 3889 exercita,
1165 3811 1223 3877 sed

87 3932 265 4003 tamquam
287 3921 548 4004 meraquaedam
568 3920 713 3998 realitas,
729 3938 805 4004 quae
821 3922 945 3986 nullam
964 3919 1112 3987 involvat
1134 3919 1166 3985 in
1186 3938 1222 3984 se

90 4024 369 4112 repugnantiam:
386 4027 481 4095 datur
495 4025 619 4113 quippe
638 4026 812 4093 existentia
831 4026 1007 4112 possibilis.

12 4174 13 4183 ÷
135 4136 192 4199 18.
242 4132 381 4200 Ratione
391 4134 597 4220 perfectionis
612 4136 785 4221 inobjecto
797 4136 1062 4221 repraesentando
1077 4134 1223 4220 partiun-

85 4250 136 4307 tur
156 4242 243 4307 ideae
256 4239 288 4306 in
299 4245 405 4308 claras
416 4244 613 4311 etodscuras.
627 4241 903 4322 Claraedicuntur,
913 4262 989 4328 quae
999 4245 1043 4311 ita
1054 4243 1221 4329 objectum

85 4348 267 4423 exhibent,
293 4357 330 4415 ut
359 4349 399 4415 ab
423 4350 494 4417 aliis
517 4350 658 4417 discerni
680 4350 785 4435 possit
810 4350 995 4417 secundum
1024 4349 1148 4434 aliquid
1160 4340 1221 4415 sibi

85 4456 278 4543 proprium:
295 4456 322 4522 si
344 4476 439 4524 secus
464 4458 604 4536 accidat,
626 4457 698 4524 idea
721 4466 858 4525 vocatur
876 4458 1028 4527 obscura.
1050 4458 1123 4525 idea
1144 4457 1222 4524 solis

84 4567 167 4631 clara
182 4572 237 4631 est
254 4583 313 4649 pro
328 4566 503 4645 omnibus,
520 4567 577 4650 qui
591 4567 694 4633 semel
711 4566 802 4633 illum
818 4566 984 4633 viderunt.
1005 4566 1038 4632 Si
1053 4566 1128 4650 quis
1142 4583 1221 4632 vero

86 4688 275 4757 numquam
299 4674 432 4741 vidisset
456 4695 489 4740 v.
510 4694 546 4761 g.
568 4693 693 4759 equum
713 4686 769 4743 aut
788 4676 935 4754 mulum,
957 4676 1140 4741 necullam
1164 4692 1223 4740 au-

86 4780 187 4849 disset
213 4766 471 4867 descriptionem
502 4782 638 4867 alicujus
669 4792 755 4850 notae
785 4780 941 4868 propriae,
963 4793 1003 4850 ut
1026 4800 1094 4850 non
1109 4789 1222 4869 posset
