3492 5525
231 430 348 505 Anne,
365 426 626 518 assisteremus
643 444 859 491 racusratun
872 442 1102 491 coenoscnrv.
1139 440 1196 506 579

109 615 206 695 Quod
215 612 288 697 snit
300 612 340 677 ab
357 610 466 687 initio,
493 610 614 693 inquit,
639 613 723 695 qnod
739 615 954 687 audivimus,
984 611 1067 694 qnod
1084 613 1237 676 vidimus

106 727 219 789 oculis
237 726 382 797 nostris,
411 720 494 803 qnod
519 724 775 803 perspeximus,
802 721 833 783 rt
848 740 973 784 manus
998 731 1130 784 nostrae
1156 738 1237 783 oon-

105 841 344 895 trectaverunt
365 828 403 891 de
423 826 523 891 Verbo
536 825 664 895 vim..·..
689 826 781 908 Qua
799 830 953 893 vidimus
979 828 1234 901 meminimus,

106 935 335 1001 annuntiamus
352 930 439 999 nobis
458 928 471 1020 (
497 929 523 1019 ).
1044 992 1055 999 .
1281 1005 1285 1012 ,

180 1044 281 1126 Lege,
310 1042 336 1106 si
353 1040 472 1116 lubet,
501 1039 536 1105 S.
568 1040 790 1125 augustinum
821 1038 861 1105 de
887 1039 1060 1105 veracitate
1077 1056 1237 1105 sensuum

110 1152 185 1217 iuse
205 1150 415 1215 disserentem
436 1144 448 1234 (
475 1144 499 1235 )

163 1274 235 1341 107.
283 1257 432 1322 Diximus
459 1256 492 1319 in
508 1254 594 1326 ¹thesi
614 1273 730 1321 sensus
759 1273 890 1319 veraces
920 1273 977 1337 per
995 1273 1031 1319 se
1054 1272 1127 1319 esse
1154 1255 1239 1320 circa

110 1365 279 1449 proprium
299 1364 465 1439 sensibile,
496 1362 561 1427 nisi
578 1360 665 1431 adsit
684 1362 947 1444 inpedimentum:
976 1362 1064 1429 unde
1090 1361 1240 1427 concedi-

112 1491 190 1537 mus
209 1490 265 1556 per
284 1471 432 1549 accidens
450 1472 514 1535 salli
535 1488 644 1553 posse.

181 1580 454 1665 impedimentum
472 1580 590 1659 duplex
611 1578 731 1643 obstare
751 1586 883 1671 potest,
906 1596 947 1641 ne
966 1596 1084 1643 sensus
1102 1575 1240 1663 fideliter
1264 1586 1450 1643 lmredimentum

111 1688 239 1771 objecta
269 1688 513 1765 demonstrent;
545 1686 681 1751 alterum
708 1704 748 1749 ex
767 1692 856 1768 parte
881 1686 1011 1769 organi,
1041 1687 1179 1751 alterum
1200 1703 1242 1749 ex
1255 1659 1458 1786 almfflfflm

107 1798 202 1878 parte
220 1795 316 1860 medii
337 1795 418 1859 inter
437 1793 623 1878 subjectum
653 1792 796 1857 sentiens
816 1799 849 1855 et
867 1793 1033 1876 objectum
1062 1792 1183 1862 diffusi.
1205 1792 1243 1873 Et
1313 1804 1398 1858 omni:

112 1903 221 1988 primo
240 1922 280 1967 ex
300 1911 388 1985 parte
407 1901 538 1985 organi;
559 1919 636 1965 cum
656 1902 743 1966 enim
765 1918 882 1966 sensus
901 1900 943 1964 sit
962 1902 1095 1968 facultas
1110 1899 1241 1985 organi·

111 2032 168 2085 ca,
190 1992 305 2077 vitium
324 2008 437 2093 organi
457 2018 489 2073 et
508 2009 654 2075 alteratio
673 2008 785 2073 vitiare
799 2028 836 2073 ac
856 2008 978 2073 variare
994 2008 1114 2091 poterit
1128 2028 1242 2075 sensa-

111 2119 257 2195 tionem,
287 2128 323 2183 ut
351 2124 455 2200 patet,
478 2116 760 2199 quemadmodum
791 2115 907 2183 vitium
937 2117 1147 2183 instrumenti
1172 2136 1243 2182 cor-

114 2226 238 2310 rumpit
257 2244 339 2308 opus
355 2232 412 2291 aut
430 2224 651 2308 imperfectius
671 2222 781 2291 efficit.
801 2222 855 2290 Sic
868 2228 980 2307 gustus
990 2224 1244 2308 febricitantium

111 2333 222 2404 dulcia
232 2333 360 2419 judicat
379 2328 505 2408 amara,
530 2335 654 2413 propter
673 2332 744 2407 boc,
766 2328 850 2415 qnod
867 2332 978 2414 bingam
995 2335 1089 2397 malis
1107 2333 1244 2398 bnmori-

114 2443 175 2506 bns
188 2445 233 2505 cst
250 2442 364 2522 repleta
378 2437 440 2526 (3):
463 2447 497 2504 et
510 2440 592 2505 oculi
608 2442 716 2504 colore
731 2439 840 2522 aliquo
855 2440 972 2505 suffusi
988 2442 1116 2524 objecta
1132 2440 1243 2506 vident

114 2550 233 2613 eodem
263 2566 422 2632 respersa.
451 2546 553 2612 Simili
583 2549 682 2612 modo
711 2566 843 2624 sensus,
875 2549 1026 2630 quamvis
1061 2566 1181 2634 sanus,
1212 2548 1238 2613 si
1309 2606 1316 2613 .

113 2669 228 2722 tamen
249 2676 314 2722 non
334 2668 384 2722 est
404 2665 477 2738 apte
502 2656 695 2737 dispositus,
723 2665 864 2739 apteque
894 2657 934 2720 ad
953 2658 1118 2740 objectum
1139 2656 1244 2739 appli-

114 2775 227 2840 catus,
249 2773 393 2848 potesta
413 2783 491 2829 vero
515 2764 673 2830 aberrare.
696 2764 747 2828 Sic
775 2765 1052 2840 manusysordidae
1072 2764 1243 2848 palpandis
1284 2771 1307 2833 “,

114 2873 252 2957 objectis
280 2872 483 2938 tenuioribus
513 2871 622 2938 minus
652 2870 773 2936 habites
801 2873 1024 2955 reperiuntur,
1053 2883 1087 2938 et
1115 2873 1243 2956 palatus

114 2981 180 3046 acri
200 2999 314 3063 sapore
333 2980 498 3044 delibutus
513 2980 553 3043 ad
572 2979 652 3044 alios
672 2997 806 3062 sapores
824 2981 1006 3064 gustandas
1027 2982 1113 3045 male
1132 2980 1246 3062 dispo-

115 3090 201 3154 situs
228 3097 295 3166 est;
329 3107 388 3152 nec
415 3089 505 3153 visus
534 3087 574 3152 ad
603 3105 653 3152 res
682 3088 792 3153 minus
820 3087 979 3154 distantes
1006 3087 1254 3171 percipiendas,'

115 3195 316 3262 sufficienter
336 3191 600 3279 proportionatus
621 3203 718 3277 atque
733 3195 913 3278 applicatus
932 3192 996 3283 (4).

190 3303 333 3368 Medium
353 3303 450 3368 etiam
471 3304 554 3367 inter
569 3302 751 3386 ¹subjectum
774 3311 806 3366 et
826 3303 950 3387 objecta
970 3303 1134 3368 sensibilia
1152 3303 1249 3368 dittu-
1311 3326 1404 3370 atterum

116 3431 212 3486 sum,
235 3411 354 3475 variare
382 3409 498 3494 poterit
518 3409 757 3500 sensationem,
779 3409 805 3475 si
825 3410 950 3474 varium
978 3411 1074 3476 luerit
1102 3417 1158 3475 aut
1177 3429 1249 3494 per·
1262 3412 1288 3442 ‘¹
1304 3395 1453 3452 ”⁸¹⁸⁸¹¹¹⁶‘¹³³·

115 3519 300 3584 turbatum.
321 3518 394 3582 ldeo
424 3523 554 3600 propter
578 3517 788 3600 interpositos
814 3537 968 3601 vapores,
990 3518 1046 3601 qui
1075 3518 1183 3584 radios
1201 3517 1250 3582 di·

118 3627 305 3692 versimode
320 3625 518 3709 refringunt,
541 3625 573 3689 in
589 3637 662 3691 ortu
679 3634 712 3690 et
726 3645 842 3692 occasu
863 3637 949 3693 astra
969 3627 1072 3693 oculis
1091 3635 1249 3711 apparent

159 3829 198 3890 (1)
235 3821 267 3880 S.
276 3821 393 3891 joann,
404 3820 481 3892 Epis.
497 3829 567 3879 1.¹c.
584 3841 607 3890 r,
621 3843 648 3879 v.
664 3843 687 3892 r,
700 3843 726 3896 33
737 3822 799 3880 Cir.
813 3821 1042 3896 Evangdoann.
1056 3843 1081 3881 c.
1098 3843 1139 3895 ¹9·
1155 3843 1183 3882 v.
1201 3841 1247 3896 33.

159 3915 199 3984 (2)
237 3913 346 3971 Contra
360 3911 562 3980 Academicos,
578 3911 629 3968 lib.
646 3933 674 3983 3,
692 3932 754 3982 cap.
775 3933 816 3981 tr,
837 3933 878 3984 12,
898 3934 938 3986 13.

159 4009 198 4072 (ς)
236 3999 269 4058 S.
285 4001 402 4068 Thom,
423 4011 458 4055 1.¹
475 4021 501 4071 p.
517 4021 545 4070 q.
562 4000 607 4073 85,
624 4021 649 4057 a.
665 4002 693 4057 6.

159 4096 199 4164 (q)
238 4091 345 4158 Causa,
361 4109 449 4162 quare
462 4090 603 4146 distantia
620 4091 759 4164 impediat
773 4093 883 4158 visum,
900 4101 954 4161 est,
969 4092 1037 4164 qnia
1051 4111 1131 4149 omne
1146 4099 1251 4164 corpus

118 4182 238 4241 videtur
251 4181 304 4237 snb
320 4179 439 4253 quodam
454 4181 562 4255 angulo
577 4179 713 4254 cujusque
729 4181 887 4266 trianguli,
902 4184 951 4240 vei
965 4183 1062 4258 magis
1074 4182 1246 4255 pyramidis,

119 4270 206 4342 cujus
220 4271 297 4328 basis
310 4279 354 4327 est
368 4272 400 4325 in
415 4289 446 4326 re
460 4271 532 4336 nisa,
550 4279 579 4327 et
594 4273 722 4344 angulus
744 4274 829 4328 estin
845 4273 929 4329 oculo
949 4271 1106 4329 videnti...
1124 4271 1252 4340 Manife-

97 4358 200 4421 ''stum
214 4369 257 4418 est
272 4369 377 4424 autent,
394 4359 467 4432 qnod
481 4369 586 4432 quanto
602 4362 694 4418 latera
710 4362 861 4436 trianguli
873 4365 923 4418 vei
937 4362 1099 4435 pyramidis
1113 4362 1172 4418 sint
1187 4362 1251 4418 ton-

119 4453 221 4527 piore¹
237 4451 385 4506 dummodo
401 4451 443 4506 sit
466 4450 562 4506 eadem
586 4451 674 4518 basis,
698 4459 778 4508 tanto
799 4452 929 4524 angulus
951 4459 995 4508 est
1016 4453 1122 4520 minor,
1137 4461 1165 4508 et
1187 4452 1251 4508 ideo

121 4551 229 4615 quanto
243 4562 260 4596 a
276 4540 422 4596 remotiori
435 4540 560 4608 videtur,
576 4543 670 4598 minus
684 4541 814 4608 videtin,-
828 4551 855 4596 et
871 4550 953 4598 tanta
967 4536 1059 4616 potest
1074 4561 1135 4599 esse
1145 4541 1254 4599 distan-

122 4632 178 4700 tia,
195 4639 302 4703 quanta
322 4630 434 4685 omnino
449 4650 505 4686 noa
524 4630 666 4688 m'tieatnr.
684 4630 716 4688 S.
733 4627 801 4698 Th.‚
817 4632 852 4688 de
867 4630 982 4700 Anim.‚
1000 4630 1054 4689 lib.
1074 4651 1102 4701 2,
1124 4633 1192 4690 lect.
1211 4651 1252 4706 ις,

123 4740 244 4794 paragr.
261 4721 305 4776 de.
1143 4725 1146 4732 '
