3492 5525
579 476 641 546 950
687 464 812 531 Loorcn
825 464 1057 541 MnJon-Lto.
1074 478 1145 539 aar,
1161 464 1247 527 Dran.
1264 475 1311 547 4.·
1325 462 1404 525 Cae.
1421 476 1493 527 ιιι-ι

526 648 646 715 decimr
661 648 783 717 imitari
798 652 960 715 naturam.
984 646 1140 715 Similiter
1163 648 1259 715 etiam
1275 646 1430 731 contingit
1453 647 1489 711 in
1513 645 1648 711 scientie

527 755 743 843 acquisitione,
755 758 954 845 quadeodem
968 759 1058 823 modo
1075 758 1187 823 doeens
1199 754 1299 821 alium
1315 756 1366 823 ad
1375 752 1544 820 salcanum
1560 752 1650 837 igno

528 868 631 929 tornm
652 863 780 930 deducit
793 863 928 946 seipsum
945 864 980 930 ia
1002 863 1205 950 cognitionem
1224 862 1334 949 igneoli.
1358 862 1530 927 Processus
1548 864 1649 925 autent

527 971 663 1037 rotonis
683 970 895 1053 pervenientis
915 974 959 1039 ad
980 970 1185 1057 cognitionem
1206 969 1361 1055 ignotiin
1379 968 1571 1035 inveniendo
1593 972 1648 1039 est,

459 1095 465 1116 ⁸
527 1081 565 1144 ut
579 1079 928 1163 primipioeonnnunia
936 1082 1123 1159 persenola
1140 1080 1272 1162 applicet
1285 1076 1568 1143 addeleminatas
1587 1094 1650 1139 nu-
1709 1144 1710 1147 ,

528 1186 639 1263 urias,
655 1190 689 1253 et
702 1186 776 1253 inde
789 1188 942 1268 procedat
961 1186 995 1251 in
1015 1186 1139 1273 aliquas
1152 1185 1358 1273 particulares
1371 1182 1605 1259 conclusiones,
1624 1190 1651 1247 et

527 1312 569 1358 ex
589 1293 637 1359 tis
658 1294 695 1358 in
714 1294 815 1361 alias:
839 1296 924 1359 unde
940 1296 973 1357 et
986 1295 1154 1359 secundum
1175 1292 1229 1357 hoe
1248 1310 1330 1357 unus
1351 1291 1452 1358 alium
1468 1294 1582 1357 docere
1604 1292 1650 1353 di-

522 1396 627 1477 citur,
650 1401 770 1488 quad
756 1404 850 1466 utum
867 1401 1047 1467 discursum
1060 1399 1209 1475 rationis,
1230 1418 1319 1483 quem
1329 1418 1364 1465 m
1383 1398 1513 1485 sesacni
1528 1398 1649 1463 ratione

484 1508 685 1585 naturali,
704 1507 801 1574 ιιιιιι
817 1508 947 1591 exponit
959 1514 1018 1589 per
1034 1508 1138 1591 signa.
1155 1509 1197 1575 Et
1214 1507 1260 1572 sic
1277 1506 1359 1573 ratio
1375 1505 1538 1572 naturalis
1556 1506 1650 1571 disci

522 1616 596 1697 puli
618 1621 678 1699 per
707 1615 886 1705 hujusmodi
910 1615 972 1682 sibi
987 1615 1159 1697 proposita,
1183 1614 1266 1681 suut
1278 1620 1337 1697 per
1360 1615 1503 1729 qnamdam
1531 1612 1650 1677 instru-

526 1726 629 1788 menta
638 1723 822 1807 pervenil'
808 1741 844 1787 m
861 1722 1062 1807 cognitionem
1080 1718 1381 1811 igmtorum(1).

360 1866 468 1923 ogast„
593 1838 668 1897 Nec
695 1836 805 1907 dicas,
836 1830 1003 1896 scientiam
1030 1830 1217 1897 inventione
1239 1828 1418 1915 comparari
1444 1848 1512 1895 non
1539 1846 1647 1913 presse,

527 1946 699 2022 propterea
716 1939 806 2022 quod
822 1956 917 2004 secus
937 1956 1031 2004 mens
1050 1946 1160 2003 nostra
1187 1938 1355 2003 veritatem
1374 1936 1543 2023 gigneret,
1569 1934 1649 2003 veri-

526 2053 577 2111 tas
590 2054 701 2113 autem
719 2045 810 2131 gigni
829 2047 959 2129 nequit,
974 2064 1050 2113 cum
1069 2045 1111 2114 sit
1126 2052 1259 2113 aeterna.

373 2190 452 2235 um,
593 2158 798 2239 Responderi
815 2154 904 2219 enim
924 2152 1014 2219 tacite
1033 2162 1196 2231 mentem,
1216 2171 1292 2219 cum
1318 2151 1486 2219 scientiam
1509 2150 1647 2224 invenit,

342 2277 392 2307 ¹²⁶
393 2262 488 2316 “tw
527 2260 661 2346 gignere
679 2261 848 2327 veritatem
868 2261 1039 2327 dumtaxat
1056 2260 1286 2346 subjectivum,
1304 2278 1370 2325 non
1385 2268 1496 2325 autem
1515 2258 1650 2345 objecti·

353 2334 474 2381 ”””””
528 2385 617 2444 vam,
641 2386 760 2452 nempe
777 2368 957 2455 assequitur
973 2366 1300 2455 cognitionesobjectis
1316 2367 1501 2453 conformes.
1528 2366 1562 2431 tn
1582 2382 1649 2448 quo

529 2475 617 2572 nqlla
635 2484 684 2541 est
704 2475 935 2560 repugnantia,
956 2481 1117 2559 utpatet3
1139 2476 1243 2540 immo
1270 2472 1413 2559 idipsum
1431 2491 1571 2557 quoque
1598 2472 1646 2546 fit,

528 2600 605 2648 cum
623 2582 757 2649 scientia
780 2600 838 2667 per
856 2582 1000 2668 magistri
1024 2581 1204 2649 doctrinam
1227 2594 1446 2666 comparatur.
1474 2582 1545 2647 Nec
1571 2598 1647 2645 vero

350 2710 479 2766 Quaem
528 2690 646 2755 veritas
672 2690 867 2776 subjectiva,
897 2708 995 2775 quarn
1017 2708 1077 2755 nos
1100 2688 1254 2757 discendo
1273 2688 1497 2773 assequimur,
1527 2698 1647 2755 aeterna

326 2782 504 2828 '‘¹¹¹⁸⁸⁸¹“¹¹¹·
528 2808 590 2879 est;
611 2798 730 2864 veritas
748 2817 825 2865 vero
847 2797 1008 2883 objectiva
1027 2797 1279 2864 necessariarum
1298 2797 1565 2864 enuntiationum
1586 2798 1646 2862 dici

530 2908 614 2972 solet
625 2915 757 2982 aeterna,
775 2907 881 2991 primo
890 2903 1023 2988 positive
1036 2905 1113 2988 quia
1126 2925 1145 2969 a
1159 2905 1226 2970 Deo
1244 2907 1425 2972 necessario
1439 2908 1645 2990 cognoscitur

527 3014 568 3079 ab
586 3022 725 3090 aetemo,
746 3022 779 3078 et
797 3013 913 3080 deinde
925 3012 1080 3096 negative,
1100 3015 1176 3096 quia
1195 3012 1378 3097 praescindit
1394 3013 1435 3078 ab
1453 3015 1547 3078 omni
1566 3022 1644 3078 tem-

527 3138 620 3204 pore,
637 3140 696 3186 nec
709 3121 864 3186 limitatur
882 3121 922 3186 ad
935 3129 1057 3186 certam
1070 3121 1211 3204 aliquam
1231 3121 1450 3186 durationem.
1467 3120 1545 3185 Sola
1560 3121 1644 3187 deni-

528 3246 593 3312 que
618 3226 736 3294 veritas
754 3228 940 3314 ontologica
966 3227 1084 3294 divinae
1108 3229 1257 3294 essentiae
1276 3228 1531 3313 divinorumque
1560 3231 1645 3294 attri-

528 3337 685 3403 butorum
700 3345 751 3402 est
764 3346 898 3404 aeterna.

903 3543 1203 3621 ARTICULUS
1224 3471 1273 3620 11.

527 3695 694 3760 Utrum
707 3695 822 3759 ratio
835 3695 1036 3759 humana
1049 3709 1208 3757 uerum
1221 3694 1426 3760 omnium
1442 3697 1642 3762 notitiem

864 3801 1051 3882 assequi
1074 3802 1220 3881 possit
1235 3796 1304 3887 (ι).

573 3996 650 4063 272.
698 3977 765 4046 Sed
777 3979 846 4063 jam
867 3979 946 4044 alter
964 3996 1051 4045 error
1069 3980 1166 4063 longe
1184 3979 1392 4062 perniciosior
1407 3983 1641 4068 aggrediendus

528 4095 576 4154 est
600 4105 733 4164 eorum,
763 4086 819 4171 qui
846 4087 923 4154 nihil
952 4095 1068 4172 putant
1095 4105 1167 4152 esse
1190 4087 1343 4152 humanae
1366 4090 1490 4158 mentis
1515 4102 1638 4175 captum

342 4200 421 4246 menn
422 4199 493 4246 ιῑὶιιε
527 4195 777 4275 transcendens;
798 4195 917 4277 inquo
940 4212 1046 4259 errore
1065 4202 1235 4261 versantur
1254 4213 1319 4261 non
1343 4197 1453 4262 solum
1472 4195 1639 4266 Rationali-

333 4352 406 4388 ω,
340 4271 427 4318 ””
399 4271 490 4388 ’,”ξῖ
453 4281 515 4318 ”””
528 4311 604 4378 stae,
624 4320 740 4368 verum
758 4300 855 4368 etiam
870 4300 1062 4368 Pantheistae
1080 4300 1216 4378 ideates,
1236 4300 1293 4386 qui
1311 4303 1492 4374 realitatem
1512 4323 1636 4372 omnem

384 4413 461 4460 mee

563 4574 603 4638 (ι)
641 4569 672 4650 S:
689 4569 805 4637 Thom„
817 4569 852 4626 de
869 4567 972 4636 Venit„
989 4587 1019 4640 q.
1033 4583 1141 4640 11,art.
1156 4589 1178 4628 1.

562 4662 603 4755 (a)
639 4659 754 4810 Csigde
767 4659 822 4719 hec
835 4657 957 4718 materia
970 4657 1142 4734 Toogiorgi,
1155 4659 1227 4720 Inst.
1243 4661 1425 4736 ulmeam,
1440 4663 1501 4722 vol.
1515 4685 1540 4722 ι.
1554 4663 1632 4738 Logi-

527 4771 679 4826 ca,an.7
718 4793 726 4809 .
