3492 5525
225 445 341 529 Anne.
357 479 417 531 υ·
430 464 521 546 Qum
535 483 698 536 mustus,
715 483 757 528 ετ
768 483 871 542 quon.
887 483 963 529 one.
976 481 1091 528 venri.
1129 476 1187 547 415

100 644 243 724 falsius,
262 647 390 732 proprie
410 647 591 733 loquendo,
608 645 723 716 cadere
740 647 773 716 in
791 646 977 734 simplicem
995 645 1231 732 apprehensio·

102 772 185 819 nem
199 739 318 839 ¹nequit
336 753 400 844 (r).

150 861 205 946 4.⁰
249 863 365 946 Neque
382 863 489 948 agitur
506 863 548 929 de
567 864 702 931 veritate
717 881 755 930 ac
773 859 912 932 salsitate
929 861 1102 948 cujustibet
1116 859 1230 946 judicii

103 977 136 1034 et
152 969 414 1053 quomodolibet
435 971 493 1037 sed
511 973 553 1037 de
571 970 703 1038 duobus
716 970 861 1059 judiciis,
883 973 985 1036 altero
1010 988 1106 1046 vero,
1127 970 1230 1035 altero

102 1077 187 1143 tarso
208 1077 291 1143 circu
314 1096 419 1144 unum
439 1078 593 1164 idemque
617 1079 804 1164 objectum,
825 1097 884 1146 seu
915 1079 956 1143 de
981 1075 1068 1144 binis
1087 1075 1229 1160 judiciis,

103 1201 252 1268 quorum
266 1187 403 1251 aiterum
424 1183 566 1252 affirmet
583 1185 725 1272 idipsum
740 1186 831 1272 quod
849 1187 989 1252 aiterum
1009 1191 1120 1269 negat,
1134 1182 1234 1248 nimi·

104 1309 179 1358 rum
195 1292 236 1358 de
245 1290 375 1376 judiciis
393 1291 551 1378 objective
565 1294 835 1362 contradictoriis.

150 1505 185 1572 8.
234 1508 438 1575 Pnoeosmo.
472 1515 611 1578 Veritus
636 1524 671 1579 et
690 1515 823 1578 falsitas
848 1513 998 1576 duorum
1023 1511 1233 1591 judiciorum

101 1619 196 1682 circs
214 1613 498 1702 unum'idemque
516 1623 688 1700 objectum
701 1621 873 1686 contrarie
886 1628 1118 1701 opponuntur.

175 1834 355 1898 Probatur.
376 1832 462 1900 inter
480 1832 649 1906 veritatem
670 1851 707 1899 ac
726 1831 899 1898 falsitatem
920 1830 1063 1897 duorum
1082 1838 1229 1905 actuum,

105 1935 166 2020 qui
184 1936 272 2004 idem
294 1938 472 2023 respiciunt
490 1937 656 2025 objectum
682 1947 715 2005 et
735 1939 919 2008 secundum
944 1939 1049 2016 idem,
1070 1937 1174 2013 adest,
1194 1946 1231 2002 ut

105 2053 214 2128 putet,
236 2046 341 2130 aiiqua
359 2047 535 2131 oppositio.
557 2047 655 2131 Atqui
676 2066 742 2113 non
763 2047 913 2123 relativa,
934 2064 1001 2112 non
1020 2044 1233 2111 contradicto-

105 2153 168 2230 ria,
189 2171 255 2220 non
275 2152 444 2237 privativa.
465 2153 549 2239 Ergo
566 2155 739 2222 contrariu.

179 2259 421 2344 Consequentia
439 2270 540 2348 patet,
553 2281 619 2328 non
634 2263 721 2329 enim
737 2261 848 2329 existit
861 2261 922 2327 alia
935 2260 1099 2344 oppositio
1111 2269 1230 2344 praeter

103 2379 251 2452 quatuor
269 2368 463 2454 assignatas.
485 2371 576 2436 Patet
591 2389 724 2455 quoque
737 2370 852 2455 Major.
1156 2435 1161 2445 ,

178 2481 293 2544 Minor
310 2493 389 2562 ergo
408 2477 574 2562 probatur.
601 2485 648 2546 ιθ
664 2481 737 2548 Non
763 2478 908 2554 related,
938 2477 1015 2560 quta
1038 2495 1098 2543 nec
1117 2494 1232 2542 verum

104 2584 246 2650 retertur
263 2584 305 2651 ad
324 2585 456 2663 iaisum,
477 2604 538 2652 nec
556 2587 674 2652 falsum
693 2585 735 2650 ad
753 2603 882 2652 verum:
905 2603 965 2651 nec
983 2602 1099 2650 verum
1120 2594 1152 2650 et
1173 2583 1233 2648 ial-

103 2709 187 2758 sum
216 2690 366 2758 dr‘cundtr
391 2696 436 2758 ud
456 2691 712 2775 convertentiam
743 2711 802 2760 nec
831 2700 910 2759 sunt
935 2693 1033 2760 simul
1059 2700 1173 2758 natura
1201 2697 1235 2755 et

103 2800 310 2886 cognitione:
332 2818 407 2885 quae
425 2814 502 2869 sunt
522 2801 735 2887 proprietates
754 2803 965 2869 relativorum
983 2797 1048 2888 (2).
1096 2802 1109 2852 ‘-

179 2924 230 2975 2.⁰
248 2907 321 2977 Non
336 2910 577 2976 contraditione
591 2928 650 2977 nec
658 2908 820 2993 privativa
834 2912 879 2976 ob
892 2908 1044 2975 eamdem
1060 2907 1232 2975 rationem.

103 3014 279 3099 Proprium
309 3015 397 3083 enim
425 3016 542 3083 harum
573 3017 819 3103 oppositionum
840 3027 904 3095 est,
925 3026 962 3084 ut
980 3014 1236 3104 existantinter

104 3135 271 3200 extrema,
293 3142 435 3208 quorum
461 3126 600 3193 aiterum
629 3133 680 3192 est
709 3124 912 3212 negativum.
942 3124 1042 3207 Atqui
1065 3123 1185 3190 veritas
1202 3132 1236 3187 et

102 3228 234 3299 saisitus
250 3240 328 3299 sunt
345 3232 412 3299 duo
428 3240 577 3301 extrema
591 3232 741 3318 positiva,
768 3234 923 3301 nimirum
944 3231 1105 3318 positivus
1123 3249 1236 3298 assen-

102 3356 169 3406 sus
178 3348 212 3405 et
221 3338 380 3423 positivus
389 3339 569 3419 dissensus,
581 3342 648 3409 duo
658 3350 751 3407 actus
761 3340 888 3428 physici
898 3342 1012 3407 reales.
1028 3338 1155 3425 Ergo...
1169 3338 1233 3428 (3).

436 3502 637 3571 Sotvumm
662 3518 913 3571 nuncutrmes.

156 3680 193 3750 9.
239 3668 315 3748 obi.
334 3674 386 3732 «ιθ
411 3664 642 3750 Cognitionem
662 3682 734 3732 esse
753 3665 940 3732 diisonnem
960 3664 1005 3731 rei
1024 3675 1075 3731 est
1092 3662 1180 3730 idem
1199 3681 1237 3729 ac

103 3790 180 3839 non
200 3789 270 3837 esse
289 3770 339 3837 iiti-
351 3774 569 3842 conformem.
602 3773 705 3858 Atqui
724 3775 894 3841 conforme
920 3792 956 3839 ac
981 3791 1048 3839 non
1067 3772 1238 3839 conforme

100 3876 359 3947 contradictorie
379 3890 606 3965 opponuntur.
628 3880 724 3968 Ergo'.

134 4112 157 4175 ’ί
162 4114 190 4177 ι)
226 4107 285 4168 Nee
298 4107 406 4184 puriter
420 4110 615 4172 controversia
628 4122 673 4169 est
687 4110 723 4169 de
737 4107 858 4170 veritate
872 4108 1119 4171 tmnseendentaii
1132 4130 1166 4169 nc
1184 4109 1239 4168 su-

105 4200 214 4271 eimte3
231 4198 319 4271 idque
332 4220 392 4261 non
407 4200 501 4261 solum
516 4200 586 4273 quie
601 4220 660 4259 non
673 4198 823 4274 pertinent
837 4200 876 4259 ed
898 4200 1015 4275 Logieue
1026 4199 1240 4261 consideratio·

103 4310 197 4359 neme
218 4288 369 4350 sedetiam
384 4292 455 4364 quia
480 4290 743 4351 transcendentnlis
762 4290 869 4351 veritus
888 4311 947 4351 non
965 4290 1053 4351 hebet
1073 4290 1238 4365 oppositam

102 4380 168 4442 sibi
180 4378 352 4452 salsitatem,
368 4400 434 4463 quse
446 4381 476 4440 id
489 4380 616 4441 nominis
634 4381 750 4454 proprie
762 4393 918 4441 mereatur.

145 4475 198 4545 (π)Ι
228 4468 340 4531 Revoca
349 4470 381 4529 in
402 4484 529 4531 mentem
549 4471 661 4537 hortum¹
674 4470 892 4545 oppositionum
911 4470 1038 4531 indolem
1060 4490 1094 4531 tc
1111 4468 1241 4544 proprie·

103 4574 188 4623 tutes
203 4559 237 4619 in
249 4560 363 4635 Βορέω
377 4559 488 4619 Minori
500 4559 669 4635 descriptas,
687 4580 717 4620 n.
734 4582 766 4635 37
784 4580 866 4634 seqq.

143 4648 189 4722 (ς)
226 4646 302 4709 Vide
316 4648 348 4708 S.
357 4648 476 4721 Thous..
488 4650 542 4711 ior.
557 4650 619 4721 citt
631 4649 750 4721 Staret,
760 4650 848 4725 Disp.
859 4650 1104 4725 Metapinum,
1118 4670 1143 4723 t,
1154 4668 1240 4723 n0223

104 4738 187 4800 Ruit
200 4738 395 4815 deMontoyn
410 4740 446 4798 de
459 4739 592 4800 Scrintio
609 4741 677 4811 Dei,
692 4739 770 4815 disp.
785 4760 832 4815 92,
848 4752 918 4801 sect.
932 4740 960 4799 6.
1034 4797 1042 4817 ‚
