3492 5525
554 483 615 548 qrq
667 465 793 532 loorm
809 414 1042 541 Maron-Lm..
1059 478 1130 542 μ’,
1146 464 1239 529 Drse.
1257 478 1302 547 4.·
1317 465 1398 529 Can.
1418 480 1486 529 ιω

515 652 574 719 sed
593 653 743 739 physica,
764 670 939 739 perquam
972 670 1058 737 opus
1086 651 1206 717 affabre
1233 650 1384 719 efficitur.
1415 651 1522 729 Quare
1555 651 1633 715 bene

515 758 584 824 fieri
612 767 736 843 potest,
770 777 854 844 opus
871 758 1133 825 artificiosissime
1160 760 1281 825 iactum
1315 777 1387 825 esse
1418 759 1573 824 vitiosum
1605 759 1632 823 in

514 885 634 951 genere
653 886 801 943 morum,
821 874 855 933 et
872 886 891 931 e
909 884 1080 933 converso.
1096 864 1133 957 γ)
1148 864 1211 931 Ars
1230 880 1296 933 non
1315 864 1416 951 exigit
1434 865 1634 932 demonstra-

514 972 637 1051 tiones,
663 974 784 1058 quibus
802 985 964 1060 praecepta
982 974 1052 1059 ejus
1071 974 1307 1041 assertionesve
1327 973 1524 1059 probentur,
1544 990 1633 1039 secus

515 1092 614 1166 atque
632 1082 781 1158 scientia,
802 1091 917 1167 utpote
937 1100 1011 1165 quae
1028 1092 1079 1147 est
1092 1082 1236 1166 cognitio
1253 1100 1309 1166 per
1323 1081 1631 1148 demonstrationem

514 1201 713 1272 comparata.
746 1188 790 1257 At
820 1207 872 1255 ars
897 1197 1051 1255 contenta
1080 1197 1130 1254 est
1157 1188 1355 1273 experientia
1377 1190 1428 1253 vel
1450 1188 1632 1257 inductione

516 1298 567 1363 vel
584 1296 790 1374 auctoritate,
810 1296 931 1380 quibus
951 1297 1015 1361 lere
1035 1296 1126 1362 inniti
1149 1297 1256 1361 solent
1279 1296 1435 1372 artifices
1457 1304 1493 1360 ut
1512 1296 1562 1361 vel
1578 1294 1630 1379 ipsi

514 1412 694 1487 sequantur
708 1404 759 1470 vel
775 1402 941 1488 discipulis
960 1404 1128 1486 sequenda
1146 1402 1352 1487 prsaecribant
1372 1402 1450 1469 artis
1465 1414 1629 1487 praecepta.

515 1509 641 1585 «Quod
669 1510 695 1577 si
723 1511 798 1595 quis
825 1510 940 1577 artifex
969 1528 1025 1599 per
1053 1510 1366 1576 demonstrationem
1400 1510 1568 1594 probaret,
1601 1520 1631 1575 ut

515 1626 642 1701 posset,
658 1618 788 1703 regulas
808 1618 886 1684 artis
905 1616 1042 1683 nauticae
1061 1618 1111 1683 vel
1138 1616 1283 1684 militaris
1302 1636 1335 1685 v.
1362 1636 1412 1702 g„
1432 1636 1471 1682 ea
1490 1629 1570 1683 tunc
1586 1636 1631 1682 ars

514 1725 614 1791 simul
631 1734 718 1791 esset
732 1725 876 1791 scientia.
895 1724 948 1791 Sic
972 1724 1158 1803 Rhetorica,
1183 1734 1281 1809 prout
1302 1724 1524 1791 communiter
1542 1726 1631 1791 tradi-

514 1840 585 1911 tur,
607 1842 744 1899 nonest
766 1831 915 1915 scientia3
942 1842 974 1897 et
995 1840 1105 1898 tamen
1130 1830 1262 1899 scientia
1285 1844 1454 1910 censetur,
1480 1842 1576 1917 prout
1594 1834 1631 1898 ab

517 1938 690 2005 Aristotele
718 1940 834 2006 tradita
859 1950 934 2007 est»
959 1937 1025 2028 (ι),
1053 1938 1134 2017 Quae
1153 1940 1265 2006 omnia
1289 1939 1321 2005 in
1337 1940 1430 2007 allata
1450 1938 1630 2006 definitione

446 2118 456 2144 .
515 2047 734 2114 continentur.

450 2197 464 2227 ῃ
583 2154 665 2220 ilinc
681 2154 770 2220 facile
785 2163 835 2221 est
849 2154 1013 2240 assignare
1032 2154 1205 2221 discrimen
1225 2154 1302 2221 artis
1321 2174 1338 2219 a
1358 2154 1493 2221 scientia
1512 2162 1545 2220 et
1563 2173 1631 2239 pru·

516 2262 637 2328 dentia.
668 2263 706 2327 Et
738 2262 843 2345 primo
876 2262 1009 2346 quidem
1037 2262 1145 2327 diiiert
1174 2282 1190 2326 a
1221 2262 1352 2327 scientia
1382 2262 1529 2347 objecto:
1559 2282 1628 2327 nam

516 2368 658 2435 scientiae
671 2370 837 2454 objectum
856 2378 908 2435 est
927 2369 1161 2446 necessarium,
1182 2388 1240 2435 seu
1254 2371 1344 2454 quod
1360 2371 1453 2435 aliter
1469 2389 1504 2435 se
1519 2370 1629 2435 habere

516 2478 646 2561 nequit3
676 2486 709 2542 at
734 2478 900 2564 objectum
929 2478 1006 2543 artis
1034 2488 1085 2543 est
1109 2478 1321 2563 contingens,
1356 2478 1627 2561 quemadmodum

515 2588 701 2669 expositum
715 2593 781 2667 est3
798 2585 831 2651 in
850 2603 918 2668 quo
933 2604 984 2650 ars
997 2584 1153 2652 convenit
1171 2582 1247 2650 cum'
1264 2584 1434 2669 prudentia
1447 2580 1510 2673 (2).
1529 2582 1627 2657 Adde,

515 2693 605 2776 quod
629 2691 761 2758 scientia
784 2693 1098 2759 demonstrationem
1125 2692 1269 2777 requirit,
1297 2692 1432 2759 minime
1463 2710 1537 2757 vero
1566 2707 1624 2756 ars:

515 2800 662 2883 itemque
690 2801 824 2866 scientia
839 2801 871 2866 in
892 2817 954 2867 suo
967 2809 1128 2886 conceptu
1143 2802 1284 2886 generali
1300 2801 1484 2884 praescindit
1503 2801 1542 2864 ab
1561 2801 1626 2872 hoc,

514 2907 603 2992 quod
622 2908 665 2974 sit
683 2907 879 2992 speculativa
905 2909 956 2974 vel
984 2907 1136 2992 practica,
1163 2908 1249 2974 unde
1269 2927 1347 2974 mox
1373 2907 1472 2974 dividi
1495 2909 1576 2973 solet
1600 2906 1627 2970 ln
1706 2899 1707 2960 l

513 3015 746 3099 speculativam
757 3026 790 3080 et
805 3017 994 3100 practicam,
1012 3025 1045 3082 at
1060 3035 1113 3082 ars
1131 3015 1343 3082 essentialiter
1356 3017 1493 3100 practica
1507 3024 1556 3080 est
1570 3011 1626 3102 (3).
1706 3053 1707 3058 κ

580 3122 608 3187 Α
637 3124 807 3206 prudentia
831 3143 908 3189 vero
938 3123 1167 3209 distinguitur,
1196 3124 1270 3207 qula
1300 3124 1470 3208 prudentia
1496 3131 1628 3188 sectatur

513 3229 740 3296 rectitudinem
757 3231 935 3297 achonum
954 3233 1077 3297 morale
1097 3231 1199 3316 ipsius
1217 3231 1399 3316 operantis,
1420 3249 1472 3296 ars
1491 3249 1567 3295 vero
1585 3248 1628 3293 re·

512 3337 704 3404 ctitudinem
720 3357 757 3404 ac
771 3340 897 3404 bonum
916 3339 1089 3427 physicum
1106 3338 1208 3423 ipsius
1218 3339 1324 3423 operis
1339 3338 1505 3404 artificiose
1517 3336 1626 3402 enecu.

511 3447 554 3512 Et
568 3446 637 3512 ideo
653 3449 699 3510 ad
709 3447 923 3529 prudentiam,
946 3465 1015 3532 quo
1041 3451 1087 3512 est
1108 3449 1193 3513 recta
1217 3446 1300 3511 ratio
1326 3445 1505 3530 agibilium,
1534 3443 1630 3528 inquil

511 3553 696 3636 Angeticus,
712 3555 886 3638 requirimr
903 3557 1001 3639 quod,
1023 3555 1110 3620 bomo
1126 3553 1172 3619 sit
1187 3555 1260 3620 bene
1273 3553 1442 3636 dispositio
1458 3553 1542 3618 circa
1549 3553 1628 3637 fines
1705 3557 1706 3562 ’

511 3658 688 3746 (siquidem
709 3661 832 3728 exime
859 3663 1022 3747 dependet
1042 3661 1202 3727 rectitudo
1222 3661 1352 3727 moralis
1371 3659 1532 3749 subjectil:
1553 3659 1629 3744 quod

511 3768 636 3853 quidem
648 3771 697 3834 est
706 3776 767 3852 per
777 3769 946 3852 appetitum
964 3772 1093 3835 rectum.
1114 3769 1155 3834 Et
1165 3769 1234 3834 idm
1251 3771 1296 3834 acl
1310 3770 1514 3850 prudentiam
1532 3767 1629 3852 requi-

511 3877 595 3943 ritur
628 3877 758 3942 moralis
784 3877 900 3954 virtus,
927 3883 995 3971 per
1012 3895 1107 3962 quam
1120 3877 1170 3963 fit
1193 3875 1344 3960 appetitus
1369 3881 1482 3944 rectus.
1518 3877 1628 3941 Bonum

426 4047 442 4078 ⁸
511 3989 614 4051 autem
633 3985 848 4072 artificialium
865 4004 928 4051 non
946 3988 996 4050 cst
1008 3986 1121 4051 bonum
1137 3985 1289 4068 appetitus
1313 3985 1458 4062 burnani,
1480 3985 1534 4050 sed
1555 3983 1629 4066 ipso

511 4111 583 4158 rum
596 4099 723 4174 operum
735 4091 968 4178 artificialium:
981 4096 1013 4157 el
1027 4093 1096 4158 ideo
1105 4109 1161 4158 ars
1174 4111 1237 4158 non
1248 4092 1464 4175 praesupponit
1473 4092 1629 4174 apperium
1704 4173 1705 4188 ἢ

512 4205 629 4267 rectum
643 4197 708 4288 (q).
727 4200 769 4265 Et
780 4200 854 4266 inde
866 4205 927 4278 ert,
943 4201 1027 4285 quod
1039 4200 1140 4285 magis
1156 4201 1310 4267 laudatur
1320 4199 1454 4286 artifex,
1469 4199 1525 4286 qui
1533 4201 1629 4278 volero
1704 4205 1705 4234 l

548 4403 587 4463 (1)
624 4395 763 4463 Lossada,
780 4397 832 4454 loc.
844 4395 904 4467 cit,
915 4417 977 4467 cap.
988 4396 1017 4462 8,
1032 4416 1061 4454 n.
1081 4415 1121 4454 rr.

547 4487 590 4557 (a)
626 4485 702 4544 Vide
712 4485 852 4556 Ariston,
867 4487 910 4544 6.·
923 4486 1064 4556 Etbicor.‚
1073 4505 1137 4558 cap.
1154 4507 1180 4560 3.
1192 4483 1254 4544 cir.
1266 4483 1304 4544 ib.
1316 4483 1349 4545 S.
1365 4483 1482 4554 Thom„
1499 4486 1562 4544 lect.
1574 4501 1597 4558 3.

414 4589 421 4600 '
548 4578 589 4648 (3)
627 4576 701 4634 Vide
710 4576 768 4634 alia
777 4577 855 4647 apud
866 4573 1018 4645 Ariet.,6.·
1031 4577 1171 4645 Erkabon,
1184 4595 1209 4634 c.
1219 4595 1244 4649 3.
1259 4575 1313 4634 sin.
1325 4575 1387 4634 etr.
1402 4575 1471 4634 ibid.
1483 4574 1628 4640 Ssl’hom,

511 4663 576 4724 lect.
593 4688 620 4735 a,
636 4666 749 4724 Deinde
764 4685 829 4724 cum
841 4666 928 4725 dicit:
949 4667 1049 4740 Neque
1063 4667 1147 4723 enim.
1164 4662 1225 4723 Cir.
1240 4665 1345 4736 Tolet,
1360 4664 1497 4737 Dablect„
1512 4683 1578 4738 q.4.

547 4755 591 4828 (4)
624 4753 660 4815 S.
675 4753 794 4827 Thoan„
812 4777 836 4814 r.
857 4775 885 4825 a,
901 4775 929 4830 q.
943 4773 988 4829 η,
1002 4775 1029 4816 a.
1039 4774 1067 4830 4.
1081 4753 1144 4814 Cir.
1159 4753 1230 4816 ibid.
1241 4767 1299 4816 art.
1316 4777 1342 4829 3.
