3492 5525
562 461 621 530 ndo
754 458 878 532 Lootca
898 458 1142 532 hirson-Dian.
1167 480 1212 532 a·
1232 463 1312 532 Can.
1337 480 1409 530 avo

521 641 727 728 impossibili.
748 645 795 711 Ac
812 644 909 712 simili
929 645 1047 721 modo,
1067 645 1158 729 quod
1173 664 1238 712 non
1254 654 1304 714 est
1323 647 1561 724 necessarium,
1578 647 1642 714 im·
1728 697 1729 728 2

523 751 676 834 possibile
702 760 753 818 est
781 753 1000 820 necessarium
1030 771 1113 820 esse.
1136 754 1238 839 igitur
1259 754 1329 820 haec
1357 755 1419 820 alia
1446 755 1639 840 propositio:

522 860 651 927 Necesse
667 863 716 926 est
730 859 882 929 hominem
899 879 963 927 csse
979 860 1105 944 album;
1118 862 1266 928 enuntiat
1277 862 1502 930 habitudinem
1518 864 1644 948 impos·
1726 883 1727 886 ¹

524 965 689 1033 sibilitatis
706 967 931 1035 interdictum
952 979 984 1036 et
1003 970 1153 1035 modum.
1175 969 1212 1036 Et
1230 969 1387 1052 quoniam
1406 970 1493 1037 idem
1513 970 1574 1036 dici
1588 990 1644 1056 po

521 1079 587 1139 test
608 1074 648 1138 de
669 1073 799 1158 reliquis
814 1077 938 1153 modis,
954 1076 1100 1161 sequitur
1114 1095 1230 1143 omnes
1245 1077 1484 1162 propositiones
1498 1079 1644 1144 modales

522 1199 616 1247 veras
630 1183 751 1249 versari
765 1181 799 1248 in
813 1184 947 1253 materia
960 1184 1154 1262 necessaria,
1171 1194 1334 1268 quatenus
1347 1194 1473 1270 spectat
1490 1187 1642 1270 copulam

523 1289 629 1367 modi,
644 1309 682 1356 ac
697 1289 840 1357 vicissim
855 1309 972 1360 omnes
987 1293 1083 1358 falsas
1097 1292 1215 1359 versari
1231 1294 1263 1358 in
1280 1293 1414 1359 materia
1428 1293 1641 1378 impossibili.

589 1399 723 1482 insuper
741 1417 782 1464 ex
800 1398 895 1466 dictis
909 1409 1038 1466 constat
1054 1401 1169 1475 etiam,
1187 1400 1266 1483 quid
1284 1402 1326 1467 sit
1344 1401 1588 1466 decernendum
1603 1402 1646 1466 de

521 1505 702 1589 quantitate
721 1515 754 1572 et
771 1506 927 1590 qualitate
946 1507 1177 1591 propositionis
1195 1507 1346 1575 modalis.
1372 1505 1533 1582 Quamvis
1556 1509 1646 1574 enim

522 1613 646 1680 dictum
667 1613 770 1698 possit
792 1615 912 1680 habere
932 1633 991 1697 pro
1016 1614 1153 1699 subjecti
1179 1615 1406 1698 suppositione
1424 1615 1511 1681 varia
1533 1625 1648 1682 exten-

484 1775 490 1792 .
522 1721 663 1798 sionem,
679 1722 732 1787 vel
746 1721 980 1796 universalem,
992 1721 1043 1786 vel
1055 1721 1296 1806 particularem,
1314 1723 1364 1788 vel
1379 1721 1577 1807 singularem
1593 1725 1646 1788 vel

522 1827 743 1905 indefinitam,
773 1830 857 1896 sicut
890 1829 1015 1913 quaevis
1048 1829 1227 1913 propositio
1259 1829 1440 1915 categorica
1464 1833 1503 1896 de
1532 1831 1647 1911 inesse;

522 1946 635 2002 tamen
653 1955 773 2003 omnes
790 1935 1033 2004 enuntiationes
1053 1938 1218 2012 modales,
1234 1937 1261 2004 si
1287 1936 1424 2004 seorsim
1446 1947 1478 2005 et
1496 1938 1647 2004 absolute
1728 1943 1729 2020 j

522 2044 768 2110 considerentur
781 2044 814 2111 in
826 2043 953 2129 seipsis,
969 2048 1047 2110 sunt
1057 2043 1542 2132 singunras,quantunoumque
1555 2047 1600 2112 sit
1609 2046 1646 2112 in
1728 2059 1729 2116 l

522 2151 567 2216 eis
579 2150 701 2236 signum
713 2151 890 2219 uniuersale
903 2149 956 2239 (in
970 2149 1086 2237 dicto).
1104 2152 1194 2220 Unde
1208 2151 1289 2218 hoc:
1302 2157 1452 2221 Omnem
1465 2158 1647 2220 hominem
1728 2177 1729 2234 t

416 2253 419 2258 ’
522 2267 663 2327 currere
680 2274 735 2327 est
749 2265 929 2343 possibile,
945 2263 993 2326 est
1006 2259 1196 2343 singulius,
1217 2263 1249 2324 et
1263 2259 1308 2326 sic
1325 2263 1364 2325 de
1381 2260 1536 2330 omnibus.
1553 2259 1648 2329 Ratio
1728 2273 1729 2326 ι

524 2366 615 2453 lraq‘us
632 2369 690 2445 est,
710 2386 801 2444 nam,
821 2370 970 2450 utsupra
986 2367 1102 2433 dictum
1120 2370 1182 2444 est,
1202 2367 1373 2432 antoniniani)
1395 2368 1514 2434 dicitur
1539 2369 1648 2452 singu-

523 2473 618 2551 laris,
637 2474 713 2559 quit
731 2475 767 2540 in
783 2493 821 2540 ca
838 2475 1006 2563 saljaina
1023 2474 1196 2560 singulare,
1217 2493 1271 2540 seu
1289 2475 1440 2542 terminus
1456 2475 1645 2558 singularis,

523 2586 561 2646 ut
570 2582 713 2648 Socrates
727 2581 858 2665 Curcit;
871 2585 927 2648 sed
947 2582 981 2646 in
1000 2582 1113 2648 talibrcs
1126 2582 1388 2665 propositionibus
1406 2583 1575 2670 nalja'citur
1591 2583 1648 2648 hoc

523 2688 641 2754 dicaam
666 2690 842 2775 signatum,
868 2691 989 2756 scilicet
1013 2714 1153 2759 omnem
1179 2696 1358 2759 hominem
1384 2711 1543 2770 currere,
1563 2694 1650 2777 quod

525 2799 621 2863 unm
650 2798 806 2881 accipitur
827 2806 886 2881 pro
911 2817 976 2864 uno
1002 2799 1134 2865 termino
1158 2800 1294 2884 signato.
1326 2798 1441 2865 Omnes
1469 2816 1539 2883 crgo
1569 2802 1648 2865 tales

523 2906 750 2973 muntntaones
766 2910 844 2972 sunl
856 2906 1031 2990 singulares
1044 2905 1108 2995 (t).

494 3003 496 3018 '
591 3013 811 3081 Nihilominus
825 3015 853 3081 si
872 3014 967 3081 variae
987 3014 1224 3099 propositiones
1243 3014 1390 3080 modales
1404 3014 1487 3080 inter
1501 3034 1536 3081 se
1555 3034 1648 3082 com·

525 3129 695 3209 parentur,
715 3122 837 3205 duplex
855 3122 1050 3189 considerari
1070 3130 1176 3205 potest
1194 3122 1227 3187 in
1247 3121 1293 3187 eis
1311 3121 1493 3204 quantitas:
1517 3122 1649 3189 univer-

524 3230 600 3311 salis
619 3237 652 3294 et
671 3229 879 3313 particularis.
897 3230 980 3295 Nam
997 3230 1117 3295 modus
1134 3247 1255 3295 necesse
1267 3237 1300 3295 et
1314 3228 1516 3311 impossibile,
1533 3230 1646 3295 haberi
1728 3254 1729 3323 ι

523 3338 631 3402 solent
658 3355 677 3401 a
703 3335 830 3423 logicis
852 3335 1073 3403 communiter
1091 3344 1259 3420 tamquam
1282 3335 1473 3403 universalia
1497 3346 1648 3423 respectu
1728 3334 1729 3413 i

518 3442 677 3527 possibilis
695 3453 729 3510 et
746 3444 961 3528 contingentis,
982 3445 1019 3511 Et
1039 3444 1118 3509 ratio
1132 3454 1199 3521 est,
1221 3444 1322 3526 «quia
1340 3462 1460 3509 necesse
1487 3456 1648 3528 perpetuo
1728 3434 1729 3521 l

523 3552 617 3635 ponit
635 3551 840 3638 subjectum,
861 3554 903 3617 de
927 3570 995 3635 quo
1018 3550 1151 3626 dicitur,
1171 3550 1254 3617 sicut
1278 3550 1464 3633 impossihile
1487 3563 1648 3637 perpetuo

522 3657 626 3730 tollit:
647 3669 680 3724 et
697 3659 772 3726 ideo
791 3670 1023 3744 comparantur
1038 3657 1140 3744 signis
1157 3658 1259 3734 omnis
1276 3667 1309 3722 et
1327 3660 1452 3735 nullan,
1467 3659 1545 3743 quia
1563 3661 1649 3727 sicut

522 3764 556 3832 in
575 3768 625 3835 his
644 3775 695 3834 est
711 3766 938 3835 universalitas
957 3766 1102 3841 numeri,
1123 3766 1166 3834 ita
1185 3765 1217 3831 in
1237 3764 1299 3833 illis
1318 3766 1544 3835 universalitas
1563 3776 1651 3835 tem-

522 3874 623 3958 poris.
646 3872 691 3939 At
703 3874 851 3958 possibile
869 3882 903 3939 et
919 3874 1099 3957 contingens
1126 3892 1168 3939 ex
1194 3892 1231 3939 se
1250 3873 1444 3957 permittunt
1462 3874 1647 3955 subiectum

521 3980 698 4064 aliquando
724 4001 792 4048 non
816 3999 908 4047 esse:
929 3998 1030 4064 quare
1055 3989 1288 4066 comparantur
1314 3981 1410 4066 signo
1434 3983 1583 4067 qur'dam,
1604 3986 1650 4049 ob

521 4088 674 4155 eamdem
695 4090 867 4157 rationem.
888 4086 971 4155 Rem
991 4088 1086 4155 istam
1105 4088 1262 4155 exhibent
1279 4090 1405 4175 vulgati
1424 4108 1555 4157 versus:

612 4274 738 4337 Omnis
755 4291 900 4339 necasse
917 4275 1021 4339 valet:
1041 4274 1255 4353 impossibile
1272 4275 1390 4339 nunus

611 4382 781 4447 Possibile
797 4382 956 4464 quidam:
971 4381 1112 4464 quidam
1125 4400 1213 4459 non,
1225 4384 1388 4463 possibile
1402 4400 1498 4453 nonu
1514 4374 1579 4469 (2).

555 4576 597 4638 (r)
633 4570 743 4630 Suram.
759 4574 849 4631 totius
861 4573 966 4649 Lupic.
980 4563 1090 4643 Arist..
1106 4586 1188 4633 tract.
1203 4573 1241 4633 de
1254 4577 1420 4651 interpret,
1441 4596 1506 4649 cap.
1528 4596 1571 4635 ιι.
1592 4576 1644 4635 fin.

555 4665 596 4725 (ι)
632 4660 774 4733 Lossada,
784 4664 927 4733 Dialem..
942 4662 1018 4737 disp.
1034 4686 1066 4738 7.
1081 4684 1144 4735 cap.
1155 4686 1185 4738 7,
1200 4685 1231 4723 n.
1243 4686 1282 4738 34
1295 4665 1453 4725 Csr.Auct.
1464 4665 1574 4739 Opusc.
1584 4666 1646 4735 cit.;

522 4748 652 4811 anoeca
664 4751 718 4811 loc.
733 4752 795 4821 cit„
812 4754 863 4812 lib.
881 4773 907 4824 3,
919 4774 982 4827 cap.
997 4772 1044 4825 rot
1060 4754 1223 4826 Hurtadus.
1233 4754 1390 4827 summan,
1401 4756 1478 4829 disp.
1492 4776 1520 4831 4,
1534 4770 1604 4817 sect
1619 4778 1648 4831 9.
