3492 5525
305 461 421 527 Anno.
438 477 499 544 7³¹⁸
511 457 607 526 duim
622 469 807 522 orvrsroures
821 473 1040 523 rsamuoauu
1124 467 1181 538 159

159 639 257 708 Ratio
271 643 364 726 primi
387 651 453 714 est,
481 641 558 725 quia
577 639 731 724 privativa
754 639 899 704 maxime
922 637 1068 704 imitatur
1090 645 1221 704 contra·

1259 659 1377 715 oppositio:
1386 668 1407 705 et

88 749 292 826 dictionem,
309 768 406 834 aqua
431 765 497 816 non
521 749 644 823 differt,
670 745 729 811 nisi
751 746 830 842 quia
850 754 1009 812 connotat
1032 745 1219 830 subjectum
1243 733 1424 777 mm*

91 855 281 940 proprium.
314 855 521 942 Quapropter
549 853 682 939 privatio
709 854 854 918 medium
884 855 993 919 locum
1022 860 1112 918 tenet
1139 852 1222 917 inter

90 963 357 1042 contrarietatem
371 972 403 1029 et
417 961 722 1046 contradictionem:
738 962 821 1026 hanc
836 969 947 1026 tamen
965 959 1040 1025 ideo
1054 978 1119 1024 non
1135 977 1222 1024 asse·
1267 933 1283 978 ⁴

90 1067 223 1152 quitur,
240 1070 316 1153 quia
329 1090 405 1136 cum
421 1071 555 1155 privatio
570 1067 763 1134 determinet
786 1077 912 1134 certum
934 1068 1136 1151 subjectum,
1163 1085 1223 1151 op·

91 1176 295 1261 positionem
310 1178 415 1262 ipsam
434 1176 596 1261 restringit
606 1177 646 1241 ad
661 1193 766 1260 genus
775 1183 808 1240 et
817 1176 965 1241 ordinem
974 1175 1060 1240 illius
1069 1174 1219 1259 subjecti,

17 1331 19 1338 ,
92 1285 177 1348 dum
205 1304 224 1348 e
248 1303 408 1351 converso
428 1283 638 1350 contradictio
659 1283 898 1368 oppositionem
923 1283 964 1346 ad
977 1287 1222 1366 certunrgenus

93 1391 236 1456 minime
260 1401 417 1468 coarctat,
450 1393 507 1458 sed
536 1390 647 1456 omnia
669 1409 789 1474 genera
811 1390 1028 1466 transcendit,
1051 1398 1222 1472 totamque

90 1499 180 1565 entis
195 1517 233 1564 ac
249 1517 317 1564 non
331 1500 414 1565 entis
428 1499 651 1565 extensionem
667 1507 871 1582 pervagatur.
893 1499 931 1563 Et
955 1498 999 1563 ob
1024 1499 1106 1562 hanc
1126 1484 1223 1561 ratio·

92 1625 194 1683 nem,
212 1617 251 1672 ut
265 1608 367 1672 modo
381 1607 592 1683 notabamus,
609 1606 720 1671 dicunt
736 1606 833 1670 etiam
847 1605 955 1690 Logici
973 1603 1220 1670 contradictoria

90 1713 218 1798 opponi
241 1713 326 1779 sicut
341 1731 400 1779 ens
418 1722 451 1779 et
469 1733 535 1779 non
554 1719 625 1778 ens.
648 1712 702 1777 Sic
716 1713 826 1777 videns
840 1721 872 1776 et
886 1731 951 1776 non
964 1711 1076 1777 videns
1088 1710 1222 1795 opposi-

90 1819 219 1884 tionem
235 1840 303 1905 prae
317 1839 353 1886 se
367 1821 473 1886 ierunt
487 1820 682 1896 maximam,
704 1821 754 1904 cuj
760 1837 799 1884 us
822 1821 1013 1884 alterutrum
1033 1827 1216 1884 extremum

92 1927 279 1993 necessario
305 1927 456 1993 convenit
481 1927 612 1994 cuilibet
633 1927 699 1991 enti
728 1925 976 2009 quomodolibet
1000 1925 1217 2011 excogitabili,

93 2035 251 2100 nimirum
272 2034 340 2100 sive
359 2035 432 2099 reali
456 2035 524 2100 sive
552 2033 752 2100 chimaerico:
774 2052 889 2098 verum
914 2033 1025 2098 videns
1050 2042 1083 2099 et
1106 2051 1221 2098 caecum

91 2151 145 2207 est
183 2142 356 2208 dumtaxat
391 2161 485 2208 casus
514 2141 711 2227 particularis
745 2140 957 2226 praecedentis
985 2139 1217 2224 oppositionis,

91 2249 169 2331 quia
197 2267 262 2313 non
291 2245 402 2314 videns
429 2250 533 2314 multo
560 2249 655 2314 latius
684 2257 770 2332 patet
798 2267 898 2331 quam
925 2265 1058 2324 cacum,
1088 2255 1121 2312 et
1147 2248 1220 2311 ideo

91 2357 205 2421 videns
223 2366 256 2421 et
273 2375 388 2422 cocum
407 2365 483 2422 sunt
502 2363 663 2434 extrema,
680 2375 820 2439 quorum
836 2358 1027 2420 alterutrum
1042 2355 1221 2420 necessario

91 2463 296 2541 verificatur,
327 2482 391 2529 non
417 2465 449 2529 in
475 2463 562 2529 omni
584 2483 618 2528 re
635 2463 846 2548 excogitabili‚
868 2464 925 2528 sed
943 2463 1044 2528 solum
1062 2462 1095 2527 in
1109 2480 1221 2546 genere

94 2571 215 2634 entium
231 2575 375 2652 aprorum
391 2574 435 2636 ad
451 2573 620 2636 vadendum
639 2569 651 2659 (
677 2568 702 2658 ).
1106 2641 1116 2656 .

162 2677 317 2743 Succedit
334 2678 450 2744 deinde
468 2679 625 2744 contraria
644 2677 823 2764 oppositio;
852 2687 940 2763 patet
958 2678 1045 2744 enim
1064 2695 1105 2743 ex
1123 2677 1219 2745 dictis

93 2788 261 2853 relativam
282 2786 457 2853 minimum
476 2787 593 2852 habere
611 2788 652 2851 de
670 2786 935 2853 contradictione.

159 2999 393 3067 Cottottxrtruu
417 3015 492 3083 4¹¹ss
505 3000 586 3067 ilinc
610 3000 700 3067 facile
714 3002 806 3067 vides
820 3000 1036 3069 differentiam
1052 3001 1136 3067 inter
1154 3003 1222 3065 haec

93 3108 206 3173 omnia
220 3110 383 3193 opposita.
400 3108 483 3175 Nam
498 3110 655 3175 contraria
676 3119 708 3175 et
728 3110 860 3174 relativa
880 3108 1044 3194 oppositio
1063 3108 1222 3175 discrimi-

93 3226 190 3281 natur
208 3216 249 3281 ab
264 3216 349 3293 aliis,
366 3217 441 3299 quia
454 3216 601 3283 continet
626 3226 804 3299 utrumque
823 3223 1011 3281 extremum
1028 3216 1220 3299 positivum,

91 3322 162 3388 aliae
176 3342 256 3389 vero
274 3324 348 3390 duae
363 3325 499 3390 alterum
521 3334 706 3392 extremum
727 3324 848 3389 habent
862 3324 1062 3410 positivum,
1083 3324 1231 3410 alterum

93 3431 298 3515 negativum.
313 3430 473 3497 Diilerunt
486 3440 596 3497 autem
608 3430 766 3497 contraria
781 3430 969 3510 arelativis,
987 3431 1092 3515 primo
1113 3429 1223 3513 «quod

92 3540 271 3605 relatorum
301 3550 477 3623 utrumque
506 3540 621 3606 dicitur
650 3558 722 3606 esse
747 3539 897 3617 alterius,
925 3549 957 3605 at
984 3538 1221 3605 contrariorum

91 3657 249 3713 neutrum
269 3645 401 3713 alterius
420 3666 493 3713 esse
518 3647 647 3715 dicitur.
669 3646 800 3713 Falsum
825 3646 948 3731 quippe
966 3657 1016 3712 est
1029 3647 1135 3711 album
1157 3663 1223 3710 esse

89 3754 182 3837 nigri
197 3754 321 3833 album,
337 3756 388 3819 vel
407 3754 532 3839 nr'grum
543 3772 608 3820 esse
620 3754 688 3820 albi
709 3755 855 3839 nigrum:
872 3754 989 3821 dicitur
1008 3753 1222 3821 nihilominus

91 3872 273 3945 utrumque
287 3863 484 3930 contrarium
503 3864 610 3941 alteri,
628 3862 718 3946 quod
736 3862 854 3930 idcirco
870 3870 962 3928 notat
984 3858 1220 3950 (Aristoteles),

91 3970 170 4052 quia
185 3968 309 4053 reliqua
317 3972 384 4036 duo
397 3970 547 4055 opposita
561 3989 628 4037 non
639 3972 792 4037 dicuntur
807 3980 926 4037 mutuo
939 3970 1057 4036 eodem
1072 3970 1219 4051 nomine;

92 4077 185 4143 verbi
200 4096 314 4155 causa,
342 4078 464 4145 milas
481 4079 599 4171 dicitur
610 4078 753 4145 carentia
771 4079 880 4154 *visun
905 4079 1039 4144 etvr'sus
1064 4096 1130 4143 non
1143 4076 1223 4142 dici·

90 4195 143 4251 tur
156 4185 302 4250 carentia
318 4185 482 4264 caecitatis,
503 4186 582 4253 item
596 4202 661 4252 non
679 4186 773 4253 sessio
788 4186 905 4252 dicitur
924 4186 1044 4270 negatio
1061 4183 1220 4262 sessionis,

93 4304 125 4359 et
144 4312 214 4359 non
228 4292 440 4359 econtrario»
457 4291 520 4383 (2).
632 4372 635 4377 Ι

125 4564 168 4630 (ι)
210 4558 244 4619 S.
259 4560 316 4619 Th.
327 4560 384 4634 Op.
395 4560 444 4620 cit.
455 4580 519 4635 cap.
531 4580 570 4633 2.;
581 4562 673 4622 Arist.
682 4562 861 4638 Metaplrys.,
876 4562 926 4621 lib.
940 4582 984 4632 ro,
994 4581 1059 4634 cap.
1071 4578 1100 4635 73
1111 4556 1223 4620 Foose*

92 4674 120 4711 m
135 4652 167 4710 in
179 4649 235 4709 lib.
252 4669 283 4707 ro
295 4646 468 4726 Metaplrys.,
484 4672 509 4711 c.
525 4673 556 4725 7,
574 4670 690 4727 paragr.
701 4652 934 4711 Privatiovero.

126 4746 169 4811 (a)
212 4737 404 4812 Conimbrio„
423 4738 455 4800 iu
469 4735 597 4814 Exposil.
610 4755 680 4803 text.
697 4740 794 4801 Arist.
805 4742 840 4799 de
854 4742 1028 4800 Praedr'cam.
1044 4760 1070 4799 e.
1082 4757 1124 4800 ro

1297 805 1370 849 latin.

1273 3094 1400 3141 Differentia

1262 3167 1318 3212 inter
1337 3168 1409 3212 rarle·

1256 3239 1416 3293 oppositiones.
