3492 5525
578 461 641 543 928
692 462 815 528 Loornn
832 460 1063 539 Maron-lan.
1082 478 1151 541 23¹¹,
1166 462 1251 529 uisa.
1268 480 1314 549 4.·
1329 464 1408 529 Can.
1429 480 1498 529 ψ

540 649 687 733 piantur,
703 650 820 715 saltem
833 657 1004 732 tamquam
1021 647 1185 733 objectum
1205 646 1393 731 primarium
1413 662 1445 717 et
1471 650 1653 733 principale,

539 755 660 839 aliquid
679 756 878 831 universale,
900 764 938 821 ut
956 775 989 823 v.
1010 774 1045 840 g.
1067 755 1286 841 Metaphysica
1302 774 1358 822 ens
1375 761 1414 821 ut
1428 758 1494 835 sic,
1515 758 1655 823 Philoso

539 865 615 947 plna
633 863 789 930 naturalis
804 882 860 929 ens
878 862 1000 939 mobile,
1020 861 1175 929 Matbesis
1200 864 1405 947 quantitatem
1423 873 1488 931 etc.
1515 866 1613 943 Qrod
1630 868 1654 931 si

538 972 691 1054 quaedam
710 970 852 1038 scientiae
865 970 1029 1037 disserunt
1044 970 1084 1035 de
1104 970 1269 1037 nonnullis
1286 972 1493 1057 corporibus,
1515 990 1654 1056 quorum

539 1098 605 1145 non
624 1087 676 1145 est
690 1078 749 1143 nisi
763 1096 867 1145 unum
884 1077 1088 1144 individuum
1109 1076 1141 1143 in
1158 1086 1288 1155 natura,
1310 1098 1342 1169 v.
1359 1099 1392 1164 g,
1407 1079 1449 1144 de
1467 1082 1545 1155 sole,
1565 1082 1653 1153 luna,

538 1190 624 1252 terra
651 1196 714 1253 etc.
745 1204 811 1253 non
841 1185 1017 1269 respiciunt
1045 1186 1199 1251 attributa
1227 1204 1340 1253 eorum
1379 1187 1655 1273 proprietatesque

538 1313 618 1380 pure
636 1292 866 1370 individuales,
884 1292 942 1359 sed
956 1312 994 1357 ea
1012 1294 1184 1359 dumtaxat
1200 1303 1363 1359 sectantur
1378 1294 1569 1378 praedicata,
1585 1314 1655 1378 quae

538 1410 672 1487 possent
697 1400 976 1469 indiscriminatim
995 1399 1169 1466 convenire
1187 1400 1289 1468 cuivis
1313 1403 1404 1468 alteri
1422 1402 1593 1469 individuo
1610 1404 1655 1469 in·

537 1522 585 1576 tra
603 1512 755 1576 eamdem
774 1510 935 1593 speciem,
956 1509 1045 1593 quod
1060 1508 1221 1593 potuisset
1240 1506 1409 1598 existere(
1434 1509 1460 1596 ).

584 1625 634 1685 a!
679 1618 835 1684 Praeterea
854 1615 986 1681 scientia
1005 1628 1053 1683 est
1079 1616 1213 1683 erfectus
1235 1617 1537 1685 demonstrationis.
1559 1619 1655 1702 Atqui

538 1724 648 1801 omnIs
665 1724 903 1791 demonstratio
918 1735 1063 1790 versatur
1081 1724 1162 1789 circa
1180 1724 1345 1810 objectum
1366 1726 1560 1792 universale.
1576 1728 1654 1793 Nam

538 1833 775 1900 demonstratio
789 1831 877 1897 irtex
894 1830 1170 1916 propositionibus
1186 1832 1422 1899 universalibus
1435 1852 1493 1900 seu
1508 1836 1654 1911 dramni,

538 1951 700 2025 utsupra
727 1940 886 2021 vidimus3
915 1948 948 2004 at
979 1940 1217 2023 propositiones
1244 1941 1431 2026 huiusmodi
1458 1942 1540 2008 tales
1567 1956 1654 2017 sunt,

537 2068 676 2134 quarum
696 2048 906 2133 praedicatum
935 2046 1082 2133 subjecto
1101 2048 1273 2116 conveniat
1300 2048 1536 2117 universaliter.
1562 2051 1654 2135 Ergo.

582 2164 633 2226 39
678 2156 772 2222 Adde
802 2156 893 2240 quod
921 2156 947 2221 si
975 2155 1107 2222 scientia
1134 2168 1345 2241 occuparetur
1371 2156 1452 2223 circa
1478 2158 1653 2236 individua,

412 2251 424 2355 ¹.
454 2251 459 2259 ’
539 2281 721 2349 numquam
748 2263 867 2349 objecti
891 2261 941 2329 sui
971 2262 1118 2329 notitiam
1147 2262 1324 2341 obtineret,
1345 2263 1506 2348 siquidem
1535 2264 1655 2331 infinita

536 2381 615 2439 sunt
632 2371 798 2438 individua
817 2369 982 2455 possibilia
1007 2371 1178 2453 cujuslibet
1195 2372 1331 2457 speciei,
1359 2372 1586 2457 infinitamque
1604 2394 1655 2439 ex·

465 2524 477 2549 ι,
536 2478 916 2548 hibentdiiierentiarum
935 2478 1139 2546 varietatem.
1323 2552 1325 2557 ¹

579 2587 634 2672 4.⁰
681 2586 827 2670 Denique
846 2586 1036 2653 differentiae
1061 2586 1276 2655 individuales
1303 2588 1492 2655 essentiales
1521 2608 1653 2676 cognos-

535 2697 564 2764 ci
591 2716 611 2762 a
638 2695 733 2764 nobis
753 2702 928 2780 ‚nequeunt
956 2692 1144 2762 scientifice.
1174 2695 1257 2782 Ergo
1289 2716 1354 2765 non
1385 2706 1464 2766 sunt
1494 2698 1650 2784 objectum

535 2805 690 2873 scientiae.
1103 2783 1115 2807 ‘
1444 2873 1447 2879 Δ

601 2911 759 2979 Anteced.
787 2909 953 2995 probatur.
968 2913 1052 2978 Nam
1074 2911 1263 2978 essentiales
1280 2912 1468 2980 differentiae
1486 2913 1650 3000 cujuslibet

534 3019 691 3087 individui
717 3018 854 3104 propriae
884 3037 949 3084 nnn
979 3028 1117 3102 possunt
1139 3019 1171 3085 in
1193 3019 1304 3105 primis
1323 3021 1477 3106 cognosci
1499 3022 1650 3088 «scientia

534 3127 801 3203 demonstrativa,
821 3127 863 3192 de
881 3144 947 3210 qua
964 3127 1192 3210 disputamus,
1213 3146 1290 3194 cum
1310 3130 1398 3196 nulla
1413 3130 1510 3195 detur
1522 3147 1650 3195 causaa

534 3236 648 3320 priori,
669 3235 713 3301 ob
727 3254 828 3318 quam
844 3233 992 3321 subjecto
1006 3235 1237 3317 conveniant»;
1264 3235 1396 3302 scientia
1419 3235 1552 3320 quidem
1577 3235 1651 3301 dest·

535 3343 635 3411 nitiva
652 3343 821 3410 secunaum
844 3361 878 3409 sa
904 3342 1144 3427 cognoscibiles
1164 3349 1258 3421 sunt,
1285 3343 1423 3409 minime
1450 3357 1529 3410 vero
1555 3345 1650 3430 quoad

533 3471 606 3527 nos,
633 3462 776 3535 «utpote
794 3449 849 3534 qui
869 3449 1066 3515 differentias
1085 3468 1150 3516 non
1170 3451 1417 3535 cognoscimus,
1439 3449 1498 3516 nisi
1518 3469 1559 3516 ex
1577 3451 1650 3515 alie-

532 3557 696 3626 ctionibus
729 3558 781 3630 vel
811 3555 1053 3641 operationibus
1085 3555 1310 3641 sensibilibus;
1342 3559 1429 3623 nulla
1461 3568 1572 3624 autem
1605 3565 1650 3622 est

533 3667 660 3732 allectio
680 3667 731 3731 vel
750 3663 894 3748 operatio
914 3664 945 3728 in
964 3664 1134 3730 individuo
1150 3665 1285 3751 alicuius
1298 3665 1433 3750 speciei,
1450 3684 1525 3750 quae
1543 3681 1651 3731 secun-

533 3774 613 3839 dum
633 3771 782 3838 eamdem
801 3771 943 3855 speciem
964 3790 1029 3837 non
1048 3770 1090 3838 sit
1109 3774 1159 3838 vel
1179 3791 1252 3840 esse
1272 3773 1375 3860 possit
1392 3773 1426 3840 in
1444 3773 1524 3850 alio,
1545 3781 1581 3840 ut
1598 3772 1652 3838 do

533 3889 585 3948 cet
603 3879 817 3966 experientia;
841 3897 942 3962 quare
966 3897 1031 3944 non
1052 3889 1162 3965 potest
1179 3879 1320 3947 indicare
1343 3880 1556 3948 differentiam
1576 3879 1651 3946 indi·

533 3989 724 4056 viduantem
757 3987 939 4062 diversam,
976 3987 1093 4053 saltem
1124 3995 1214 4054 tanta
1243 3987 1424 4066 evidentia,
1464 3997 1586 4075 quanta
1613 3986 1649 4051 ad

532 4097 702 4164 scientiam
726 4095 924 4180 flagitatur.»
946 4093 1027 4161 Hinc
1046 4096 1148 4180 vulgo
1168 4096 1314 4163 manavit
1331 4097 1411 4164 illud
1430 4095 1647 4182 proloquium:

531 4203 752 4289 Singularium
769 4220 833 4268 non
850 4205 898 4268 cst
913 4201 1057 4273 scientia.

600 4309 768 4389 «Quodsi
797 4308 885 4376 Deus
903 4307 996 4374 alicui
1014 4301 1273 4376 communicaret
1298 4311 1486 4381 evidentem
1507 4308 1648 4376 notitiam

532 4417 765 4506 singularitatis
790 4415 925 4502 alicujus
952 4416 1126 4494 individui,
1160 4417 1294 4484 baberet
1321 4420 1455 4502 quidem
1493 4415 1649 4504 propriam

533 4527 619 4594 illius
646 4523 815 4593 scientiam
843 4523 1065 4602 delinitivam,
1095 4544 1265 4611 nunquam
1291 4536 1402 4593 tamen
1426 4525 1650 4594 demonstrati·

533 4701 812 4718 ..μ-

569 4765 610 4829 (ι)
646 4757 709 4819 cte.
724 4755 880 4829 vazquez,
895 4754 928 4816 in
944 4765 1000 4816 ι.··
1012 4768 1088 4830 part.
1103 4754 1180 4829 disp.
1193 4775 1223 4830 4,
1238 4777 1303 4831 cap,
1317 4781 1345 4834 7,
1361 4779 1391 4820 n.
1408 4781 1451 4836 ¹7·
