<?xml version="1.0" encoding="UTF-8"?>
<!DOCTYPE html PUBLIC "-//W3C//DTD XHTML 1.0 Transitional//EN"
    "http://www.w3.org/TR/xhtml1/DTD/xhtml1-transitional.dtd">
<html xmlns="http://www.w3.org/1999/xhtml" xml:lang="en" lang="en">
 <head>
  <title>
</title>
<meta http-equiv="Content-Type" content="text/html;charset=utf-8" />
  <meta name='ocr-system' content='tesseract 3.04.00' />
  <meta name='ocr-capabilities' content='ocr_page ocr_carea ocr_par ocr_line ocrx_word'/>
</head>
<body>
  <div class='ocr_page' id='page_1' title='image "./institutionesph00urrgoog/institutionesph00urrgoog_0234.png"; bbox 0 0 3492 5525; ppageno 0'>
   <div class='ocr_carea' id='block_1_1' title="bbox 566 443 1426 540">
    <p class='ocr_par' dir='ltr' id='par_1_1' title="bbox 566 443 1426 540">
     <span class='ocr_line' id='line_1_1' title="bbox 566 443 1426 540; baseline 0.003 -23"><span class='ocrx_word' id='word_1_1' title='bbox 566 465 628 518; x_wconf 73' lang='lat' dir='ltr'>aro</span> <span class='ocrx_word' id='word_1_2' title='bbox 756 443 884 521; x_wconf 72' lang='lat' dir='ltr'>[ocrea</span> <span class='ocrx_word' id='word_1_3' title='bbox 904 447 1161 521; x_wconf 74' lang='lat' dir='ltr'>Minoa-Drsr.</span> <span class='ocrx_word' id='word_1_4' title='bbox 1188 465 1230 519; x_wconf 73' lang='lat' dir='ltr'>n·</span> <span class='ocrx_word' id='word_1_5' title='bbox 1251 448 1330 520; x_wconf 73' lang='lat' dir='ltr'>Can.</span> <span class='ocrx_word' id='word_1_6' title='bbox 1357 467 1426 540; x_wconf 54' lang='grc' dir='ltr'>μω</span> 
     </span>
    </p>
   </div>
   <div class='ocr_carea' id='block_1_2' title="bbox 398 634 1729 2771">
    <p class='ocr_par' dir='ltr' id='par_1_2' title="bbox 398 634 1729 2771">
     <span class='ocr_line' id='line_1_2' title="bbox 526 634 1648 725; baseline 0 -23"><span class='ocrx_word' id='word_1_7' title='bbox 526 637 652 720; x_wconf 84' lang='lat' dir='ltr'>species</span> <span class='ocrx_word' id='word_1_8' title='bbox 674 638 745 723; x_wconf 84' lang='lat' dir='ltr'>ejus</span> <span class='ocrx_word' id='word_1_9' title='bbox 769 656 807 703; x_wconf 88' lang='lat' dir='ltr'>ac</span> <span class='ocrx_word' id='word_1_10' title='bbox 836 639 996 706; x_wconf 89' lang='lat' dir='ltr'>remotius</span> <span class='ocrx_word' id='word_1_11' title='bbox 1019 639 1196 705; x_wconf 88' lang='lat' dir='ltr'>individua.</span> <span class='ocrx_word' id='word_1_12' title='bbox 1224 634 1456 725; x_wconf 81' lang='lat' dir='ltr'>Quamobrem</span> <span class='ocrx_word' id='word_1_13' title='bbox 1474 636 1648 707; x_wconf 78' lang='lat' dir='ltr'>definitum</span> 
     </span>
     <span class='ocr_line' id='line_1_3' title="bbox 527 744 1649 829; baseline 0.002 -21"><span class='ocrx_word' id='word_1_14' title='bbox 527 753 692 811; x_wconf 86' lang='lat' dir='ltr'>remotum</span> <span class='ocrx_word' id='word_1_15' title='bbox 720 746 833 828; x_wconf 76' lang='lat' dir='ltr'>nequit</span> <span class='ocrx_word' id='word_1_16' title='bbox 857 747 1005 813; x_wconf 89' lang='lat' dir='ltr'>converti</span> <span class='ocrx_word' id='word_1_17' title='bbox 1023 763 1099 812; x_wconf 92' lang='lat' dir='ltr'>cum</span> <span class='ocrx_word' id='word_1_18' title='bbox 1126 745 1335 822; x_wconf 86' lang='lat' dir='ltr'>definitione,</span> <span class='ocrx_word' id='word_1_19' title='bbox 1361 756 1460 829; x_wconf 84' lang='lat' dir='ltr'>atque</span> <span class='ocrx_word' id='word_1_20' title='bbox 1484 744 1564 811; x_wconf 88' lang='lat' dir='ltr'>adeo</span> <span class='ocrx_word' id='word_1_21' title='bbox 1584 762 1649 811; x_wconf 95' lang='lat' dir='ltr'>non</span> 
     </span>
     <span class='ocr_line' id='line_1_4' title="bbox 527 851 1650 940; baseline 0 -25"><span class='ocrx_word' id='word_1_22' title='bbox 527 860 577 916; x_wconf 89' lang='lat' dir='ltr'>est</span> <span class='ocrx_word' id='word_1_23' title='bbox 613 853 845 940; x_wconf 89' lang='lat' dir='ltr'>appellandum</span> <span class='ocrx_word' id='word_1_24' title='bbox 864 853 1053 939; x_wconf 89' lang='lat' dir='ltr'>simpliciter</span> <span class='ocrx_word' id='word_1_25' title='bbox 1071 852 1263 930; x_wconf 87' lang='lat' dir='ltr'>delinitum,</span> <span class='ocrx_word' id='word_1_26' title='bbox 1288 852 1347 921; x_wconf 88' lang='lat' dir='ltr'>sed</span> <span class='ocrx_word' id='word_1_27' title='bbox 1365 853 1500 919; x_wconf 90' lang='lat' dir='ltr'>nomine</span> <span class='ocrx_word' id='word_1_28' title='bbox 1527 851 1650 918; x_wconf 78' lang='lat' dir='ltr'>definiti</span> 
     </span>
     <span class='ocr_line' id='line_1_5' title="bbox 527 957 1652 1046; baseline 0.002 -23"><span class='ocrx_word' id='word_1_29' title='bbox 527 960 615 1024; x_wconf 87' lang='lat' dir='ltr'>venit</span> <span class='ocrx_word' id='word_1_30' title='bbox 639 957 830 1044; x_wconf 88' lang='lat' dir='ltr'>simpliciter</span> <span class='ocrx_word' id='word_1_31' title='bbox 854 961 1025 1028; x_wconf 89' lang='lat' dir='ltr'>delinitum</span> <span class='ocrx_word' id='word_1_32' title='bbox 1051 961 1287 1046; x_wconf 83' lang='lat' dir='ltr'>propinquum.</span> <span class='ocrx_word' id='word_1_33' title='bbox 1315 961 1358 1026; x_wconf 85' lang='lat' dir='ltr'>At</span> <span class='ocrx_word' id='word_1_34' title='bbox 1381 961 1555 1046; x_wconf 80' lang='lat' dir='ltr'>qualenam</span> <span class='ocrx_word' id='word_1_35' title='bbox 1580 979 1652 1026; x_wconf 79' lang='lat' dir='ltr'>esse</span> 
     </span>
     <span class='ocr_line' id='line_1_6' title="bbox 526 1065 1191 1145; baseline 0.009 -15"><span class='ocrx_word' id='word_1_36' title='bbox 526 1065 624 1134; x_wconf 91' lang='lat' dir='ltr'>debet</span> <span class='ocrx_word' id='word_1_37' title='bbox 639 1066 831 1145; x_wconf 81' lang='lat' dir='ltr'>definitum,</span> <span class='ocrx_word' id='word_1_38' title='bbox 847 1083 906 1135; x_wconf 89' lang='lat' dir='ltr'>seu</span> <span class='ocrx_word' id='word_1_39' title='bbox 926 1088 977 1136; x_wconf 92' lang='lat' dir='ltr'>res</span> <span class='ocrx_word' id='word_1_40' title='bbox 995 1069 1191 1136; x_wconf 85' lang='lat' dir='ltr'>definienda.</span> 
     </span>
     <span class='ocr_line' id='line_1_7' title="bbox 577 1173 1652 1261; baseline 0.001 -22"><span class='ocrx_word' id='word_1_41' title='bbox 577 1173 625 1239; x_wconf 86' lang='lat' dir='ltr'>t.⁰</span> <span class='ocrx_word' id='word_1_42' title='bbox 672 1175 849 1242; x_wconf 79' lang='lat' dir='ltr'>Definitum</span> <span class='ocrx_word' id='word_1_43' title='bbox 869 1176 968 1244; x_wconf 90' lang='lat' dir='ltr'>debet</span> <span class='ocrx_word' id='word_1_44' title='bbox 992 1195 1063 1243; x_wconf 90' lang='lat' dir='ltr'>esse</span> <span class='ocrx_word' id='word_1_45' title='bbox 1081 1195 1198 1257; x_wconf 85' lang='lat' dir='ltr'>unum;</span> <span class='ocrx_word' id='word_1_46' title='bbox 1218 1176 1244 1242; x_wconf 91' lang='lat' dir='ltr'>si</span> <span class='ocrx_word' id='word_1_47' title='bbox 1265 1179 1353 1243; x_wconf 91' lang='lat' dir='ltr'>enim</span> <span class='ocrx_word' id='word_1_48' title='bbox 1374 1179 1465 1261; x_wconf 91' lang='lat' dir='ltr'>plura</span> <span class='ocrx_word' id='word_1_49' title='bbox 1492 1185 1569 1242; x_wconf 90' lang='lat' dir='ltr'>sunt</span> <span class='ocrx_word' id='word_1_50' title='bbox 1594 1177 1652 1241; x_wconf 88' lang='lat' dir='ltr'>de-</span> 
     </span>
     <span class='ocr_line' id='line_1_8' title="bbox 398 1279 1650 1370; baseline 0.002 -25"><span class='ocrx_word' id='word_1_51' title='bbox 398 1279 476 1324; x_wconf 60' lang='lat' dir='ltr'>rium·</span> <span class='ocrx_word' id='word_1_52' title='bbox 527 1280 684 1358; x_wconf 90' lang='lat' dir='ltr'>linienda,</span> <span class='ocrx_word' id='word_1_53' title='bbox 702 1301 761 1349; x_wconf 93' lang='lat' dir='ltr'>sua</span> <span class='ocrx_word' id='word_1_54' title='bbox 776 1284 934 1368; x_wconf 89' lang='lat' dir='ltr'>quodque</span> <span class='ocrx_word' id='word_1_55' title='bbox 946 1283 1074 1351; x_wconf 87' lang='lat' dir='ltr'>diversa</span> <span class='ocrx_word' id='word_1_56' title='bbox 1089 1295 1163 1370; x_wconf 87' lang='lat' dir='ltr'>eget</span> <span class='ocrx_word' id='word_1_57' title='bbox 1189 1284 1397 1361; x_wconf 89' lang='lat' dir='ltr'>delinitione,</span> <span class='ocrx_word' id='word_1_58' title='bbox 1423 1284 1507 1351; x_wconf 90' lang='lat' dir='ltr'>sicut</span> <span class='ocrx_word' id='word_1_59' title='bbox 1523 1285 1650 1369; x_wconf 82' lang='lat' dir='ltr'>propria</span> 
     </span>
     <span class='ocr_line' id='line_1_9' title="bbox 526 1391 1651 1496; baseline 0.001 -43"><span class='ocrx_word' id='word_1_60' title='bbox 526 1407 659 1472; x_wconf 87' lang='lat' dir='ltr'>quoque</span> <span class='ocrx_word' id='word_1_61' title='bbox 675 1392 821 1475; x_wconf 88' lang='lat' dir='ltr'>gaudent</span> <span class='ocrx_word' id='word_1_62' title='bbox 838 1403 965 1460; x_wconf 87' lang='lat' dir='ltr'>natura.</span> <span class='ocrx_word' id='word_1_63' title='bbox 984 1391 1086 1457; x_wconf 81' lang='lat' dir='ltr'><strong>Debet</strong></span> <span class='ocrx_word' id='word_1_64' title='bbox 1105 1410 1201 1496; x_wconf 69' lang='lat' dir='ltr'>porrq</span> <span class='ocrx_word' id='word_1_65' title='bbox 1216 1411 1288 1458; x_wconf 90' lang='lat' dir='ltr'>esse</span> <span class='ocrx_word' id='word_1_66' title='bbox 1303 1411 1369 1457; x_wconf 93' lang='lat' dir='ltr'>non</span> <span class='ocrx_word' id='word_1_67' title='bbox 1388 1393 1651 1475; x_wconf 87' lang='lat' dir='ltr'>quomodocum-</span> 
     </span>
     <span class='ocr_line' id='line_1_10' title="bbox 525 1497 1653 1586; baseline 0.001 -25"><span class='ocrx_word' id='word_1_68' title='bbox 525 1514 591 1579; x_wconf 85' lang='lat' dir='ltr'>que</span> <span class='ocrx_word' id='word_1_69' title='bbox 610 1514 731 1572; x_wconf 92' lang='lat' dir='ltr'>unum,</span> <span class='ocrx_word' id='word_1_70' title='bbox 751 1499 929 1566; x_wconf 86' lang='lat' dir='ltr'>sedunum</span> <span class='ocrx_word' id='word_1_71' title='bbox 947 1507 1007 1582; x_wconf 82' lang='lat' dir='ltr'>per</span> <span class='ocrx_word' id='word_1_72' title='bbox 1027 1518 1059 1564; x_wconf 84' lang='lat' dir='ltr'>sc</span> <span class='ocrx_word' id='word_1_73' title='bbox 1082 1497 1146 1586; x_wconf 87' lang='lat'>(1):</span> <span class='ocrx_word' id='word_1_74' title='bbox 1173 1519 1272 1584; x_wconf 90' lang='lat' dir='ltr'>quare</span> <span class='ocrx_word' id='word_1_75' title='bbox 1291 1510 1482 1565; x_wconf 85' lang='lat' dir='ltr'>concretum</span> <span class='ocrx_word' id='word_1_76' title='bbox 1509 1517 1549 1564; x_wconf 85' lang='lat' dir='ltr'>ex</span> <span class='ocrx_word' id='word_1_77' title='bbox 1573 1497 1653 1563; x_wconf 90' lang='lat' dir='ltr'>sub-</span> 
     </span>
     <span class='ocr_line' id='line_1_11' title="bbox 525 1603 1652 1692; baseline -0.001 -23"><span class='ocrx_word' id='word_1_78' title='bbox 525 1603 643 1670; x_wconf 89' lang='lat' dir='ltr'>stantia</span> <span class='ocrx_word' id='word_1_79' title='bbox 662 1616 694 1672; x_wconf 93' lang='lat' dir='ltr'>et</span> <span class='ocrx_word' id='word_1_80' title='bbox 722 1607 905 1683; x_wconf 88' lang='lat' dir='ltr'>accidente,</span> <span class='ocrx_word' id='word_1_81' title='bbox 936 1627 968 1672; x_wconf 91' lang='lat' dir='ltr'>v.</span> <span class='ocrx_word' id='word_1_82' title='bbox 997 1625 1031 1692; x_wconf 87' lang='lat' dir='ltr'>g.</span> <span class='ocrx_word' id='word_1_83' title='bbox 1060 1608 1148 1672; x_wconf 84' lang='lat' dir='ltr'>bomo</span> <span class='ocrx_word' id='word_1_84' title='bbox 1165 1609 1274 1684; x_wconf 86' lang='lat' dir='ltr'>albus,</span> <span class='ocrx_word' id='word_1_85' title='bbox 1302 1625 1378 1672; x_wconf 91' lang='lat' dir='ltr'>cum</span> <span class='ocrx_word' id='word_1_86' title='bbox 1398 1607 1440 1673; x_wconf 94' lang='lat' dir='ltr'>sit</span> <span class='ocrx_word' id='word_1_87' title='bbox 1460 1624 1564 1672; x_wconf 93' lang='lat' dir='ltr'>unum</span> <span class='ocrx_word' id='word_1_88' title='bbox 1595 1624 1652 1689; x_wconf 89' lang='lat' dir='ltr'>per</span> 
     </span>
     <span class='ocr_line' id='line_1_12' title="bbox 525 1707 1651 1804; baseline 0 -29"><span class='ocrx_word' id='word_1_89' title='bbox 525 1707 689 1789; x_wconf 90' lang='lat' dir='ltr'>accidens,</span> <span class='ocrx_word' id='word_1_90' title='bbox 712 1713 825 1797; x_wconf 90' lang='lat' dir='ltr'>nequit</span> <span class='ocrx_word' id='word_1_91' title='bbox 853 1715 948 1780; x_wconf 89' lang='lat' dir='ltr'>unica</span> <span class='ocrx_word' id='word_1_92' title='bbox 967 1714 1156 1780; x_wconf 83' lang='lat' dir='ltr'>delinitione</span> <span class='ocrx_word' id='word_1_93' title='bbox 1175 1713 1324 1780; x_wconf 90' lang='lat' dir='ltr'>declarari</span> <span class='ocrx_word' id='word_1_94' title='bbox 1344 1715 1453 1797; x_wconf 91' lang='lat' dir='ltr'>quoad</span> <span class='ocrx_word' id='word_1_95' title='bbox 1476 1721 1651 1804; x_wconf 81' lang='lat' dir='ltr'>utramque</span> 
     </span>
     <span class='ocr_line' id='line_1_13' title="bbox 525 1820 1648 1907; baseline 0 -24"><span class='ocrx_word' id='word_1_96' title='bbox 525 1828 669 1904; x_wconf 88' lang='lat' dir='ltr'>partem,</span> <span class='ocrx_word' id='word_1_97' title='bbox 691 1820 750 1886; x_wconf 92' lang='lat' dir='ltr'>sed</span> <span class='ocrx_word' id='word_1_98' title='bbox 778 1821 897 1905; x_wconf 84' lang='lat' dir='ltr'>duplici</span> <span class='ocrx_word' id='word_1_99' title='bbox 924 1830 1013 1906; x_wconf 86' lang='lat' dir='ltr'>eget,</span> <span class='ocrx_word' id='word_1_100' title='bbox 1044 1839 1110 1904; x_wconf 89' lang='lat' dir='ltr'>qua</span> <span class='ocrx_word' id='word_1_101' title='bbox 1136 1821 1276 1907; x_wconf 83' lang='lat' dir='ltr'>singulae</span> <span class='ocrx_word' id='word_1_102' title='bbox 1301 1833 1409 1906; x_wconf 86' lang='lat' dir='ltr'>partes</span> <span class='ocrx_word' id='word_1_103' title='bbox 1434 1820 1648 1905; x_wconf 83' lang='lat' dir='ltr'>explicentur3</span> 
     </span>
     <span class='ocr_line' id='line_1_14' title="bbox 524 1927 1650 2018; baseline -0.001 -27"><span class='ocrx_word' id='word_1_104' title='bbox 524 1944 726 2018; x_wconf 80' lang='lat' dir='ltr'>quamquam</span> <span class='ocrx_word' id='word_1_105' title='bbox 747 1928 824 1994; x_wconf 85' lang='lat' dir='ltr'>nihil</span> <span class='ocrx_word' id='word_1_106' title='bbox 844 1938 932 1995; x_wconf 89' lang='lat' dir='ltr'>vetat</span> <span class='ocrx_word' id='word_1_107' title='bbox 952 1939 1126 2012; x_wconf 88' lang='lat' dir='ltr'>utramque</span> <span class='ocrx_word' id='word_1_108' title='bbox 1144 1927 1370 1994; x_wconf 83' lang='lat' dir='ltr'>definitionem</span> <span class='ocrx_word' id='word_1_109' title='bbox 1390 1928 1565 2014; x_wconf 87' lang='lat' dir='ltr'>ejusmodi,</span> <span class='ocrx_word' id='word_1_110' title='bbox 1583 1943 1650 1991; x_wconf 93' lang='lat' dir='ltr'>uno</span> 
     </span>
     <span class='ocr_line' id='line_1_15' title="bbox 524 2033 1650 2120; baseline 0 -22"><span class='ocrx_word' id='word_1_111' title='bbox 524 2043 681 2100; x_wconf 88' lang='lat' dir='ltr'>contextu</span> <span class='ocrx_word' id='word_1_112' title='bbox 708 2035 864 2101; x_wconf 87' lang='lat' dir='ltr'>orationis</span> <span class='ocrx_word' id='word_1_113' title='bbox 889 2038 1087 2120; x_wconf 90' lang='lat' dir='ltr'>exprimere;</span> <span class='ocrx_word' id='word_1_114' title='bbox 1117 2045 1153 2102; x_wconf 91' lang='lat' dir='ltr'>ut</span> <span class='ocrx_word' id='word_1_115' title='bbox 1180 2038 1207 2102; x_wconf 90' lang='lat' dir='ltr'>si</span> <span class='ocrx_word' id='word_1_116' title='bbox 1235 2037 1388 2102; x_wconf 85' lang='lat' dir='ltr'>bominem</span> <span class='ocrx_word' id='word_1_117' title='bbox 1413 2037 1536 2101; x_wconf 78' lang='lat' dir='ltr'>doctum</span> <span class='ocrx_word' id='word_1_118' title='bbox 1561 2033 1650 2099; x_wconf 88' lang='lat' dir='ltr'>dicas</span> 
     </span>
     <span class='ocr_line' id='line_1_16' title="bbox 525 2141 1532 2229; baseline 0 -23"><span class='ocrx_word' id='word_1_119' title='bbox 525 2159 597 2208; x_wconf 86' lang='lat' dir='ltr'>esse</span> <span class='ocrx_word' id='word_1_120' title='bbox 612 2141 730 2207; x_wconf 89' lang='lat' dir='ltr'>animal</span> <span class='ocrx_word' id='word_1_121' title='bbox 747 2143 902 2208; x_wconf 81' lang='lat' dir='ltr'>rationale</span> <span class='ocrx_word' id='word_1_122' title='bbox 915 2143 1123 2210; x_wconf 80' lang='lat' dir='ltr'>scientiarum</span> <span class='ocrx_word' id='word_1_123' title='bbox 1140 2143 1327 2229; x_wconf 83' lang='lat' dir='ltr'>cognitione</span> <span class='ocrx_word' id='word_1_124' title='bbox 1347 2142 1532 2228; x_wconf 86' lang='lat' dir='ltr'>praeditum.</span> 
     </span>
     <span class='ocr_line' id='line_1_17' title="bbox 571 2249 1650 2335; baseline 0.001 -23"><span class='ocrx_word' id='word_1_125' title='bbox 571 2256 622 2312; x_wconf 82' lang='lat'>2.⁰</span> <span class='ocrx_word' id='word_1_126' title='bbox 665 2249 740 2315; x_wconf 90' lang='lat' dir='ltr'>Non</span> <span class='ocrx_word' id='word_1_127' title='bbox 761 2251 860 2317; x_wconf 91' lang='lat' dir='ltr'>modo</span> <span class='ocrx_word' id='word_1_128' title='bbox 880 2268 1003 2324; x_wconf 94' lang='lat' dir='ltr'>unum,</span> <span class='ocrx_word' id='word_1_129' title='bbox 1023 2251 1081 2316; x_wconf 91' lang='lat' dir='ltr'>sed</span> <span class='ocrx_word' id='word_1_130' title='bbox 1100 2250 1198 2316; x_wconf 86' lang='lat' dir='ltr'>debet</span> <span class='ocrx_word' id='word_1_131' title='bbox 1214 2260 1369 2335; x_wconf 86' lang='lat' dir='ltr'>praeterea</span> <span class='ocrx_word' id='word_1_132' title='bbox 1387 2249 1560 2316; x_wconf 86' lang='lat' dir='ltr'>delinitum</span> <span class='ocrx_word' id='word_1_133' title='bbox 1577 2267 1650 2314; x_wconf 86' lang='lat' dir='ltr'>esse</span> 
     </span>
     <span class='ocr_line' id='line_1_18' title="bbox 525 2355 1648 2444; baseline -0.002 -22"><span class='ocrx_word' id='word_1_134' title='bbox 525 2355 718 2442; x_wconf 78' lang='lat' dir='ltr'>universale,</span> <span class='ocrx_word' id='word_1_135' title='bbox 737 2370 770 2426; x_wconf 92' lang='lat' dir='ltr'>et</span> <span class='ocrx_word' id='word_1_136' title='bbox 785 2377 851 2423; x_wconf 94' lang='lat' dir='ltr'>non</span> <span class='ocrx_word' id='word_1_137' title='bbox 865 2359 1048 2444; x_wconf 89' lang='lat' dir='ltr'>singulare,</span> <span class='ocrx_word' id='word_1_138' title='bbox 1066 2359 1348 2442; x_wconf 83' lang='lat' dir='ltr'>quemadmodum</span> <span class='ocrx_word' id='word_1_139' title='bbox 1367 2359 1557 2442; x_wconf 75' lang='lat' dir='ltr'>praecipiunt</span> <span class='ocrx_word' id='word_1_140' title='bbox 1571 2375 1648 2422; x_wconf 93' lang='lat' dir='ltr'>cum</span> 
     </span>
     <span class='ocr_line' id='line_1_19' title="bbox 526 2461 1648 2553; baseline 0.001 -26"><span class='ocrx_word' id='word_1_141' title='bbox 526 2463 721 2549; x_wconf 87' lang='lat' dir='ltr'>Philosopho</span> <span class='ocrx_word' id='word_1_142' title='bbox 740 2461 792 2553; x_wconf 83' lang='lat'>(2)</span> <span class='ocrx_word' id='word_1_143' title='bbox 807 2466 1070 2548; x_wconf 78' lang='lat' dir='ltr'>frequentissime</span> <span class='ocrx_word' id='word_1_144' title='bbox 1090 2467 1210 2550; x_wconf 81' lang='lat' dir='ltr'>logici.</span> <span class='ocrx_word' id='word_1_145' title='bbox 1234 2465 1302 2530; x_wconf 84' lang='lat' dir='ltr'>lloc</span> <span class='ocrx_word' id='word_1_146' title='bbox 1321 2476 1431 2532; x_wconf 90' lang='lat' dir='ltr'>autem</span> <span class='ocrx_word' id='word_1_147' title='bbox 1448 2473 1648 2550; x_wconf 80' lang='lat' dir='ltr'>praeceptum</span> 
     </span>
     <span class='ocr_line' id='line_1_20' title="bbox 525 2571 1650 2658; baseline 0.001 -21"><span class='ocrx_word' id='word_1_148' title='bbox 525 2571 726 2658; x_wconf 85' lang='lat' dir='ltr'>intelligitur,</span> <span class='ocrx_word' id='word_1_149' title='bbox 742 2574 783 2638; x_wconf 89' lang='lat' dir='ltr'>de</span> <span class='ocrx_word' id='word_1_150' title='bbox 810 2573 1054 2642; x_wconf 80' lang='lat' dir='ltr'>definitionibus</span> <span class='ocrx_word' id='word_1_151' title='bbox 1081 2573 1307 2642; x_wconf 84' lang='lat' dir='ltr'>essentialibus</span> <span class='ocrx_word' id='word_1_152' title='bbox 1331 2594 1366 2641; x_wconf 92' lang='lat' dir='ltr'>ac</span> <span class='ocrx_word' id='word_1_153' title='bbox 1388 2573 1583 2641; x_wconf 80' lang='lat' dir='ltr'>scientificis.</span> <span class='ocrx_word' id='word_1_154' title='bbox 1612 2573 1650 2638; x_wconf 86' lang='lat' dir='ltr'>Et</span> 
     </span>
     <span class='ocr_line' id='line_1_21' title="bbox 500 2639 1729 2771; baseline -0.003 -27"><span class='ocrx_word' id='word_1_155' title='bbox 500 2662 503 2668; x_wconf 39' lang='lat'>¹</span> <span class='ocrx_word' id='word_1_156' title='bbox 526 2681 606 2745; x_wconf 91' lang='lat' dir='ltr'>ratio</span> <span class='ocrx_word' id='word_1_157' title='bbox 626 2681 719 2764; x_wconf 93' lang='lat' dir='ltr'>plana</span> <span class='ocrx_word' id='word_1_158' title='bbox 738 2691 799 2758; x_wconf 92' lang='lat' dir='ltr'>est,</span> <span class='ocrx_word' id='word_1_159' title='bbox 822 2682 899 2766; x_wconf 91' lang='lat' dir='ltr'>quia</span> <span class='ocrx_word' id='word_1_160' title='bbox 928 2700 987 2748; x_wconf 90' lang='lat' dir='ltr'>nec</span> <span class='ocrx_word' id='word_1_161' title='bbox 1012 2682 1156 2771; x_wconf 76' lang='lat' dir='ltr'>scientiae</span> <span class='ocrx_word' id='word_1_162' title='bbox 1185 2682 1397 2771; x_wconf 87' lang='lat' dir='ltr'>contemplari</span> <span class='ocrx_word' id='word_1_163' title='bbox 1426 2689 1566 2767; x_wconf 86' lang='lat' dir='ltr'>possunt</span> <span class='ocrx_word' id='word_1_164' title='bbox 1593 2699 1651 2765; x_wconf 88' lang='lat' dir='ltr'>per</span> <span class='ocrx_word' id='word_1_165' title='bbox 1678 2639 1729 2740; x_wconf 52' lang='grc' dir='ltr'><em>Μ</em></span> 
     </span>
    </p>
   </div>
   <div class='ocr_carea' id='block_1_3' title="bbox 436 2894 1647 2981">
    <p class='ocr_par' dir='ltr' id='par_1_3' title="bbox 436 2894 1647 2981">
     <span class='ocr_line' id='line_1_22' title="bbox 436 2894 1647 2981; baseline 0 -20"><span class='ocrx_word' id='word_1_166' title='bbox 436 2894 454 2961; x_wconf 82' lang='lat' dir='ltr'>‘l</span> <span class='ocrx_word' id='word_1_167' title='bbox 525 2894 641 2961; x_wconf 90' lang='lat' dir='ltr'>larium</span> <span class='ocrx_word' id='word_1_168' title='bbox 664 2896 864 2963; x_wconf 80' lang='lat' dir='ltr'>differentias</span> <span class='ocrx_word' id='word_1_169' title='bbox 890 2907 1057 2981; x_wconf 88' lang='lat' dir='ltr'>penetrare</span> <span class='ocrx_word' id='word_1_170' title='bbox 1077 2899 1171 2965; x_wconf 90' lang='lat' dir='ltr'>nobis</span> <span class='ocrx_word' id='word_1_171' title='bbox 1194 2898 1268 2965; x_wconf 90' lang='lat' dir='ltr'>licet</span> <span class='ocrx_word' id='word_1_172' title='bbox 1295 2900 1477 2965; x_wconf 90' lang='lat' dir='ltr'>secundum</span> <span class='ocrx_word' id='word_1_173' title='bbox 1496 2894 1647 2963; x_wconf 90' lang='lat' dir='ltr'>intimam</span> 
     </span>
    </p>
   </div>
   <div class='ocr_carea' id='block_1_4' title="bbox 442 2977 452 2995">
    <p class='ocr_par' dir='ltr' id='par_1_4' title="bbox 442 2977 452 2995">
     <span class='ocr_line' id='line_1_23' title="bbox 442 2977 452 2995; baseline 0 0"><span class='ocrx_word' id='word_1_174' title='bbox 442 2977 452 2995; x_wconf 66' lang='grc' dir='ltr'>ἱ</span> 
     </span>
    </p>
   </div>
   <div class='ocr_carea' id='block_1_5' title="bbox 495 2788 1651 3054">
    <p class='ocr_par' dir='ltr' id='par_1_5' title="bbox 495 2788 1651 3054">
     <span class='ocr_line' id='line_1_24' title="bbox 495 2788 1651 3054; baseline 0.002 -203"><span class='ocrx_word' id='word_1_175' title='bbox 495 2814 505 3054; x_wconf 57' lang='grc' dir='ltr'><strong><em>Ι</em></strong></span> <span class='ocrx_word' id='word_1_176' title='bbox 525 2805 562 2852; x_wconf 91' lang='lat' dir='ltr'>se</span> <span class='ocrx_word' id='word_1_177' title='bbox 579 2788 770 2872; x_wconf 82' lang='lat' dir='ltr'>singularia,</span> <span class='ocrx_word' id='word_1_178' title='bbox 791 2808 865 2873; x_wconf 85' lang='lat' dir='ltr'>quae</span> <span class='ocrx_word' id='word_1_179' title='bbox 885 2792 1010 2857; x_wconf 88' lang='lat' dir='ltr'>variant</span> <span class='ocrx_word' id='word_1_180' title='bbox 1029 2792 1061 2856; x_wconf 92' lang='lat' dir='ltr'>in</span> <span class='ocrx_word' id='word_1_181' title='bbox 1081 2790 1347 2873; x_wconf 82' lang='lat' dir='ltr'>inlinitum3·nec</span> <span class='ocrx_word' id='word_1_182' title='bbox 1366 2790 1512 2876; x_wconf 91' lang='lat' dir='ltr'>proprias</span> <span class='ocrx_word' id='word_1_183' title='bbox 1536 2789 1651 2874; x_wconf 85' lang='lat' dir='ltr'>singu-</span> 
     </span>
    </p>
   </div>
   <div class='ocr_carea' id='block_1_6' title="bbox 340 3002 1725 4488">
    <p class='ocr_par' dir='ltr' id='par_1_6' title="bbox 340 3002 1725 4488">
     <span class='ocr_line' id='line_1_25' title="bbox 495 3002 1649 3092; baseline 0.002 -25"><span class='ocrx_word' id='word_1_184' title='bbox 495 3060 499 3090; x_wconf 71' lang='grc'>,</span> <span class='ocrx_word' id='word_1_185' title='bbox 525 3002 718 3078; x_wconf 87' lang='lat' dir='ltr'>essentiam,</span> <span class='ocrx_word' id='word_1_186' title='bbox 748 3004 806 3070; x_wconf 88' lang='lat' dir='ltr'>sed</span> <span class='ocrx_word' id='word_1_187' title='bbox 838 3005 946 3070; x_wconf 94' lang='lat' dir='ltr'>solum</span> <span class='ocrx_word' id='word_1_188' title='bbox 980 3004 1161 3089; x_wconf 85' lang='lat' dir='ltr'>aliqualiter</span> <span class='ocrx_word' id='word_1_189' title='bbox 1191 3024 1393 3092; x_wconf 87' lang='lat' dir='ltr'>cognoscere</span> <span class='ocrx_word' id='word_1_190' title='bbox 1424 3024 1483 3091; x_wconf 92' lang='lat' dir='ltr'>per</span> <span class='ocrx_word' id='word_1_191' title='bbox 1513 3014 1649 3071; x_wconf 85' lang='lat' dir='ltr'>externa</span> 
     </span>
     <span class='ocr_line' id='line_1_26' title="bbox 495 3101 1579 3194; baseline -0.004 -12"><span class='ocrx_word' id='word_1_192' title='bbox 495 3101 675 3194; x_wconf 60' lang='lat' dir='ltr'>³‹lllaedam</span> <span class='ocrx_word' id='word_1_193' title='bbox 694 3111 883 3179; x_wconf 89' lang='lat' dir='ltr'>accidentia.</span> <span class='ocrx_word' id='word_1_194' title='bbox 1492 3179 1496 3187; x_wconf 84' lang='grc'><em>,</em></span> <span class='ocrx_word' id='word_1_195' title='bbox 1575 3110 1579 3121; x_wconf 93' lang='grc'><strong>’</strong></span> 
     </span>
     <span class='ocr_line' id='line_1_27' title="bbox 570 3218 1645 3307; baseline 0.008 -24"><span class='ocrx_word' id='word_1_196' title='bbox 570 3218 622 3302; x_wconf 82' lang='lat'>3.⁰</span> <span class='ocrx_word' id='word_1_197' title='bbox 670 3218 848 3287; x_wconf 89' lang='lat' dir='ltr'>Delinitum</span> <span class='ocrx_word' id='word_1_198' title='bbox 865 3239 932 3287; x_wconf 95' lang='lat' dir='ltr'>non</span> <span class='ocrx_word' id='word_1_199' title='bbox 951 3222 1048 3289; x_wconf 91' lang='lat' dir='ltr'>debet</span> <span class='ocrx_word' id='word_1_200' title='bbox 1064 3240 1135 3289; x_wconf 87' lang='lat' dir='ltr'>esse</span> <span class='ocrx_word' id='word_1_201' title='bbox 1156 3222 1246 3288; x_wconf 88' lang='lat' dir='ltr'>notio</span> <span class='ocrx_word' id='word_1_202' title='bbox 1265 3224 1372 3307; x_wconf 91' lang='lat' dir='ltr'>aliqua</span> <span class='ocrx_word' id='word_1_203' title='bbox 1391 3219 1645 3307; x_wconf 88' lang='lat' dir='ltr'>simplicissima.</span> 
     </span>
     <span class='ocr_line' id='line_1_28' title="bbox 523 3326 1647 3415; baseline 0.001 -24"><span class='ocrx_word' id='word_1_204' title='bbox 523 3327 582 3391; x_wconf 91' lang='lat' dir='ltr'>sed</span> <span class='ocrx_word' id='word_1_205' title='bbox 604 3326 746 3410; x_wconf 91' lang='lat' dir='ltr'>aliquam</span> <span class='ocrx_word' id='word_1_206' title='bbox 773 3337 925 3394; x_wconf 89' lang='lat' dir='ltr'>notarum</span> <span class='ocrx_word' id='word_1_207' title='bbox 951 3330 1214 3415; x_wconf 86' lang='lat' dir='ltr'>complexionem</span> <span class='ocrx_word' id='word_1_208' title='bbox 1241 3330 1357 3395; x_wconf 88' lang='lat' dir='ltr'>babeat</span> <span class='ocrx_word' id='word_1_209' title='bbox 1375 3346 1508 3395; x_wconf 87' lang='lat' dir='ltr'>necesse</span> <span class='ocrx_word' id='word_1_210' title='bbox 1527 3338 1590 3397; x_wconf 90' lang='lat' dir='ltr'>est.</span> <span class='ocrx_word' id='word_1_211' title='bbox 1612 3328 1647 3393; x_wconf 92' lang='lat' dir='ltr'>Si</span> 
     </span>
     <span class='ocr_line' id='line_1_29' title="bbox 523 3432 1650 3521; baseline 0.002 -24"><span class='ocrx_word' id='word_1_212' title='bbox 523 3432 612 3498; x_wconf 90' lang='lat' dir='ltr'>enim</span> <span class='ocrx_word' id='word_1_213' title='bbox 643 3434 734 3502; x_wconf 91' lang='lat' dir='ltr'>notio</span> <span class='ocrx_word' id='word_1_214' title='bbox 759 3435 1001 3519; x_wconf 91' lang='lat' dir='ltr'>simplicissima</span> <span class='ocrx_word' id='word_1_215' title='bbox 1035 3438 1092 3513; x_wconf 89' lang='lat' dir='ltr'>sit,</span> <span class='ocrx_word' id='word_1_216' title='bbox 1116 3455 1181 3504; x_wconf 93' lang='lat' dir='ltr'>non</span> <span class='ocrx_word' id='word_1_217' title='bbox 1209 3438 1318 3511; x_wconf 86' lang='lat' dir='ltr'>babet,</span> <span class='ocrx_word' id='word_1_218' title='bbox 1340 3436 1428 3503; x_wconf 89' lang='lat' dir='ltr'>unde</span> <span class='ocrx_word' id='word_1_219' title='bbox 1455 3437 1573 3521; x_wconf 87' lang='lat' dir='ltr'>possit·</span> <span class='ocrx_word' id='word_1_220' title='bbox 1591 3436 1650 3500; x_wconf 90' lang='lat' dir='ltr'>de-</span> 
     </span>
     <span class='ocr_line' id='line_1_30' title="bbox 523 3540 1648 3628; baseline 0.004 -22"><span class='ocrx_word' id='word_1_221' title='bbox 523 3540 651 3617; x_wconf 89' lang='lat' dir='ltr'>clarari,</span> <span class='ocrx_word' id='word_1_222' title='bbox 681 3541 741 3608; x_wconf 89' lang='lat' dir='ltr'>nisi</span> <span class='ocrx_word' id='word_1_223' title='bbox 761 3544 813 3608; x_wconf 89' lang='lat' dir='ltr'>vel</span> <span class='ocrx_word' id='word_1_224' title='bbox 838 3563 894 3628; x_wconf 92' lang='lat' dir='ltr'>per</span> <span class='ocrx_word' id='word_1_225' title='bbox 918 3545 1099 3611; x_wconf 87' lang='lat' dir='ltr'>extrinseca</span> <span class='ocrx_word' id='word_1_226' title='bbox 1128 3554 1321 3621; x_wconf 88' lang='lat' dir='ltr'>connotata,</span> <span class='ocrx_word' id='word_1_227' title='bbox 1343 3545 1394 3608; x_wconf 90' lang='lat' dir='ltr'>vel</span> <span class='ocrx_word' id='word_1_228' title='bbox 1425 3561 1482 3628; x_wconf 89' lang='lat' dir='ltr'>per</span> <span class='ocrx_word' id='word_1_229' title='bbox 1501 3544 1648 3611; x_wconf 83' lang='lat' dir='ltr'>diversas</span> 
     </span>
     <span class='ocr_line' id='line_1_31' title="bbox 460 3650 1650 3739; baseline 0.003 -28"><span class='ocrx_word' id='word_1_230' title='bbox 460 3658 477 3739; x_wconf 62' lang='grc' dir='ltr'>’ζ</span> <span class='ocrx_word' id='word_1_231' title='bbox 523 3666 632 3725; x_wconf 87' lang='lat' dir='ltr'>voces,</span> <span class='ocrx_word' id='word_1_232' title='bbox 652 3666 728 3732; x_wconf 88' lang='lat' dir='ltr'>quae</span> <span class='ocrx_word' id='word_1_233' title='bbox 747 3658 898 3717; x_wconf 91' lang='lat' dir='ltr'>naturam</span> <span class='ocrx_word' id='word_1_234' title='bbox 913 3652 1063 3718; x_wconf 89' lang='lat' dir='ltr'>eamdem</span> <span class='ocrx_word' id='word_1_235' title='bbox 1083 3652 1306 3735; x_wconf 87' lang='lat' dir='ltr'>eumdemque</span> <span class='ocrx_word' id='word_1_236' title='bbox 1316 3650 1515 3737; x_wconf 87' lang='lat' dir='ltr'>objectivum</span> <span class='ocrx_word' id='word_1_237' title='bbox 1530 3668 1650 3717; x_wconf 90' lang='lat' dir='ltr'>conce-</span> 
     </span>
     <span class='ocr_line' id='line_1_32' title="bbox 523 3758 857 3839; baseline 0.003 -16"><span class='ocrx_word' id='word_1_238' title='bbox 523 3767 618 3839; x_wconf 89' lang='lat' dir='ltr'>ptum</span> <span class='ocrx_word' id='word_1_239' title='bbox 635 3758 857 3824; x_wconf 77' lang='lat' dir='ltr'>manifestent.</span> 
     </span>
     <span class='ocr_line' id='line_1_33' title="bbox 344 3865 1725 3953; baseline 0.002 -25"><span class='ocrx_word' id='word_1_240' title='bbox 344 3901 477 3949; x_wconf 49' lang='lat' dir='ltr'>“mm</span> <span class='ocrx_word' id='word_1_241' title='bbox 568 3866 623 3946; x_wconf 88' lang='lat'>78.</span> <span class='ocrx_word' id='word_1_242' title='bbox 670 3871 818 3947; x_wconf 85' lang='lat' dir='ltr'>Colligea</span> <span class='ocrx_word' id='word_1_243' title='bbox 836 3867 912 3931; x_wconf 90' lang='lat' dir='ltr'>hinc</span> <span class='ocrx_word' id='word_1_244' title='bbox 936 3874 981 3933; x_wconf 87' lang='lat' dir='ltr'>r.⁰</span> <span class='ocrx_word' id='word_1_245' title='bbox 1005 3868 1080 3933; x_wconf 92' lang='lat' dir='ltr'>Non</span> <span class='ocrx_word' id='word_1_246' title='bbox 1107 3867 1219 3933; x_wconf 89' lang='lat' dir='ltr'>omnia</span> <span class='ocrx_word' id='word_1_247' title='bbox 1243 3865 1432 3935; x_wconf 86' lang='lat' dir='ltr'>delinitione</span> <span class='ocrx_word' id='word_1_248' title='bbox 1452 3866 1519 3933; x_wconf 89' lang='lat' dir='ltr'>veri</span> <span class='ocrx_word' id='word_1_249' title='bbox 1541 3866 1647 3932; x_wconf 90' lang='lat' dir='ltr'>nomi·</span> <span class='ocrx_word' id='word_1_250' title='bbox 1724 3950 1725 3953; x_wconf 8' lang='grc' dir='ltr'><strong>Ἴ</strong></span> 
     </span>
     <span class='ocr_line' id='line_1_34' title="bbox 340 3969 1647 4057; baseline 0.003 -22"><span class='ocrx_word' id='word_1_251' title='bbox 340 3973 474 4019; x_wconf 53' lang='lat' dir='ltr'>definiendo</span> <span class='ocrx_word' id='word_1_252' title='bbox 524 3971 574 4036; x_wconf 89' lang='lat' dir='ltr'>nis</span> <span class='ocrx_word' id='word_1_253' title='bbox 600 3969 725 4037; x_wconf 82' lang='lat' dir='ltr'>definiri</span> <span class='ocrx_word' id='word_1_254' title='bbox 753 3991 868 4057; x_wconf 90' lang='lat' dir='ltr'>posse,</span> <span class='ocrx_word' id='word_1_255' title='bbox 898 3990 957 4039; x_wconf 87' lang='lat' dir='ltr'>nec</span> <span class='ocrx_word' id='word_1_256' title='bbox 989 3974 1120 4042; x_wconf 89' lang='lat' dir='ltr'>debere.</span> <span class='ocrx_word' id='word_1_257' title='bbox 1152 3972 1226 4040; x_wconf 86' lang='lat' dir='ltr'>Non</span> <span class='ocrx_word' id='word_1_258' title='bbox 1254 3975 1374 4041; x_wconf 91' lang='lat' dir='ltr'>debent</span> <span class='ocrx_word' id='word_1_259' title='bbox 1401 3973 1543 4050; x_wconf 88' lang='lat' dir='ltr'>deliniri,</span> <span class='ocrx_word' id='word_1_260' title='bbox 1570 3992 1647 4057; x_wconf 86' lang='lat' dir='ltr'>quae</span> 
     </span>
     <span class='ocr_line' id='line_1_35' title="bbox 523 4069 1647 4166; baseline 0.004 -24"><span class='ocrx_word' id='word_1_261' title='bbox 523 4078 691 4163; x_wconf 89' lang='lat' dir='ltr'>perspicua</span> <span class='ocrx_word' id='word_1_262' title='bbox 708 4069 803 4161; x_wconf 86' lang='lat' dir='ltr'>sunt;</span> <span class='ocrx_word' id='word_1_263' title='bbox 825 4096 892 4146; x_wconf 91' lang='lat' dir='ltr'>non</span> <span class='ocrx_word' id='word_1_264' title='bbox 912 4088 1052 4165; x_wconf 88' lang='lat' dir='ltr'>possunt</span> <span class='ocrx_word' id='word_1_265' title='bbox 1070 4080 1313 4147; x_wconf 82' lang='lat' dir='ltr'>autemdelmiri</span> <span class='ocrx_word' id='word_1_266' title='bbox 1328 4100 1382 4157; x_wconf 89' lang='lat' dir='ltr'>ea,</span> <span class='ocrx_word' id='word_1_267' title='bbox 1399 4099 1474 4165; x_wconf 89' lang='lat' dir='ltr'>quae</span> <span class='ocrx_word' id='word_1_268' title='bbox 1488 4080 1647 4166; x_wconf 88' lang='lat' dir='ltr'>simplicia</span> 
     </span>
     <span class='ocr_line' id='line_1_36' title="bbox 522 4186 1724 4275; baseline 0.004 -25"><span class='ocrx_word' id='word_1_269' title='bbox 522 4195 600 4251; x_wconf 93' lang='lat' dir='ltr'>sunt</span> <span class='ocrx_word' id='word_1_270' title='bbox 622 4186 826 4271; x_wconf 86' lang='lat' dir='ltr'>simplicitate</span> <span class='ocrx_word' id='word_1_271' title='bbox 853 4188 1092 4275; x_wconf 85' lang='lat' dir='ltr'>metaphysica,</span> <span class='ocrx_word' id='word_1_272' title='bbox 1121 4208 1195 4273; x_wconf 82' lang='lat' dir='ltr'>quae</span> <span class='ocrx_word' id='word_1_273' title='bbox 1221 4207 1341 4274; x_wconf 88' lang='lat' dir='ltr'>nempe</span> <span class='ocrx_word' id='word_1_274' title='bbox 1370 4207 1436 4254; x_wconf 93' lang='lat' dir='ltr'>non</span> <span class='ocrx_word' id='word_1_275' title='bbox 1460 4189 1649 4255; x_wconf 89' lang='lat' dir='ltr'>coalescunt</span> <span class='ocrx_word' id='word_1_276' title='bbox 1723 4186 1724 4271; x_wconf 58' lang='grc' dir='ltr'>ζ</span> 
     </span>
     <span class='ocr_line' id='line_1_37' title="bbox 522 4294 1649 4382; baseline 0.002 -23"><span class='ocrx_word' id='word_1_277' title='bbox 522 4314 562 4360; x_wconf 89' lang='lat' dir='ltr'>ex</span> <span class='ocrx_word' id='word_1_278' title='bbox 577 4295 722 4379; x_wconf 90' lang='lat' dir='ltr'>pluribus</span> <span class='ocrx_word' id='word_1_279' title='bbox 737 4295 824 4362; x_wconf 87' lang='lat' dir='ltr'>notis</span> <span class='ocrx_word' id='word_1_280' title='bbox 837 4294 1107 4380; x_wconf 90' lang='lat' dir='ltr'>intelligibilibus,</span> <span class='ocrx_word' id='word_1_281' title='bbox 1125 4305 1296 4380; x_wconf 90' lang='lat' dir='ltr'>tamquam</span> <span class='ocrx_word' id='word_1_282' title='bbox 1312 4314 1353 4363; x_wconf 89' lang='lat' dir='ltr'>ex</span> <span class='ocrx_word' id='word_1_283' title='bbox 1367 4314 1488 4382; x_wconf 87' lang='lat' dir='ltr'>genere</span> <span class='ocrx_word' id='word_1_284' title='bbox 1503 4303 1536 4361; x_wconf 91' lang='lat' dir='ltr'>et</span> <span class='ocrx_word' id='word_1_285' title='bbox 1555 4296 1649 4361; x_wconf 83' lang='lat' dir='ltr'>dine-</span> 
     </span>
     <span class='ocr_line' id='line_1_38' title="bbox 523 4394 1647 4488; baseline 0.001 -20"><span class='ocrx_word' id='word_1_286' title='bbox 523 4394 636 4471; x_wconf 77' lang='lat' dir='ltr'>renti&#39;a.</span> <span class='ocrx_word' id='word_1_287' title='bbox 665 4400 764 4479; x_wconf 81' lang='lat' dir='ltr'>Quod</span> <span class='ocrx_word' id='word_1_288' title='bbox 798 4402 824 4468; x_wconf 90' lang='lat' dir='ltr'>si</span> <span class='ocrx_word' id='word_1_289' title='bbox 852 4402 963 4469; x_wconf 93' lang='lat' dir='ltr'>omnia</span> <span class='ocrx_word' id='word_1_290' title='bbox 991 4402 1175 4471; x_wconf 88' lang='lat' dir='ltr'>delinienda</span> <span class='ocrx_word' id='word_1_291' title='bbox 1200 4413 1328 4481; x_wconf 89' lang='lat' dir='ltr'>essent,</span> <span class='ocrx_word' id='word_1_292' title='bbox 1357 4420 1529 4488; x_wconf 87' lang='lat' dir='ltr'>nunquam</span> <span class='ocrx_word' id='word_1_293' title='bbox 1553 4401 1647 4469; x_wconf 80' lang='lat' dir='ltr'>lieret</span> 
     </span>
    </p>
   </div>
   <div class='ocr_carea' id='block_1_7' title="bbox 555 4650 1722 4817">
    <p class='ocr_par' dir='ltr' id='par_1_7' title="bbox 555 4514 1723 4817">
     <span class='ocr_line' id='line_1_39' title="bbox 555 4650 1403 4729; baseline 0.003 -19"><span class='ocrx_word' id='word_1_294' title='bbox 555 4656 596 4718; x_wconf 84' lang='grc' dir='ltr'>(ι)</span> <span class='ocrx_word' id='word_1_295' title='bbox 632 4653 753 4714; x_wconf 78' lang='lat' dir='ltr'>Aristot.</span> <span class='ocrx_word' id='word_1_296' title='bbox 768 4650 818 4711; x_wconf 88' lang='lat' dir='ltr'>lib.</span> <span class='ocrx_word' id='word_1_297' title='bbox 832 4662 873 4726; x_wconf 80' lang='lat'>7.⁰</span> <span class='ocrx_word' id='word_1_298' title='bbox 887 4652 1016 4726; x_wconf 71' lang='lat' dir='ltr'>Meropia.</span> <span class='ocrx_word' id='word_1_299' title='bbox 1032 4674 1056 4712; x_wconf 87' lang='lat' dir='ltr'>c.</span> <span class='ocrx_word' id='word_1_300' title='bbox 1075 4672 1120 4723; x_wconf 85' lang='lat' dir='ltr'>ra,</span> <span class='ocrx_word' id='word_1_301' title='bbox 1136 4666 1206 4712; x_wconf 80' lang='lat' dir='ltr'>tert.</span> <span class='ocrx_word' id='word_1_302' title='bbox 1223 4652 1338 4713; x_wconf 83' lang='lat' dir='ltr'>Corum.</span> <span class='ocrx_word' id='word_1_303' title='bbox 1357 4671 1403 4729; x_wconf 81' lang='lat'>4²·</span> 
     </span>
     <span class='ocr_line' id='line_1_40' title="bbox 555 4741 1722 4817; baseline 0.003 -16"><span class='ocrx_word' id='word_1_304' title='bbox 555 4746 596 4811; x_wconf 85' lang='lat'>(2)</span> <span class='ocrx_word' id='word_1_305' title='bbox 631 4742 753 4803; x_wconf 77' lang='lat' dir='ltr'>Aristot.</span> <span class='ocrx_word' id='word_1_306' title='bbox 767 4741 818 4802; x_wconf 84' lang='lat' dir='ltr'>lib.</span> <span class='ocrx_word' id='word_1_307' title='bbox 832 4742 874 4801; x_wconf 80' lang='grc'>6.·</span> <span class='ocrx_word' id='word_1_308' title='bbox 888 4743 1053 4817; x_wconf 75' lang='lat' dir='ltr'>Meraprys.</span> <span class='ocrx_word' id='word_1_309' title='bbox 1068 4742 1119 4802; x_wconf 89' lang='lat' dir='ltr'>lib.</span> <span class='ocrx_word' id='word_1_310' title='bbox 1133 4751 1183 4817; x_wconf 85' lang='lat'><strong>7.·.</strong></span> <span class='ocrx_word' id='word_1_311' title='bbox 1200 4756 1270 4804; x_wconf 79' lang='lat' dir='ltr'>text.</span> <span class='ocrx_word' id='word_1_312' title='bbox 1283 4742 1400 4805; x_wconf 84' lang='lat' dir='ltr'>Comm.</span> <span class='ocrx_word' id='word_1_313' title='bbox 1412 4742 1457 4817; x_wconf 75' lang='lat'>36.</span> <span class='ocrx_word' id='word_1_314' title='bbox 1721 4760 1722 4773; x_wconf 67' lang='lat'><em>³</em></span> 
     </span>
    </p>
   </div>
   <div class='ocr_carea' id='block_1_8' title="bbox 0 0 1750 5525">
    <p class='ocr_par' dir='ltr' id='par_1_8' title="bbox 0 0 1750 5525">
     <span class='ocr_line' id='line_1_41' title="bbox 0 0 1750 5525; baseline 0 0"><span class='ocrx_word' id='word_1_315' title='bbox 0 0 1750 5525; x_wconf 95' lang='lat' dir='ltr'> </span> 
     </span>
    </p>
   </div>
  </div>
 </body>
</html>
