3492 5525
566 463 624 527 972
680 443 803 508 Locren
815 442 1052 517 Maron-Lm.
1070 432 1140 519 anu,
1159 442 1251 505 Drsn.
1268 455 1314 525 4.·
1329 442 1409 505 Cap,
1428 461 1443 524 3
1460 457 1500 487 um

340 646 486 704 nonquam
592 632 687 695 Nunc
707 628 912 713 probandum
939 640 1005 704 est,
1025 628 1193 693 scientiam
1224 645 1289 693 non
1317 626 1493 711 specificari
1522 646 1565 693 ex
1592 628 1641 693 ota

323 716 499 835 'mfflff‘'
522 740 611 823 jecto
637 736 806 811 materiali,
826 738 884 803 sed
903 755 944 803 ex
962 736 1088 801 formali
1115 736 1298 801 dumtaxat.
1319 736 1356 802 Et
1377 734 1458 802 ratio
1479 746 1547 812 est,
1576 736 1641 817 quir

528 865 593 911 non
612 845 773 929 specificat
787 844 955 910 scientiam
975 843 1024 921 id,
1049 842 1139 926 quod
1158 860 1337 909 commune
1355 843 1477 908 multis
1507 841 1641 908 scientiis

526 952 675 1038 specifice
693 953 828 1018 diversis
846 970 919 1017 esse
947 960 1069 1037 potest.
1092 949 1192 1034 Atqui
1212 952 1274 1016 tale
1294 961 1343 1017 est
1363 951 1531 1035 objectum
1548 962 1642 1015 mate-

527 1062 617 1141 riale3
640 1079 715 1125 nam
734 1059 817 1126 circa
835 1077 939 1125 unum
965 1059 1118 1143 idemque
1140 1058 1305 1142 objectum
1326 1057 1493 1123 materiale
1513 1058 1642 1123 diversae

525 1165 667 1235 scienriae
684 1167 803 1233 versari
825 1175 974 1252 possunt:
993 1186 1026 1233 v.
1047 1184 1080 1251 g.
1102 1166 1217 1229 eadem
1233 1166 1397 1249 quantitas
1415 1178 1465 1232 est
1484 1166 1640 1249 objectum

526 1276 774 1341 conclusionum
795 1273 1010 1359 Philosophiae
1031 1272 1204 1350 naturalis,
1222 1282 1255 1339 et
1275 1272 1375 1339 etiam
1394 1273 1640 1339 conclusionum

527 1383 843 1449 mathematicarum.

487 1514 494 1533 ¹
594 1488 653 1555 llic
662 1498 772 1556 autem
784 1490 884 1575 quaeri
897 1497 1021 1573 posset,
1032 1508 1049 1553 a
1059 1488 1209 1573 priorine,
1222 1508 1262 1553 an
1275 1508 1293 1552 a
1305 1488 1474 1571 posteriori
1485 1490 1641 1573 objectum

525 1598 687 1682 specificet
717 1606 821 1663 actus.
853 1597 916 1662 Sed
947 1596 1016 1661 haec
1035 1596 1174 1679 quaestio
1199 1595 1383 1680 generalius
1406 1595 1520 1681 agitari
1541 1606 1643 1679 potest

526 1704 558 1771 in
578 1713 714 1770 tractatu
733 1705 773 1769 de
792 1705 928 1781 Anima,
950 1704 1005 1769 ubi
1028 1704 1069 1768 de
1095 1702 1333 1787 specificatione
1353 1703 1575 1787 potentiarum
1593 1722 1643 1787 per

525 1823 619 1879 actus
637 1824 670 1879 et
688 1813 825 1898 objecta.
986 1801 989 1809 ’

594 1920 677 1987 Vide
696 1919 820 1986 interea
840 1918 961 1985 Suarez
978 1916 1030 2007 (ι)
1044 1928 1076 1984 et
1091 1918 1228 1985 Lossada
1247 1914 1311 2007 (a).

571 2138 648 2217 284.
697 2135 887 2203 Proposmo
907 2135 960 2203 2.⁸
1006 2141 1167 2203 Scientiae
1181 2140 1341 2218 practicae
1361 2140 1645 2218 specificationem

523 2266 563 2311 ac
581 2248 839 2311 distinctionem
852 2249 1042 2311 desumunt
1061 2266 1103 2310 ex
1123 2249 1203 2309 fine.

359 2472 462 2517 scientie
592 2459 749 2526 Probatur
767 2477 808 2523 ex
831 2459 948 2524 eodem
969 2456 1137 2542 principio.
1158 2458 1242 2525 Nam
1261 2456 1404 2523 scientiae
1430 2458 1581 2541 practicae
1598 2478 1647 2523 or·
1712 2500 1713 2509 ÷

310 2544 510 2661 fflffgff
523 2566 676 2633 dinantur
693 2575 807 2650 suapte
823 2575 938 2631 natura
957 2563 1111 2629 adfinem
1132 2546 1328 2649 operationis
1347 2564 1484 2649 alicujus
1499 2585 1644 2631 exercen

523 2674 586 2739 dae.
613 2673 678 2740 Sed
696 2673 855 2756 quidquid
875 2673 915 2736 ad
943 2672 1028 2737 aliud
1049 2669 1217 2737 ordinatur
1235 2680 1352 2757 suapte
1380 2682 1513 2749 natura,
1536 2675 1645 2739 abillo

524 2781 740 2868 specificatur.
760 2783 890 2867 Ergo...
912 2777 965 2866 (3)

857 2942 1055 3008 Solvunrun
1070 2921 1316 3006 urrrrcuurarns.

568 3107 646 3188 285.
694 3100 878 3186 Obiic.1.⁰
924 3101 1099 3188 Objectum
1116 3109 1166 3166 est
1179 3099 1299 3184 aliquid
1311 3101 1533 3169 extrinsecum
1548 3107 1647 3170 scien

524 3212 589 3278 tiae.
619 3211 720 3296 Atqui
741 3209 817 3276 nihil
837 3210 981 3294 speciem
1009 3227 1102 3274 suam
1123 3208 1236 3290 accipit
1254 3209 1295 3273 ab
1314 3209 1423 3293 aliquo
1447 3211 1509 3276 sibi
1529 3215 1647 3278 extrin-

524 3338 617 3395 seco,
638 3318 760 3410 species
779 3317 867 3382 enim
893 3315 1066 3400 cujuslibet
1086 3314 1128 3380 rei
1148 3323 1198 3382 est
1223 3317 1363 3382 essentia
1390 3318 1560 3401 ejusdem,
1587 3341 1648 3404 qua

525 3427 602 3494 nihil
622 3425 728 3511 magis
746 3425 956 3490 intrinsecum
977 3441 1048 3488 esse
1067 3432 1122 3489 aut
1141 3423 1316 3508 excogitari
1332 3434 1452 3508 potest.
1473 3425 1605 3512 Ergo...

591 3541 695 3616 Resp.
716 3532 792 3597 dist.
821 3531 954 3606 Minor„
974 3538 1132 3612 tanquam
1151 3531 1193 3596 ab
1216 3529 1436 3614 specificativo
1456 3531 1645 3608 intrinseco.

524 3660 627 3716 conc„
648 3649 816 3722 tamquam
835 3638 877 3703 ab
896 3639 1098 3712 extrinseco,
1119 3655 1191 3721 neg.
1709 3711 1710 3720 ἵ

589 3750 674 3813 Nam
693 3747 767 3812 licet
785 3747 950 3830 objectum
966 3745 1007 3810 sit
1026 3744 1261 3820 extrinsecum,
1279 3745 1360 3812 ordo
1378 3755 1491 3814 tamen
1507 3749 1649 3816 scientie
1709 3739 1710 3760 ¹

525 3857 566 3920 ad
583 3855 747 3938 objectum
767 3864 817 3920 est
835 3853 897 3936 ipsi
917 3853 1144 3928 intrinsecum,
1170 3852 1364 3936 variumque
1383 3865 1432 3920 est
1452 3875 1513 3939 pro
1532 3858 1650 3944 objecti
1709 3879 1710 3912 r

525 3963 691 4029 varietate.
712 3961 750 4026 Et
764 3962 833 4045 jam
853 3959 1091 4046 explicavimus
1115 3960 1279 4044 objectum
1300 3979 1366 4026 non
1386 3980 1458 4028 esse
1484 3967 1651 4048 specifica-

525 4071 632 4136 tivum
652 4068 883 4144 intrinsecum,
915 4066 990 4150 quia
1018 4085 1083 4132 non
1103 4045 1266 4152 specificat
1291 4087 1347 4152 per
1366 4071 1507 4136 modum
1536 4073 1651 4138 lormae
1708 4151 1709 4158 ἵ

525 4177 725 4253 inhaerentis,
745 4177 804 4242 sed
824 4195 881 4259 per
900 4175 1037 4240 modurn
1058 4174 1187 4242 termini
1206 4176 1328 4242 ordinis
1348 4176 1528 4258 intrinseci,
1548 4199 1650 4266 quern
1708 4165 1709 4202 ³

525 4295 641 4372 suapte
662 4293 776 4351 natura
794 4284 893 4350 habet
912 4281 1055 4349 scientia.

563 4559 602 4617 tr)
640 4554 684 4610 De
697 4551 808 4619 Arnim„
824 4549 873 4606 lib.
891 4569 916 4619 2,
931 4569 994 4620 cap.
1011 4569 1037 4614 a,
1054 4569 1083 4606 n.
1099 4570 1114 4621 3
1130 4569 1211 4621 seqq.
1228 4563 1256 4609 et
1270 4573 1296 4624 9.

562 4647 602 4708 (a)
638 4644 684 4699 De
697 4641 811 4708 anim,
827 4638 940 4710 disp.4‚
956 4659 1019 4710 cup.
1035 4639 1063 4707 6,
1078 4659 1107 4696 n.
1127 4660 1176 4711 119
1194 4653 1224 4697 et
1241 4660 1299 4698 rar.

561 4731 603 4803 (³)
640 4729 718 4788 Vide
730 4729 865 4798 Ariston,
881 4729 930 4787 lib.
949 4729 1111 4798 1,Etln'cor.
1126 4749 1150 4786 c.
1170 4727 1614 4805 13etibid.S.Thornem,lect.
1629 4759 1649 4798 ι.
