3492 5525
317 430 451 497 Amic.
475 446 535 517 4⁰·
556 432 608 497 De
629 452 738 499 sensu
761 452 904 503 neruum
923 438 1089 505 connum.
1177 433 1233 519 bet

151 637 339 703 omnesque
358 619 433 703 plus
452 617 561 686 minus
581 618 687 687 nativa
701 639 761 687 sua
775 623 923 708 fulgeant
938 622 1117 699 evidentia,
1133 631 1280 707 spectare

147 729 225 813 jure
244 744 306 794 suo
324 724 469 793 dieendae
487 728 620 794 suntad
636 728 852 809 intellectum,
870 738 967 815 prout
981 748 1118 797 munere
1133 731 1280 816 iungitur

151 832 378 920 intelligentiae
396 836 447 901 vel
467 834 611 901 rationis.
640 834 749 907 Quare
769 838 846 903 nihil
878 838 1016 915 mirum,
1035 838 1063 904 si
1083 838 1171 905 nulla
1191 856 1281 923 repe·

154 942 281 1009 riantur
299 943 331 1009 in
349 953 417 1011 tota
435 943 628 1028 antiquitate
654 944 791 1030 vestigia
818 946 992 1015 instinctus
1018 944 1209 1033 hujusmodi
1227 947 1279 1010 vel

153 1049 333 1126 facultatis,
354 1051 405 1116 cui
433 1051 643 1118 adscribenda
666 1052 731 1119 sint
751 1051 873 1138 judicia
899 1053 952 1119 illa
978 1054 1185 1131 communia,
1205 1071 1281 1137 quae

153 1176 275 1227 sensus
294 1166 419 1225 naturae
437 1160 625 1227 communis
643 1178 715 1226 esse
734 1157 918 1248 dicuntur(
941 1159 969 1245 ).
1024 1185 1029 1197 ·

207 1337 279 1407 139.
327 1320 532 1387 Pnoeosmo.
580 1326 712 1389 Sensus
736 1333 871 1389 naturae
894 1325 1104 1402 eommunis,
1128 1304 1186 1389 'vel
1209 1326 1285 1389 uni·

153 1432 303 1495 vernalis
323 1434 481 1496 omnium
501 1450 710 1508 consensus,
730 1434 799 1497 nisi
813 1434 957 1498 evidens
980 1435 1093 1513 aliqua
1105 1434 1192 1497 ratio
1205 1449 1285 1497 con·

153 1550 212 1601 tra
223 1549 371 1613 ocurrat,
385 1541 559 1618 probabile
571 1539 765 1619 suppeditat
775 1550 1036 1619 argumentum
1052 1542 1161 1604 immo
1172 1548 1286 1619 potest

153 1648 262 1711 etiem
281 1649 450 1711 moralem
475 1649 615 1727 gignere
633 1647 888 1721 certitudinem,
909 1647 940 1710 si
957 1648 1062 1713 certis
1079 1646 1284 1729 quibusdam

156 1763 303 1817 ornetur
320 1756 585 1819 conditionibus.

204 1916 321 1979 Prima
341 1918 439 1979 Pare.
488 1910 572 1976 Nam
592 1910 618 1977 si
638 1911 780 2001 plurium
800 1910 950 1995 gravium
976 1911 1118 1977 virorum
1138 1908 1285 1978 testimo-
1389 1928 1448 1995 ⁰¹⁰⁸,

161 2016 254 2084 nium
272 2017 534 2102 probabilitatem
554 2018 644 2094 iacit,
666 2038 685 2083 a
701 2016 821 2085 fortiori
837 2018 986 2084 omnium
1006 2018 1178 2085 hominum
1196 2019 1283 2084 idem
1337 2000 1486 2102 ΪὛΣΜ

160 2126 356 2193 testantium
376 2143 566 2192 consensus.

230 2232 273 2298 Eo
294 2234 346 2299 vel
367 2233 474 2319 magis
489 2234 594 2317 quod,
617 2233 644 2299 si
662 2250 780 2298 omnes
799 2232 950 2299 homines
967 2233 1085 2301 diversi
1100 2234 1189 2308 loco,
1205 2234 1287 2299 edu·

157 2340 303 2417 catione,
334 2342 450 2407 studiis
477 2342 658 2424 ceterisque
685 2340 845 2426 adjunctis
865 2339 898 2405 in
915 2358 981 2407 uno
999 2342 1223 2419 consentiant,
1245 2360 1284 2406 eo
1348 2392 1352 2400 .

158 2450 234 2532 ipso
258 2448 403 2515 maxima
431 2448 515 2515 inest
544 2446 757 2533 praesumptio
775 2455 808 2512 et
834 2450 1039 2534 conjectura,
1068 2448 1159 2532 quod
1187 2467 1225 2513 ea
1243 2449 1286 2514 sit

157 2574 225 2621 vox
245 2565 381 2621 naturae.
397 2557 495 2622 Nam:
514 2555 612 2623 Omni
630 2554 663 2621 in
681 2573 716 2621 re
735 2555 897 2621 consensio
914 2554 1052 2621 omnium
1072 2554 1213 2639 gentium
1235 2558 1286 2622 lex

157 2668 282 2729 natine
303 2665 448 2746 putanda
475 2666 524 2728 est
553 2659 626 2751 (2).
655 2660 755 2746 Atqui
786 2662 853 2727 lieri
883 2664 1013 2746 nequit,
1044 2671 1081 2729 ut
1111 2671 1225 2730 natura
1252 2664 1285 2729 in
1385 2734 1388 2738 ,

158 2772 316 2838 omnibus
334 2769 478 2848 deficiat,
501 2780 534 2836 et
552 2780 648 2837 erret.
1018 2754 1024 2766 ’

227 2877 451 2954 Quamobrem
477 2898 552 2944 vere
571 2878 698 2963 scripsit
718 2878 860 2945 Seneca:
889 2878 1026 2944 Multum
1052 2880 1130 2945 dare
1153 2880 1286 2946 solenus

152 2986 394 3080 presumptioni
417 2985 557 3052 omniurn
575 2986 745 3053 bominum.
765 2987 864 3067 Apud
883 3005 940 3051 nos
961 2986 1103 3052 veritatis
1121 3004 1288 3070 arguuun-

159 3099 229 3160 tum
245 3097 293 3159 esl
309 3093 432 3178 aliquid
448 3093 591 3160 omnibus
607 3093 728 3175 videri,·
748 3097 906 3177 tanguam
922 3095 996 3158 deos
1017 3113 1099 3168 esse,
1120 3093 1204 3158 inter
1221 3093 1287 3159 alia

157 3203 206 3267 sic
224 3201 416 3286 colligimus,
436 3185 676 3296 quodsomnibus
690 3203 729 3266 de
746 3201 809 3266 diis
827 3201 931 3283 opinio
948 3201 1045 3267 insita
1061 3205 1124 3275 est,
1145 3220 1201 3266 nec
1219 3203 1288 3267 uilo

156 3329 237 3394 gens
261 3328 394 3394 usquam
422 3313 469 3374 est
482 3311 559 3374 adeo
587 3313 678 3374 exiro
704 3312 785 3393 leges
814 3326 972 3393 moresque
990 3312 1149 3396 projecto,
1170 3313 1287 3374 utnon

159 3416 283 3502 olr'prros
305 3419 378 3482 deos
403 3419 520 3483 credat.
548 3415 628 3482 Cum
647 3417 881 3482 dominiorum
897 3416 1069 3482 eternitate
1090 3416 1284 3493 disserimus,

162 3543 227 3590 non
254 3526 320 3592 kur
345 3527 531 3590 momentum
556 3526 643 3606 aprid
668 3542 724 3589 nos
752 3524 841 3589 lanu
864 3541 1032 3590 consensus
1050 3523 1209 3591 bominum
1232 3527 1290 3590 aut

164 3633 340 3699 timentirnn
362 3633 476 3719 inferos
492 3635 552 3697 aut
564 3626 728 3697 colentium
744 3628 810 3718 (3).

193 3745 201 3776 ‘
230 3739 302 3806 Dixi
320 3756 519 3806 consensum
540 3737 669 3825 generis
688 3738 823 3804 humani
842 3737 1009 3823 probabile
1027 3737 1171 3822 praebere
1190 3756 1287 3824 argu-

165 3859 316 3914 mentum
337 3845 498 3924 veritatis,
517 3846 596 3931 quia
615 3865 680 3913 non
700 3864 830 3929 semper
844 3845 1073 3913 certitudinem
1088 3844 1211 3930 gignit,
1228 3845 1287 3911 sed
1351 3887 1354 3892 -

163 3967 236 4022 tum
269 3954 498 4030 solummodo,
527 3974 602 4020 cum
629 3953 780 4036 quaedam
807 3953 1005 4038 contingunt
1028 3954 1181 4042 adjuncta
1208 3971 1287 4019 mox

199 4287 239 4349 (ι)
275 4279 378 4339 Videri
392 4291 486 4351 potest
498 4261 529 4338 in
542 4279 617 4338 hano
631 4296 692 4337 rem
708 4277 742 4336 P.
758 4276 896 4351 Aloyaius
908 4275 1064 4350 Taperelli,
1078 4275 1216 4353 (Soggio
1228 4285 1287 4336 teo·

167 4373 257 4430 retica
271 4372 305 4428 di
316 4370 419 4428 diritto
432 4370 577 4438 naturale,
595 4365 718 4426 Dissert.
737 4387 760 4433 ι,
776 4385 838 4440 cap.
853 4385 884 4440 4,
903 4387 931 4426 n.
947 4366 981 4424 81
998 4371 1104 4438 sequ),
1121 4365 1172 4424 ubi
1184 4378 1289 4424 osmo-

165 4461 209 4519 dit
224 4459 335 4518 nuliam
348 4477 411 4518 esee
421 4457 622 4517 necessitatem
633 4455 789 4514 invehendi
801 4475 906 4515 novum
921 4455 1049 4527 aliquam
1063 4447 1220 4528 potentiam
1236 4474 1289 4529 pro

166 4549 281 4622 judiciis
295 4568 400 4608 sensus
409 4546 582 4607 communis.

201 4644 242 4706 (a)
279 4638 393 4708 Cicero,
408 4637 458 4696 lib.
479 4659 502 4706 r,
521 4639 631 4695 Tuscul
644 4635 763 4710 Dispul.
778 4633 860 4704 xlll,
877 4655 906 4694 n.
925 4654 967 4708 30.

202 4733 243 4802 (3)
281 4727 374 4802 Epist.
392 4749 451 4802 ¹¹7·
736 4753 739 4758 ·
