3492 5525
214 386 226 423 J

234 498 348 562 Arane.
368 512 427 581 3³¹·
442 496 566 561 unm
581 514 764 560 erronum
778 512 887 559 cooar
899 512 944 557 au
958 511 1134 559 assensuri
1157 510 1215 574 529

194 681 232 747 Et
242 682 467 767 probationem
478 680 611 749 Minoris
623 680 800 763 distinguo:
812 677 1062 745 necessitaretur
1075 676 1118 743 ad
1128 676 1254 741 malum

122 808 227 858 suum
243 810 301 877 per
317 791 483 867 accidens,
503 809 610 867 conc..
632 808 757 875 perse,
778 806 851 872 neg.
891 806 896 813 ·

195 898 298 965 Aliter
316 899 405 965 enim
423 918 443 965 a
460 917 536 965 vera
553 896 716 965 evidentia
734 905 767 963 et
786 895 879 961 aliter
897 915 918 961 a
944 902 1058 981 putata
1078 892 1256 961 necessita·

124 1016 182 1073 tur
196 1008 392 1083 intellectus,
413 1007 455 1073 ab
470 1004 523 1071 illa
542 1005 696 1075 nimirum
717 1023 773 1088 per
791 1022 827 1070 se
845 1012 879 1069 et
894 1001 1017 1069 ratione
1035 1000 1139 1069 solius
1158 1001 1256 1068 moti·

126 1116 180 1196 vi;
209 1135 228 1181 a
255 1122 368 1200 putata
390 1122 499 1181 autem
528 1116 637 1179 solum
664 1130 722 1197 per
741 1109 892 1178 accidens
915 1119 951 1176 et
979 1108 1103 1175 ratione
1129 1107 1256 1175 erronei

121 1220 238 1307 judicii
266 1222 349 1287 circa
377 1220 582 1288 existentiam
612 1218 798 1288 evidentiae.
833 1218 928 1285 Unde
956 1218 1011 1293 sit,
1043 1224 1081 1283 ut
1107 1223 1257 1287 cessante

122 1330 249 1414 judicio
268 1327 430 1415 ejusmodi
449 1347 605 1405 erroneo,
625 1336 731 1396 cesset
745 1345 880 1411 quoque
894 1326 1086 1400 necessitas,
1103 1335 1135 1391 et
1153 1324 1201 1390 sic
1219 1342 1257 1387 ea

127 1455 207 1519 quae
225 1437 330 1503 fucata
345 1437 518 1502 dumtaxat
535 1436 698 1503 evidentia
717 1434 929 1522 imbuuntur,
950 1431 1115 1501 attentiori
1132 1450 1171 1496 ac
1187 1450 1258 1498 ma·

127 1543 243 1609 turiori
263 1542 494 1619 meditatione,
514 1543 667 1610 sedatiori
686 1542 812 1618 studio,
841 1558 1019 1627 progressu
1043 1538 1201 1624 temporis
1224 1547 1258 1605 et

130 1649 315 1719 mutatione
333 1648 435 1735 ipsius
452 1650 607 1737 subjecti,
629 1658 770 1735 possunt
788 1648 904 1734 corrigi
922 1668 960 1715 ac
980 1650 1060 1713 salsa
1077 1647 1259 1731 depreben-

128 1759 178 1825 di.
197 1758 232 1823 ld
250 1776 329 1825 vero
348 1759 380 1825 in
399 1757 525 1824 sincera
544 1758 706 1823 evidentia
724 1758 833 1823 locum
853 1757 975 1823 babere
994 1755 1122 1840 nequit.

200 1865 238 1929 Et
263 1866 345 1932 sicut
372 1864 407 1931 in
427 1883 487 1932 usu
507 1884 666 1931 sensuum
691 1875 831 1949 possunt
856 1883 913 1948 per
936 1863 1086 1931 accidens
1113 1862 1259 1929 accidere

129 1990 275 2049 errores,
296 1984 328 2040 et
348 1968 454 2038 etiam'
467 1973 637 2039 necessarii
656 1974 810 2049 tortasse,
836 1973 954 2037 saitem
973 1982 1151 2055 antequam
1169 1988 1260 2035 acce·

129 2064 190 2145 d'at
215 2079 421 2163 experientiae
448 2081 500 2147 vel
520 2080 654 2147 rationis
672 2078 860 2165 disciplina;
881 2080 926 2146 ita
952 2078 1051 2146 etiam
1072 2098 1138 2145 non
1169 2077 1260 2145 vide·

130 2196 188 2251 tur
207 2206 278 2253 esse
296 2187 550 2265 inconveniens,
572 2196 609 2253 ut
627 2188 828 2272 quandoque
846 2187 1032 2253 intellectus
1049 2186 1200 2272 adigatur
1218 2186 1261 2251 ad

130 2294 256 2378 aliquid
274 2296 557 2380 amplectendum,
578 2296 668 2380 quod
686 2296 795 2362 solum
813 2306 1007 2379 apparenter
1034 2304 1083 2361 est
1110 2293 1258 2363 evidens.

135 2403 224 2469 Cum
244 2403 453 2487 potissimum
473 2404 636 2489 ejusmodi
657 2421 745 2470 error
760 2400 879 2488 corrigi
902 2403 1022 2487 possit,
1044 2411 1077 2468 et
1096 2421 1163 2468 non
1181 2420 1260 2467 con-

130 2513 239 2596 tingat
258 2512 290 2577 in
306 2512 607 2579 fundamentalibus
625 2511 834 2578 scientiarum
855 2512 1020 2596 principiis
1038 2520 1072 2577 et
1089 2510 1261 2595 praecipuis

130 2618 419 2696 conclusionibus,
445 2639 520 2704 quae
538 2618 739 2687 lucidissima
757 2621 865 2686 solent
892 2617 1065 2704 splendere
1084 2617 1262 2703 perspicui-

131 2724 232 2816 tate(
258 2725 283 2816 l.

181 2833 290 2918 objic.
312 2843 362 2920 7.⁰
407 2836 453 2902 Ex
479 2835 595 2903 iisdem
622 2821 800 2920 praemissis
825 2834 1032 2904 evidentibus
1058 2836 1127 2901 erui
1153 2844 1264 2920 potest

132 2943 235 3010 illatio
254 2952 326 3009 tum
345 2943 465 3010 directa
484 2952 556 3008 tum
576 2943 743 3010 indirecta.
764 2943 848 3028 Ergo
867 2945 1022 3012 voluntas
1045 2934 1263 3009 determinare

133 3050 285 3128 debebit,
301 3069 454 3134 quaenam
474 3070 515 3117 ex
534 3051 594 3118 illis
612 3051 795 3137 colligenda
813 3051 868 3117 sit.

203 3163 307 3242 Resp.
323 3159 397 3224 aut.
414 3169 534 3224 antec:
552 3159 669 3225 eodem
685 3160 797 3235 modo,
814 3178 904 3243 neg„
916 3160 1016 3225 altera
1029 3159 1218 3226 immediate
1230 3167 1264 3224 et

134 3269 237 3332 altera
255 3266 413 3343 mediate,
434 3267 588 3333 nimirum
609 3267 716 3333 media
734 3267 968 3345 conversione,
987 3286 1076 3335 conc.

204 3373 375 3440 Ordinarie
398 3375 503 3460 prima
521 3375 645 3441 elicitur
666 3375 806 3450 directa,
826 3375 904 3458 quia
923 3395 996 3441 eam
1016 3374 1107 3460 prius
1126 3375 1264 3442 manile-

135 3490 204 3549 stat
222 3481 369 3548 instituta
388 3481 421 3547 in
441 3482 618 3566 praemissis
636 3483 837 3567 comparatio
855 3491 1081 3549 extremorum
1100 3501 1178 3549 cum
1197 3492 1262 3549 ter·

137 3589 230 3655 mino
259 3589 382 3657 medio.
409 3589 444 3656 Si
474 3599 585 3656 autem
615 3590 817 3675 comparatio
843 3589 898 3656 illa
926 3590 1014 3675 prius
1043 3590 1265 3658 manifestaret

134 3698 329 3764 indirectam
347 3697 613 3776 conclusionem,
635 3699 703 3764 haec
721 3698 910 3764 immediate
921 3717 959 3763 ac
977 3697 1067 3781 prius
1077 3698 1261 3765 inferretur.

135 3804 171 3870 Si
191 3804 327 3871 demum
346 3805 547 3890 comparatio
562 3817 785 3873 extremorum
806 3824 883 3872 curn
905 3806 1014 3873 medio
1034 3825 1128 3891 aeque
1147 3805 1265 3873 imme·

136 3913 226 3978 diate
245 3912 431 3980 manifestet
440 3914 687 3981 conclusionem
699 3923 771 3980 tum
786 3913 942 3982 directam
965 3923 1039 3980 tum
1058 3915 1262 3991 indirectam,

136 4029 277 4104 utraque
291 4021 391 4087 simul
411 4021 592 4088 necessario
607 4031 773 4106 sequetur.

184 4133 293 4211 Obiic.
325 4138 376 4197 8.⁰
422 4127 501 4194 Fieri
525 4137 652 4213 potest,
679 4137 717 4195 ut
739 4129 812 4213 quis
830 4129 949 4196 lrabeat
971 4129 1120 4196 habitum
1148 4130 1266 4197 erroris

138 4237 319 4304 radicatum
339 4237 423 4303 circa
449 4235 592 4320 aliquam
618 4236 803 4305 materiam,
831 4237 933 4321 Atqui
957 4220 1036 4305 tur'rc
1061 4237 1265 4324 impossibile

137 4345 240 4421 soret,
257 4353 295 4410 ut
311 4345 418 4411 etiam.
429 4343 542 4428 positis
561 4345 740 4429 praemissis
758 4343 978 4423 evidentibus,
994 4363 1151 4415 assensus
1168 4365 1266 4413 verus

135 4451 361 4519 conclusionis
379 4460 568 4536 sequeretur
586 4461 698 4520 contra
716 4453 814 4518 talem
831 4469 988 4521 errorem.
1004 4453 1128 4540 Ergo...

177 4706 219 4777 (ι)
255 4703 317 4763 Cir.
331 4703 374 4762 De
388 4691 561 4773 Benedictis,
577 4663 664 4779 Lep,
675 4701 724 4763 lib.
740 4725 768 4779 4,
779 4723 809 4777 q.
828 4725 852 4772 r,
865 4723 930 4778 cap.
943 4721 969 4778 5,
981 4723 1097 4780 paragr.
1111 4705 1266 4781 r,obj.3.·;

136 4795 238 4869 Msyr.
254 4795 362 4854 Plrilos
376 4793 494 4866 Peripa,
510 4791 590 4853 Part.
614 4814 639 4864 r,
653 4792 730 4866 disp.
744 4794 771 4864 6,
789 4815 819 4854 n.
837 4812 915 4868 rooq,
935 4813 1013 4867 ιοος.

1115 4919 1241 4989 ‚34
