3492 5525
551 435 611 504 750
679 417 803 486 Lomcx
818 419 1048 495 hinton—Lm.
1066 435 1138 498 ιω,
1154 420 1245 484 Dese.
1264 433 1305 483 r.·
1320 420 1399 484 cn.
1415 433 1489 501 4⁰¹²

331 619 425 680 taque
438 625 472 664 en
579 603 626 669 De
643 604 706 670 hoc
723 603 841 688 quinto
859 603 1050 688 praedicabili
1069 604 1147 671 illud
1165 603 1263 670 etiam
1283 623 1350 687 prae
1374 603 1548 670 oculisest
1573 602 1637 666 ha-

343 691 483 810 mma,
512 697 677 789 bendum,
707 730 792 790 rem,
816 731 892 796 quae
914 721 1062 798 respectu
1080 713 1215 797 alicujus
1240 711 1378 796 subjecti
1396 719 1446 777 est
1464 709 1632 785 accidens.

300 777 491 916 'walae’
513 837 608 904 posse
617 819 680 886 sub
689 820 750 887 alia
758 820 1212 906 considerationeessegenus
1222 821 1272 885 vel
1283 819 1482 904 speciem-x.
1493 838 1531 902 g.
1539 817 1636 884 color

302 905 494 1038 ‘3ss¹&ssss
512 937 563 993 est
580 927 729 994 accidens
745 938 893 1018 respectu
907 947 1097 1014 corporum,
1113 936 1146 993 et
1162 945 1270 1012 genus
1284 935 1433 1013 respectu
1455 925 1633 998 albedinis,

345 1055 443 1102 alteriue·
512 1035 649 1112 ruboris,
663 1046 742 1113 etc„
756 1044 791 1100 et
809 1037 934 1120 species
952 1046 1099 1120 respectu
1117 1035 1310 1119 qualitatum
1329 1033 1516 1102 visualium.

313 1179 480 1228 noemma
577 1141 725 1227 Denique
744 1152 832 1228 patet
850 1143 892 1209 ad
910 1162 1021 1208 veram
1040 1152 1073 1209 et
1087 1143 1260 1209 absolutam
1277 1141 1532 1225 pradicationem
1547 1141 1637 1206 acci-

305 1252 484 1335 rraedieiufffl
510 1249 614 1316 dentis
622 1249 745 1332 physici
760 1254 793 1316 el
803 1251 982 1327 intrinseci,
999 1253 1080 1318 dum
1095 1250 1285 1335 predicatur
1300 1268 1356 1334 per
1370 1250 1507 1315 modum
1523 1249 1635 1332 quinti

297 1323 498 1454 „„,2?„53‘{{32';÷„.
511 1357 739 1441 praeucabrns,
761 1358 942 1426 necessario
960 1359 1078 1442 requiri
1095 1359 1301 1426 existentiam
1326 1358 1464 1442 sumes
1491 1378 1509 1422 a
1539 1372 1635 1440 pane

308 1469 352 1514 eci
367 1465 485 1550 equesen
512 1463 569 1532 rei.
586 1465 679 1532 Ratio
693 1475 756 1542 est,
772 1467 860 1550 quia,
878 1475 914 1532 ut
929 1484 1033 1551 nuper
1046 1467 1245 1542 dicebamus,
1261 1485 1337 1534 cum
1351 1465 1498 1531 accidens
1513 1465 1635 1548 predi-

340 1545 454 1666 ’,ᾙῗ
510 1581 601 1638 catur
628 1573 669 1638 de
698 1574 863 1658 subjecto,
888 1573 1078 1641 enuntiatur
1096 1574 1229 1639 actualis
1247 1574 1324 1640 unio
1342 1572 1428 1638 iliius
1445 1589 1523 1640 cum
1552 1573 1631 1651 hoc;

512 1678 654 1765 implicat
673 1689 782 1747 autem
799 1681 878 1747 unio
893 1680 1066 1748 accidentis
1084 1682 1210 1769 physici
1228 1689 1262 1748 et
1283 1679 1445 1748 intrinseci
1458 1697 1538 1746 cum
1552 1678 1634 1746 sub-

506 1789 594 1875 jecto
614 1805 681 1854 non
700 1787 863 1856 existenti.
1039 1843 1043 1848 .

563 1893 648 1979 ,Dixi
659 1894 766 1979 primo
779 1898 823 1961 ad
833 1896 1008 1963 ahsolutm
1013 1895 1285 1978 predicationem,
1298 1896 1375 1981 quin
1386 1894 1630 1983 conditionalis,
1729 1926 1730 1929 ¹

509 1999 615 2086 qualis
633 2003 717 2068 leret
730 2003 800 2068 haec
815 2023 850 2071 v.
869 2021 919 2089 g.:
934 2001 975 2068 Si
984 2003 1099 2068 Petrus
1111 2003 1414 2079 marescallus.
1431 2014 1540 2089 potest
1553 2022 1633 2070 vera

508 2127 582 2175 esse
607 2110 705 2174 etiam
723 2108 871 2198 subjecto
890 2129 957 2176 non
973 2110 1150 2188 existente,
1170 2110 1245 2194 quia
1268 2109 1451 2196 praedicatio
1468 2111 1633 2178 conditio·

510 2216 590 2281 nalis
609 2233 675 2282 non
689 2216 837 2283 enuntiat
852 2217 1007 2284 unionem
1023 2217 1212 2294 accidentis,
1227 2237 1302 2302 quae
1316 2227 1389 2285 actu
1403 2219 1463 2296 sit,
1479 2220 1540 2286 sed
1554 2239 1633 2303 quae

508 2334 595 2391 esset
614 2323 646 2388 in
667 2325 852 2410 hypothesi.

577 2429 648 2496 Dixi
666 2433 811 2498 secundo
824 2435 868 2498 ad
881 2433 1133 2514 predicationem
1150 2433 1319 2500 accidentis
1333 2435 1498 2516 physeter
1512 2435 1633 2500 intrin-

509 2537 587 2614 seci,
608 2538 683 2621 quia
704 2540 744 2605 ad
764 2559 873 2604 veram
890 2539 1149 2623 praedicationem
1165 2541 1338 2607 accidentis
1356 2542 1528 2609 extrinseci
1548 2562 1633 2627 prae·

510 2646 622 2712 sertim
632 2647 845 2714 mensenatis
860 2665 927 2713 non
940 2665 1071 2732 semper
1082 2648 1255 2732 requiritur
1264 2649 1356 2716 realis
1367 2649 1541 2718 existentia
1551 2651 1633 2717 suh

504 2751 599 2838 jecti;
624 2754 701 2838 quia
718 2755 907 2841 hujusmodi
935 2755 1082 2823 accidens
1101 2775 1168 2823 non
1190 2756 1300 2824 unitur
1324 2758 1449 2823 realiter
1466 2757 1630 2843 subjecto,

509 2878 570 2929 nec
588 2862 629 2927 ab
647 2880 687 2927 eo
701 2872 915 2931 sustentatur.
931 2863 984 2929 Sic
1007 2882 1083 2929 vere
1100 2863 1228 2931 dicitur:
1249 2864 1491 2932 Anti-Christis
1509 2870 1561 2933 est
1577 2886 1635 2933 co-

505 2968 630 3051 gnitus,
649 2970 760 3048 Salus,
791 2990 861 3056 quc
886 2972 1003 3039 musa
1023 2975 1084 3047 est,
1103 2975 1238 3055 optatior.
1257 2970 1363 3039 lmmo
1376 2992 1437 3039 nec
1455 2974 1634 3059 requiritur

508 3075 645 3161 subjecti
660 3076 872 3159 possibilius,
888 3097 966 3145 cum
984 3097 1061 3145 vere
1075 3080 1171 3148 etiem
1186 3064 1388 3149 enuntietur:
1407 3080 1566 3148 Chimera
1582 3088 1638 3149 est

507 3184 642 3266 cognita.
656 3184 816 3261 Quodam
833 3196 944 3252 tamen
957 3194 1037 3253 sunt
1050 3187 1225 3259 accidentia
1243 3187 1479 3265 intentionaiia.
1494 3208 1572 3275 quae
1583 3192 1633 3257 ob

509 3292 701 3387 peculiarem
730 3311 824 3359 suam
852 3294 1072 3361 conditionem
1099 3298 1281 3363 necessario
1299 3298 1464 3381 postulant
1489 3298 1632 3385 subjecti

508 3398 726 3467 existentiam.
744 3400 797 3467 Sic
818 3400 895 3467 nihil
910 3420 986 3467 vere
1004 3403 1163 3469 enuntiari
1178 3415 1285 3488 potest
1302 3404 1417 3481 nisum
1436 3406 1518 3488 quin
1537 3410 1634 3474 reali·

508 3514 557 3572 ter
586 3506 719 3583 existat,
748 3508 824 3591 quia
851 3508 933 3575 visio
966 3510 1145 3577 necessario
1174 3512 1366 3577 terminatur
1387 3512 1430 3577 ad
1458 3514 1630 3600 objectum

509 3614 633 3681 realiter
650 3614 792 3681 existens
811 3613 824 3703 (
849 3612 875 3703 ).

430 3886 434 3897 ,
544 3852 583 3914 (ι)
620 3846 695 3905 Vide
708 3846 849 3918 [eandm
863 3846 1068 3921 loc.cit.‚cep.
1081 3867 1110 3922 4.
