3492 5525
525 484 584 553 344
715 469 843 534 Loc1cn
863 466 1109 533 Minoa-Drsn.
1135 478 1179 550 3.·
1199 466 1280 531 Cep.
1304 450 1377 549 μή
1487 493 1490 501 .

483 672 554 719 rem
581 651 794 737 precedentis
818 650 1015 739 syllogismi:
1033 652 1097 719 Sed
1119 650 1326 717 omnishomo
1349 650 1609 719 crevennii<
1727 674 1728 687 ¹

473 744 604 844 ‘quibus
623 760 799 845 premissis
817 758 999 827 necessario
1018 769 1118 845 atque
1140 759 1307 825 evidenter
1329 757 1495 842 sequitur,
1515 761 1608 842 quod

483 870 592 935 nullus
618 869 705 935 tomo
730 872 776 935 erl
805 867 993 943 rationalis,
1022 884 1097 951 quae
1126 875 1175 933 est
1204 865 1451 932 contradictoria
1475 866 1607 953 Majoris

483 975 666 1063 syllogismi
682 973 857 1062 propositi,
873 993 949 1059 quae
963 993 1040 1040 vera
1053 975 1314 1059 supponebatur.
1333 972 1416 1039 Vide
1430 992 1509 1061 ergo
1522 992 1608 1058 quo-

374 1072 377 1084 '
484 1085 585 1150 modo
596 1084 630 1151 in
643 1086 706 1151 hoc
720 1081 878 1169 probandi
891 1101 1013 1168 genere
1035 1082 1242 1160 ostendatur,
1259 1089 1378 1167 negata
1386 1078 1607 1169 {conclusione

483 1190 516 1257 in
537 1192 697 1276 praedictis
715 1190 834 1269 Modis,
856 1187 1076 1259 admittendas
1095 1190 1276 1257 necessario
1290 1208 1362 1255 esse
1377 1190 1459 1256 duas
1477 1198 1608 1257 contra-

482 1298 646 1365 dictorias.

550 1406 587 1471 Et
601 1404 760 1491 quoniam
775 1405 864 1471 idem
881 1406 1026 1472 eveniret
1044 1405 1076 1471 in
1096 1405 1244 1489 quolibet
1260 1404 1430 1489 exemplo,
1451 1412 1487 1471 ut
1506 1424 1604 1489 expe·

400 1592 429 1623 m
482 1512 577 1579 rienti
600 1514 736 1599 patebit,
758 1515 816 1579 has
833 1512 941 1599 logici
957 1530 1016 1609 pro
1040 1512 1268 1597 reprehensiva
1289 1512 1465 1579 modorum
1484 1511 1604 1596 irnper-

429 1606 437 1625 '
482 1621 641 1687 lectorum
661 1621 853 1706 probatione
871 1639 1052 1706 praecepere
1067 1620 1169 1706 leges:

483 1729 544 1794 Pro
564 1742 608 1794 r.·
621 1728 681 1815 fig.
698 1727 864 1795 indirecta:

548 1843 660 1921 Major
674 1842 714 1903 iit
726 1842 860 1922 Minor,
877 1850 912 1904 et
925 1842 964 1903 fit
976 1840 1200 1903 contradictio
1213 1841 1337 1918 Major:

548 1950 677 2029 Excipe
691 1950 864 2023 celantes,
881 1950 918 2011 in
932 1965 1000 2029 quo
1012 1947 1223 2027 pervertitur
1235 1948 1331 2011 ordo.

481 2053 543 2119 Pro
562 2063 610 2119 2.·
629 2050 747 2138 figura:

547 2166 671 2228 Servat
684 2166 872 2244 Majorem,
898 2164 1077 2243 variatque
1098 2164 1251 2229 secunda
1263 2158 1401 2245 (ligura)
1413 2166 1603 2229 Minorem.

480 2266 542 2333 Pro
561 2276 611 2353 3.·
628 2266 746 2353 ligura:

545 2378 666 2443 Tertia
682 2372 817 2461 (ligura)
830 2380 1001 2457 Majorem
1016 2381 1138 2454 variat,
1155 2389 1339 2459 servetque
1348 2380 1533 2444 Minorem.

545 2481 668 2548 Sensus
687 2481 740 2547 hic
757 2490 823 2557 est,
840 2482 1154 2548 demonstrationem
1174 2482 1436 2566 reprehensivam
1455 2482 1499 2547 ita
1517 2482 1602 2557 fieri,

477 2598 515 2655 ut
532 2589 565 2654 in
585 2589 690 2673 prima
714 2589 819 2674 figura
841 2588 995 2655 indirecta
1015 2608 1073 2674 pro
1092 2590 1202 2675 Majori
1227 2598 1413 2655 assumatur
1440 2591 1603 2657 contradi·

477 2695 576 2762 ctoria
595 2706 721 2782 negatae
739 2697 974 2774 conclusionis,
995 2704 1067 2764 tum
1087 2696 1189 2785 Major
1208 2705 1347 2782 ponatur
1363 2699 1434 2763 loco
1448 2697 1598 2765 Minoris.

477 2803 639 2888 Excipitur
664 2805 705 2870 ab
726 2807 785 2870 hac
811 2806 922 2890 regula
954 2807 1073 2871 modus
1101 2806 1135 2872 in
1161 2805 1322 2882 Celantes,
1351 2807 1383 2870 in
1412 2823 1480 2889 quo
1499 2806 1603 2891 Major

477 2910 642 2987 retinetur,
663 2921 696 2976 et
713 2913 786 2978 loco
803 2911 939 2978 Minoris
960 2913 1092 2996 ponitur
1105 2912 1353 2980 contradictoria
1366 2912 1599 2980 conclusionis.

544 3020 578 3084 ln
598 3020 741 3085 secunda
759 3019 866 3104 ligura
888 3019 990 3104 Major
1014 3019 1169 3085 retinetur
1192 3028 1226 3084 et
1248 3038 1307 3102 pro
1326 3019 1442 3087 Minori
1461 3021 1604 3086 assumi-

474 3135 530 3193 tur
547 3125 767 3193 conclusionis
784 3125 1043 3196 contradictoria.
1066 3127 1104 3191 Et
1122 3128 1184 3192 hoc
1197 3135 1293 3212 pacto
1308 3128 1465 3212 probatur
1480 3129 1603 3195 modus

475 3235 605 3299 Baroco.

541 3342 575 3407 ln
590 3341 682 3406 tertia
698 3341 803 3427 ligura
817 3360 1027 3416 econverso,
1043 3336 1157 3408 eadem
1177 3351 1324 3409 servatur
1341 3343 1464 3419 Minor,
1480 3349 1512 3407 et
1526 3343 1602 3410 loco

474 3449 604 3534 Majoris
626 3449 760 3532 ponitur
785 3450 1035 3520 contradictoria
1052 3450 1285 3527 conclusionis,
1304 3469 1372 3535 qua
1388 3452 1458 3517 sola
1476 3451 1601 3518 ratione

474 3557 602 3641 probari
622 3565 731 3641 potest
749 3559 902 3623 Bocordo.

535 3666 606 3744 jam
626 3683 668 3731 ex
686 3662 863 3749 premissis
882 3664 1064 3731 secundum
1086 3667 1143 3732 has
1170 3668 1298 3751 regulas
1317 3665 1490 3741 ordinatis,
1510 3683 1601 3733 sem·

473 3791 531 3857 per
563 3771 634 3839 lluit
666 3773 699 3837 in
732 3772 843 3855 aliquo
875 3791 916 3837 ex
945 3772 1052 3838 modis
1086 3773 1234 3856 perlectis
1266 3772 1402 3838 evidens
1431 3773 1599 3840 conclusio

471 3880 632 3945 contraria
647 3880 698 3944 vel
714 3878 963 3946 contradictoria
975 3879 1109 3946 alterius
1123 3899 1164 3947 ex
1178 3879 1370 3976 praemissis,
1388 3897 1463 3963 quae
1479 3880 1512 3947 in
1526 3899 1602 3965 pro-

473 3987 582 4071 posito
599 3987 797 4074 syllogismo
814 4004 893 4052 vcra
911 3988 1121 4071 supponitur.

540 4094 683 4160 Adverte
702 4103 832 4168 tamen,
848 4095 1050 4177 quandoque
1064 4094 1096 4160 in
1112 4095 1301 4180 hujusmodi
1316 4094 1507 4180 probatione
1519 4111 1600 4161 con·

472 4202 652 4268 elusionem
667 4201 925 4269 convertendam
941 4219 1030 4276 esse,
1051 4213 1088 4268 ut
1107 4201 1149 4267 sit
1167 4202 1199 4268 in
1214 4203 1361 4269 terminis
1375 4202 1526 4288 opposita
1539 4205 1597 4272 uni

469 4327 511 4375 ex
532 4310 711 4393 praemissis
730 4308 930 4394 syllogismi,
951 4309 1045 4393 cujus
1063 4309 1225 4377 rectitudo
1243 4311 1414 4395 probatur,
1436 4313 1598 4394 quemad-

470 4415 608 4482 modum
630 4415 774 4481 vidimus
792 4416 825 4480 in
845 4416 954 4500 primo
977 4418 1130 4500 exemplo
1148 4415 1213 4504 (ι).

463 4666 648 4814 d·(r)8liid.
673 4666 708 4723 P.
734 4663 864 4738 Sylvcst.
882 4663 998 4735 Mauri,
1017 4665 1073 4725 loc.
1094 4686 1168 4740 nup.
1193 4667 1254 4738 cite
1277 4667 1418 4738 Loeeede,
1433 4669 1594 4738 Sammaei,

484 4776 541 4829 rep.
574 4775 661 4827 ,cap
676 4772 701 4828 5.
