3492 5525
280 463 473 539 laricino·
487 474 615 541 Rosos.
633 492 737 539 nnusn
754 493 912 539 eminam
925 493 1123 549 subjectiva
1166 490 1223 559 539

134 657 302 725 criterium
323 656 420 724 etiam
440 659 481 724 ad
496 658 616 742 aliquid
635 657 817 726 tenendum
842 668 880 725 ut
897 658 1077 736 incertum,
1097 659 1260 744 siquidem

135 765 179 832 ad
205 766 268 832 hoc
290 766 388 832 etiam
416 784 549 833 necesse
576 776 643 843 est,
669 774 706 833 ut
729 765 838 833 consci
869 768 975 834 simus
998 786 1058 834 nos
1088 766 1168 834 illud
1193 786 1261 834 non

136 872 307 940 evidenter
330 875 505 959 percipere.
523 874 556 940 Si
575 874 656 958 quid
675 892 754 959 ergo
773 875 859 941 valet
877 864 1034 961 objectio,
1055 873 1262 942 conscientiae

139 981 365 1048 testimonium
390 981 450 1049 erit
474 980 640 1047 criterium
666 990 829 1047 certorum
849 981 967 1066 pariter
990 990 1023 1048 et
1046 978 1259 1049 incertorum.

137 1088 279 1164 Verum,
301 1098 337 1155 ut
357 1091 465 1175 aptius
476 1091 914 1174 loquamur,argumentum
936 1109 1001 1156 non
1024 1090 1112 1155 aliud
1131 1089 1259 1174 probat,

137 1194 199 1261 nisi
213 1197 301 1279 quod
320 1198 526 1263 conscientiae
547 1194 776 1263 testlmonium
790 1198 839 1263 sit
859 1198 1004 1264 conditio
1026 1197 1206 1264 necessaria
1218 1197 1261 1263 ad

137 1302 256 1369 rellexe
272 1303 485 1390 judicandum
500 1304 541 1370 de
555 1303 747 1371 certitudine
762 1306 813 1370 vel
830 1304 1060 1373 incertitudine
1076 1313 1260 1371 nostrarum

135 1410 375 1495 cognitionum.

181 1522 338 1585 &unda
354 1540 447 1602 pare.
473 1525 640 1587 Probatur
665 1528 710 1589 t.‘'
757 1518 930 1586 Criterium
958 1519 1163 1585 immutabile
1187 1536 1259 1585 esse
1378 1563 1382 1571 -

137 1634 281 1709 oportet.
298 1626 400 1710 Atqui
420 1628 548 1707 affectio
562 1626 661 1693 animi
681 1628 713 1694 in
735 1629 830 1694 horas
854 1636 1015 1704 mutatur,
1037 1635 1073 1693 ut
1090 1626 1259 1712 experien-

137 1732 181 1799 tia
199 1745 315 1819 notum¹
336 1733 491 1800 omnibus
508 1743 571 1802 est.
592 1734 730 1819 Ergo...
1299 1806 1305 1818 ‚

183 1848 283 1909 Proh.
314 1840 368 1909 2.⁰
417 1840 589 1908 Cliterium
620 1842 761 1909 veritatis
789 1841 877 1908 idern
908 1861 966 1927 pro
1001 1842 1158 1908 omnibus
1185 1860 1258 1908 esse

136 1948 246 2015 debet.
280 1948 480 2015 Affectiones
515 1968 590 2015 vero
618 1950 716 2016 animi
745 1950 828 2016 circa
855 1950 1006 2015 eamdem
1035 1969 1104 2017 rem
1133 1949 1258 2017 variant

138 2074 197 2140 pro
215 2057 439 2142 subjectorum
458 2057 584 2125 diversa
603 2058 728 2134 indole,
749 2058 981 2125 constitutione
1009 2057 1158 2145 physica,
1178 2058 1258 2124 edu·

136 2164 279 2241 catione,
300 2164 510 2251 prejudiciis,
533 2165 696 2241 moribuS,
719 2164 909 2250 caeterisque
926 2165 1167 2233 conditionibus
1186 2184 1259 2250 pet·

137 2272 316 2367 sonatibus.

183 2386 285 2449 Prob.
306 2388 356 2450 3.⁰
403 2366 539 2447 Affectio
558 2380 719 2466 ejusmodi
746 2399 830 2447 caeca
848 2389 916 2459 est,
936 2391 969 2447 et
986 2403 1006 2447 a
1029 2382 1152 2448 ratione
1170 2400 1258 2467 saepe

137 2487 390 2573 deprehenditur
409 2498 444 2555 ut
472 2489 597 2555 veritati
621 2508 824 2576 repugnans,
845 2488 984 2573 ideoque
1008 2490 1125 2576 corrigi
1143 2490 1184 2554 ab
1207 2489 1259 2554 illa

137 2595 250 2662 debet.
266 2596 352 2663 Nihil
372 2605 481 2663 autem
501 2594 662 2683 ejusmodi
684 2598 806 2662 assumi
831 2605 941 2682 potest
963 2616 1023 2682 pro
1042 2616 1157 2665 norma
1176 2596 1259 2663 ueri-

137 2704 213 2771 tatis
232 2705 460 2790 motivumque
478 2704 691 2771 certitudinis.

467 2864 660 2934 Solvuntur<
684 2883 932 2933 ornncuunnres.

182 3031 237 3114 89.
286 3033 435 3112 objicies
463 3035 510 3093 ιθ
538 3027 708 3094 Sentimus
740 3027 972 3093 irresistibilem
1004 3026 1089 3106 vim,
1121 3048 1186 3114 qua
1218 3030 1259 3094 ad

138 3134 292 3221 principia
311 3135 499 3201 immediata
518 3135 752 3218 evidentesque
771 3135 998 3201 conclusiones
1016 3137 1260 3220 amplectendas

138 3243 311 3328 adigimur.
334 3242 399 3308 Sed
418 3243 579 3328 ejusmodi
589 3243 720 3328 judiciis
740 3243 856 3308 ialsutn
877 3243 1014 3310 subesse
1034 3244 1156 3329 nequit.
1175 3245 1259 3332 Ergo

138 3349 309 3417 instinctus
327 3350 453 3417 admitti
473 3358 583 3434 potest
599 3360 769 3434 tamquam
784 3350 960 3420 criterium.

205 3465 310 3542 Reep.
325 3457 399 3523 dist.
416 3461 545 3545 Maian:
562 3467 595 3525 et
613 3461 682 3525 haec
699 3459 749 3525 vis
768 3457 972 3526 irresistibilis
986 3468 1035 3527 est
1052 3461 1174 3526 fructus
1193 3461 1262 3526 evi·

137 3565 274 3642 dentiae,
294 3566 420 3650 dequo
439 3564 590 3650 superius
609 3566 707 3632 locuti
734 3584 867 3643 sumus,
893 3585 998 3647 conc.,·
1016 3576 1066 3636 est
1088 3567 1261 3635 instinctus

138 3693 262 3752 caecus,
283 3674 411 3766 dequo
429 3691 516 3740 nunc
536 3674 685 3760 agimus,
701 3693 772 3758 neg.

207 3781 304 3850 Cone.
321 3781 453 3857 Minor..
470 3789 503 3846 et
517 3780 678 3866 distinguo
690 3780 806 3846 eodem
823 3781 924 3847 modo
937 3799 1072 3866 conseq.
1090 3783 1262 3850 instinctus

138 3909 264 3966 caecus,
284 3909 371 3974 neg„
401 3883 466 3955 non
495 3908 617 3968 caecus,
638 3891 695 3956 sed
718 3888 848 3955 aliunde
867 3889 1088 3968 illuminatus,
1112 3891 1262 3973 suidist.,·

139 3997 266 4064 admitti
293 4005 401 4083 potest
428 4005 599 4079 tamquam
629 3998 783 4063 ultimum
812 4017 848 4064 ac
875 4016 1069 4082 supremum
1099 4001 1261 4066 motivum

139 4105 359 4182 certitudinis,
379 4125 466 4190 neg„
487 4105 579 4171 aliter
597 4109 749 4171 transeat.

207 4213 442 4280 Necessitatem
462 4231 633 4288 assensus,
665 4229 901 4295 quamverum
925 4213 1090 4280 evidenter
1113 4215 1262 4299 proposi·

139 4332 213 4389 tum
233 4322 332 4407 parit,
353 4321 494 4406 appellet
507 4338 586 4386 sane
604 4321 678 4403 quis
695 4320 895 4397 instinctum,
920 4321 972 4386 vel
989 4339 1114 4387 sensum
1128 4341 1264 4388 commu-

138 4449 227 4507 nem,
259 4437 314 4494 aut
339 4429 402 4495 alio
428 4445 639 4511 quocumque
667 4427 817 4504 nornine,
845 4428 887 4492 de
914 4426 1051 4493 vocibus
1079 4428 1167 4494 enim
1194 4449 1262 4496 non

140 4539 361 4622 disputamus;
382 4535 440 4602 sed
461 4554 502 4600 ne
516 4536 600 4601 dicat
615 4554 734 4601 caecam
751 4534 1188 4619 ejusmodipropensionem,
1204 4554 1263 4603 nec

141 4665 213 4710 earn
228 4663 305 4709 cum
320 4644 475 4710 instinctu
494 4663 581 4710 caeco
595 4641 696 4708 Reidii
711 4643 902 4711 contundat.
917 4641 1018 4708 Secus
1032 4643 1065 4707 in
1080 4644 1149 4728 ipsa
1165 4645 1262 4710 visio·

141 4771 199 4830 ne,
220 4751 254 4818 in
284 4771 416 4818 summa
435 4769 565 4836 quaque
588 4751 768 4828 evidentia,
788 4749 915 4818 caecitas
939 4751 1147 4836 agnoscenda
1165 4751 1259 4820 ioret.
