3492 5525
563 432 640 497 1128
671 432 794 498 Locren
808 431 1042 507 MaJon-Lro.
1061 444 1132 509 μ’,
1147 431 1240 494 Dran.
1257 432 1303 493 ta·
1317 428 1395 492 Can.
1413 442 1485 492 au·

587 628 692 705 Resp.
721 618 811 705 quod
842 618 957 685 attinet
982 617 1025 683 ad
1053 623 1146 682 actus
1172 614 1356 680 intellectus
1381 621 1415 678 et
1444 609 1633 684 voluntatis,

520 748 603 815 neg,
618 730 710 814 quod
727 727 769 794 de
787 726 916 793 illarum
932 725 1150 810 potentiarum
1178 720 1314 808 objectis
1331 720 1509 788 formaliter
1526 725 1637 807 tractet

520 837 653 906 scientia
675 837 716 902 de
733 834 871 916 Anim;
885 852 1002 901 verum
1013 831 1102 899 enim
1121 838 1154 897 et
1170 831 1316 907 bonum,
1335 848 1410 913 quae
1429 835 1510 895 sunt
1527 842 1636 891 earum

520 946 658 1033 objecta,
679 944 842 1031 pertinent
860 941 901 1008 ad
915 940 1173 1031 metaphysicam
1184 938 1491 1006 considerationem.

586 1050 685 1130 Quod
703 1070 782 1119 vero
800 1050 915 1117 attinet
929 1050 971 1115 ad
984 1048 1109 1134 objecta
1126 1064 1286 1114 sensuum
1299 1048 1400 1111 fateor
1414 1047 1458 1111 ita
1472 1062 1563 1128 esse;
1583 1045 1638 1110 sed

520 1160 601 1229 ratio
619 1170 686 1237 est,
706 1158 782 1244 quia
800 1158 853 1224 illa
873 1158 999 1243 objecta
1012 1163 1161 1241 spectant
1175 1156 1216 1220 ad
1234 1153 1528 1221 considerationem
1548 1160 1639 1218 natu·

520 1270 594 1337 ralis
613 1266 841 1353 Philosophiae.
862 1265 956 1333 Unde
973 1282 1045 1349 neg.
1062 1262 1246 1348 paritatem.
1285 1350 1288 1353 ἱ

563 1382 673 1461 objie.
691 1374 746 1460 4.⁰
793 1374 902 1440 Homo
919 1370 966 1439 sic
984 1370 1151 1439 ordinatur
1168 1371 1210 1437 ad
1228 1370 1334 1436 Deum
1352 1369 1437 1435 clare
1455 1370 1584 1443 visum,
1605 1378 1639 1435 ut

520 1502 587 1551 non
606 1484 674 1551 sola
693 1483 791 1559 visio,
812 1482 869 1549 sed
890 1482 988 1547 etiam
1012 1478 1100 1546 Deus
1119 1478 1187 1565 ipse
1212 1478 1254 1544 sit
1280 1477 1356 1544 tinis
1380 1476 1536 1544 hominis.
1555 1476 1638 1560 Ergo

521 1592 637 1678 logica
655 1592 700 1659 sic
724 1590 891 1657 ordinatur
909 1588 950 1654 ad
970 1606 1096 1674 genus,
1117 1584 1259 1671 speciem
1285 1593 1318 1651 et
1341 1584 1401 1651 alia
1427 1592 1580 1650 concreta
1597 1584 1639 1649 in-

520 1698 726 1777 tentionalia,
743 1709 780 1766 ut
794 1715 861 1763 non
881 1697 951 1764 sola
965 1695 1124 1781 cognitio,
1141 1685 1311 1762 sedetiam
1334 1713 1403 1771 res,
1418 1711 1492 1777 quae
1516 1710 1638 1777 cogno

521 1806 637 1883 scitur,
659 1806 702 1875 sit
720 1808 790 1892 ejus
808 1805 884 1872 finis
897 1813 931 1870 ct
948 1804 1113 1890 objectum
1133 1804 1268 1868 formale
1280 1799 1345 1893 (i).

588 1920 695 1998 Resp.
713 1932 785 1998 neg.
807 1914 991 1999 paritatem.
1011 1908 1097 1987 Quia
1118 1910 1205 1977 Deus
1224 1911 1310 1995 ipse,
1325 1918 1422 1994 prout
1431 1910 1605 1977 distinctus
1621 1931 1639 1973 a

523 2023 663 2100 visione,
681 2023 778 2089 habet
796 2021 828 2087 in
843 2040 879 2087 se
898 2021 1055 2087 rationem
1071 2037 1109 2084 ac
1127 2018 1307 2093 motivum,
1318 2036 1375 2085 cur
1389 2018 1431 2084 sit
1441 2016 1517 2084 linis
1534 2018 1640 2082 bomi-

523 2130 590 2212 nis;
604 2138 637 2195 at
655 2130 771 2215 Logica
782 2130 877 2214 cuius
891 2127 966 2193 finis
981 2135 1031 2193 est
1049 2125 1220 2192 artificium
1233 2126 1320 2192 modi
1338 2125 1478 2201 sciendi,
1498 2126 1531 2191 in
1544 2125 1640 2191 rebus
1714 2105 1715 2196 ζ

521 2249 613 2306 extra
640 2238 782 2303 animam
803 2254 869 2301 non
895 2235 1019 2325 invenit
1045 2234 1203 2301 rationem
1231 2243 1287 2300 aut
1314 2234 1494 2308 motivum,
1519 2252 1577 2298 cur
1601 2234 1641 2297 ab
1714 2215 1715 2284 ἶ

523 2348 593 2432 ipsa
605 2344 865 2412 considerentur.

590 2453 686 2518 Addo
713 2450 829 2527 etiam,
859 2452 886 2517 si
913 2451 1081 2536 quippiam
1109 2453 1230 2516 valeret
1253 2451 1389 2535 paritas,
1408 2462 1640 2540 argumentum

524 2561 675 2649 probaret
694 2560 843 2645 logicam
863 2558 1069 2643 principalius
1087 2558 1225 2624 ordinari
1240 2560 1280 2623 ad
1299 2578 1350 2624 res
1369 2560 1552 2627 secundum
1571 2580 1641 2626 esse

525 2668 697 2757 physicum
717 2687 846 2743 earum,
868 2685 968 2752 quam
988 2667 1029 2732 ad
1046 2666 1266 2751 cognitiones,
1287 2668 1377 2751 quod
1395 2677 1446 2733 est
1463 2677 1578 2734 contra
1596 2690 1643 2733 ar-

525 2787 699 2866 guentem;
720 2777 824 2842 immo
853 2776 969 2859 probat
996 2775 1146 2860 Logicam
1175 2795 1216 2840 ex
1242 2778 1388 2861 professo
1417 2778 1536 2845 versari
1562 2779 1642 2843 circa

526 2887 696 2972 praedicata
710 2883 884 2950 intrinseca
902 2892 934 2948 et
952 2883 1102 2967 specifica·
1117 2901 1224 2948 rerum
1243 2885 1412 2967 omnium;
1431 2903 1533 2968 quare
1551 2885 1643 2971 Logi-

525 3011 584 3062 cus
602 2993 714 3060 omnia
727 2999 864 3058 tractare
883 2991 1030 3067 debebit,
1051 2989 1227 3075 omniaque
1246 2991 1339 3057 scire.

590 3107 708 3178 Dices,
727 3099 813 3166 idem
826 3099 1074 3164 incommodum
1090 3099 1200 3182 sequi,
1215 3101 1242 3166 si
1255 3099 1384 3184 objecta
1399 3099 1641 3186 cognitionum,

526 3212 641 3278 saltem
652 3228 710 3294 pro
726 3205 895 3284 materiali,
908 3208 1146 3292 respiciantura
1158 3207 1286 3294 Logiea.
1297 3214 1365 3275 Sed
1374 3211 1567 3292 respondeo
1577 3230 1644 3274 ma·

525 3318 636 3386 teriale
653 3318 820 3403 objectum
836 3335 904 3381 non
915 3316 1031 3382 discuti
1046 3335 1087 3380 ex
1102 3317 1247 3399 professo
1259 3336 1278 3380 a
1290 3315 1448 3392 scientiis,
1464 3317 1524 3382 sed
1536 3319 1642 3383 solum

525 3435 687 3511 quantum
707 3424 808 3510 exigit
827 3426 1002 3490 necessitas
1021 3424 1137 3508 objecti
1153 3424 1313 3506 formalis3
1329 3424 1499 3490 artificium
1515 3437 1642 3500 autem,

525 3533 615 3619 quod
634 3541 684 3599 est
703 3534 866 3620 objectum
887 3533 1021 3597 formale
1040 3531 1182 3617 Logicae,
1198 3541 1361 3615 quatenus
1375 3532 1416 3596 ab
1433 3534 1506 3617 ejus
1523 3536 1645 3618 regulis

524 3640 729 3728 generalibus
748 3641 922 3717 dictatum,
944 3641 1135 3723 plerumque
1155 3658 1221 3705 non
1236 3618 1337 3724 exigit
1350 3639 1499 3706 notitiam
1520 3660 1642 3718 rerum,

526 3749 587 3818 nisi
605 3747 736 3815 obviam
755 3756 790 3813 et
807 3749 992 3832 generalem
1013 3746 1025 3834 (
1051 3745 1076 3836 ).

569 3864 678 3941 Oine.
701 3863 750 3925 5.⁰
796 3857 908 3922 Omne
925 3855 975 3931 id,
1004 3858 1046 3921 de
1064 3856 1281 3939 quo‘scientia
1305 3857 1465 3939 disputat,
1496 3867 1548 3924 est
1574 3862 1645 3944 ejus

525 3967 659 4033 formale
678 3965 859 4052 objectum.
880 3964 946 4030 Sed
965 3965 1082 4050 Logica
1101 3983 1141 4030 ex
1156 3965 1301 4048 professo
1314 3965 1458 4048 disputat
1473 3965 1515 4031 de
1529 3986 1645 4034 conce·

525 4074 636 4161 ptibus
663 4072 847 4158 objectiviS,
881 4073 998 4137 saltem
1029 4073 1061 4139 in
1089 4070 1271 4155 quaestione
1290 4074 1454 4156 praesenti.
1475 4073 1560 4160 Ergo
1578 4074 1642 4160 (3).

534 4256 539 4285 Κ
591 4190 695 4266 Resp.
713 4180 862 4266 Objcctio
878 4181 994 4264 probat
1008 4181 1105 4245 etiam
1127 4179 1159 4244 id
1180 4197 1292 4256 omne,
1309 4178 1350 4244 de
1362 4197 1430 4263 quo
1444 4180 1642 4264 disputatur,

523 4311 564 4358 an
595 4292 636 4359 sit
661 4291 795 4356 lormale
823 4288 1007 4374 objectum,
1042 4285 1146 4372 reipsa
1169 4293 1264 4364 esse,
1293 4289 1445 4371 quamvis
1475 4290 1644 4356 evidenter

504 4469 509 4480 ι
524 4483 789 4499 —n——fl

557 4563 599 4633 (ι)
636 4561 678 4620 lta
693 4560 726 4617 P.
743 4559 841 4634 Lynce
855 4558 934 4630 apud
948 4556 1088 4628 Lossacla,
1102 4557 1156 4615 loc.
1172 4555 1230 4625 cit..
1247 4577 1277 4616 n.
1297 4575 1338 4631 14.
1355 4529 1445 4616 Conf.
1457 4564 1497 4616 2.·

557 4653 598 4720 (a)
635 4649 773 4716 Lossada,
789 4649 843 4708 loe.
854 4647 916 4718 cit..
932 4669 963 4707 n.
982 4649 1023 4706 16.

558 4749 598 4813 (3)
636 4739 677 4801 lta
691 4739 796 4799 iterum
807 4739 841 4798 P.
852 4737 1039 4812 Lynceapod
1052 4737 1191 4809 Loasede,
1208 4738 1261 4800 loc.
1272 4736 1332 4808 cit,
1346 4758 1376 4798 a.
1394 4757 1436 4810 14.
