3492 5525
419 484 533 551 lianc.
560 498 617 550 rau
638 484 727 564 Quro
749 502 1001 551 oenousraarro
1168 482 1228 567 855

74 704 76 708 ·
145 670 374 748 admirativus,
394 688 506 737 veram
525 654 660 754 quidem
687 668 1004 737 demonstrationem
1022 668 1181 745 instituis,
1201 686 1270 734 non

145 787 256 845 tamen
275 781 471 863 perfectam,
497 778 556 845 nisi
581 778 740 845 rationem
760 778 858 843 etiam
879 778 1013 854 reddas,
1031 795 1091 843 cur
1108 764 1210 868 bomo
1227 774 1271 842 sit

145 884 374 963 admirativus,
401 904 519 970 nempe
539 885 615 969 quia
633 884 798 952 rationalis
817 893 879 953 est.
897 884 934 953 Et
948 885 994 951 sic
1008 883 1066 962 stt,
1079 892 1117 950 ut
1130 883 1270 952 demon·

144 994 260 1061 stratio
283 995 401 1060 debeat
415 1012 487 1060 esse
502 1012 542 1059 ex
557 992 669 1078 primis
684 1001 718 1060 et
733 992 948 1069 immediatis,
962 992 1038 1076 quia
1053 992 1105 1058 vei
1119 990 1270 1089 proprime

145 1104 197 1168 vel
226 1100 413 1169 immediate
438 1100 680 1169 deveniendum
704 1109 755 1167 est
773 1100 815 1165 ad
838 1098 1155 1184 indemonstrabilia,
1169 1095 1270 1165 Ratio

144 1226 223 1277 vero
253 1208 286 1275 in
311 1219 481 1294 comperto
506 1217 574 1293 est,
601 1208 679 1293 quia
704 1206 873 1277 conclusio
898 1208 971 1275 sciri
990 1205 1271 1273 demonstratione

145 1335 212 1383 non
232 1325 357 1401 potest,
384 1316 445 1383 nisi
471 1315 615 1383 sciantur
640 1316 835 1400 praemissae3
857 1313 1040 1400 premisse
1062 1311 1185 1379 verosi
1204 1310 1269 1380 sint

145 1423 417 1491 demonstrabiles
432 1442 498 1489 non
513 1430 654 1509 possunt
667 1421 752 1499 sciri,
770 1422 830 1488 nisi
845 1431 879 1488 et
893 1421 973 1507 ipsae
988 1421 1267 1496 demonstrentur,

82 1566 85 1569 ·
144 1541 178 1599 et
196 1533 240 1597 lta
255 1549 365 1615 porro,
381 1531 486 1598 donec
500 1531 635 1598 tandem
656 1530 803 1597 veniatur
814 1530 855 1596 ad
870 1527 1169 1607 indemonstrabilia
1183 1526 1271 1611 prin·

144 1637 244 1723 cipla,
266 1655 341 1723 quae
359 1658 402 1705 ex
420 1638 499 1723 ipsis
516 1636 665 1704 terminis
684 1638 823 1723 perfecte
841 1648 1101 1723 cognoscuntur.

214 1748 370 1812 Praeterea
389 1744 625 1812 demonstratio
643 1744 680 1812 fit
700 1763 741 1810 ex
760 1744 954 1826 notioribus,
973 1748 1005 1809 et
1015 1742 1176 1827 pnbrr‘bacs
1196 1760 1272 1809 catt-

92 1928 96 1935 ,
147 1854 247 1939 sisque
269 1852 490 1921 conclusionis.
510 1853 557 1919 Ex
576 1852 684 1920 causis
701 1852 857 1934 quidem,
878 1851 955 1935 quia
975 1850 1050 1917 imis
1067 1850 1273 1916 demonstra·

144 1960 243 2028 tionis
261 1968 311 2027 est
341 1960 439 2037 scire,
471 1978 536 2026 non
565 1968 675 2026 autem
704 1978 756 2025 res
784 1959 903 2035 scitur,
933 1959 1040 2024 donec
1066 1974 1175 2025 cause
1202 1958 1273 2043 ejus

143 2068 303 2145 sciantur,
325 2076 363 2133 ut
380 2068 486 2153 magis
504 2066 738 2143 declarabitur,
758 2086 836 2134 cum
855 2066 1048 2133 descientia
1066 2083 1176 2132 sermo
1197 2065 1269 2130 erit.

143 2176 283 2261 Oportet
301 2176 411 2259 itaque
430 2174 745 2241 demonstrationem
762 2174 936 2260 procedere
962 2192 1002 2239 ex
1021 2172 1078 2250 iis,
1100 2191 1177 2257 quae
1193 2179 1274 2241 sunt

142 2302 249 2351 causae
268 2281 311 2349 rei
333 2283 611 2349 demonstrandae.
1306 2295 1309 2301 ·

211 2392 269 2457 llic
287 2398 397 2457 autem
418 2398 511 2468 nota,
532 2390 655 2473 aliquid
674 2408 772 2474 posse
802 2407 875 2455 esse
902 2405 1035 2456 causam
1056 2387 1190 2456 alterius
1218 2388 1271 2455 vel

143 2501 176 2567 in
196 2498 348 2576 essendo,
365 2498 441 2581 quia
455 2498 510 2564 dat
523 2516 597 2563 esse
611 2498 673 2574 illi,
690 2498 741 2564 vel
756 2496 789 2562 in
800 2496 1032 2582 cognoscendo
1043 2544 1052 2571 ,
1063 2494 1140 2579 quia
1150 2500 1272 2581 nempe

143 2608 217 2675 iacit
236 2608 315 2673 illud
333 2624 543 2692 cognoscere.
561 2606 598 2670 Et
613 2604 788 2690 praemissae
804 2594 938 2688 quidem
954 2622 1089 2689 semper
1101 2612 1179 2670 sunt
1195 2622 1273 2669 cau·

142 2734 180 2784 sa
197 2713 433 2791 conclusionis,
454 2714 571 2781 saltem
592 2714 625 2781 in
643 2711 893 2798 cognoscendo,
915 2719 1114 2780 nontamen
1140 2730 1272 2798 semper

142 2835 221 2892 sunt
239 2803 336 2890 causa
353 2821 571 2889 conclusionis
588 2821 621 2888 in
640 2821 798 2898 essendo,
815 2821 874 2888 sed
888 2821 998 2913 solum
1013 2820 1047 2886 in
1066 2821 1272 2889 demonstra·

141 2934 232 3000 tione
251 2939 383 3017 propter
400 2930 480 3014 quid
499 2939 531 2996 et
551 2950 570 2996 a
588 2928 702 3014 priori,
723 2928 798 3013 quia
818 2930 927 2996 solum
947 2927 981 2995 in
1000 2928 1190 3016 hujusmodi
1212 2929 1270 2996 de-

143 3039 382 3108 monstratione
401 3037 566 3122 objectum
582 3037 824 3121 praemissarum
839 3036 985 3104 continet
997 3054 1132 3104 causam
1152 3035 1274 3122 objecti·

142 3145 371 3215 conclusionis.
392 3143 430 3210 Et
456 3144 612 3226 quoniam
642 3144 852 3221 Aristoteles,
874 3153 911 3211 ut
940 3162 1038 3228 supra
1063 3143 1267 3221 monuimus,

141 3275 219 3322 cum
235 3255 303 3320 suis
315 3251 655 3330 Commentatoribus,
668 3251 719 3318 hic
730 3251 940 3336 potissimum
955 3250 1090 3318 desinire
1100 3253 1204 3320 voluit
1212 3253 1270 3319 de·

143 3360 413 3429 monstrationem
430 3363 557 3442 propter
580 3359 673 3446 quid,
702 3359 856 3444 particula
875 3361 926 3426 illa
945 3378 986 3425 ex
1001 3360 1123 3438 causes,
1150 3359 1270 3426 intelli·

142 3471 251 3556 genda
269 3478 320 3535 est
340 3486 405 3534 non
424 3469 532 3535 solum
545 3467 586 3533 de
599 3467 706 3533 causis
717 3467 750 3533 in
765 3466 1013 3551 cognoscendo,
1033 3467 1093 3532 sed
1106 3466 1147 3533 de
1161 3467 1267 3536 causis

141 3589 215 3644 tum
234 3579 266 3643 m
285 3574 517 3661 cognoscendo
535 3583 608 3640 tum
628 3574 661 3641 in
683 3574 840 3650 essendo,
868 3583 905 3640 ut
928 3591 1046 3640 sensus
1068 3572 1268 3641 definitionis

141 3683 184 3752 sit
210 3685 278 3761 hic,
308 3681 623 3749 demonstrationem
658 3681 832 3766 procedere
862 3680 981 3747 debere
1013 3699 1054 3748 ex
1080 3671 1266 3767 cognitione
1376 3743 1379 3749 .

141 3791 240 3869 illius,
257 3790 347 3875 quod
362 3799 412 3856 est
425 3807 533 3865 causa,
548 3789 588 3856 ad
600 3789 822 3874 cognitionem
836 3788 935 3864 illius,
950 3788 1039 3871 quod
1054 3796 1103 3854 est
1115 3789 1263 3856 eiiectus.

210 3899 290 3964 lllud
308 3899 406 3965 etiam
428 3905 504 3962 nota
522 3915 650 3963 causam
667 3897 719 3962 bic
737 3897 934 3963 sumendam
954 3915 1027 3962 esse
1051 3897 1122 3962 sive
1146 3897 1267 3963 torma·

141 4007 214 4072 liter
232 4006 302 4072 sive
322 4005 419 4070 etiam
445 4003 623 4070 virtualiter
642 4022 700 4089 pro
718 4021 758 4070 eo
777 4021 914 4087 nempe,
934 4004 1024 4087 quod
1043 4005 1166 4071 retest
1191 4022 1266 4070 vere

140 4132 180 4178 ac
196 4113 373 4180 formaliter
391 4129 505 4188 causa,
527 4112 578 4176 vel
598 4110 705 4177 solum
724 4109 920 4187 virtualiter,
941 4110 973 4176 id
998 4119 1066 4187 est,
1086 4130 1123 4177 se
1137 4111 1266 4178 babens

141 4223 245 4288 instar
264 4207 382 4286 causae.
402 4219 500 4285 Porro
514 4236 612 4286 causa
626 4217 946 4303 formalitersumpta
961 4218 1012 4285 hic
1026 4228 1076 4285 est
1087 4219 1153 4295 illa,
1168 4238 1265 4303 aqua

143 4347 221 4394 vere
248 4327 439 4412 producitur
456 4325 578 4410 aliquid
601 4324 670 4391 sive
699 4344 755 4409 per
785 4327 904 4392 realem
930 4323 1091 4392 actionem
1114 4327 1184 4392 sive
1208 4345 1267 4411 per

140 4436 398 4502 emanationem.
423 4433 528 4499 Causa
547 4451 624 4499 vero
643 4432 789 4499 virtualis
808 4432 904 4510 illud,
931 4452 1041 4518 aquo
1063 4452 1176 4501 revera
1198 4453 1265 4502 non

142 4543 216 4609 tluit
235 4541 338 4618 aliud,
359 4552 415 4608 aut
431 4540 594 4625 dependet
607 4539 639 4605 in
659 4558 748 4616 esse,
769 4541 843 4623 quia
863 4539 951 4605 idem
972 4542 1098 4608 realiter
1116 4551 1168 4610 est
1187 4560 1265 4611 cum

141 4669 200 4725 eo,
216 4649 429 4716 nihilominus
444 4645 697 4733 apprehenditur
711 4657 747 4714 ut
763 4647 852 4715 radix
871 4649 1017 4726 alterius,
1029 4650 1119 4732 quod
1132 4649 1269 4736 proinde

141 4755 325 4841 concipitur
344 4765 381 4823 ut
400 4755 591 4841 dependens
609 4754 651 4820 ab
675 4755 730 4820 illo
753 4761 786 4820 et
803 4754 1054 4825 subordinatum
1080 4757 1200 4825 eidem.
