3492 5525
276 469 391 536 donc.
409 483 469 534 ιι·
482 468 614 548 Quieto
627 487 767 534 vennas
779 488 812 535 tn
827 489 917 538 orne.
932 492 1137 544 noonenzns,
1178 493 1237 559 4²3

1065 581 1279 600 m

225 647 296 716 Dixi
315 649 498 718 doctrinam
513 651 596 717 hanc
608 669 680 718 esse
695 643 846 738 A'ngelici
860 651 1024 723 Doctoris:
1041 655 1074 724 id
1087 657 1178 742 quod
1190 677 1279 728 nunc

154 755 362 842 probandum
382 767 445 824 est.

207 875 250 931 t.·
295 863 379 942 Quia
407 885 447 934 ex
474 865 509 933 δ’.
533 865 677 945 Thoma,
707 867 825 934 cerins
855 867 1018 937 invenitur
1044 872 1080 938 in
1105 871 1276 951 intellectu,

151 976 326 1042 secundum
338 978 423 1060 quod
433 988 500 1042 rem
511 975 728 1058 apprehendit,
744 979 782 1042 ret
791 979 840 1042 est
849 974 915 1065 (r).
930 978 968 1077 iit
979 997 1088 1046 oerum
1102 979 1279 1048 intellectus

153 1081 258 1146 nostri
272 1086 333 1160 est,
353 1085 521 1149 secundum
534 1086 618 1169 quod
628 1084 842 1170 conformatur
848 1085 1024 1170 principio,
1039 1087 1160 1154 scilicet
1171 1086 1275 1166 reiro,

152 1207 178 1254 a
195 1190 307 1274 quidm
323 1190 528 1276 cognitionem
540 1191 657 1274 accipit
669 1189 734 1281 (2).

227 1296 264 1362 Et
281 1295 465 1365 intellectus
483 1307 580 1384 prout
597 1300 819 1384 cognoscitious
837 1301 870 1368 in
888 1308 1020 1370 tantum
1037 1311 1087 1368 est
1106 1321 1222 1381 verus,
1243 1304 1278 1370 in

154 1408 309 1490 ponne
327 1406 418 1472 babet
431 1405 669 1474 similitudinem
690 1408 739 1474 rei
754 1409 900 1493 cognito,
923 1428 994 1506 quc
1016 1410 1180 1496 estsorrno
1195 1414 1276 1500 ejus,

153 1512 193 1578 r'n
211 1517 364 1598 mnndum
384 1518 434 1581 esi
451 1533 648 1599 cognoscens.
673 1517 714 1582 et
727 1519 858 1599 propter
883 1516 938 1582 boc
956 1524 1016 1599 per
1035 1517 1280 1603 conformitatem

153 1621 330 1688 intellectus
343 1626 374 1688 el
389 1623 438 1688 rei
454 1622 572 1689 veritos
584 1623 737 1710 definitur
751 1620 816 1712 (3).

224 1727 325 1814 Atqui
353 1731 422 1796 nae
440 1729 550 1798 omnia
573 1729 605 1796 in
625 1729 806 1816 simplicem
826 1750 962 1817 quoque
983 1731 1277 1818 apprehensionem

153 1837 329 1921 quadrant.

202 1953 250 2011 3.·
294 1943 387 2030 Saepe
414 1943 448 2012 S.
469 1943 613 2012 Thomas
630 1945 664 2012 in
692 1947 730 2013 iis
747 1947 827 2033 ipsis
844 1946 940 2024 locis,
961 1948 995 2014 in
1019 1947 1141 2031 quibus
1160 1966 1279 2034 negare

152 2051 285 2120 videtur
308 2053 477 2120 veritatem
505 2053 645 2140 simplici
668 2055 934 2140 apprehensioni,
954 2057 1051 2124 docet
1075 2056 1277 2124 intellectum

153 2159 344 2245 simpliciter
356 2162 668 2246 ,apprehendentem
686 2181 752 2228 esse
767 2181 892 2239 mum,
912 2163 984 2230 licet
1010 2163 1131 2231 veritas
1149 2181 1217 2230 non
1235 2163 1279 2230 sit

154 2267 219 2334 nisi
234 2268 266 2336 in
281 2267 402 2355 judicio
421 2265 487 2356 (4).
503 2269 604 2353 Atqui
622 2269 806 2338 intellectus
824 2270 1013 2355 simpliciter
1030 2271 1278 2357 apprehendens

154 2393 198 2442 ex
218 2384 327 2442 mente
348 2375 537 2460 Aquinatis,
558 2395 655 2444 verus
674 2395 741 2444 non
768 2385 819 2445 est
837 2379 907 2444 sola
933 2379 1207 2446 transcendentali
1225 2397 1279 2445 ve·

154 2483 262 2551 ritate.
282 2482 407 2568 Ergo...
451 2511 455 2520 ·

224 2589 342 2658 Minor.
364 2588 448 2657 Nam
477 2592 509 2658 in
529 2591 684 2658 omnibus
702 2591 764 2660 illis
781 2592 861 2660 locis
878 2582 952 2660 ideo
971 2592 1090 2660 dicitur
1112 2611 1211 2660 verus
1228 2593 1278 2660 in·

117 2707 123 2718 ·
151 2699 316 2778 tellectus,
337 2700 414 2784 quia
432 2698 527 2767 rebus
545 2699 732 2771 conformis.
750 2699 849 2786 Atqui
870 2702 939 2769 ltaec
958 2701 1048 2769 notio
1066 2709 1118 2769 est
1136 2700 1279 2770 veritatis

151 2808 269 2894 logicae
287 2797 469 2875 secundum
488 2808 635 2895 Angelicl
653 2808 851 2890 doctrinam,
871 2810 1157 2893 quemadmodum
1179 2829 1278 2897 supra

152 2916 312 2985 vidimus.
341 2916 425 3003 Ergo
452 2917 585 3001 quando
612 2936 653 2985 ex
679 2936 744 2983 una
773 2926 864 3001 parte
888 2916 922 2985 S.
955 2915 1102 3005 Thomas
1127 2918 1279 2986 concedit

151 3023 336 3109 simplicem
360 3024 652 3109 apprehensionem
681 3043 791 3091 veram
817 3042 907 3101 esse,
936 3034 969 3091 et
994 3046 1036 3093 ex
1062 3027 1162 3093 altera
1181 3027 1279 3094 docet

152 3132 326 3198 veritatem
344 3132 405 3197 soli
426 3142 614 3217 competere
629 3132 767 3219 judicio,
789 3151 856 3201 non
885 3152 1021 3200 omnem
1045 3134 1210 3220 putandus
1227 3143 1278 3202 est

152 3238 358 3323 simplicibus
384 3238 598 3324 conceptibus
624 3240 804 3326 denegasse
828 3242 1001 3309 veritatem
1032 3241 1190 3327 logicam,
1219 3241 1278 3308 sed

152 3345 329 3431 specialem
350 3345 506 3430 aliquam,
526 3364 601 3430 quae
614 3345 656 3414 sit
673 3336 737 3414 dos
754 3348 855 3416 sollus
869 3348 995 3435 judicii.

202 3463 251 3540 3.·
295 3453 361 3521 Sed
379 3454 459 3538 qnid
477 3452 537 3519 alia
565 3454 598 3520 in
617 3455 701 3521 banc
727 3474 797 3521 rem
821 3464 1017 3543 argumenta
1044 3456 1279 3542 congeramus?

152 3562 228 3647 lpse
247 3560 286 3627 D.
308 3559 503 3647 engericus,
524 3562 577 3629 sui
593 3562 784 3631 verissimus
806 3563 983 3649 interpres,
998 3563 1127 3648 scripsit
1143 3562 1276 3642 diserte,

150 3688 234 3737 cum
247 3667 363 3737 dicitur
380 3668 549 3752 tentarem
568 3670 677 3736 solum
696 3688 769 3737 esse
787 3671 967 3757 injudicio,
984 3670 1017 3737 id
1035 3669 1079 3737 ita
1097 3669 1280 3757 intelligen-

151 3777 237 3844 dum
257 3794 348 3854 esse,
369 3787 405 3843 ut
430 3776 548 3843 veritas
565 3776 609 3843 sit
624 3776 757 3861 quidem
778 3778 810 3843 in
838 3778 976 3863 simplici
1004 3777 1275 3863 apprehensione,

153 3904 223 3953 non
243 3894 354 3951 tamen
381 3885 707 3969 acconensem
728 3904 777 3953 res
797 3888 967 3972 quadam,
988 3886 1065 3970 quia
1088 3904 1208 3971 nempe
1225 3904 1279 3953 so

152 3993 280 4060 lumin
306 4001 382 4060 actu
403 3990 515 4079 judicii
539 3992 733 4072 advertitur,
759 4002 792 4059 et
809 3994 1017 4080 cognoscitur
1045 3993 1182 4071 ven'trs,
1202 4012 1278 4078 quae

191 4320 232 4383 (t)
273 4316 525 4387 rp.q.16,a.;.

191 4409 233 4472 (a)
271 4404 312 4463 lb.
329 4404 426 4463 adn·

190 4495 234 4569 (3)
272 4493 314 4553 lb.
329 4508 384 4554 art.
400 4515 427 4553 a.
439 4492 502 4553 Cir.
513 4493 562 4554 lib.
573 4495 592 4553 6
604 4494 734 4569 Metoplr.
745 4494 808 4555 leet.
821 4514 850 4569 4,
860 4496 936 4555 eirea
946 4496 1036 4567 mede
1046 4496 1112 4557 Lib.
1129 4508 1168 4557 r.·
1178 4498 1279 4558 Contr.

151 4583 241 4745 Οἷς.
258 4604 347 4731 0νῖἕο
360 4670 436 4733 inter
449 4672 505 4733 clia
520 4674 602 4733 locun
621 4696 631 4733 ι
649 4694 678 4747 p.
694 4694 724 4746 q.
743 4675 785 4742 16,
800 4695 828 4733 e.
843 4695 871 4747 23
887 4676 930 4733 De
949 4676 1092 4747 veritate,
1105 4694 1136 4749 q.
1152 4698 1177 4748 r,
1191 4697 1219 4737 e.
1238 4700 1281 4751 ¹²3

150 4774 196 4859 33·
211 4764 247 4821 de
262 4762 390 4833 Animo,
403 4762 468 4823 lect.
487 4784 528 4834 rr,
545 4764 600 4824 sub
612 4764 676 4833 fin.;
689 4764 852 4824 Periderm.
865 4764 916 4823 lib.
935 4786 960 4836 ι,
973 4764 1039 4825 ieet.
1049 4788 1076 4839 3.
