3492 5525
514 272 745 332 Anne.
776 269 898 331 6³³⁸
926 268 1225 332 Comma.
1262 286 1460 332 tmen
1490 287 1828 333 scien-rus
1858 287 2210 333 PRlMAmAs
2256 285 2406 351 1043

253 451 491 516 minora
526 451 651 516 sibi
689 454 999 526 reservat,
1040 454 1105 517 et
1133 452 1371 537 majora
1405 451 1552 516 aliis
1592 451 1842 528 tribuit,
1887 452 1994 517 boc
2025 451 2203 537 forte
2223 451 2486 538 juvenis

243 562 492 639 propter
524 557 1040 640 inexperientiam
1068 577 1193 623 non
1206 558 1531 645 judicabit
1559 577 1775 623 verum
1809 577 1938 624 esse
1956 610 1972 636 ‚
2012 564 2074 623 et
2100 558 2263 624 idem
2297 563 2393 624 est
2417 558 2485 623 in

250 666 392 730 aliis
443 665 756 731 civilibus.
825 664 1005 731 Unde
1046 666 1440 751 manifestum
1483 669 1607 742 est,
1666 669 1836 751 quod
1872 666 2133 755 juvenis
2195 685 2321 731 non
2397 670 2492 731 est

248 773 613 837 conveniens
646 773 903 839 auditor
926 769 1209 839 Politicae
1241 770 1364 861 (1).

380 880 674 963 Denique
714 882 985 947 ultimus
1014 881 1195 947 locus
1234 880 1543 948 doctrinae
1586 888 1960 948 reservatur
1985 880 2479 968 Metaphysicae‚
2525 894 2900 955 ultimasequimr

249 988 404 1074 quia
427 1006 528 1054 res
566 988 849 1054 maxime
886 988 1257 1067 abstrusas,
1299 997 1495 1072 atque
1538 1010 1574 1054 a
1613 989 1915 1057 sensibus
1947 997 2232 1056 remotas
2270 989 2484 1056 consi·
2551 963 2870 1052 ”⁰‘⁸¹'¹¹''⁸³‘.³¹

250 1096 452 1164 derat.

376 1204 687 1276 Praeterea
723 1203 940 1269 divina
982 1203 1216 1289 percipi
1277 1217 1616 1289 nequeunt
1673 1224 1708 1270 a
1765 1205 1955 1271 nobis
2008 1205 2075 1270 in
2131 1205 2250 1269 hac
2308 1203 2476 1281 vita,

246 1313 400 1394 quin
440 1311 833 1395 praecesserit
871 1312 1158 1396 cognitio
1196 1312 1637 1390 sensibilium,
1672 1331 1878 1396 quare
1915 1312 2180 1387 scientia
2212 1313 2481 1399 physica

248 1420 417 1484 viam
479 1428 792 1504 praeparat
831 1420 911 1484 ad
949 1419 1502 1507 Metaphysicam3
1544 1439 1752 1503 eaque
1803 1421 2035 1486 saltem
2083 1439 2232 1505 pars
2289 1421 2481 1500 hujus

246 1525 552 1601 scientiae,
595 1545 743 1610 quae
774 1527 983 1592 Deum
1024 1529 1527 1612 contemplatur,
1576 1536 1725 1611 post
1763 1511 2043 1614 reliquas
2078 1547 2313 1596 omnes
2340 1546 2484 1612 par-

247 1641 346 1698 tes
380 1633 809 1719 Philosophiae
848 1633 1155 1700 discenda
1191 1644 1313 1701 est.

376 1740 690 1807 Existimo
725 1752 946 1807 tamen
979 1742 1114 1807 haec
1154 1742 1571 1826 potissimum
1610 1741 2031 1827 intelligenda
2068 1762 2212 1809 esse
2246 1744 2331 1809 de
2370 1744 2475 1810 illa
2608 1759 2811 1817 quamvis

246 1850 704 1935 Metaphysicae
743 1861 955 1933 parte,
1000 1868 1150 1932 quae
1189 1849 1400 1916 Deum
1434 1870 1506 1915 ac
1544 1852 1788 1916 formas
1826 1859 2153 1936 separatas
2193 1851 2473 1934 respicit.
2507 1829 2910 1957 Ορῗξζοξῗκξζὲξῖ

243 1956 926 2023 Transcendentalium
978 1956 1152 2022 enim
1203 1958 1527 2024 rationum
1584 1957 1872 2042 cognitio
1927 1958 2267 2025 utilissime
2331 1970 2478 2045 post
2614 1972 2803 2017 naturali

246 2064 543 2147 Logicam
573 2063 988 2148 praemittitur·
1014 2066 1262 2130 caeteris
1299 2065 1612 2135 omnibus
1640 2064 1959 2151 scientiiS,
2001 2075 2075 2130 ut
2110 2065 2234 2132 illis
2272 2067 2482 2132 notio-
2560 2041 2865 2169 ξῗέξξῖζζζ

246 2190 360 2237 nes
398 2190 790 2238 communes
828 2171 1302 2256 principiaque,
1336 2172 1576 2257 quibus
1615 2183 1845 2257 egent,
1887 2174 2215 2249 enucleet,
2250 2188 2482 2257 quem-
2605 2183 2817 2229 videatur·

241 2279 601 2345 admodum
632 2281 769 2365 jam
832 2298 989 2347 usus
1035 2280 1315 2347 obtinuit
1361 2281 1580 2347 statim
1635 2290 1786 2366 post
1835 2280 2134 2366 Logicam
2186 2282 2479 2347 tradendi

240 2386 696 2472 Ontologiam.
739 2388 802 2453 ld
843 2388 1023 2471 quod
1062 2388 1298 2454 diserte
1341 2388 1640 2455 docuisse
1690 2388 1848 2455 mihi
1887 2389 2141 2455 videtur
2189 2388 2480 2471 Aquinas

240 2494 338 2559 his
377 2494 626 2560 verbis:
676 2495 803 2560 Sed
843 2495 994 2579 quia
1041 2514 1137 2570 ea,
1180 2514 1317 2579 quae
1360 2500 1822 2580 consequuntur
1846 2496 2105 2580 aliquod
2136 2513 2475 2572 commune,

228 2602 417 2683 prius
452 2605 517 2666 et
557 2621 834 2667 seorsum
878 2603 1353 2669 determinanda
1395 2608 1565 2679 sunt,
1593 2594 1699 2667 'ne
1743 2606 2026 2686 oporteat
2065 2623 2137 2670 ea
2175 2603 2482 2669 multoties

227 2711 673 2792 pertractando
699 2729 910 2777 omnes
935 2713 1148 2792 partes
1176 2710 1351 2776 illius
1373 2714 1660 2793 repetere,
1688 2711 2101 2779 necessarium
2111 2710 2286 2796 fuit,
2318 2713 2486 2795 quod

224 2817 714 2899 praemitteretur
742 2838 906 2883 unus
934 2819 1092 2883 liber
1118 2818 1185 2883 in
1213 2818 1472 2884 scientia
1500 2819 1832 2896 Naturali,
1866 2821 1936 2884 in
1963 2837 2084 2904 quo
2107 2823 2484 2885 tractaretur

230 2928 313 2988 de
348 2925 443 2989 his
464 2976 479 3001 ,
520 2944 658 3009 quce
690 2931 1150 3010 consequuntur
1185 2945 1292 2992 ens
1328 2926 1547 2992 mobile
1582 2926 1651 2990 in
1688 2926 2022 2994 communi.
2072 2927 2256 2993 Sicut
2282 2927 2484 2992 onmi-

231 3033 364 3096 bus.
375 3033 650 3097 scientiis
670 3033 1074 3115 praemittitur
1100 3033 1494 3113 Philosophia
1514 3034 1727 3115 prima
1745 3085 1760 3112 ‚
1795 3034 1862 3099 in
1888 3052 2013 3118 qua
2031 3035 2485 3100 determinatur

228 3143 313 3203 de
351 3140 478 3220 his,
518 3159 658 3225 quse
700 3145 852 3206 sunt
880 3140 1231 3206 communia
1265 3140 1428 3217 enti,
1470 3141 1538 3206 in
1565 3145 1868 3225 quantum
1897 3143 1994 3207 est
2022 3160 2131 3208 ens
2167 3139 2295 3228 (2).

372 3247 535 3312 Vide
573 3248 652 3312 de
693 3250 809 3313 hac
850 3248 1290 3332 propositione
1320 3248 1526 3314 fusius
1562 3258 1760 3331 atque
1788 3250 2038 3315 erudite
2069 3249 2494 3339 disputantes

226 3353 538 3421 Toletum
572 3352 702 3442 (3),
744 3357 1027 3422 Fonseca
1063 3352 1190 3442 (4),
1233 3354 1518 3422 Rubium
1557 3353 1684 3444 (5),
1726 3357 2051 3423 Peterium
2092 3353 2220 3444 (6),
2262 3365 2328 3422 et
2354 3356 2481 3421 Co-

230 3460 703 3527 nimbricenses
746 3460 870 3547 (7).

306 3716 389 3778 (1)
463 3710 531 3774 S.
578 3710 813 3781 Thom.,
874 3718 947 3769 1.·
983 3711 1268 3779 Ethicor„
1323 3711 1452 3769 lect.
1501 3731 1559 3784 3,
1607 3710 1871 3770 Secundo
1919 3711 2043 3770 ibi.-
2100 3713 2311 3772 Idcirco
2361 3715 2479 3772 Po-

227 3802 434 3859 liticae.

305 3896 388 3958 (2)
461 3889 527 3949 S.
558 3889 767 3949 Thom.
794 3891 1130 3965 Physicor„
1154 3890 1253 3949 lib.
1292 3910 1339 3960 1,
1379 3889 1508 3949 leet.
1548 3912 1594 3959 1,
1627 3891 1803 3963 paulo
1822 3904 1954 3964 post
1971 3891 2227 3952 initium.

301 3981 386 4053 (3)
458 3983 792 4054 Physicor„
824 3982 1156 4057 prolegom.
1187 4000 1316 4052 cap.
1351 4002 1407 4054 3.

300 4078 384 4143 (4)
457 4064 740 4145 Metapa„
774 4070 869 4130 lib.
906 4091 960 4141 2,
985 4091 1112 4143 cap.
1148 4093 1200 4145 3,
1232 4089 1292 4142 q.
1328 4089 1377 4144 5.

301 4163 387 4233 (5)
459 4161 723 4235 Physic„
757 4160 1008 4219 Prooem.
1042 4181 1099 4218 n.
1139 4183 1221 4234 ¹3·
2441 4170 2508 4214 t.:.

300 4251 387 4321 (6)
459 4252 547 4308 De
577 4249 986 4308 Communibus
1014 4265 1121 4310 etc.
1155 4251 1257 4308 lib.
1296 4271 1343 4320 ι,
1374 4270 1499 4322 cap.
1539 4271 1621 4323 ¹7·

302 4343 386 4413 (7)
458 4340 793 4412 Physicor‘„
825 4338 1076 4399 Prooem.
1110 4360 1169 4411 q.
1205 4358 1251 4411 5,
1289 4361 1340 4398 a.
1382 4360 1429 4410 ι,
1463 4359 1517 4409 2,
1551 4361 1602 4412 3.
