3492 5525
256 464 374 531 Arene.
389 483 449 546 ψ
471 465 637 544 Renoua
658 485 920 544 anoenremnes
941 481 1083 536 'remum
1118 489 1174 556 197·

475 753 776 830 ARTICULUS
800 755 866 833 ΙΠ.

230 920 301 985 Do
323 920 513 1002 reliquis
534 922 896 1005 proprietatibus
918 923 1114 993 termini.

501 1132 521 1225 5
545 1134 838 1205 l.-Aeeeuano.

150 1292 210 1381 63.
257 1294 434 1378 Appellatio
448 1303 498 1362 est
521 1294 694 1381 applicatio
721 1271 895 1384 signifieati
919 1299 1017 1367 unius
1038 1299 1169 1367 termini
1198 1300 1239 1366 ad
1325 1312 1398 1396 Quid¹

101 1403 331 1489 significatum
345 1403 492 1470 alterius:
505 1415 543 1472 ut
555 1405 583 1470 si
592 1403 717 1470 dicam:
733 1406 962 1482 Hominum,
974 1406 1240 1492 significatioter·
1287 1382 1420 1439 *imm*

104 1510 190 1577 mini
218 1511 318 1577 bonus
355 1511 535 1596 applicatur
564 1511 608 1578 rei
634 1511 824 1598 significate
854 1532 913 1598 per
934 1514 1034 1580 alium
1059 1515 1237 1581 terminum

102 1621 209 1686 homo.
237 1617 431 1696 Terminus,
460 1617 767 1706 cujussignificatio
784 1618 875 1687 alteri
900 1621 1094 1705 applicatur,
1123 1621 1240 1688 dicitur

102 1729 289 1810 appellans,
310 1727 390 1794 alter
408 1729 684 1809 veroappellolus.
762 1783 768 1794 .
1213 1775 1215 1782 ,

176 1833 339 1900 Dividitur
352 1834 384 1900 in
389 1835 559 1920 formalem
572 1852 609 1900 ac
626 1835 830 1926 matathiam.
851 1836 1008 1903 Formalis
1033 1846 1083 1902 est
1101 1835 1240 1922 applica·
1307 1849 1406 1897 omaro

103 1943 154 2008 tio
174 1940 347 2027 significati
365 1923 465 2007 unius
483 1940 614 2008 termini
637 1943 677 2007 ad
696 1943 831 2008 formale
850 1942 1072 2028 significatum
1094 1942 1237 2012 alterius
1276 1923 1434 1970 “m'‘“i'fl‘

104 2048 286 2115 Materialis
308 2056 421 2115 autem
447 2058 497 2115 est
516 2049 689 2133 applicatio
717 2049 891 2136 significati
921 2053 1020 2117 unius
1047 2051 1178 2117 termini
1200 2053 1239 2117 ad

105 2156 279 2223 materiale
307 2155 526 2240 significatum
555 2157 698 2224 alterius.
728 2158 827 2223 Porro
859 2158 995 2224 formale
1022 2157 1239 2243 significatum

105 2275 160 2331 est
183 2262 363 2329 formavel
388 2264 482 2347 quasi
506 2265 611 2329 forma
640 2262 684 2328 rei
710 2263 920 2349 significatae,
950 2282 1050 2348 quam
1076 2263 1240 2331 terminus

104 2369 284 2456 exprimit;
311 2391 331 2436 e
355 2388 517 2437 converso
542 2369 763 2454 significatum
784 2371 950 2436 materiale
976 2379 1025 2438 est
1050 2371 1237 2456 subjectum

105 2480 183 2545 talis
202 2479 331 2546 tormae.
347 2477 457 2554 Quare
475 2478 508 2542 in
525 2480 584 2543 hac
603 2477 843 2562 propositione:
861 2479 980 2544 Album
997 2480 1238 2554 estaoloralum,

105 2585 287 2672 appellatio
302 2595 354 2652 est
372 2583 533 2661 formalis,
553 2583 628 2668 quia
652 2585 757 2649 torma
782 2585 963 2670 signiticata
982 2603 1040 2669 per
1057 2584 1238 2650 terminum

104 2693 218 2759 aldran
236 2700 285 2758 est
300 2693 434 2767 albedo,
450 2691 632 2777 eademque
647 2699 697 2756 est
712 2692 791 2757 ratio
807 2689 1085 2758 denominationis
1097 2691 1240 2774 colorati·

105 2815 141 2868 at
160 2819 242 2867 vero
261 2800 293 2865 in
310 2802 371 2865 hae
393 2798 453 2864 alia
472 2799 710 2884 propositione:
732 2799 850 2865 Alium
866 2801 1034 2877 aridulae,
1055 2800 1164 2865 locum
1185 2801 1241 2866 ha-

104 2909 166 2974 bet
185 2906 362 2991 appellatio
390 2906 581 2981 materialis,
606 2906 683 2989 quia
700 2908 791 2972 dulce
817 2906 1007 2990 predicatur
1035 2907 1076 2972 de
1099 2906 1241 2973 termino

104 3024 266 3081 concreto
279 3016 404 3090 aldum,
421 3032 488 3080 non
500 3014 625 3079 ratione
639 3014 754 3079 lormae
763 3012 938 3089 albedinis,
954 3014 1013 3079 sed
1029 3013 1153 3080 ratione
1163 3014 1242 3081 sub·
1344 3092 1347 3102 ι

102 3122 187 3208 jeeti
206 3140 267 3188 seu
283 3122 442 3188 materiae.
499 3110 502 3118 ’

177 3228 265 3295 Sunt
282 3240 413 3303 autem,
436 3227 493 3312 qui
511 3227 784 3312 appellationem,
811 3246 912 3310 quam
938 3227 1138 3293 materialem
1160 3226 1242 3293 dixi·

104 3356 204 3413 mus,
227 3354 296 3402 non
314 3342 514 3421 agnoscant,
531 3344 631 3419 atque
647 3334 730 3401 adeo
743 3352 853 3401 carere
872 3352 1007 3419 prorsus
1023 3336 1241 3420 appellatione

105 3444 312 3511 arbitrentur
330 3442 507 3517 terminos,
537 3443 593 3526 qui
617 3443 795 3508 formaliter
823 3459 889 3508 non
917 3443 1094 3527 appellant.
1118 3442 1240 3508 Verum

106 3554 150 3619 lis
167 3550 277 3619 bacin
297 3569 332 3616 re
352 3567 419 3615 non
436 3559 546 3633 potest
561 3568 633 3616 esse
648 3550 710 3615 nisi
724 3550 767 3615 de
785 3568 868 3616 soce
888 3547 953 3637 (1).

180 3659 318 3744 Regurae
336 3659 448 3742 plures
463 3656 584 3741 passim
598 3667 747 3743 prostant
761 3658 847 3741 apud
869 3655 1005 3742 togicos
1025 3657 1065 3722 ad
1084 3652 1243 3723 termino·
1292 3672 1423 3729 nautam

106 3785 188 3835 rum
207 3765 464 3851 appellationem
483 3762 754 3849 dignoscendam,
774 3764 859 3830 inter
877 3782 959 3847 quas
978 3778 1056 3831 sunt
1077 3765 1242 3829 nonnulla
1270 3744 1449 3875 ffiffiffi

105 3882 170 3940 aut
197 3872 377 3939 arbitraria
399 3880 457 3937 aut
482 3870 591 3937 minus
623 3888 725 3947 verae,
761 3871 883 3954 quibus
910 3869 1042 3941 omissis
1070 3870 1243 3958 praecipua
1286 3834 1301 3875 Ρ

105 3992 193 4049 sunt
213 3982 279 4048 hae.

154 4094 295 4170 Regula
321 4092 371 4153 a?
416 4084 467 4150 nd
488 4070 703 4170 judicandum
721 4085 763 4151 de
782 4084 1000 4169 appellatione
1023 4084 1244 4152 attendendus
1345 4114 1376 4149 t.·

106 4206 164 4263 est
182 4210 269 4261 usus
288 4193 506 4259 terminorum
524 4190 728 4268 communis,
757 4192 1008 4259 circumstantiae
1033 4200 1132 4275 atque
1151 4192 1246 4259 indo-

107 4307 159 4370 les
177 4320 296 4369 rerum
314 4297 582 4385 significatarum.
604 4298 648 4364 Ut
669 4301 696 4366 si
715 4298 857 4365 dicatur:
883 4302 990 4365 Bonus
1007 4301 1089 4364 latro
1107 4300 1246 4366 Paradi-

107 4431 182 4477 sum
201 4410 240 4476 in
258 4426 354 4473 cretea
371 4407 501 4484 meruit,
528 4409 665 4491 planum
688 4418 739 4475 est
761 4406 938 4471 terminum
965 4406 1062 4472 donus
1085 4407 1246 4491 appellare

108 4519 303 4585 terminum
328 4516 410 4581 latro
433 4514 650 4581 materialiter.
680 4514 716 4579 Et
735 4511 881 4579 similiter
908 4514 1042 4593 cumin
1071 4513 1246 4598 Evangelio

146 4756 190 4819 (r)
232 4744 384 4814 Lossada,
399 4743 541 4805 Sammaei.
557 4743 632 4817 disp.
648 4760 679 4815 ς,
693 4762 756 4815 cap.
773 4759 804 4816 5,
818 4762 848 4800 n.
863 4702 903 4815 3.Ι
