<?xml version="1.0" encoding="UTF-8"?>
<!DOCTYPE html PUBLIC "-//W3C//DTD XHTML 1.0 Transitional//EN"
    "http://www.w3.org/TR/xhtml1/DTD/xhtml1-transitional.dtd">
<html xmlns="http://www.w3.org/1999/xhtml" xml:lang="en" lang="en">
 <head>
  <title>
</title>
<meta http-equiv="Content-Type" content="text/html;charset=utf-8" />
  <meta name='ocr-system' content='tesseract 3.04.00' />
  <meta name='ocr-capabilities' content='ocr_page ocr_carea ocr_par ocr_line ocrx_word'/>
</head>
<body>
  <div class='ocr_page' id='page_1' title='image "./institutionesph00urrgoog/institutionesph00urrgoog_0842.png"; bbox 0 0 3492 5525; ppageno 0'>
   <div class='ocr_carea' id='block_1_1' title="bbox 551 511 1478 595">
    <p class='ocr_par' dir='ltr' id='par_1_1' title="bbox 551 511 1478 595">
     <span class='ocr_line' id='line_1_1' title="bbox 551 511 1478 595; baseline -0.002 -18"><span class='ocrx_word' id='word_1_1' title='bbox 551 511 609 577; x_wconf 80' lang='lat'>8²2</span> <span class='ocrx_word' id='word_1_2' title='bbox 660 514 787 579; x_wconf 79' lang='lat' dir='ltr'>Locren</span> <span class='ocrx_word' id='word_1_3' title='bbox 803 514 1036 589; x_wconf 60' lang='lat' dir='ltr'>Mamm-Lm.</span> <span class='ocrx_word' id='word_1_4' title='bbox 1053 528 1124 590; x_wconf 60' lang='grc' dir='ltr'>μ’,</span> <span class='ocrx_word' id='word_1_5' title='bbox 1140 513 1230 578; x_wconf 76' lang='lat' dir='ltr'>Drsr.</span> <span class='ocrx_word' id='word_1_6' title='bbox 1249 522 1293 595; x_wconf 82' lang='lat'>3.⁸</span> <span class='ocrx_word' id='word_1_7' title='bbox 1306 512 1389 577; x_wconf 75' lang='lat' dir='ltr'>an.</span> <span class='ocrx_word' id='word_1_8' title='bbox 1408 522 1478 575; x_wconf 61' lang='grc' dir='ltr'>ψ’</span> 
     </span>
    </p>
   </div>
   <div class='ocr_carea' id='block_1_2' title="bbox 505 694 1639 2179">
    <p class='ocr_par' dir='ltr' id='par_1_2' title="bbox 511 694 1639 1001">
     <span class='ocr_line' id='line_1_2' title="bbox 512 694 1636 786; baseline -0.006 -20"><span class='ocrx_word' id='word_1_9' title='bbox 512 702 604 786; x_wconf 91' lang='lat' dir='ltr'>plura</span> <span class='ocrx_word' id='word_1_10' title='bbox 632 718 752 785; x_wconf 83' lang='lat' dir='ltr'>genera</span> <span class='ocrx_word' id='word_1_11' title='bbox 779 702 975 775; x_wconf 77' lang='lat' dir='ltr'>effectuum,</span> <span class='ocrx_word' id='word_1_12' title='bbox 996 707 1029 764; x_wconf 87' lang='lat' dir='ltr'>et</span> <span class='ocrx_word' id='word_1_13' title='bbox 1047 707 1190 775; x_wconf 87' lang='lat' dir='ltr'>remota,</span> <span class='ocrx_word' id='word_1_14' title='bbox 1212 706 1249 764; x_wconf 94' lang='lat' dir='ltr'>ut</span> <span class='ocrx_word' id='word_1_15' title='bbox 1268 706 1357 783; x_wconf 88' lang='lat' dir='ltr'>patet</span> <span class='ocrx_word' id='word_1_16' title='bbox 1376 716 1410 763; x_wconf 86' lang='grc' dir='ltr'>ν.</span> <span class='ocrx_word' id='word_1_17' title='bbox 1429 718 1464 782; x_wconf 81' lang='lat' dir='ltr'>g.</span> <span class='ocrx_word' id='word_1_18' title='bbox 1485 696 1521 761; x_wconf 93' lang='lat' dir='ltr'>in</span> <span class='ocrx_word' id='word_1_19' title='bbox 1546 694 1636 770; x_wconf 85' lang='lat' dir='ltr'>sole,</span> 
     </span>
     <span class='ocr_line' id='line_1_3' title="bbox 511 804 1639 892; baseline -0.005 -18"><span class='ocrx_word' id='word_1_20' title='bbox 511 812 628 874; x_wconf 88' lang='lat' dir='ltr'>calore:</span> <span class='ocrx_word' id='word_1_21' title='bbox 659 807 837 892; x_wconf 84' lang='lat' dir='ltr'>praemissae</span> <span class='ocrx_word' id='word_1_22' title='bbox 866 816 977 873; x_wconf 91' lang='lat' dir='ltr'>autem</span> <span class='ocrx_word' id='word_1_23' title='bbox 1006 805 1166 891; x_wconf 84' lang='lat' dir='ltr'>proxime,</span> <span class='ocrx_word' id='word_1_24' title='bbox 1186 817 1219 872; x_wconf 87' lang='lat' dir='ltr'>et</span> <span class='ocrx_word' id='word_1_25' title='bbox 1238 806 1339 871; x_wconf 90' lang='lat' dir='ltr'>instar</span> <span class='ocrx_word' id='word_1_26' title='bbox 1363 822 1470 871; x_wconf 83' lang='lat' dir='ltr'>causae</span> <span class='ocrx_word' id='word_1_27' title='bbox 1489 804 1639 889; x_wconf 89' lang='lat' dir='ltr'>particu-</span> 
     </span>
     <span class='ocr_line' id='line_1_4' title="bbox 512 912 1228 1001; baseline 0.003 -20"><span class='ocrx_word' id='word_1_28' title='bbox 512 916 601 992; x_wconf 88' lang='lat' dir='ltr'>laris,</span> <span class='ocrx_word' id='word_1_29' title='bbox 621 923 818 982; x_wconf 90' lang='lat' dir='ltr'>concurrunt</span> <span class='ocrx_word' id='word_1_30' title='bbox 835 916 876 981; x_wconf 87' lang='lat' dir='ltr'>ad</span> <span class='ocrx_word' id='word_1_31' title='bbox 896 915 1138 981; x_wconf 87' lang='lat' dir='ltr'>conclusionem</span> <span class='ocrx_word' id='word_1_32' title='bbox 1162 912 1176 1001; x_wconf 93' lang='lat'>(</span> <span class='ocrx_word' id='word_1_33' title='bbox 1200 912 1228 1000; x_wconf 86' lang='grc'>).</span> 
     </span>
    </p>

    <p class='ocr_par' dir='ltr' id='par_1_3' title="bbox 505 1018 1637 2073">
     <span class='ocr_line' id='line_1_5' title="bbox 578 1018 1634 1107; baseline -0.009 -17"><span class='ocrx_word' id='word_1_34' title='bbox 578 1030 681 1107; x_wconf 81' lang='lat' dir='ltr'>Reep.</span> <span class='ocrx_word' id='word_1_35' title='bbox 702 1042 788 1088; x_wconf 85' lang='lat' dir='ltr'>conc.</span> <span class='ocrx_word' id='word_1_36' title='bbox 810 1024 939 1107; x_wconf 70' lang='lat' dir='ltr'>Major„</span> <span class='ocrx_word' id='word_1_37' title='bbox 960 1031 993 1086; x_wconf 90' lang='lat' dir='ltr'>et</span> <span class='ocrx_word' id='word_1_38' title='bbox 1009 1040 1080 1105; x_wconf 80' lang='lat' dir='ltr'>neg.</span> <span class='ocrx_word' id='word_1_39' title='bbox 1098 1020 1231 1096; x_wconf 67' lang='lat' dir='ltr'>Minor„</span> <span class='ocrx_word' id='word_1_40' title='bbox 1250 1029 1283 1086; x_wconf 86' lang='lat' dir='ltr'>et</span> <span class='ocrx_word' id='word_1_41' title='bbox 1298 1020 1457 1085; x_wconf 91' lang='lat' dir='ltr'>rationem</span> <span class='ocrx_word' id='word_1_42' title='bbox 1469 1018 1634 1085; x_wconf 81' lang='lat' dir='ltr'>additam.</span> 
     </span>
     <span class='ocr_line' id='line_1_6' title="bbox 511 1128 1637 1213; baseline -0.004 -18"><span class='ocrx_word' id='word_1_43' title='bbox 511 1130 596 1209; x_wconf 83' lang='lat' dir='ltr'><strong>Quia</strong></span> <span class='ocrx_word' id='word_1_44' title='bbox 614 1131 694 1197; x_wconf 90' lang='lat' dir='ltr'>ratio</span> <span class='ocrx_word' id='word_1_45' title='bbox 712 1148 819 1196; x_wconf 84' lang='lat' dir='ltr'>causae</span> <span class='ocrx_word' id='word_1_46' title='bbox 847 1130 1025 1213; x_wconf 78' lang='lat' dir='ltr'>aequirocae</span> <span class='ocrx_word' id='word_1_47' title='bbox 1051 1130 1103 1194; x_wconf 91' lang='lat' dir='ltr'>vel</span> <span class='ocrx_word' id='word_1_48' title='bbox 1131 1129 1280 1195; x_wconf 84' lang='lat' dir='ltr'>univocae</span> <span class='ocrx_word' id='word_1_49' title='bbox 1301 1128 1475 1211; x_wconf 86' lang='lat' dir='ltr'>judicanda</span> <span class='ocrx_word' id='word_1_50' title='bbox 1492 1142 1562 1191; x_wconf 89' lang='lat' dir='ltr'>non</span> <span class='ocrx_word' id='word_1_51' title='bbox 1584 1137 1637 1191; x_wconf 87' lang='lat' dir='ltr'>est</span> 
     </span>
     <span class='ocr_line' id='line_1_7' title="bbox 511 1233 1636 1321; baseline -0.006 -17"><span class='ocrx_word' id='word_1_52' title='bbox 511 1240 619 1304; x_wconf 90' lang='lat' dir='ltr'>solum</span> <span class='ocrx_word' id='word_1_53' title='bbox 643 1256 685 1303; x_wconf 92' lang='lat' dir='ltr'>ex</span> <span class='ocrx_word' id='word_1_54' title='bbox 711 1256 766 1313; x_wconf 91' lang='lat' dir='ltr'>eo,</span> <span class='ocrx_word' id='word_1_55' title='bbox 796 1238 888 1321; x_wconf 91' lang='lat' dir='ltr'>quod</span> <span class='ocrx_word' id='word_1_56' title='bbox 916 1235 1065 1320; x_wconf 87' lang='lat' dir='ltr'>proxime</span> <span class='ocrx_word' id='word_1_57' title='bbox 1088 1238 1139 1301; x_wconf 92' lang='lat' dir='ltr'>vel</span> <span class='ocrx_word' id='word_1_58' title='bbox 1167 1245 1308 1311; x_wconf 84' lang='lat' dir='ltr'>remote,</span> <span class='ocrx_word' id='word_1_59' title='bbox 1330 1233 1562 1318; x_wconf 79' lang='lat' dir='ltr'>particulariter</span> <span class='ocrx_word' id='word_1_60' title='bbox 1583 1235 1636 1297; x_wconf 88' lang='lat' dir='ltr'>vel</span> 
     </span>
     <span class='ocr_line' id='line_1_8' title="bbox 512 1342 1637 1427; baseline -0.005 -16"><span class='ocrx_word' id='word_1_61' title='bbox 512 1346 735 1412; x_wconf 86' lang='lat' dir='ltr'>universaliter</span> <span class='ocrx_word' id='word_1_62' title='bbox 754 1345 885 1421; x_wconf 81' lang='lat' dir='ltr'>influat,</span> <span class='ocrx_word' id='word_1_63' title='bbox 901 1344 959 1410; x_wconf 88' lang='lat' dir='ltr'>sed</span> <span class='ocrx_word' id='word_1_64' title='bbox 973 1363 1013 1409; x_wconf 91' lang='lat' dir='ltr'>ex</span> <span class='ocrx_word' id='word_1_65' title='bbox 1029 1362 1069 1410; x_wconf 91' lang='lat' dir='ltr'>eo</span> <span class='ocrx_word' id='word_1_66' title='bbox 1083 1344 1173 1427; x_wconf 92' lang='lat' dir='ltr'>quod</span> <span class='ocrx_word' id='word_1_67' title='bbox 1187 1343 1304 1426; x_wconf 85' lang='lat' dir='ltr'>pariat,</span> <span class='ocrx_word' id='word_1_68' title='bbox 1322 1344 1374 1408; x_wconf 91' lang='lat' dir='ltr'>vel</span> <span class='ocrx_word' id='word_1_69' title='bbox 1394 1359 1478 1417; x_wconf 95' lang='lat' dir='ltr'>non,</span> <span class='ocrx_word' id='word_1_70' title='bbox 1493 1342 1637 1406; x_wconf 78' lang='lat' dir='ltr'>eftectus</span> 
     </span>
     <span class='ocr_line' id='line_1_9' title="bbox 511 1433 1635 1538; baseline -0.005 -19"><span class='ocrx_word' id='word_1_71' title='bbox 511 1453 659 1538; x_wconf 87' lang='lat' dir='ltr'>ejusdem</span> <span class='ocrx_word' id='word_1_72' title='bbox 678 1450 813 1537; x_wconf 87' lang='lat' dir='ltr'>speciei;</span> <span class='ocrx_word' id='word_1_73' title='bbox 839 1451 864 1516; x_wconf 91' lang='lat' dir='ltr'>si</span> <span class='ocrx_word' id='word_1_74' title='bbox 889 1452 976 1516; x_wconf 86' lang='lat' dir='ltr'>enirn</span> <span class='ocrx_word' id='word_1_75' title='bbox 998 1452 1134 1517; x_wconf 81' lang='lat' dir='ltr'>enectus</span> <span class='ocrx_word' id='word_1_76' title='bbox 1152 1433 1194 1516; x_wconf 83' lang='lat' dir='ltr'>sit</span> <span class='ocrx_word' id='word_1_77' title='bbox 1209 1451 1357 1535; x_wconf 90' lang='lat' dir='ltr'>ejusdem</span> <span class='ocrx_word' id='word_1_78' title='bbox 1376 1449 1514 1533; x_wconf 85' lang='lat' dir='ltr'>speciei,</span> <span class='ocrx_word' id='word_1_79' title='bbox 1534 1468 1635 1515; x_wconf 85' lang='lat' dir='ltr'>causa</span> 
     </span>
     <span class='ocr_line' id='line_1_10' title="bbox 512 1557 1635 1641; baseline -0.004 -16"><span class='ocrx_word' id='word_1_80' title='bbox 512 1561 650 1625; x_wconf 89' lang='lat' dir='ltr'>univoca</span> <span class='ocrx_word' id='word_1_81' title='bbox 668 1568 735 1634; x_wconf 88' lang='lat' dir='ltr'>est,</span> <span class='ocrx_word' id='word_1_82' title='bbox 756 1578 852 1625; x_wconf 88' lang='lat' dir='ltr'>secus</span> <span class='ocrx_word' id='word_1_83' title='bbox 866 1577 945 1623; x_wconf 88' lang='lat' dir='ltr'>vero</span> <span class='ocrx_word' id='word_1_84' title='bbox 964 1557 1142 1641; x_wconf 87' lang='lat' dir='ltr'>aequivoca.</span> <span class='ocrx_word' id='word_1_85' title='bbox 1166 1558 1330 1623; x_wconf 82' lang='lat' dir='ltr'>Caeterum</span> <span class='ocrx_word' id='word_1_86' title='bbox 1350 1576 1416 1623; x_wconf 95' lang='lat' dir='ltr'>non</span> <span class='ocrx_word' id='word_1_87' title='bbox 1435 1558 1558 1623; x_wconf 84' lang='lat' dir='ltr'>desunt</span> <span class='ocrx_word' id='word_1_88' title='bbox 1571 1557 1635 1621; x_wconf 81' lang='lat' dir='ltr'>alia</span> 
     </span>
     <span class='ocr_line' id='line_1_11' title="bbox 505 1664 1636 1750; baseline -0.005 -15"><span class='ocrx_word' id='word_1_89' title='bbox 505 1684 645 1750; x_wconf 74' lang='lat' dir='ltr'>,quoque</span> <span class='ocrx_word' id='word_1_90' title='bbox 676 1668 825 1750; x_wconf 86' lang='lat' dir='ltr'>exempla</span> <span class='ocrx_word' id='word_1_91' title='bbox 852 1668 1024 1731; x_wconf 84' lang='lat' dir='ltr'>causarum</span> <span class='ocrx_word' id='word_1_92' title='bbox 1053 1664 1313 1748; x_wconf 83' lang='lat' dir='ltr'>aequivocarum,</span> <span class='ocrx_word' id='word_1_93' title='bbox 1347 1682 1421 1748; x_wconf 84' lang='lat' dir='ltr'>quae</span> <span class='ocrx_word' id='word_1_94' title='bbox 1453 1682 1521 1729; x_wconf 95' lang='lat' dir='ltr'>non</span> <span class='ocrx_word' id='word_1_95' title='bbox 1552 1674 1636 1730; x_wconf 90' lang='lat' dir='ltr'>sunt</span> 
     </span>
     <span class='ocr_line' id='line_1_12' title="bbox 511 1771 1635 1857; baseline -0.004 -17"><span class='ocrx_word' id='word_1_96' title='bbox 511 1775 710 1840; x_wconf 89' lang='lat' dir='ltr'>universales</span> <span class='ocrx_word' id='word_1_97' title='bbox 729 1791 765 1838; x_wconf 87' lang='lat' dir='ltr'>ac</span> <span class='ocrx_word' id='word_1_98' title='bbox 784 1782 937 1855; x_wconf 80' lang='lat' dir='ltr'>remotae3</span> <span class='ocrx_word' id='word_1_99' title='bbox 953 1774 996 1838; x_wconf 87' lang='lat' dir='ltr'>ita</span> <span class='ocrx_word' id='word_1_100' title='bbox 1015 1772 1141 1856; x_wconf 88' lang='lat' dir='ltr'>species</span> <span class='ocrx_word' id='word_1_101' title='bbox 1155 1780 1265 1838; x_wconf 86' lang='lat' dir='ltr'>causat</span> <span class='ocrx_word' id='word_1_102' title='bbox 1279 1771 1523 1857; x_wconf 80' lang='lat' dir='ltr'>operationem,</span> <span class='ocrx_word' id='word_1_103' title='bbox 1540 1780 1635 1837; x_wconf 85' lang='lat' dir='ltr'>actus</span> 
     </span>
     <span class='ocr_line' id='line_1_13' title="bbox 510 1880 1635 1967; baseline -0.001 -20"><span class='ocrx_word' id='word_1_104' title='bbox 510 1880 677 1956; x_wconf 89' lang='lat' dir='ltr'>habitum,</span> <span class='ocrx_word' id='word_1_105' title='bbox 708 1880 838 1946; x_wconf 90' lang='lat' dir='ltr'>habitus</span> <span class='ocrx_word' id='word_1_106' title='bbox 865 1889 994 1956; x_wconf 89' lang='lat' dir='ltr'>actum,</span> <span class='ocrx_word' id='word_1_107' title='bbox 1024 1881 1190 1965; x_wconf 87' lang='lat' dir='ltr'>objectum</span> <span class='ocrx_word' id='word_1_108' title='bbox 1222 1882 1274 1945; x_wconf 86' lang='lat' dir='ltr'>vel</span> <span class='ocrx_word' id='word_1_109' title='bbox 1312 1880 1495 1946; x_wconf 88' lang='lat' dir='ltr'>intellectus</span> <span class='ocrx_word' id='word_1_110' title='bbox 1528 1899 1635 1967; x_wconf 80' lang='lat' dir='ltr'>agens</span> 
     </span>
     <span class='ocr_line' id='line_1_14' title="bbox 509 1986 960 2073; baseline -0.002 -18"><span class='ocrx_word' id='word_1_111' title='bbox 509 1986 651 2073; x_wconf 90' lang='lat' dir='ltr'>speciem</span> <span class='ocrx_word' id='word_1_112' title='bbox 667 1987 876 2072; x_wconf 84' lang='lat' dir='ltr'>impressam,</span> <span class='ocrx_word' id='word_1_113' title='bbox 898 1997 960 2055; x_wconf 88' lang='lat' dir='ltr'>etc.</span> 
     </span>
    </p>

    <p class='ocr_par' dir='ltr' id='par_1_4' title="bbox 554 2094 1632 2179">
     <span class='ocr_line' id='line_1_15' title="bbox 554 2094 1632 2179; baseline -0.001 -17"><span class='ocrx_word' id='word_1_114' title='bbox 554 2102 638 2178; x_wconf 80' lang='lat' dir='ltr'>Arg.</span> <span class='ocrx_word' id='word_1_115' title='bbox 663 2104 738 2162; x_wconf 56' lang='lat'><strong>⁶:¹¹³</strong></span> <span class='ocrx_word' id='word_1_116' title='bbox 793 2095 1029 2179; x_wconf 73' lang='lat' dir='ltr'>«Quandoque</span> <span class='ocrx_word' id='word_1_117' title='bbox 1048 2094 1256 2161; x_wconf 85' lang='lat' dir='ltr'>recordamur</span> <span class='ocrx_word' id='word_1_118' title='bbox 1280 2107 1372 2162; x_wconf 87' lang='lat' dir='ltr'>actus</span> <span class='ocrx_word' id='word_1_119' title='bbox 1395 2095 1632 2169; x_wconf 88' lang='lat' dir='ltr'>conclusionis,</span> 
     </span>
    </p>
   </div>
   <div class='ocr_carea' id='block_1_3' title="bbox 509 2202 1731 2287">
    <p class='ocr_par' dir='ltr' id='par_1_5' title="bbox 509 2202 1731 2287">
     <span class='ocr_line' id='line_1_16' title="bbox 509 2202 1731 2287; baseline -0.002 -18"><span class='ocrx_word' id='word_1_120' title='bbox 509 2202 588 2286; x_wconf 92' lang='lat' dir='ltr'>quin</span> <span class='ocrx_word' id='word_1_121' title='bbox 608 2204 815 2269; x_wconf 87' lang='lat' dir='ltr'>recordemur</span> <span class='ocrx_word' id='word_1_122' title='bbox 835 2203 1090 2287; x_wconf 85' lang='lat' dir='ltr'>praemissarum.</span> <span class='ocrx_word' id='word_1_123' title='bbox 1116 2202 1201 2287; x_wconf 77' lang='lat' dir='ltr'>Ergo</span> <span class='ocrx_word' id='word_1_124' title='bbox 1229 2211 1338 2286; x_wconf 84' lang='lat' dir='ltr'>potest</span> <span class='ocrx_word' id='word_1_125' title='bbox 1365 2220 1437 2268; x_wconf 89' lang='lat' dir='ltr'>esse</span> <span class='ocrx_word' id='word_1_126' title='bbox 1462 2202 1634 2268; x_wconf 81' lang='lat' dir='ltr'>conclusio</span> <span class='ocrx_word' id='word_1_127' title='bbox 1730 2267 1731 2278; x_wconf 63' lang='grc'>,</span> 
     </span>
    </p>
   </div>
   <div class='ocr_carea' id='block_1_4' title="bbox 509 2309 1731 2607">
    <p class='ocr_par' dir='ltr' id='par_1_6' title="bbox 509 2309 1731 2607">
     <span class='ocr_line' id='line_1_17' title="bbox 509 2309 1635 2395; baseline 0 -20"><span class='ocrx_word' id='word_1_128' title='bbox 509 2309 578 2375; x_wconf 87' lang='lat' dir='ltr'>sine</span> <span class='ocrx_word' id='word_1_129' title='bbox 596 2310 817 2395; x_wconf 59' lang='lat' dir='ltr'>premissis»</span> <span class='ocrx_word' id='word_1_130' title='bbox 839 2328 876 2376; x_wconf 85' lang='lat' dir='ltr'>ac</span> <span class='ocrx_word' id='word_1_131' title='bbox 896 2310 1032 2394; x_wconf 85' lang='lat' dir='ltr'>proinde</span> <span class='ocrx_word' id='word_1_132' title='bbox 1049 2310 1214 2375; x_wconf 88' lang='lat' dir='ltr'>conclusio</span> <span class='ocrx_word' id='word_1_133' title='bbox 1230 2328 1296 2375; x_wconf 95' lang='lat' dir='ltr'>non</span> <span class='ocrx_word' id='word_1_134' title='bbox 1312 2310 1495 2376; x_wconf 85' lang='lat' dir='ltr'>necessario</span> <span class='ocrx_word' id='word_1_135' title='bbox 1509 2311 1635 2393; x_wconf 88' lang='lat' dir='ltr'>pendet</span> 
     </span>
     <span class='ocr_line' id='line_1_18' title="bbox 509 2393 1731 2501; baseline 0.012 -18"><span class='ocrx_word' id='word_1_136' title='bbox 509 2436 528 2483; x_wconf 88' lang='lat' dir='ltr'>a</span> <span class='ocrx_word' id='word_1_137' title='bbox 546 2418 733 2501; x_wconf 81' lang='lat' dir='ltr'>praemissis,</span> <span class='ocrx_word' id='word_1_138' title='bbox 1730 2393 1731 2416; x_wconf 13' lang='grc' dir='ltr'><strong>Χ</strong></span> 
     </span>
     <span class='ocr_line' id='line_1_19' title="bbox 577 2524 1633 2607; baseline 0.001 -19"><span class='ocrx_word' id='word_1_139' title='bbox 577 2524 718 2607; x_wconf 82' lang='lat' dir='ltr'>«Neque</span> <span class='ocrx_word' id='word_1_140' title='bbox 746 2526 834 2592; x_wconf 90' lang='lat' dir='ltr'>dicas</span> <span class='ocrx_word' id='word_1_141' title='bbox 862 2536 942 2593; x_wconf 91' lang='lat' dir='ltr'>tunc</span> <span class='ocrx_word' id='word_1_142' title='bbox 972 2542 1038 2591; x_wconf 92' lang='lat' dir='ltr'>non</span> <span class='ocrx_word' id='word_1_143' title='bbox 1067 2541 1140 2590; x_wconf 88' lang='lat' dir='ltr'>esse</span> <span class='ocrx_word' id='word_1_144' title='bbox 1174 2524 1436 2605; x_wconf 79' lang='lat' dir='ltr'>conclusionem3</span> <span class='ocrx_word' id='word_1_145' title='bbox 1465 2526 1546 2607; x_wconf 81' lang='lat' dir='ltr'>quia</span> <span class='ocrx_word' id='word_1_146' title='bbox 1580 2527 1633 2590; x_wconf 91' lang='lat' dir='ltr'>ille</span> 
     </span>
    </p>
   </div>
   <div class='ocr_carea' id='block_1_5' title="bbox 509 2627 1732 2718">
    <p class='ocr_par' dir='ltr' id='par_1_7' title="bbox 509 2627 1732 2718">
     <span class='ocr_line' id='line_1_20' title="bbox 509 2627 1732 2718; baseline 0 -21"><span class='ocrx_word' id='word_1_147' title='bbox 509 2639 600 2698; x_wconf 84' lang='lat' dir='ltr'>actus</span> <span class='ocrx_word' id='word_1_148' title='bbox 625 2641 777 2699; x_wconf 88' lang='lat' dir='ltr'>causatur</span> <span class='ocrx_word' id='word_1_149' title='bbox 805 2652 822 2697; x_wconf 88' lang='lat' dir='ltr'>a</span> <span class='ocrx_word' id='word_1_150' title='bbox 850 2632 958 2718; x_wconf 90' lang='lat' dir='ltr'>specie</span> <span class='ocrx_word' id='word_1_151' title='bbox 987 2631 1137 2698; x_wconf 90' lang='lat' dir='ltr'>derelicta</span> <span class='ocrx_word' id='word_1_152' title='bbox 1169 2632 1210 2695; x_wconf 88' lang='lat' dir='ltr'>ab</span> <span class='ocrx_word' id='word_1_153' title='bbox 1242 2641 1316 2697; x_wconf 90' lang='lat' dir='ltr'>actu</span> <span class='ocrx_word' id='word_1_154' title='bbox 1347 2632 1567 2699; x_wconf 88' lang='lat' dir='ltr'>conclusionis</span> <span class='ocrx_word' id='word_1_155' title='bbox 1600 2634 1632 2697; x_wconf 91' lang='lat' dir='ltr'>in</span> <span class='ocrx_word' id='word_1_156' title='bbox 1661 2627 1665 2635; x_wconf 86' lang='grc'>’</span> <span class='ocrx_word' id='word_1_157' title='bbox 1730 2663 1732 2676; x_wconf 87' lang='grc'><strong><em>·</em></strong></span> 
     </span>
    </p>
   </div>
   <div class='ocr_carea' id='block_1_6' title="bbox 432 2738 1730 3900">
    <p class='ocr_par' dir='ltr' id='par_1_8' title="bbox 432 2738 1730 3150">
     <span class='ocr_line' id='line_1_21' title="bbox 432 2738 1633 2826; baseline 0 -20"><span class='ocrx_word' id='word_1_158' title='bbox 432 2748 437 2759; x_wconf 89' lang='grc'><em>“</em></span> <span class='ocrx_word' id='word_1_159' title='bbox 509 2738 684 2806; x_wconf 87' lang='lat' dir='ltr'>memoria:</span> <span class='ocrx_word' id='word_1_160' title='bbox 711 2758 789 2826; x_wconf 85' lang='lat' dir='ltr'>ergo</span> <span class='ocrx_word' id='word_1_161' title='bbox 817 2759 893 2807; x_wconf 94' lang='lat' dir='ltr'>cum</span> <span class='ocrx_word' id='word_1_162' title='bbox 919 2740 1043 2825; x_wconf 88' lang='lat' dir='ltr'>species</span> <span class='ocrx_word' id='word_1_163' title='bbox 1074 2756 1140 2806; x_wconf 95' lang='lat' dir='ltr'>non</span> <span class='ocrx_word' id='word_1_164' title='bbox 1168 2747 1338 2806; x_wconf 86' lang='lat' dir='ltr'>concurrat</span> <span class='ocrx_word' id='word_1_165' title='bbox 1366 2738 1427 2805; x_wconf 89' lang='lat' dir='ltr'>nisi</span> <span class='ocrx_word' id='word_1_166' title='bbox 1446 2738 1633 2807; x_wconf 86' lang='lat' dir='ltr'>adsimiles</span> 
     </span>
     <span class='ocr_line' id='line_1_22' title="bbox 508 2845 1631 2934; baseline 0 -22"><span class='ocrx_word' id='word_1_167' title='bbox 508 2856 616 2926; x_wconf 87' lang='lat' dir='ltr'>actus,</span> <span class='ocrx_word' id='word_1_168' title='bbox 637 2847 816 2932; x_wconf 88' lang='lat' dir='ltr'>exquibus</span> <span class='ocrx_word' id='word_1_169' title='bbox 836 2849 897 2915; x_wconf 87' lang='lat' dir='ltr'>suit</span> <span class='ocrx_word' id='word_1_170' title='bbox 916 2849 1090 2933; x_wconf 89' lang='lat' dir='ltr'>producta,</span> <span class='ocrx_word' id='word_1_171' title='bbox 1107 2850 1174 2934; x_wconf 88' lang='lat' dir='ltr'>jam</span> <span class='ocrx_word' id='word_1_172' title='bbox 1192 2847 1243 2912; x_wconf 88' lang='lat' dir='ltr'>ilia</span> <span class='ocrx_word' id='word_1_173' title='bbox 1254 2845 1421 2912; x_wconf 90' lang='lat' dir='ltr'>conclusio</span> <span class='ocrx_word' id='word_1_174' title='bbox 1435 2849 1496 2913; x_wconf 91' lang='lat' dir='ltr'>erit</span> <span class='ocrx_word' id='word_1_175' title='bbox 1514 2850 1631 2914; x_wconf 86' lang='lat' dir='ltr'>eadem</span> 
     </span>
     <span class='ocr_line' id='line_1_23' title="bbox 508 2954 1631 3040; baseline 0 -19"><span class='ocrx_word' id='word_1_176' title='bbox 508 2954 631 3039; x_wconf 90' lang='lat' dir='ltr'>specie,</span> <span class='ocrx_word' id='word_1_177' title='bbox 665 2955 735 3021; x_wconf 85' lang='lat' dir='ltr'>sive</span> <span class='ocrx_word' id='word_1_178' title='bbox 768 2973 843 3021; x_wconf 89' lang='lat' dir='ltr'>curn</span> <span class='ocrx_word' id='word_1_179' title='bbox 880 2955 1055 3040; x_wconf 75' lang='lat' dir='ltr'>premissis</span> <span class='ocrx_word' id='word_1_180' title='bbox 1095 2955 1165 3021; x_wconf 82' lang='lat' dir='ltr'>sive</span> <span class='ocrx_word' id='word_1_181' title='bbox 1191 2954 1271 3020; x_wconf 82' lang='lat' dir='ltr'>sine</span> <span class='ocrx_word' id='word_1_182' title='bbox 1307 2955 1485 3039; x_wconf 84' lang='lat' dir='ltr'>praemissis</span> <span class='ocrx_word' id='word_1_183' title='bbox 1522 2956 1631 3022; x_wconf 89' lang='lat' dir='ltr'>elicia-</span> 
     </span>
     <span class='ocr_line' id='line_1_24' title="bbox 508 3057 1730 3150; baseline 0.002 -24"><span class='ocrx_word' id='word_1_184' title='bbox 508 3071 587 3128; x_wconf 80' lang='lat' dir='ltr'>tur»</span> <span class='ocrx_word' id='word_1_185' title='bbox 607 3057 671 3150; x_wconf 85' lang='lat'><strong>(2).</strong></span> <span class='ocrx_word' id='word_1_186' title='bbox 1729 3140 1730 3143; x_wconf 8' lang='grc' dir='ltr'><strong>Ἴ</strong></span> 
     </span>
    </p>

    <p class='ocr_par' dir='ltr' id='par_1_9' title="bbox 506 3164 1730 3683">
     <span class='ocr_line' id='line_1_25' title="bbox 575 3164 1730 3258; baseline 0.001 -22"><span class='ocrx_word' id='word_1_187' title='bbox 575 3175 779 3254; x_wconf 79' lang='lat' dir='ltr'>Respondeo</span> <span class='ocrx_word' id='word_1_188' title='bbox 810 3169 860 3236; x_wconf 85' lang='lat'>1.⁰</span> <span class='ocrx_word' id='word_1_189' title='bbox 889 3169 996 3236; x_wconf 85' lang='lat' dir='ltr'>adnue</span> <span class='ocrx_word' id='word_1_190' title='bbox 1028 3170 1060 3235; x_wconf 93' lang='lat' dir='ltr'>in</span> <span class='ocrx_word' id='word_1_191' title='bbox 1090 3171 1217 3256; x_wconf 76' lang='lat' dir='ltr'>oblecta</span> <span class='ocrx_word' id='word_1_192' title='bbox 1242 3170 1434 3258; x_wconf 84' lang='lat' dir='ltr'>hypothesi,</span> <span class='ocrx_word' id='word_1_193' title='bbox 1462 3171 1632 3238; x_wconf 91' lang='lat' dir='ltr'>conclusio</span> <span class='ocrx_word' id='word_1_194' title='bbox 1729 3164 1730 3191; x_wconf 80' lang='lat'>³</span> 
     </span>
     <span class='ocr_line' id='line_1_26' title="bbox 508 3275 1631 3363; baseline 0.004 -23"><span class='ocrx_word' id='word_1_195' title='bbox 508 3276 628 3360; x_wconf 91' lang='lat' dir='ltr'>pendet</span> <span class='ocrx_word' id='word_1_196' title='bbox 659 3296 677 3341; x_wconf 86' lang='lat' dir='ltr'>a</span> <span class='ocrx_word' id='word_1_197' title='bbox 706 3275 883 3360; x_wconf 82' lang='lat' dir='ltr'>praemissis</span> <span class='ocrx_word' id='word_1_198' title='bbox 905 3281 1021 3343; x_wconf 89' lang='lat' dir='ltr'>saltem</span> <span class='ocrx_word' id='word_1_199' title='bbox 1049 3288 1191 3355; x_wconf 90' lang='lat' dir='ltr'>remote,</span> <span class='ocrx_word' id='word_1_200' title='bbox 1211 3280 1288 3362; x_wconf 88' lang='lat' dir='ltr'>quia</span> <span class='ocrx_word' id='word_1_201' title='bbox 1311 3278 1389 3353; x_wconf 90' lang='lat' dir='ltr'>nisi,</span> <span class='ocrx_word' id='word_1_202' title='bbox 1411 3280 1631 3363; x_wconf 79' lang='lat' dir='ltr'>praecessisset</span> 
     </span>
     <span class='ocr_line' id='line_1_27' title="bbox 508 3383 1631 3467; baseline 0.003 -19"><span class='ocrx_word' id='word_1_203' title='bbox 508 3383 749 3467; x_wconf 84' lang='lat' dir='ltr'>praemlssarum</span> <span class='ocrx_word' id='word_1_204' title='bbox 778 3401 950 3460; x_wconf 85' lang='lat' dir='ltr'>assensus,</span> <span class='ocrx_word' id='word_1_205' title='bbox 981 3402 1047 3450; x_wconf 91' lang='lat' dir='ltr'>non</span> <span class='ocrx_word' id='word_1_206' title='bbox 1076 3386 1192 3451; x_wconf 86' lang='lat' dir='ltr'>suisset</span> <span class='ocrx_word' id='word_1_207' title='bbox 1219 3403 1330 3452; x_wconf 91' lang='lat' dir='ltr'>earum</span> <span class='ocrx_word' id='word_1_208' title='bbox 1359 3387 1560 3463; x_wconf 88' lang='lat' dir='ltr'>recordatio,</span> <span class='ocrx_word' id='word_1_209' title='bbox 1590 3406 1631 3451; x_wconf 90' lang='lat' dir='ltr'>ex</span> 
     </span>
     <span class='ocr_line' id='line_1_28' title="bbox 506 3490 1629 3582; baseline 0.002 -26"><span class='ocrx_word' id='word_1_210' title='bbox 506 3510 572 3575; x_wconf 90' lang='lat' dir='ltr'>qua</span> <span class='ocrx_word' id='word_1_211' title='bbox 589 3490 737 3576; x_wconf 91' lang='lat' dir='ltr'>objicitur</span> <span class='ocrx_word' id='word_1_212' title='bbox 765 3491 866 3557; x_wconf 87' lang='lat' dir='ltr'>liuere</span> <span class='ocrx_word' id='word_1_213' title='bbox 896 3492 1139 3559; x_wconf 90' lang='lat' dir='ltr'>conclusionem</span> <span class='ocrx_word' id='word_1_214' title='bbox 1168 3496 1297 3582; x_wconf 85' lang='lat' dir='ltr'>absque·</span> <span class='ocrx_word' id='word_1_215' title='bbox 1311 3493 1436 3558; x_wconf 81' lang='lat' dir='ltr'>formali</span> <span class='ocrx_word' id='word_1_216' title='bbox 1455 3493 1629 3560; x_wconf 86' lang='lat' dir='ltr'>existentia</span> 
     </span>
     <span class='ocr_line' id='line_1_29' title="bbox 506 3597 927 3683; baseline 0 -20"><span class='ocrx_word' id='word_1_217' title='bbox 506 3597 650 3682; x_wconf 87' lang='lat' dir='ltr'>ipsarum</span> <span class='ocrx_word' id='word_1_218' title='bbox 670 3599 927 3683; x_wconf 85' lang='lat' dir='ltr'>praemissarum.</span> 
     </span>
    </p>

    <p class='ocr_par' dir='ltr' id='par_1_10' title="bbox 505 3705 1630 3900">
     <span class='ocr_line' id='line_1_30' title="bbox 572 3705 1630 3793; baseline 0.002 -21"><span class='ocrx_word' id='word_1_219' title='bbox 572 3711 676 3790; x_wconf 82' lang='lat' dir='ltr'>Resp.</span> <span class='ocrx_word' id='word_1_220' title='bbox 699 3705 752 3772; x_wconf 61' lang='grc' dir='ltr'>ιο</span> <span class='ocrx_word' id='word_1_221' title='bbox 782 3705 834 3772; x_wconf 82' lang='lat' dir='ltr'>Ad</span> <span class='ocrx_word' id='word_1_222' title='bbox 853 3707 1073 3791; x_wconf 88' lang='lat' dir='ltr'>probandum,</span> <span class='ocrx_word' id='word_1_223' title='bbox 1090 3708 1181 3791; x_wconf 92' lang='lat' dir='ltr'>quod</span> <span class='ocrx_word' id='word_1_224' title='bbox 1196 3707 1371 3793; x_wconf 79' lang='lat' dir='ltr'>praemissae</span> <span class='ocrx_word' id='word_1_225' title='bbox 1390 3707 1535 3774; x_wconf 84' lang='lat' dir='ltr'>efficiant</span> <span class='ocrx_word' id='word_1_226' title='bbox 1550 3727 1630 3774; x_wconf 90' lang='lat' dir='ltr'>oon-</span> 
     </span>
     <span class='ocr_line' id='line_1_31' title="bbox 505 3813 1630 3900; baseline 0.006 -23"><span class='ocrx_word' id='word_1_227' title='bbox 505 3813 705 3888; x_wconf 89' lang='lat' dir='ltr'>clusionem,</span> <span class='ocrx_word' id='word_1_228' title='bbox 737 3832 804 3878; x_wconf 94' lang='lat' dir='ltr'>non</span> <span class='ocrx_word' id='word_1_229' title='bbox 832 3825 914 3897; x_wconf 89' lang='lat' dir='ltr'>puro</span> <span class='ocrx_word' id='word_1_230' title='bbox 943 3832 1076 3880; x_wconf 89' lang='lat' dir='ltr'>necesse</span> <span class='ocrx_word' id='word_1_231' title='bbox 1103 3833 1176 3881; x_wconf 89' lang='lat' dir='ltr'>esse</span> <span class='ocrx_word' id='word_1_232' title='bbox 1199 3816 1351 3900; x_wconf 88' lang='lat' dir='ltr'>probare,</span> <span class='ocrx_word' id='word_1_233' title='bbox 1376 3817 1467 3900; x_wconf 91' lang='lat' dir='ltr'>quod</span> <span class='ocrx_word' id='word_1_234' title='bbox 1485 3831 1630 3900; x_wconf 84' lang='lat' dir='ltr'>nequeat</span> 
     </span>
    </p>
   </div>
   <div class='ocr_carea' id='block_1_7' title="bbox 505 3921 1730 4011">
    <p class='ocr_par' dir='ltr' id='par_1_11' title="bbox 505 3921 1730 4011">
     <span class='ocr_line' id='line_1_32' title="bbox 505 3921 1730 4011; baseline 0.007 -26"><span class='ocrx_word' id='word_1_235' title='bbox 505 3921 644 3986; x_wconf 85' lang='lat' dir='ltr'>existere</span> <span class='ocrx_word' id='word_1_236' title='bbox 668 3921 783 3987; x_wconf 87' lang='lat' dir='ltr'>eadem</span> <span class='ocrx_word' id='word_1_237' title='bbox 808 3921 974 3986; x_wconf 90' lang='lat' dir='ltr'>conclusio</span> <span class='ocrx_word' id='word_1_238' title='bbox 998 3923 1069 3987; x_wconf 89' lang='lat' dir='ltr'>sine</span> <span class='ocrx_word' id='word_1_239' title='bbox 1088 3923 1207 3989; x_wconf 86' lang='lat' dir='ltr'>talibus</span> <span class='ocrx_word' id='word_1_240' title='bbox 1225 3924 1415 3990; x_wconf 78' lang='lat' dir='ltr'>formalibus</span> <span class='ocrx_word' id='word_1_241' title='bbox 1435 3925 1628 4008; x_wconf 78' lang='lat' dir='ltr'>praemissis.</span> <span class='ocrx_word' id='word_1_242' title='bbox 1728 4008 1730 4011; x_wconf 15' lang='grc' dir='ltr'>Ι</span> 
     </span>
    </p>
   </div>
   <div class='ocr_carea' id='block_1_8' title="bbox 502 4027 1629 4548">
    <p class='ocr_par' dir='ltr' id='par_1_12' title="bbox 502 4027 1629 4548">
     <span class='ocr_line' id='line_1_33' title="bbox 506 4027 1629 4115; baseline 0.005 -23"><span class='ocrx_word' id='word_1_243' title='bbox 506 4027 556 4092; x_wconf 90' lang='lat' dir='ltr'>Sic</span> <span class='ocrx_word' id='word_1_244' title='bbox 574 4029 614 4092; x_wconf 90' lang='lat' dir='ltr'>ad</span> <span class='ocrx_word' id='word_1_245' title='bbox 639 4029 700 4093; x_wconf 90' lang='lat' dir='ltr'>hoc</span> <span class='ocrx_word' id='word_1_246' title='bbox 721 4037 757 4094; x_wconf 89' lang='lat' dir='ltr'>ut</span> <span class='ocrx_word' id='word_1_247' title='bbox 777 4047 887 4094; x_wconf 85' lang='lat' dir='ltr'>revera</span> <span class='ocrx_word' id='word_1_248' title='bbox 905 4031 993 4095; x_wconf 89' lang='lat' dir='ltr'>calor</span> <span class='ocrx_word' id='word_1_249' title='bbox 1016 4029 1131 4114; x_wconf 84' lang='lat' dir='ltr'>viginti</span> <span class='ocrx_word' id='word_1_250' title='bbox 1153 4030 1332 4114; x_wconf 82' lang='lat' dir='ltr'>graduum,</span> <span class='ocrx_word' id='word_1_251' title='bbox 1353 4031 1410 4115; x_wconf 94' lang='lat' dir='ltr'>qui</span> <span class='ocrx_word' id='word_1_252' title='bbox 1429 4033 1532 4098; x_wconf 89' lang='lat' dir='ltr'>estin</span> <span class='ocrx_word' id='word_1_253' title='bbox 1552 4051 1629 4098; x_wconf 89' lang='lat' dir='ltr'>meo</span> 
     </span>
     <span class='ocr_line' id='line_1_34' title="bbox 504 4135 1629 4223; baseline 0.005 -23"><span class='ocrx_word' id='word_1_254' title='bbox 504 4135 671 4220; x_wconf 89' lang='lat' dir='ltr'>cubiculo,</span> <span class='ocrx_word' id='word_1_255' title='bbox 694 4136 846 4218; x_wconf 87' lang='lat' dir='ltr'>procedat</span> <span class='ocrx_word' id='word_1_256' title='bbox 865 4155 884 4200; x_wconf 89' lang='lat' dir='ltr'>a</span> <span class='ocrx_word' id='word_1_257' title='bbox 903 4137 973 4201; x_wconf 91' lang='lat' dir='ltr'>sole</span> <span class='ocrx_word' id='word_1_258' title='bbox 991 4136 1185 4212; x_wconf 83' lang='lat' dir='ltr'>efficienter,</span> <span class='ocrx_word' id='word_1_259' title='bbox 1209 4155 1342 4203; x_wconf 87' lang='lat' dir='ltr'>necesse</span> <span class='ocrx_word' id='word_1_260' title='bbox 1361 4155 1428 4204; x_wconf 95' lang='lat' dir='ltr'>non</span> <span class='ocrx_word' id='word_1_261' title='bbox 1446 4150 1516 4214; x_wconf 86' lang='lat' dir='ltr'>est,</span> <span class='ocrx_word' id='word_1_262' title='bbox 1537 4141 1629 4223; x_wconf 91' lang='lat' dir='ltr'>quod</span> 
     </span>
     <span class='ocr_line' id='line_1_35' title="bbox 504 4240 1629 4329; baseline 0.004 -22"><span class='ocrx_word' id='word_1_263' title='bbox 504 4240 590 4308; x_wconf 89' lang='lat' dir='ltr'>idem</span> <span class='ocrx_word' id='word_1_264' title='bbox 619 4243 740 4327; x_wconf 82' lang='lat' dir='ltr'>gradus</span> <span class='ocrx_word' id='word_1_265' title='bbox 765 4241 880 4309; x_wconf 87' lang='lat' dir='ltr'>caloris</span> <span class='ocrx_word' id='word_1_266' title='bbox 907 4255 1049 4329; x_wconf 89' lang='lat' dir='ltr'>nequeat</span> <span class='ocrx_word' id='word_1_267' title='bbox 1076 4245 1250 4327; x_wconf 89' lang='lat' dir='ltr'>procedere</span> <span class='ocrx_word' id='word_1_268' title='bbox 1275 4244 1308 4309; x_wconf 90' lang='lat' dir='ltr'>in</span> <span class='ocrx_word' id='word_1_269' title='bbox 1334 4244 1483 4312; x_wconf 89' lang='lat' dir='ltr'>cubiculo</span> <span class='ocrx_word' id='word_1_270' title='bbox 1505 4246 1550 4312; x_wconf 84' lang='lat' dir='ltr'>ab</span> <span class='ocrx_word' id='word_1_271' title='bbox 1567 4249 1629 4314; x_wconf 85' lang='lat' dir='ltr'>alia</span> 
     </span>
     <span class='ocr_line' id='line_1_36' title="bbox 503 4350 1629 4437; baseline 0.006 -22"><span class='ocrx_word' id='word_1_272' title='bbox 503 4367 636 4432; x_wconf 90' lang='lat' dir='ltr'>quoque</span> <span class='ocrx_word' id='word_1_273' title='bbox 654 4366 769 4427; x_wconf 86' lang='lat' dir='ltr'>causa,</span> <span class='ocrx_word' id='word_1_274' title='bbox 794 4360 875 4434; x_wconf 86' lang='lat' dir='ltr'>puta</span> <span class='ocrx_word' id='word_1_275' title='bbox 902 4350 943 4416; x_wconf 91' lang='lat' dir='ltr'>ab</span> <span class='ocrx_word' id='word_1_276' title='bbox 970 4351 1048 4436; x_wconf 83' lang='lat' dir='ltr'>igne</span> <span class='ocrx_word' id='word_1_277' title='bbox 1076 4369 1211 4418; x_wconf 86' lang='lat' dir='ltr'>accenso</span> <span class='ocrx_word' id='word_1_278' title='bbox 1234 4351 1266 4416; x_wconf 89' lang='lat' dir='ltr'>in</span> <span class='ocrx_word' id='word_1_279' title='bbox 1285 4351 1430 4418; x_wconf 89' lang='lat' dir='ltr'>camino.</span> <span class='ocrx_word' id='word_1_280' title='bbox 1452 4353 1574 4437; x_wconf 87' lang='lat' dir='ltr'>Neque</span> <span class='ocrx_word' id='word_1_281' title='bbox 1592 4367 1629 4422; x_wconf 92' lang='lat' dir='ltr'>ut</span> 
     </span>
     <span class='ocr_line' id='line_1_37' title="bbox 502 4458 1628 4548; baseline 0.005 -25"><span class='ocrx_word' id='word_1_282' title='bbox 502 4465 629 4523; x_wconf 88' lang='lat' dir='ltr'>certum</span> <span class='ocrx_word' id='word_1_283' title='bbox 655 4458 784 4540; x_wconf 90' lang='lat' dir='ltr'>pondus</span> <span class='ocrx_word' id='word_1_284' title='bbox 802 4475 879 4525; x_wconf 87' lang='lat' dir='ltr'>vere</span> <span class='ocrx_word' id='word_1_285' title='bbox 903 4459 1029 4524; x_wconf 89' lang='lat' dir='ltr'>dicatur</span> <span class='ocrx_word' id='word_1_286' title='bbox 1051 4459 1196 4543; x_wconf 88' lang='lat' dir='ltr'>pendere</span> <span class='ocrx_word' id='word_1_287' title='bbox 1219 4460 1260 4524; x_wconf 88' lang='lat' dir='ltr'>ab</span> <span class='ocrx_word' id='word_1_288' title='bbox 1283 4461 1345 4525; x_wconf 84' lang='lat' dir='ltr'>noc</span> <span class='ocrx_word' id='word_1_289' title='bbox 1363 4462 1474 4548; x_wconf 82' lang='lat' dir='ltr'>clavo,</span> <span class='ocrx_word' id='word_1_290' title='bbox 1491 4479 1628 4529; x_wconf 75' lang='lat' dir='ltr'>neeesse</span> 
     </span>
    </p>
   </div>
   <div class='ocr_carea' id='block_1_9' title="bbox 488 4707 1136 4870">
    <p class='ocr_par' dir='ltr' id='par_1_13' title="bbox 488 4707 1136 4870">
     <span class='ocr_line' id='line_1_38' title="bbox 537 4707 1060 4779; baseline 0.002 -13"><span class='ocrx_word' id='word_1_291' title='bbox 537 4709 578 4776; x_wconf 85' lang='lat'>(1)</span> <span class='ocrx_word' id='word_1_292' title='bbox 616 4707 658 4768; x_wconf 80' lang='lat' dir='ltr'>lto</span> <span class='ocrx_word' id='word_1_293' title='bbox 672 4708 778 4768; x_wconf 87' lang='lat' dir='ltr'>iterum</span> <span class='ocrx_word' id='word_1_294' title='bbox 796 4707 976 4779; x_wconf 84' lang='lat' dir='ltr'>Durandua,</span> <span class='ocrx_word' id='word_1_295' title='bbox 991 4707 1060 4768; x_wconf 86' lang='lat' dir='ltr'>ibid.</span> 
     </span>
     <span class='ocr_line' id='line_1_39' title="bbox 488 4797 1136 4870; baseline 0.003 -16"><span class='ocrx_word' id='word_1_296' title='bbox 488 4800 491 4810; x_wconf 86' lang='lat'>&#39;</span> <span class='ocrx_word' id='word_1_297' title='bbox 537 4802 577 4864; x_wconf 82' lang='lat'>(2)</span> <span class='ocrx_word' id='word_1_298' title='bbox 613 4798 700 4870; x_wconf 80' lang='lat' dir='ltr'>Apud</span> <span class='ocrx_word' id='word_1_299' title='bbox 715 4797 888 4869; x_wconf 79' lang='lat' dir='ltr'>Mestrium,</span> <span class='ocrx_word' id='word_1_300' title='bbox 905 4799 959 4858; x_wconf 88' lang='lat' dir='ltr'>loc.</span> <span class='ocrx_word' id='word_1_301' title='bbox 975 4798 1023 4857; x_wconf 90' lang='lat' dir='ltr'>cit.</span> <span class='ocrx_word' id='word_1_302' title='bbox 1041 4819 1072 4858; x_wconf 90' lang='lat' dir='ltr'>n.</span> <span class='ocrx_word' id='word_1_303' title='bbox 1092 4819 1136 4856; x_wconf 75' lang='lat' dir='ltr'>aa.</span> 
     </span>
    </p>
   </div>
   <div class='ocr_carea' id='block_1_10' title="bbox 0 0 1750 5525">
    <p class='ocr_par' dir='ltr' id='par_1_14' title="bbox 0 0 1750 5525">
     <span class='ocr_line' id='line_1_40' title="bbox 0 0 1750 5525; baseline 0 3"><span class='ocrx_word' id='word_1_304' title='bbox 0 0 1750 5525; x_wconf 95' lang='lat' dir='ltr'> </span> 
     </span>
    </p>
   </div>
  </div>
 </body>
</html>
