3492 5525
563 462 623 526 370
751 444 877 510 Locren
895 443 1148 515 Minore-Distu
1173 457 1217 523 3.·
1240 443 1317 509 cn».
1341 463 1414 528 qam

521 625 710 709 exemplum
731 644 797 692 non
815 643 909 709 aeque
927 625 1055 692 valeant
1074 626 1269 710 plerumque
1286 626 1328 690 ad
1351 626 1572 709 probandum,
1591 636 1646 693 ta-

521 751 598 798 men
618 732 740 799 facilius
757 733 926 800 communi
946 733 1117 799 bominum
1137 733 1249 819 generi
1267 735 1557 800 accommodantur
1573 731 1643 822 (r).

326 861 492 919 maeniana
571 835 643 922 176.
693 840 778 906 Cum
804 841 974 926 exemplo,
996 848 1094 924 prout
1119 842 1276 909 hactenus
1301 840 1499 926 explicatum
1518 848 1585 918 est,
1606 842 1645 906 in

329 934 485 989 ⁸b⁸¹²⁸¹⁰⁸¹b
520 945 607 1012 idem
627 949 691 1014 lere
710 948 821 1014 recidit
837 948 1093 1032 argumentatio,
1106 966 1182 1031 quae
1200 948 1242 1013 ab
1257 948 1406 1032 analogia
1418 948 1563 1026 ducitur,
1574 959 1648 1014 est-

395 1131 400 1138 ,
520 1072 584 1136 que
602 1056 841 1140 argumentatio,
856 1064 917 1137 prr
932 1073 1027 1140 quam
1042 1057 1083 1122 ab
1100 1073 1167 1122 una
1180 1055 1377 1138 proportione
1388 1056 1477 1122 nobis
1489 1061 1646 1138 comperta

518 1161 615 1226 aliam
634 1180 696 1228 non
720 1167 907 1245 compertam
925 1162 1101 1248 inserimus.
1123 1163 1164 1230 V.
1181 1182 1215 1247 g.
1237 1163 1333 1230 video
1349 1164 1501 1239 brutum,
1518 1163 1646 1230 similes

519 1286 594 1333 curn
615 1269 734 1336 nostris
752 1281 844 1336 actus
866 1280 902 1334 et
925 1278 1038 1336 motus
1055 1270 1151 1336 edere
1176 1270 1217 1335 ad
1238 1250 1452 1354 'presentiam
1480 1289 1646 1354 quorum-

519 1375 596 1440 dam
615 1376 835 1462 objectorum,
862 1377 914 1443 vel
937 1377 1057 1444 similia
1087 1377 1206 1470 nostris
1233 1396 1356 1462 organa
1380 1377 1515 1443 babere:
1542 1386 1647 1460 atque

520 1483 595 1548 inde
616 1484 843 1550 concludimus
863 1484 958 1549 bruta
974 1485 1144 1550 ‘sentiendi
1168 1469 1318 1552 'facultate
1336 1493 1370 1548 et
1392 1493 1466 1551 actu
1485 1484 1645 1570 gaudere.

519 1590 588 1656 «Ex
614 1609 682 1674 quo
709 1601 798 1675 patet
816 1591 976 1675 analogiae
992 1599 1229 1677 argumentum
1248 1593 1471 1658 inductionem
1489 1593 1649 1676 imperte-

517 1706 603 1765 ctarn
623 1699 740 1765 merito
760 1699 879 1766 vocari.
896 1700 1043 1766 inductio
1060 1701 1149 1766 enim
1164 1720 1184 1764 a
1197 1700 1342 1783 partibus
1356 1701 1398 1764 ad
1411 1710 1521 1766 toturn
1534 1717 1648 1784 genus

519 1806 680 1892 procedit;
714 1805 862 1892 analogia
888 1827 908 1872 a
936 1817 1025 1893 parte
1054 1807 1200 1894 procedit
1229 1807 1270 1872 ad
1297 1819 1443 1891 partem,
1471 1827 1547 1892 quae
1577 1809 1648 1872 sub

518 1911 634 1980 eodem
654 1933 774 1999 genere
794 1924 974 1999 utcumque
992 1915 1217 1984 continentum
1237 1911 1250 2002 (
1275 1915 1300 2003 ).

350 2058 467 2118 Pamph,
584 2019 753 2106 Principia,
767 2021 889 2105 quibus
898 2022 1055 2108 analogiae
1066 2023 1320 2108 argumentatio,
1329 2022 1519 2090 sicutetiam
1534 2040 1649 2086 exem·

305 2135 387 2196 quun
405 2133 504 2216 buitim
517 2129 624 2211 plum,
644 2129 808 2208 innititur,
835 2131 904 2215 baec
924 2132 990 2196 tere
1007 2139 1103 2198 sunt:
1125 2129 1261 2214 Quodin
1290 2147 1356 2196 uno
1372 2131 1524 2196 similium
1544 2133 1647 2205 valet,

325 2213 484 2330 ffflffl
517 2235 601 2302 vater
611 2235 646 2300 in
659 2238 793 2302 calaris:
808 2239 903 2320 Quod
916 2257 979 2302 non
992 2240 1078 2304 valet
1088 2239 1124 2303 in
1137 2256 1200 2303 uno
1211 2235 1380 2314 similium,
1395 2257 1452 2304 nec
1463 2237 1506 2326 ¹in
1523 2239 1650 2303 cuun‘s

377 2333 382 2342 ’
518 2346 617 2410 valet:
634 2343 696 2411 Res
713 2344 830 2410 similes
856 2346 979 2428 effecms
999 2345 1116 2411 sirniles
1132 2348 1326 2428 producunt:
1350 2345 1410 2412 Res
1434 2345 1549 2411 similes
1565 2354 1652 2426 pro-

514 2450 699 2532 prietatibus
727 2451 883 2518 similibus
905 2453 1064 2519 instructa
1093 2457 1180 2528 sunt,
1209 2454 1379 2518 secundum
1408 2452 1525 2518 similes
1554 2454 1650 2532 typos
1741 2532 1742 2539 ἵ

518 2557 650 2624 condita
666 2564 752 2636 nant,
774 2559 893 2626 srbniles
906 2559 993 2646 fines
1011 2561 1136 2636 babent,
1157 2559 1312 2626 similibus
1331 2559 1449 2643 legibus
1464 2560 1650 2655 gubernan-
1741 2554 1742 2587 ³

519 2667 588 2743 tur,
605 2675 668 2732 etc.
688 2667 905 2733 Dissimilibus
916 2668 1084 2734 dissimilrb
1100 2668 1298 2734 conveniunt.
1316 2667 1556 2748 Contrariorum
1569 2685 1651 2733 con·
1741 2704 1743 2741 t

519 2774 629 2839 traria
651 2778 730 2841 sunt
752 2794 855 2843 causae
882 2773 954 2865 (3):
983 2774 1134 2866 (inellige
1159 2795 1274 2843 causas
1290 2775 1454 2858 proximas
1475 2794 1542 2841 non
1563 2794 1651 2841 uero

520 2880 679 2970 remotas)
697 2890 759 2948 etc.

587 2990 620 3055 ln
649 2990 796 3075 analogia
828 3000 861 3055 et
889 2993 1042 3075 exemplo
1073 2990 1301 3060 conclusiones
1330 2992 1525 3076 plerumque
1555 2990 1651 3060 intra
1740 3023 1741 3026 ¹

521 3096 755 3180 probabilitatis
772 3098 893 3164 limites
911 3098 1137 3180 continentum
1155 3107 1295 3183 possunt
1314 3106 1426 3165 tamen
1443 3080 1650 3183 quandoque

519 3204 747 3271 certitudinem
784 3205 949 3284 obtinere,
983 3206 1115 3289 quando
1151 3226 1272 3291 nempe
1304 3205 1446 3272 similem
1482 3207 1650 3273 rationem

520 3311 693 3397 utrobique
727 3314 833 3379 valere
864 3322 1009 3389 constat,
1043 3323 1081 3380 ut
1112 3314 1241 3380 videtur
1263 3313 1404 3381 'evenire
1435 3313 1468 3379 in
1501 3314 1652 3381 adducto

520 3422 673 3504 exemplo
691 3439 751 3505 pro
769 3421 940 3488 brutorum
960 3422 1161 3490 sensatione.
1246 3510 1252 3525 Ι

884 3631 1185 3707 ARTICULUS
1206 3632 1278 3706 IV.

955 3782 1027 3849 De
1048 3782 1210 3848 Sonitu.
1279 3782 1286 3800 “

570 3974 643 4042 ¹77·
691 3955 815 4025 Sorites
845 3954 923 4047 (dab
947 3972 1004 4023 roo
1024 3959 1137 4052 admo,
1160 3956 1292 4048 acervo)
1314 3968 1382 4027 est:
1414 3961 1654 4044 argumentatio

519 4064 695 4145 acervatis,
716 4065 890 4150 interprete
903 4066 1009 4133 Tullio
1022 4064 1091 4155 (4),
1116 4068 1417 4152 seuargumcntatrb
1429 4072 1655 4135 corutansva-

521 4174 581 4239 riis
589 4170 852 4256 propositionibus
872 4175 919 4239 itu
926 4174 1086 4257 gradatim
1102 4174 1276 4257 dispositis,
1297 4178 1335 4241 ut
1344 4175 1552 4257 mutuatum
1560 4182 1654 4258 ρω-

520 4282 656 4347 cedentis
680 4280 753 4366 fiat
787 4281 958 4370 subjectum
992 4282 1217 4368 consequentis,
1244 4286 1340 4349 donec
1374 4282 1411 4347 in
1447 4284 1655 4353 conclusione

555 4462 596 4532 (1)
633 4460 708 4519 Vide
723 4460 860 4519 Fonecca.
876 4460 998 4518 institut
1010 4461 1127 4521 debiant.
1142 4461 1193 4519 lib.
1207 4461 1241 4533 6,
1255 4480 1320 4533 cap.
1333 4460 1377 4535 36.

555 4552 597 4622 (a)
632 4549 801 4623 Tongiorgi.
816 4551 949 4609 Institut.
961 4551 1093 4627 Logicce,
1109 4572 1139 4611 n.
1155 4571 1219 4624 323·

555 4646 595 4713 (3)
631 4640 725 4714 Tong.
743 4640 781 4700 ib.
798 4661 828 4701 n.
844 4660 913 4713 324,
927 4641 1006 4713 apud
1019 4661 1107 4713 quem
1122 4642 1209 4716 plura
1221 4642 1258 4702 de
1272 4640 1329 4701 hia.

555 4736 597 4805 (4)
635 4736 679 4795 Dc
693 4732 895 4808 Divinatione,
911 4733 962 4794 tib.
976 4753 994 4791 a
1007 4756 1070 4811 cap.
1080 4758 1109 4811 4.
