3492 5525
379 456 496 519 Arene.
519 468 579 518 aa·
599 456 651 519 Da
671 472 806 521 vasone
826 442 1021 521 cesarnonn
1160 454 1221 537 619

205 646 310 725 Rcep.
336 658 403 726 neg.
429 616 543 708 assert.
1080 699 1089 719 ,

207 748 258 813 Ad
278 748 406 832 probat.
428 752 529 815 trans.
541 756 665 825 antec,
685 748 761 816 dist.
778 766 913 832 conseq.
929 748 1057 814 Omnes
1072 745 1169 811 etiam
1181 753 1260 811 sunt

137 854 296 932 tallibtles,
317 876 356 921 ea
369 865 479 922 tamen
496 855 699 933 iallibilitate,
711 857 752 921 de
762 875 826 939 qua
840 864 968 923 constet
977 854 1067 931 satis,
1083 854 1257 920 deductam

135 964 179 1028 ad
198 974 305 1031 actum
327 982 392 1030 non
411 984 500 1039 csse,
520 983 626 1040 conc..
643 964 685 1029 de
704 965 819 1048 quaid
839 982 905 1029 non
923 967 1069 1038 constet,
1083 980 1156 1046 arag.

207 1072 432 1137 Probation'em
452 1071 684 1155 consequentis
701 1072 820 1157 pariter
832 1072 1004 1155 distinguo.
1021 1072 1055 1136 ln
1068 1068 1259 1135 collectione

136 1178 218 1245 nihil
237 1188 288 1245 est
306 1180 393 1244 aliud
419 1180 479 1245 nisi
506 1178 733 1247 testimonium
762 1181 986 1264 singulorum,
1006 1179 1051 1243 ita
1080 1188 1190 1243 tamen
1222 1185 1258 1242 ut

135 1288 238 1371 hujus
257 1286 430 1354 auctoritas
450 1288 563 1372 plena,
585 1305 658 1370 quae
671 1295 780 1371 patere
792 1288 884 1353 aliter
899 1306 965 1353 non
987 1288 1086 1361 solet,
1107 1284 1140 1350 in
1161 1286 1259 1350 colle-

133 1395 245 1460 ctione
263 1393 462 1471 innotescat,
481 1414 585 1470 conc„
606 1412 716 1473 secuS,
740 1414 812 1479 neg.

184 1508 290 1585 objie.
314 1512 362 1569 αθ
406 1503 529 1586 Nequit
546 1502 706 1569 certitudo
724 1522 765 1569 ex
783 1521 916 1569 summa
934 1500 1197 1587 probabilitatum
1209 1518 1257 1565 re-

135 1611 270 1678 sultare.
292 1610 392 1693 Atqui
413 1611 598 1686 resultaret,
619 1610 646 1676 si
661 1629 736 1677 vera
753 1618 839 1676 esset
850 1610 1028 1695 propositio
1039 1609 1256 1675 nostraNam

134 1727 250 1785 testes
259 1718 290 1785 in
302 1717 492 1783 collectione
500 1726 622 1783 certam
635 1720 739 1784 tacere
753 1718 906 1783 dicuntur
919 1718 1036 1793 iidem,
1057 1735 1133 1783 cum
1145 1729 1257 1781 tamen

133 1826 342 1909 singulorum
361 1825 607 1902 testimonium,
628 1827 744 1891 saltem
765 1825 964 1911 generatim,
985 1826 1068 1891 ultra
1086 1822 1259 1908 probabili·

133 1941 237 1998 tatem
259 1951 324 2023 non
339 1942 500 2019 assurgat.

204 2048 308 2124 Reap.
332 2059 419 2106 conc.
440 2040 535 2126 Mai,
555 2032 627 2125 neg.
647 2040 764 2106 Minor.

205 2146 241 2213 Et
261 2146 418 2213 rationem
439 2148 580 2214 additam
599 2148 760 2233 distinguo
765 2138 1016 2230 ;testimonium
1036 2148 1254 2233 singulorum,

131 2256 160 2322 si
185 2252 320 2321 seorsim
341 2254 382 2320 ab
401 2255 470 2321 aliis
492 2263 672 2339 spectetur,
692 2256 873 2341 generatim
894 2258 997 2322 solam
1017 2255 1115 2322 habet
1141 2256 1256 2340 proba·

132 2362 312 2438 bilitatem,
328 2381 434 2440 conc„
457 2362 511 2428 ubi
531 2362 667 2428 aliorum
683 2362 914 2429 etiamaccedit
927 2362 1170 2451 testimonium,
1186 2382 1252 2447 neg.

131 2470 219 2537 Nam
240 2469 369 2556 singula
387 2471 572 2536 testimonia
591 2471 623 2535 in
646 2470 701 2537 tali
727 2470 1045 2547 eventu,·desinunt
1070 2489 1143 2537 esse
1166 2490 1255 2539 mere

132 2577 328 2663 probabilia,
349 2578 580 2661 motivumque
597 2578 804 2644 constituunt
816 2577 1040 2648 indubitabile.

180 2693 288 2771 Objtc.
314 2694 365 2754 3.⁰
410 2682 509 2762 Quod
527 2684 664 2771 singulis
684 2685 836 2752 convenit
854 2686 1085 2764 essentialiter,
1101 2687 1255 2754 convenit

131 2794 233 2859 etiam
252 2793 446 2860 collectioni.
467 2793 567 2878 Atqui
587 2793 724 2880 singulis
743 2795 898 2860 convenit
915 2795 1128 2862 essentialiter
1146 2795 1256 2861 tallibi-

130 2903 219 2970 litas.
240 2902 325 2988 Ergo
344 2912 375 2968 et
390 2902 586 2978 collectioni,
607 2900 788 2986 acproinde
802 2922 861 2968 nec
872 2903 1014 2986 plurium
1025 2904 1254 2971 testimonium
1306 2909 1311 2923 ’

131 3011 209 3078 ullis
227 3009 261 3075 in
280 3009 440 3094 adjunctis
455 3017 563 3092 potest
582 3007 809 3076 certitudinem
829 3013 986 3094 praebere.

202 3125 305 3200 Resp.
326 3116 400 3184 dist.
418 3118 532 3202 Major.
554 3115 588 3182 Si
606 3118 751 3183 collectio
762 3117 839 3184 nihil
851 3120 996 3184 conferat
1008 3119 1050 3184 ad
1061 3119 1252 3185 variandum

129 3225 364 3310 praedicatum,
386 3225 477 3307 quod
496 3224 634 3309 singulis
652 3227 827 3310 competit,
848 3243 953 3307 conc.,·
971 3225 997 3292 si
1016 3226 1095 3310 quid
1110 3228 1255 3294 conterat

127 3331 175 3400 ad
192 3332 380 3417 hujusmodi
398 3332 610 3398 variationem
629 3333 870 3409 inducendum,
892 3352 964 3417 neg.

199 3441 359 3507 Minorem
378 3439 476 3505 etiam
493 3439 568 3507 dist.
589 3438 732 3525 Singulis
746 3441 900 3508 convenit
918 3439 1132 3507 essentialiter
1140 3442 1255 3510 lallibi·

126 3549 205 3615 litas
217 3549 249 3614 in
264 3547 434 3623 omnibus,
452 3565 537 3630 neg,
549 3547 582 3612 in
598 3549 710 3614 multis
723 3548 869 3626 subdist,
886 3547 931 3614 ita
943 3549 1021 3615 utin
1036 3547 1203 3627 omnibus,
1219 3551 1253 3616 in

126 3655 253 3740 quibus
268 3663 318 3721 est
336 3654 491 3731 tallibllis,
512 3647 554 3720 de'
573 3655 656 3721 iacto
676 3656 773 3721 etiam
789 3674 920 3741 semper
937 3657 1080 3732 fallatur,
1102 3673 1192 3741 neg,
1209 3657 1252 3722 ita

118 3773 171 3856 ¹ut
188 3781 275 3848 saepe
295 3781 361 3829 non
381 3763 509 3830 fallatur
527 3771 600 3827 actu
618 3761 652 3828 in
671 3763 709 3829 iis
724 3763 818 3847 ipsis,
839 3763 872 3830 in
893 3763 1013 3848 quibus
1027 3762 1092 3831 falli
1105 3764 1252 3830 absolute

126 3881 260 3958 posset,
280 3889 367 3936 conc.

198 3979 236 4044 Et
249 3997 322 4063 neg.
341 3995 478 4061 conseq.

175 4093 325 4155 instabis
347 4094 395 4154 r.⁰
439 4085 540 4170 Atqui
552 4087 698 4152 collectio
713 4086 791 4164 nibil
801 4089 927 4154 confert
940 4088 982 4155 ad
996 4087 1182 4173 praedictam
1196 4108 1253 4155 va-

126 4195 316 4263 riationem.
336 4195 420 4260 Nam
440 4195 474 4259 in
493 4195 683 4261 collectione
701 4195 838 4263 minime
857 4205 1005 4263 mutatur
1023 4205 1138 4263 natura
1164 4195 1252 4263 testi·

124 4303 232 4371 monii
243 4303 450 4388 singulorum
461 4302 609 4370 testium.
621 4303 704 4388 Ergo
718 4303 745 4370 si
761 4303 948 4388 singillatim
959 4304 1087 4370 tallibile
1097 4313 1148 4371 est
1157 4304 1249 4382 illud,

124 4411 259 4479 sallibile
278 4428 412 4496 quoque
430 4409 605 4477 dicendum
620 4420 670 4500 est
688 4411 721 4476 in
736 4411 937 4481 collectione.

196 4527 302 4602 Resp.
321 4518 398 4585 dist.
418 4526 502 4594 ant,
525 4537 591 4584 non
610 4527 757 4585 mutatur
775 4520 808 4586 in
823 4520 1013 4587 collectione
1030 4528 1144 4586 natura
1161 4520 1250 4586 testi·

122 4624 231 4696 monii
252 4626 458 4710 singulorum
478 4625 584 4711 inse,
610 4645 713 4704 cona,
734 4629 842 4710 quoad
868 4627 919 4694 sui
939 4627 1247 4705 manifestationem,

119 4753 199 4819 neg.
221 4741 254 4799 et
271 4751 344 4818 neg.
364 4751 498 4820 conseq.
