3492 5525
463 444 468 451 ¹
562 457 623 546 984
683 459 811 527 Locrca
826 460 1055 533 blason-lau.
1072 475 1142 535 μ’,
1159 459 1250 523 Drsn.
1264 470 1310 542 4·
1325 458 1405 521 Cre.
1424 472 1496 541 3³¹2

524 664 628 712 nexus
641 647 794 730 partium,
813 644 1027 714 Arithmetica
1045 663 1124 724 uero
1142 644 1175 711 in
1193 644 1365 719 unitatem,
1381 662 1459 728 quae
1477 652 1532 709 est
1546 640 1645 727 prima

524 772 678 821 mensura
691 772 905 822 numerorum
925 751 989 843 (r).
1716 818 1717 835 ,

591 864 684 930 Plura
703 862 803 930 videri
822 871 962 949 possunt
977 865 1083 929 soluta
1097 862 1184 947 apud
1201 858 1489 929 Conimbricenses
1507 866 1544 924 et
1558 857 1648 940 Joan-

526 989 602 1039 nem
621 991 641 1037 a
658 970 693 1037 S.
712 971 853 1040 Thoma.

889 1160 1189 1238 ARTICULUS
1210 1161 1276 1235 ΙΠ.

659 1315 827 1381 Utrum
848 1314 1030 1379 habitus
1053 1315 1252 1379 seientiae
1274 1312 1424 1377 totalis
1446 1312 1511 1377 sit

864 1422 1061 1504 qualitas
1093 1422 1291 1503 simplex

438 1662 449 1690 .
571 1636 648 1704 290.
701 1618 787 1684 Ante
818 1617 930 1683 omnia
962 1616 1179 1701 supponimus
1210 1616 1276 1681 dari
1306 1616 1453 1683 habiturn
1490 1617 1645 1689 scientia.

363 1734 377 1762 ⁰
415 1719 440 1801 ,³⁰
458 1717 476 1761 ἰ·
525 1734 563 1793 ut
581 1734 711 1792 constat
738 1744 778 1791 ex
796 1724 964 1799 facilitate,
985 1743 1084 1808 quam
1111 1726 1186 1808 quis
1203 1724 1435 1791 exercitatione
1462 1726 1648 1810 assequitur

360 1805 372 1834 ⁸
403 1805 464 1835 Μ’
524 1835 566 1900 ad
585 1833 840 1900 ratiocinandum
859 1832 1222 1917 demonstrationesque
1249 1831 1467 1898 instituendas
1492 1832 1526 1897 in
1552 1834 1649 1897 scien

523 1940 589 2009 tiis.
611 1939 638 2007 ls
655 1951 766 2006 autem
786 1941 916 2007 habitus
942 1941 1113 2007 distinctus
1131 1950 1181 2006 est
1199 1942 1239 2006 ab
1268 1927 1378 2007 habit'u
1398 1940 1646 2023 principiorum,

524 2057 639 2133 utpote
653 2048 710 2133 qui
728 2049 768 2114 ad
782 2049 851 2114 sola
870 2047 1024 2133 principia
1043 2047 1281 2131 pronuntianda
1299 2046 1488 2113 facilitatem
1510 2048 1647 2113 confert.

518 2158 589 2239 Jant
609 2174 649 2223 ex
672 2156 929 2239 praecedentibus
941 2156 1015 2221 'duo
1034 2164 1200 2240 comperta
1219 2164 1251 2220 et
1271 2156 1436 2238 explorata
1460 2168 1646 2221 remanent:

525 2263 685 2348 primum,
705 2281 778 2329 esse
796 2262 828 2328 in
847 2264 990 2329 scientiis
1009 2264 1129 2328 multas
1151 2262 1394 2337 conclusiones,
1415 2281 1511 2346 quae,
1532 2264 1647 2327 saltem

523 2370 549 2437 si
569 2389 679 2437 sermo
693 2371 739 2436 sit
760 2370 801 2435 de
824 2372 1002 2437 actualibus
1024 2370 1305 2445 conclusionibus,
1333 2379 1410 2435 sunt
1438 2370 1648 2455 cognitiones
1716 2438 1717 2455 p

523 2478 607 2545 inter
625 2497 660 2543 se
687 2476 837 2562 specifice
864 2477 1042 2553 distinctae,
1075 2485 1190 2561 utpote
1217 2495 1292 2561 quac
1319 2477 1447 2542 diversa
1469 2478 1647 2562 respiciunt

524 2585 671 2651 formalia
685 2586 827 2671 objecta3
840 2586 958 2651 deinde
974 2586 1082 2669 plures
1098 2584 1285 2669 hujusmodi
1300 2585 1533 2651 conclusiones
1547 2604 1646 2650 unam

524 2693 701 2778 quamdam
722 2692 863 2758 conllare
884 2676 1017 2757 t'otalem
1039 2691 1220 2757 scientiam.
1241 2692 1339 2757 blodo
1364 2710 1443 2777 ergo
1461 2692 1578 2757 statim
1598 2713 1649 2757 oc-

523 2803 621 2866 currit
629 2801 784 2878 dubium,
797 2811 908 2866 utrum
919 2820 1036 2866 omnes
1047 2801 1109 2865 illae
1122 2801 1262 2866 actuales
1272 2800 1491 2885 cognitiones,
1506 2821 1646 2884 quarum
1715 2827 1716 2890 p

524 2908 708 2993 complexio
726 2927 826 2973 unam
845 2912 981 2973 totalem
1001 2909 1169 2974 scientiam
1195 2907 1383 2984 constituit,
1412 2909 1455 2973 ab
1473 2925 1544 2974 uno
1572 2910 1647 2973 sim

525 3015 595 3101 plici
621 3013 732 3081 habitu
761 3014 953 3099 procedant,
983 3016 1067 3082 sicut
1094 3015 1279 3098 procedunt·
1302 3014 1343 3080 ab
1373 3014 1469 3080 unica
1501 3017 1645 3100 potentia

524 3124 734 3198 intellectiva,
764 3141 804 3187 an
825 3140 904 3187 vero
923 3121 1059 3208 singulae
1077 3121 1303 3188 conclusiones
1330 3123 1508 3207 procedant
1536 3143 1557 3187 a
1577 3123 1647 3188 toti·

524 3232 599 3297 dem
621 3229 806 3314 partialibus
825 3229 1005 3306 habitibus,
1030 3249 1072 3294 ex
1090 3247 1232 3312 quorum
1252 3229 1442 3296 collectione
1460 3231 1575 3296 totalis
1595 3235 1647 3297 ha-

524 3339 612 3406 bitus
626 3338 767 3404 scientia
778 3338 972 3405 coalescant.
988 3337 1046 3402 «ln
1059 3356 1124 3420 qua
1139 3332 1374 3414 controversia,
1390 3336 1497 3420 inquit
1506 3339 1647 3418 joannes

524 3445 598 3512 aS.
617 3445 744 3513 Thoma
761 3441 829 3531 (2),
856 3444 978 3530 duplex
1006 3455 1056 3511 est
1083 3443 1245 3510 sententia
1273 3443 1439 3529 opposita,
1472 3463 1550 3529 quae
1576 3447 1649 3528 pori

523 3553 711 3619 amariore
728 3562 796 3616 tam
810 3549 1025 3636 ‘antiquorum
1046 3571 1146 3636 quam
1163 3552 1378 3618 recentiorum
1397 3551 1482 3618 inter
1496 3571 1533 3617 se
1553 3571 1648 3638 repu-

525 3670 649 3748 gnat.»
668 3659 952 3743 quemadmodum
973 3678 1053 3725 mox
1072 3659 1270 3726 videbimus.

457 3819 470 3849 ,
593 3768 637 3833 Ut
655 3787 751 3852 porro
776 3768 915 3852 quaestio
940 3767 1056 3834 melius
1079 3768 1292 3852 intelligatur,
1313 3778 1362 3832 est
1386 3771 1644 3852 supponendum

526 3896 567 3942 ex
596 3875 671 3941 alibi
702 3876 983 3952 demonstrandis,
1016 3874 1057 3940 ad
1082 3875 1333 3942 intellectionem
1360 3875 1426 3941 duo
1453 3894 1647 3944 concurrere

389 3963 417 3993 ‘¹'
439 3963 468 3993 ⁸⁰
526 3991 642 4069 praeter
666 3983 771 4067 ipsam
798 3984 977 4065 potentiam
1007 3981 1254 4057 intellectivam,
1278 3983 1402 4066 species
1429 3983 1647 4070 intelligibiles
1712 4019 1713 4062 r

527 4110 645 4174 nempe
664 4100 697 4155 et
716 4090 882 4165 habitum,
903 4091 972 4154 sive
991 4092 1060 4156 haec
1079 4091 1144 4155 sint
1162 4090 1236 4155 duae
1260 4090 1421 4156 realitates
1438 4089 1584 4157 invicem
1603 4094 1648 4159 di·

524 4193 667 4274 stinctae,
684 4197 968 4281 quemadmodum
988 4197 1139 4282 opinatur
1159 4195 1366 4263 communior
1381 4198 1561 4274 sententia,
1582 4201 1646 4266 sive

526 4323 609 4380 non,
630 4312 668 4371 ut
682 4303 887 4369 contendunt
902 4304 965 4369 alii.
988 4303 1116 4386 Species
1138 4304 1345 4386 requiruntur
1364 4324 1406 4370 ex
1426 4317 1515 4389 parte
1529 4306 1645 4394 objecti

524 4411 626 4479 instar
640 4412 775 4478 seminis
788 4411 958 4495 cujusdam
973 4411 1170 4494 complentis
1183 4431 1220 4478 ac
1234 4412 1452 4479 ioecundantis
1466 4417 1644 4498 potentiam
1711 4457 1712 4476 .

560 4665 601 4730 (1)
637 4660 713 4719 Vide
727 4659 942 4732 Complutum..
957 4659 1010 4718 loc.
1024 4659 1074 4718 cit.
1091 4679 1121 4718 n.
1139 4679 1182 4733 57.

561 4757 601 4818 (2)
636 4751 741 4820 Joann.
756 4771 782 4808 a.
799 4747 833 4808 S.
847 4749 964 4820 Thorn„
980 4749 1069 4830 Lagn,
1085 4762 1188 4822 quaest.
1204 4769 1248 4824 ²7·
1264 4772 1290 4808 a.
1307 4769 1333 4822 a,
1350 4751 1518 4826 paulopost
1533 4751 1597 4814 init.
1710 4809 1711 4838 ,
