3492 5525
564 458 624 541 858
678 461 804 527 Locren
818 459 1051 535 Maron-Lm.
1068 474 1139 538 au,
1161 459 1254 525 Drse.
1271 476 1314 545 3.·
1327 462 1409 526 Cae.
1426 476 1496 525 ιω

593 643 758 711 Hactenus
781 645 937 729 expositae
955 640 1159 709 conditiones
1182 662 1224 709 ex
1247 642 1525 710 communissimo
1549 643 1646 707 inter·

525 756 653 836 pratum
673 769 854 829 consensu,
881 751 1099 827 conveniunt,
1126 760 1163 816 ut
1185 752 1255 836 Jam
1280 750 1490 827 monuimus,
1517 750 1644 834 proprie
1717 739 1719 796 l

524 860 631 926 solum
660 858 931 925 demonstrationi
944 862 1074 941 propter
1088 858 1177 942 quid.
1202 856 1234 923 Si
1250 857 1326 941 quis
1343 867 1455 925 tamen
1481 858 1562 923 velit
1579 858 1641 932 illa,
1717 899 1719 944 ,

524 966 700 1033 extendere
714 965 823 1049 aliquo
846 965 947 1031 modo
966 963 1063 1029 etiam
1083 965 1125 1037 ad
1138 964 1452 1031 demonstrationem
1467 964 1544 1049 quio
1559 964 1642 1029 adici
1717 947 1719 998 7

524 1081 647 1157 potest,
668 1073 758 1158 quod
776 1072 887 1138 omnis
904 1070 1140 1139 demonstratio
1158 1072 1257 1138 etiam
1276 1092 1294 1138 a
1310 1073 1480 1157 posteriori
1498 1080 1643 1138 constare

524 1181 621 1267 debet
635 1180 779 1265 primum
798 1199 840 1245 ex
858 1177 1036 1262 premissis
1051 1179 1219 1246 evidenter
1232 1180 1335 1245 ocn‘s:
1348 1180 1468 1246 deinde
1486 1197 1528 1245 ex
1541 1179 1643 1243 imae-
1717 1184 1719 1241 ζ

522 1289 632 1365 dialis,
654 1289 705 1353 vel
725 1285 1086 1363 indemonstrabilibus,
1108 1288 1224 1353 saltem
1245 1287 1421 1353 virtualiter
1439 1305 1500 1352 seu
1519 1306 1561 1353 ex
1580 1305 1640 1351 non

522 1395 716 1482 indigentia,
733 1403 898 1479 quatenus
920 1394 1099 1478 praemissae
1119 1394 1303 1471 evidentes,
1319 1395 1553 1477 undecumque
1566 1395 1641 1458 tales

522 1504 678 1580 evadant,
701 1521 766 1569 non
787 1502 936 1587 indigent
956 1502 1057 1568 hicet
1085 1520 1173 1568 nunc
1202 1519 1289 1568 novo
1308 1502 1434 1577 medio,
1454 1511 1492 1569 ut
1513 1502 1641 1567 eviden-

520 1610 599 1678 tiam
637 1611 840 1686 contineant,
878 1618 910 1674 et
949 1609 1118 1691 retundere
1154 1609 1281 1693 possint
1315 1609 1348 1675 in
1384 1610 1638 1675 conclusionem.

521 1718 663 1785 Demum
678 1738 719 1784 ex
738 1717 842 1783 causis
853 1716 1079 1791 conclusionis,
1098 1716 1256 1799 quaesint
1274 1734 1381 1783 causae
1400 1718 1517 1783 saitem
1540 1716 1573 1782 in
1592 1736 1642 1781 co-

518 1825 725 1912 gnoscendo,
748 1826 820 1891 licet
840 1842 906 1889 non
927 1841 1056 1907 semper
1076 1824 1109 1889 in
1129 1824 1285 1913 essend03
1301 1826 1345 1891 ita
1363 1824 1485 1891 scilicet
1502 1831 1540 1890 ut
1558 1824 1642 1909 obje-

523 1942 615 2002 ctum
636 1932 895 2018 praemissarum,
918 1930 1071 2014 quamvis
1091 1948 1156 1996 non
1175 1931 1218 1997 sit
1230 1950 1327 1999 causa
1345 1950 1406 1998 nee
1420 1931 1512 1998 radix
1530 1932 1641 2017 objecti

521 2040 754 2117 conclusionis,
776 2040 817 2108 sit
836 2048 949 2104 tamen
968 2038 1064 2105 titulo
1093 2039 1279 2105 necessariae
1301 2040 1513 2106 connexionis
1530 2039 1641 2105 efficax
1717 2031 1719 2090 Ρ

522 2150 684 2217 motivum
705 2147 849 2223 stratio,
869 2162 929 2214 cur
943 2145 1160 2213 assentiamur
1172 2148 1388 2214 conclusionis
1405 2147 1559 2234 objector
1578 2145 1591 2234 (
1615 2144 1638 2233 ).

854 2307 1051 2406 Sopvunrue
1066 2323 1312 2375 ornicuarares.
1393 2295 1397 2303 ’

564 2488 642 2557 235.
689 2474 798 2554 objic.
832 2473 880 2543 a?
925 2469 1028 2536 Unius
1058 2469 1101 2534 rei
1130 2477 1274 2535 nonest
1306 2469 1366 2535 nisi
1394 2488 1461 2536 una
1483 2468 1638 2543 definitio,

399 2611 403 2619 ·
519 2578 656 2645 docente
674 2576 872 2662 Philosopho
890 2573 954 2669 (a).
976 2575 1059 2661 Ergo
1087 2576 1238 2642 alterutra
1266 2596 1307 2642 ex
1331 2576 1504 2663 assignatis
1529 2576 1641 2643 defini·

518 2687 663 2753 tionibus
683 2686 853 2773 rejicienda
871 2693 934 2751 est.

584 2800 689 2878 Reap.
709 2795 782 2860 dist.
804 2794 918 2878 Major.
939 2791 1125 2878 Objectiva,
1145 2811 1245 2869 conc„
1263 2793 1424 2868 formalis,
1444 2793 1592 2873 saddirt.;
1611 2793 1636 2858 si

518 2921 558 2970 ex
576 2904 694 2968 eodem
714 2901 817 2987 capite
836 2907 980 2985 petatur,
1000 2919 1101 2979 conc,
1122 2903 1152 2967 si
1179 2920 1220 2968 ex
1242 2900 1394 2978 diversis,
1420 2919 1492 2985 neg.
1513 2902 1551 2968 Et
1567 2919 1636 2985 neg.
1717 2925 1719 2983 l

519 3029 656 3095 conseq.
1296 3063 1303 3074 .

589 3117 776 3201 Conceptus
793 3116 976 3201 objectivus
995 3117 1039 3183 rei
1060 3134 1146 3183 unus
1172 3125 1239 3191 est,
1269 3133 1482 3199 quocumque
1509 3116 1636 3181 tandem

519 3226 619 3292 modo
637 3224 852 3309 exprimatur,
873 3223 949 3306 quia
969 3242 1019 3289 res
1038 3223 1108 3308 ipsa
1126 3243 1184 3308 per
1202 3223 1427 3289 definitionem
1452 3223 1637 3290 declaranda

520 3351 584 3399 una
603 3342 664 3399 est.
684 3332 770 3398 Nihil
785 3339 895 3396 tamen
916 3340 1021 3406 vetat,
1038 3331 1216 3415 quominus
1231 3329 1402 3396 declaratio
1417 3330 1470 3395 illa
1483 3349 1525 3398 ex
1538 3332 1637 3396 diver·

520 3440 565 3508 sis
582 3439 740 3526 capitibus
760 3449 904 3524 petatur,
926 3438 1013 3504 utin
1032 3456 1108 3504 casu
1128 3446 1252 3519 nostro.
1271 3439 1356 3505 Nam
1376 3438 1481 3522 prima
1496 3439 1636 3504 definitio

521 3549 661 3633 explicat
688 3545 1001 3612 demonstrationem
1032 3562 1089 3629 per
1121 3545 1269 3611 ordinem
1302 3545 1344 3609 ad
1374 3545 1496 3622 tinem,
1529 3548 1580 3611 vel
1610 3545 1634 3611 si

521 3657 641 3731 mavis,
662 3673 719 3740 per
737 3653 885 3720 ordinem
905 3653 945 3718 ad
964 3653 1116 3719 ellectum
1135 3653 1323 3734 formalem3
1351 3653 1452 3719 altera
1479 3671 1557 3720 vero
1583 3672 1636 3737 per

521 3755 668 3828 ordinem
688 3761 728 3831 ad
746 3777 878 3827 causam
898 3760 1097 3824 materialem
1121 3756 1184 3846 (3).

493 3931 496 3939 .
564 3875 672 3952 objic.
694 3877 759 3936 2.⁰·
790 3865 913 3933 Verum
935 3875 1044 3950 potest
1060 3867 1209 3932 concludi
1227 3885 1268 3934 ex
1286 3867 1389 3943 falsis,
1420 3876 1456 3933 ut
1475 3868 1551 3934 dicit
1568 3869 1635 3934 Phi

521 3978 678 4061 losophus
697 3972 760 4063 (4).
780 3975 919 4040 Necesse
938 3992 1017 4059 ergo
1036 3993 1103 4039 non
1122 3983 1189 4050 est,
1218 3986 1255 4043 ut
1272 3975 1511 4044 demonstratio
1529 3995 1635 4061 proce

522 4085 599 4151 dere
617 4083 733 4150 debeat
751 4101 792 4148 ex
812 4082 895 4148 veris
908 4077 973 4168 (5).

523 4293 788 4312 -μ-ι---

557 4386 598 4458 (ι)
635 4383 779 4453 Lossada,
796 4383 913 4455 Logia,
928 4394 1011 4440 tract.
1024 4383 1061 4451 6,
1075 4381 1150 4454 disp.
1162 4401 1193 4453 a,
1207 4403 1271 4456 cap.
1287 4401 1321 4451 a,
1334 4403 1365 4444 n.
1379 4384 1408 4441 6.

558 4478 599 4545 (a)
636 4475 721 4546 Apud
735 4471 908 4540 Alamanni,
925 4471 1016 4529 Prim.
1032 4484 1106 4543 part.
1123 4492 1152 4543 q.
1169 4492 1211 4544 24,
1229 4483 1285 4529 art.
1303 4492 1327 4542 r,
1338 4467 1401 4545 argi
1419 4493 1443 4529 r.

559 4570 600 4638 (3)
638 4563 699 4622 Cir.
716 4561 890 4628 Alamanni,
904 4559 974 4620 ibid.
989 4561 1026 4618 ad
1040 4571 1096 4618 ιθ·

560 4660 600 4726 (4)
641 4659 676 4710 1.·
691 4653 814 4720 Postea„
830 4664 900 4709 text.
920 4671 961 4722 ¹7·

559 4747 599 4814 (5)
635 4739 723 4812 Apud
736 4740 844 4806 Alam„
860 4739 914 4798 loc.
925 4740 987 4808 cit.¹
999 4759 1062 4814 arg.
1078 4759 1105 4796 a.
