<?xml version="1.0" encoding="UTF-8"?>
<!DOCTYPE html PUBLIC "-//W3C//DTD XHTML 1.0 Transitional//EN"
    "http://www.w3.org/TR/xhtml1/DTD/xhtml1-transitional.dtd">
<html xmlns="http://www.w3.org/1999/xhtml" xml:lang="en" lang="en">
 <head>
  <title>
</title>
<meta http-equiv="Content-Type" content="text/html;charset=utf-8" />
  <meta name='ocr-system' content='tesseract 3.04.00' />
  <meta name='ocr-capabilities' content='ocr_page ocr_carea ocr_par ocr_line ocrx_word'/>
</head>
<body>
  <div class='ocr_page' id='page_1' title='image "./institutionesph00urrgoog/institutionesph00urrgoog_0555.png"; bbox 0 0 3492 5525; ppageno 0'>
   <div class='ocr_carea' id='block_1_1' title="bbox 266 499 1253 584">
    <p class='ocr_par' dir='ltr' id='par_1_1' title="bbox 266 499 1253 584">
     <span class='ocr_line' id='line_1_1' title="bbox 266 499 1253 584; baseline -0.004 -18"><span class='ocrx_word' id='word_1_1' title='bbox 266 503 382 567; x_wconf 78' lang='lat' dir='ltr'><strong>Anne.</strong></span> <span class='ocrx_word' id='word_1_2' title='bbox 402 516 459 568; x_wconf 66' lang='grc' dir='ltr'><strong><em>ψ</em></strong></span> <span class='ocrx_word' id='word_1_3' title='bbox 473 501 601 567; x_wconf 80' lang='lat' dir='ltr'><strong>Rerur.</strong></span> <span class='ocrx_word' id='word_1_4' title='bbox 619 520 722 567; x_wconf 72' lang='lat' dir='ltr'><strong>rausa</strong></span> <span class='ocrx_word' id='word_1_5' title='bbox 740 518 1112 576; x_wconf 70' lang='lat' dir='ltr'><strong>carrenrasuarecrrva</strong></span> <span class='ocrx_word' id='word_1_6' title='bbox 1155 513 1210 584; x_wconf 81' lang='lat'><strong>533</strong></span> <span class='ocrx_word' id='word_1_7' title='bbox 1250 499 1253 503; x_wconf 75' lang='grc'><strong>’</strong></span> 
     </span>
    </p>
   </div>
   <div class='ocr_carea' id='block_1_2' title="bbox 120 684 1251 903">
    <p class='ocr_par' dir='ltr' id='par_1_2' title="bbox 120 684 1251 903">
     <span class='ocr_line' id='line_1_2' title="bbox 195 684 1251 771; baseline -0.003 -17"><span class='ocrx_word' id='word_1_8' title='bbox 195 686 290 755; x_wconf 83' lang='lat' dir='ltr'>Certe</span> <span class='ocrx_word' id='word_1_9' title='bbox 317 687 344 753; x_wconf 86' lang='lat' dir='ltr'><strong>si</strong></span> <span class='ocrx_word' id='word_1_10' title='bbox 363 686 459 753; x_wconf 87' lang='lat' dir='ltr'><strong>datur</strong></span> <span class='ocrx_word' id='word_1_11' title='bbox 477 686 586 771; x_wconf 89' lang='lat' dir='ltr'><strong>aliqua</strong></span> <span class='ocrx_word' id='word_1_12' title='bbox 612 685 787 763; x_wconf 89' lang='lat' dir='ltr'><strong>certitudo,</strong></span> <span class='ocrx_word' id='word_1_13' title='bbox 817 686 917 754; x_wconf 89' lang='lat' dir='ltr'><strong>debet</strong></span> <span class='ocrx_word' id='word_1_14' title='bbox 941 702 1075 770; x_wconf 88' lang='lat' dir='ltr'><strong>quoque</strong></span> <span class='ocrx_word' id='word_1_15' title='bbox 1093 684 1160 752; x_wconf 85' lang='lat' dir='ltr'><strong>dari</strong></span> <span class='ocrx_word' id='word_1_16' title='bbox 1180 701 1251 752; x_wconf 87' lang='lat' dir='ltr'><strong>mo-</strong></span> 
     </span>
     <span class='ocr_line' id='line_1_3' title="bbox 120 793 806 903; baseline -0.01 -38"><span class='ocrx_word' id='word_1_17' title='bbox 120 794 230 867; x_wconf 84' lang='lat' dir='ltr'><strong>tivum</strong></span> <span class='ocrx_word' id='word_1_18' title='bbox 245 795 392 873; x_wconf 81' lang='lat' dir='ltr'><strong>firmum,</strong></span> <span class='ocrx_word' id='word_1_19' title='bbox 406 794 439 860; x_wconf 94' lang='lat' dir='ltr'><strong>in</strong></span> <span class='ocrx_word' id='word_1_20' title='bbox 458 812 527 879; x_wconf 91' lang='lat' dir='ltr'><strong>quo</strong></span> <span class='ocrx_word' id='word_1_21' title='bbox 545 794 599 861; x_wconf 90' lang='lat' dir='ltr'><strong>illa</strong></span> <span class='ocrx_word' id='word_1_22' title='bbox 616 793 777 863; x_wconf 81' lang='lat' dir='ltr'><strong>fulciatur.</strong></span> <span class='ocrx_word' id='word_1_23' title='bbox 803 894 806 903; x_wconf 69' lang='lat'><strong>,</strong></span> 
     </span>
    </p>
   </div>
   <div class='ocr_carea' id='block_1_3' title="bbox 121 957 1348 1133">
    <p class='ocr_par' dir='ltr' id='par_1_3' title="bbox 121 957 1348 1133">
     <span class='ocr_line' id='line_1_4' title="bbox 172 957 1348 1064; baseline 0 -43"><span class='ocrx_word' id='word_1_24' title='bbox 172 957 226 1038; x_wconf 89' lang='lat'><strong>84.</strong></span> <span class='ocrx_word' id='word_1_25' title='bbox 275 959 470 1024; x_wconf 75' lang='lat' dir='ltr'><strong>Pnoroslrto</strong></span> <span class='ocrx_word' id='word_1_26' title='bbox 484 974 532 1023; x_wconf 89' lang='lat'><strong>2.·</strong></span> <span class='ocrx_word' id='word_1_27' title='bbox 578 960 842 1024; x_wconf 85' lang='lat' dir='ltr'><strong>Admittendum</strong></span> <span class='ocrx_word' id='word_1_28' title='bbox 874 975 1010 1040; x_wconf 87' lang='lat' dir='ltr'><strong>quoque</strong></span> <span class='ocrx_word' id='word_1_29' title='bbox 1032 967 1087 1023; x_wconf 81' lang='lat' dir='ltr'><strong>est</strong></span> <span class='ocrx_word' id='word_1_30' title='bbox 1114 959 1251 1038; x_wconf 81' lang='lat' dir='ltr'>aliquod</span> <span class='ocrx_word' id='word_1_31' title='bbox 1344 1042 1348 1064; x_wconf 85' lang='lat'><strong><em>.</em></strong></span> 
     </span>
     <span class='ocr_line' id='line_1_5' title="bbox 121 1068 691 1133; baseline -0.004 -1"><span class='ocrx_word' id='word_1_32' title='bbox 121 1070 302 1133; x_wconf 85' lang='lat' dir='ltr'><strong>internum</strong></span> <span class='ocrx_word' id='word_1_33' title='bbox 320 1069 478 1132; x_wconf 80' lang='lat' dir='ltr'><strong>veritatis</strong></span> <span class='ocrx_word' id='word_1_34' title='bbox 500 1068 691 1132; x_wconf 81' lang='lat' dir='ltr'><strong>criterium.</strong></span> 
     </span>
    </p>
   </div>
   <div class='ocr_carea' id='block_1_4' title="bbox 120 1222 1353 2368">
    <p class='ocr_par' dir='ltr' id='par_1_4' title="bbox 120 1222 1353 1956">
     <span class='ocr_line' id='line_1_6' title="bbox 192 1222 1249 1311; baseline -0.007 -16"><span class='ocrx_word' id='word_1_35' title='bbox 192 1226 286 1295; x_wconf 84' lang='lat' dir='ltr'>Ratio</span> <span class='ocrx_word' id='word_1_36' title='bbox 304 1233 355 1291; x_wconf 86' lang='lat' dir='ltr'><strong>est</strong></span> <span class='ocrx_word' id='word_1_37' title='bbox 382 1224 416 1291; x_wconf 93' lang='lat' dir='ltr'><strong>in</strong></span> <span class='ocrx_word' id='word_1_38' title='bbox 439 1232 610 1310; x_wconf 87' lang='lat' dir='ltr'><strong>promptu,</strong></span> <span class='ocrx_word' id='word_1_39' title='bbox 641 1222 854 1311; x_wconf 85' lang='lat' dir='ltr'><strong>quiaipsurn</strong></span> <span class='ocrx_word' id='word_1_40' title='bbox 883 1223 1048 1291; x_wconf 82' lang='lat' dir='ltr'><strong>criterium</strong></span> <span class='ocrx_word' id='word_1_41' title='bbox 1076 1232 1249 1290; x_wconf 86' lang='lat' dir='ltr'><strong>externum</strong></span> 
     </span>
     <span class='ocr_line' id='line_1_7' title="bbox 121 1330 1249 1419; baseline -0.009 -14"><span class='ocrx_word' id='word_1_42' title='bbox 121 1334 281 1419; x_wconf 84' lang='lat' dir='ltr'><strong>supponit</strong></span> <span class='ocrx_word' id='word_1_43' title='bbox 310 1333 493 1400; x_wconf 84' lang='lat' dir='ltr'><strong>necessario</strong></span> <span class='ocrx_word' id='word_1_44' title='bbox 512 1349 610 1399; x_wconf 90' lang='lat' dir='ltr'><strong>usum</strong></span> <span class='ocrx_word' id='word_1_45' title='bbox 637 1332 752 1400; x_wconf 90' lang='lat' dir='ltr'><strong>interni</strong></span> <span class='ocrx_word' id='word_1_46' title='bbox 781 1333 918 1418; x_wconf 89' lang='lat' dir='ltr'><strong>alicujus</strong></span> <span class='ocrx_word' id='word_1_47' title='bbox 935 1331 1063 1407; x_wconf 89' lang='lat' dir='ltr'><strong>criterii,</strong></span> <span class='ocrx_word' id='word_1_48' title='bbox 1085 1330 1249 1415; x_wconf 84' lang='lat' dir='ltr'><strong>siquidem</strong></span> 
     </span>
     <span class='ocr_line' id='line_1_8' title="bbox 121 1439 1250 1525; baseline -0.005 -16"><span class='ocrx_word' id='word_1_49' title='bbox 121 1452 162 1509; x_wconf 90' lang='lat' dir='ltr'><strong>ut</strong></span> <span class='ocrx_word' id='word_1_50' title='bbox 179 1440 301 1525; x_wconf 91' lang='lat' dir='ltr'><strong>aliquid</strong></span> <span class='ocrx_word' id='word_1_51' title='bbox 320 1441 363 1507; x_wconf 93' lang='lat' dir='ltr'><strong>ob</strong></span> <span class='ocrx_word' id='word_1_52' title='bbox 381 1440 522 1508; x_wconf 89' lang='lat' dir='ltr'><strong>aliorum</strong></span> <span class='ocrx_word' id='word_1_53' title='bbox 541 1439 767 1507; x_wconf 84' lang='lat' dir='ltr'><strong>auctoritatem</strong></span> <span class='ocrx_word' id='word_1_54' title='bbox 796 1447 885 1507; x_wconf 88' lang='lat' dir='ltr'><strong>certo</strong></span> <span class='ocrx_word' id='word_1_55' title='bbox 909 1448 1095 1515; x_wconf 82' lang='lat' dir='ltr'><strong>teneamus,</strong></span> <span class='ocrx_word' id='word_1_56' title='bbox 1118 1456 1250 1504; x_wconf 90' lang='lat' dir='ltr'><strong>necesse</strong></span> 
     </span>
     <span class='ocr_line' id='line_1_9' title="bbox 121 1533 1353 1634; baseline -0.004 -19"><span class='ocrx_word' id='word_1_57' title='bbox 121 1559 188 1627; x_wconf 89' lang='lat' dir='ltr'><strong>est,</strong></span> <span class='ocrx_word' id='word_1_58' title='bbox 216 1533 420 1634; x_wconf 74' lang='lat' dir='ltr'><strong>praeter&#39;alia</strong></span> <span class='ocrx_word' id='word_1_59' title='bbox 443 1550 565 1626; x_wconf 88' lang='lat' dir='ltr'><strong>multa,</strong></span> <span class='ocrx_word' id='word_1_60' title='bbox 597 1549 678 1615; x_wconf 91' lang='lat' dir='ltr'><strong>scire</strong></span> <span class='ocrx_word' id='word_1_61' title='bbox 706 1549 786 1615; x_wconf 89' lang='lat' dir='ltr'><strong>alios</strong></span> <span class='ocrx_word' id='word_1_62' title='bbox 814 1547 967 1623; x_wconf 85' lang='lat' dir='ltr'><strong>homines</strong></span> <span class='ocrx_word' id='word_1_63' title='bbox 993 1565 1078 1623; x_wconf 89' lang='lat' dir='ltr'><strong>esse,</strong></span> <span class='ocrx_word' id='word_1_64' title='bbox 1111 1547 1250 1629; x_wconf 85' lang='lat' dir='ltr'><strong>illosque</strong></span> <span class='ocrx_word' id='word_1_65' title='bbox 1349 1614 1353 1623; x_wconf 65' lang='grc'><strong>,</strong></span> 
     </span>
     <span class='ocr_line' id='line_1_10' title="bbox 121 1655 1251 1741; baseline -0.004 -19"><span class='ocrx_word' id='word_1_66' title='bbox 121 1657 227 1741; x_wconf 92' lang='lat' dir='ltr'><strong>loqui,</strong></span> <span class='ocrx_word' id='word_1_67' title='bbox 247 1676 283 1723; x_wconf 87' lang='lat' dir='ltr'><strong>ac</strong></span> <span class='ocrx_word' id='word_1_68' title='bbox 309 1655 409 1723; x_wconf 82' lang='lat' dir='ltr'><strong>fldem</strong></span> <span class='ocrx_word' id='word_1_69' title='bbox 441 1656 570 1724; x_wconf 89' lang='lat' dir='ltr'><strong>mereri.</strong></span> <span class='ocrx_word' id='word_1_70' title='bbox 593 1656 694 1740; x_wconf 86' lang='lat' dir='ltr'><strong>Atqui</strong></span> <span class='ocrx_word' id='word_1_71' title='bbox 723 1656 792 1723; x_wconf 89' lang='lat' dir='ltr'><strong>haec</strong></span> <span class='ocrx_word' id='word_1_72' title='bbox 817 1674 858 1723; x_wconf 83' lang='lat' dir='ltr'><strong>ex</strong></span> <span class='ocrx_word' id='word_1_73' title='bbox 883 1655 1075 1723; x_wconf 88' lang='lat' dir='ltr'><strong>auctoritate</strong></span> <span class='ocrx_word' id='word_1_74' title='bbox 1099 1656 1169 1719; x_wconf 88' lang='lat' dir='ltr'><strong>sola</strong></span> <span class='ocrx_word' id='word_1_75' title='bbox 1195 1672 1251 1719; x_wconf 92' lang='lat' dir='ltr'><strong>co·</strong></span> 
     </span>
     <span class='ocr_line' id='line_1_11' title="bbox 121 1752 1248 1850; baseline -0.004 -20"><span class='ocrx_word' id='word_1_76' title='bbox 121 1766 237 1850; x_wconf 80' lang='lat' dir='ltr'><strong>gnosci</strong></span> <span class='ocrx_word' id='word_1_77' title='bbox 253 1752 436 1847; x_wconf 83' lang='lat' dir='ltr'><strong>nequeunt.</strong></span> <span class='ocrx_word' id='word_1_78' title='bbox 452 1764 537 1850; x_wconf 84' lang='lat' dir='ltr'><strong>Ergo</strong></span> <span class='ocrx_word' id='word_1_79' title='bbox 559 1762 799 1831; x_wconf 87' lang='lat' dir='ltr'><strong>admittendum</strong></span> <span class='ocrx_word' id='word_1_80' title='bbox 817 1762 999 1829; x_wconf 90' lang='lat' dir='ltr'><strong>necessario</strong></span> <span class='ocrx_word' id='word_1_81' title='bbox 1017 1770 1067 1828; x_wconf 91' lang='lat' dir='ltr'><strong>est</strong></span> <span class='ocrx_word' id='word_1_82' title='bbox 1084 1761 1248 1829; x_wconf 85' lang='lat' dir='ltr'><strong>criterium</strong></span> 
     </span>
     <span class='ocr_line' id='line_1_12' title="bbox 120 1870 454 1956; baseline 0.012 -19"><span class='ocrx_word' id='word_1_83' title='bbox 120 1870 259 1956; x_wconf 86' lang='lat' dir='ltr'><strong>aliquod</strong></span> <span class='ocrx_word' id='word_1_84' title='bbox 273 1871 454 1941; x_wconf 88' lang='lat' dir='ltr'><strong>internum.</strong></span> 
     </span>
    </p>

    <p class='ocr_par' dir='ltr' id='par_1_5' title="bbox 120 1978 1248 2368">
     <span class='ocr_line' id='line_1_13' title="bbox 193 1978 1246 2064; baseline -0.005 -18"><span class='ocrx_word' id='word_1_85' title='bbox 193 1978 317 2046; x_wconf 88' lang='lat' dir='ltr'><strong>Verum</strong></span> <span class='ocrx_word' id='word_1_86' title='bbox 337 1980 406 2045; x_wconf 87' lang='lat' dir='ltr'><strong>haec</strong></span> <span class='ocrx_word' id='word_1_87' title='bbox 426 1980 598 2064; x_wconf 85' lang='lat' dir='ltr'><strong>perspicua</strong></span> <span class='ocrx_word' id='word_1_88' title='bbox 617 1990 707 2047; x_wconf 88' lang='lat' dir='ltr'><strong>sunt.</strong></span> <span class='ocrx_word' id='word_1_89' title='bbox 737 1980 818 2049; x_wconf 87' lang='lat' dir='ltr'><strong>illud</strong></span> <span class='ocrx_word' id='word_1_90' title='bbox 841 1980 910 2064; x_wconf 87' lang='lat' dir='ltr'><strong>jam</strong></span> <span class='ocrx_word' id='word_1_91' title='bbox 938 1997 1084 2064; x_wconf 85' lang='lat' dir='ltr'><strong>quaerere</strong></span> <span class='ocrx_word' id='word_1_92' title='bbox 1106 1984 1246 2061; x_wconf 86' lang='lat' dir='ltr'><strong>oportet,</strong></span> 
     </span>
     <span class='ocr_line' id='line_1_14' title="bbox 120 2083 1248 2171; baseline -0.003 -19"><span class='ocrx_word' id='word_1_93' title='bbox 120 2087 158 2153; x_wconf 91' lang='lat' dir='ltr'><strong>in</strong></span> <span class='ocrx_word' id='word_1_94' title='bbox 176 2102 322 2169; x_wconf 90' lang='lat' dir='ltr'><strong>quonam</strong></span> <span class='ocrx_word' id='word_1_95' title='bbox 342 2088 571 2171; x_wconf 88' lang='lat' dir='ltr'><strong>reponendum</strong></span> <span class='ocrx_word' id='word_1_96' title='bbox 591 2086 632 2153; x_wconf 88' lang='lat' dir='ltr'><strong>sit</strong></span> <span class='ocrx_word' id='word_1_97' title='bbox 650 2085 827 2153; x_wconf 90' lang='lat' dir='ltr'><strong>criterium:</strong></span> <span class='ocrx_word' id='word_1_98' title='bbox 847 2106 948 2171; x_wconf 90' lang='lat' dir='ltr'><strong>quam</strong></span> <span class='ocrx_word' id='word_1_99' title='bbox 971 2085 1188 2171; x_wconf 86' lang='lat' dir='ltr'><strong>quaestionem</strong></span> <span class='ocrx_word' id='word_1_100' title='bbox 1203 2083 1248 2149; x_wconf 88' lang='lat' dir='ltr'><strong>ita</strong></span> 
     </span>
     <span class='ocr_line' id='line_1_15' title="bbox 123 2192 1247 2277; baseline 0 -20"><span class='ocrx_word' id='word_1_101' title='bbox 123 2193 355 2271; x_wconf 84' lang='lat' dir='ltr'><strong>tractabimus,</strong></span> <span class='ocrx_word' id='word_1_102' title='bbox 376 2204 413 2260; x_wconf 89' lang='lat' dir='ltr'><strong>ut</strong></span> <span class='ocrx_word' id='word_1_103' title='bbox 432 2193 522 2277; x_wconf 88' lang='lat' dir='ltr'><strong>prius</strong></span> <span class='ocrx_word' id='word_1_104' title='bbox 540 2195 618 2260; x_wconf 84' lang='lat' dir='ltr'><strong>laisa</strong></span> <span class='ocrx_word' id='word_1_105' title='bbox 635 2193 760 2261; x_wconf 87' lang='lat' dir='ltr'><strong>criteria</strong></span> <span class='ocrx_word' id='word_1_106' title='bbox 779 2195 976 2271; x_wconf 79' lang='lat' dir='ltr'><strong>refellamus,</strong></span> <span class='ocrx_word' id='word_1_107' title='bbox 996 2192 1114 2261; x_wconf 91' lang='lat' dir='ltr'><strong>deinde</strong></span> <span class='ocrx_word' id='word_1_108' title='bbox 1132 2210 1247 2259; x_wconf 88' lang='lat' dir='ltr'><strong>verum</strong></span> 
     </span>
     <span class='ocr_line' id='line_1_16' title="bbox 122 2299 342 2368; baseline -0.014 0"><span class='ocrx_word' id='word_1_109' title='bbox 122 2299 342 2368; x_wconf 86' lang='lat' dir='ltr'><strong>stabiliamus.</strong></span> 
     </span>
    </p>
   </div>
   <div class='ocr_carea' id='block_1_5' title="bbox 539 2652 825 2739">
    <p class='ocr_par' dir='ltr' id='par_1_6' title="bbox 539 2652 825 2739">
     <span class='ocr_line' id='line_1_17' title="bbox 539 2652 825 2739; baseline -0.01 0"><span class='ocrx_word' id='word_1_110' title='bbox 539 2652 740 2739; x_wconf 80' lang='lat' dir='ltr'>CAPUT</span> <span class='ocrx_word' id='word_1_111' title='bbox 770 2652 825 2739; x_wconf 89' lang='lat' dir='ltr'><strong>ll.</strong></span> 
     </span>
    </p>
   </div>
   <div class='ocr_carea' id='block_1_6' title="bbox 366 2854 1079 3089">
    <p class='ocr_par' dir='ltr' id='par_1_7' title="bbox 366 2854 1079 3089">
     <span class='ocr_line' id='line_1_18' title="bbox 366 2854 1079 2920; baseline -0.004 0"><span class='ocrx_word' id='word_1_112' title='bbox 366 2855 615 2920; x_wconf 75' lang='lat' dir='ltr'><strong>FALsA</strong></span> <span class='ocrx_word' id='word_1_113' title='bbox 637 2854 1006 2920; x_wconf 69' lang='grc' dir='ltr'><strong>οΗῑΤΕΗιΑ</strong></span> <span class='ocrx_word' id='word_1_114' title='bbox 1077 2855 1079 2857; x_wconf 62' lang='grc'><strong><em>’</em></strong></span> 
     </span>
     <span class='ocr_line' id='line_1_19' title="bbox 495 2993 851 3089; baseline -0.006 -1"><span class='ocrx_word' id='word_1_115' title='bbox 495 2993 851 3089; x_wconf 74' lang='lat' dir='ltr'><strong>&#39;narurnnrun.</strong></span> 
     </span>
    </p>
   </div>
   <div class='ocr_carea' id='block_1_7' title="bbox 117 3267 1247 3661">
    <p class='ocr_par' dir='ltr' id='par_1_8' title="bbox 117 3267 1247 3661">
     <span class='ocr_line' id='line_1_20' title="bbox 131 3267 1247 3355; baseline 0.003 -19"><span class='ocrx_word' id='word_1_116' title='bbox 131 3283 137 3298; x_wconf 63' lang='lat'>⁸</span> <span class='ocrx_word' id='word_1_117' title='bbox 190 3271 321 3338; x_wconf 86' lang='lat' dir='ltr'><strong>Errores</strong></span> <span class='ocrx_word' id='word_1_118' title='bbox 339 3287 455 3338; x_wconf 89' lang='lat' dir='ltr'><strong>omnes</strong></span> <span class='ocrx_word' id='word_1_119' title='bbox 475 3271 507 3336; x_wconf 93' lang='lat' dir='ltr'><strong>in</strong></span> <span class='ocrx_word' id='word_1_120' title='bbox 526 3269 725 3355; x_wconf 87' lang='lat' dir='ltr'><strong>assignando</strong></span> <span class='ocrx_word' id='word_1_121' title='bbox 744 3267 870 3336; x_wconf 89' lang='lat' dir='ltr'><strong>criterio</strong></span> <span class='ocrx_word' id='word_1_122' title='bbox 885 3269 925 3335; x_wconf 85' lang='lat' dir='ltr'><strong>ad</strong></span> <span class='ocrx_word' id='word_1_123' title='bbox 940 3280 1005 3336; x_wconf 82' lang='lat' dir='ltr'><strong>tres</strong></span> <span class='ocrx_word' id='word_1_124' title='bbox 1018 3272 1139 3337; x_wconf 88' lang='lat' dir='ltr'><strong>classes</strong></span> <span class='ocrx_word' id='word_1_125' title='bbox 1157 3291 1247 3339; x_wconf 82' lang='lat' dir='ltr'><strong>revo</strong></span> 
     </span>
     <span class='ocr_line' id='line_1_21' title="bbox 117 3375 1244 3453; baseline -0.002 -7"><span class='ocrx_word' id='word_1_126' title='bbox 117 3387 249 3447; x_wconf 87' lang='lat' dir='ltr'><strong>eantur.</strong></span> <span class='ocrx_word' id='word_1_127' title='bbox 276 3378 339 3445; x_wconf 81' lang='lat' dir='ltr'><strong>Alii</strong></span> <span class='ocrx_word' id='word_1_128' title='bbox 363 3377 452 3444; x_wconf 88' lang='lat' dir='ltr'><strong>enim</strong></span> <span class='ocrx_word' id='word_1_129' title='bbox 475 3395 625 3444; x_wconf 89' lang='lat' dir='ltr'><strong>normam</strong></span> <span class='ocrx_word' id='word_1_130' title='bbox 648 3375 807 3453; x_wconf 86' lang='lat' dir='ltr'><strong>veritatis,</strong></span> <span class='ocrx_word' id='word_1_131' title='bbox 833 3397 870 3444; x_wconf 89' lang='lat' dir='ltr'><strong>ac</strong></span> <span class='ocrx_word' id='word_1_132' title='bbox 896 3378 1059 3445; x_wconf 86' lang='lat' dir='ltr'><strong>motivum</strong></span> <span class='ocrx_word' id='word_1_133' title='bbox 1088 3378 1244 3447; x_wconf 88' lang='lat' dir='ltr'><strong>ultimum</strong></span> 
     </span>
     <span class='ocr_line' id='line_1_22' title="bbox 121 3483 1242 3571; baseline -0.001 -18"><span class='ocrx_word' id='word_1_134' title='bbox 121 3486 253 3553; x_wconf 89' lang='lat' dir='ltr'><strong>retlexae</strong></span> <span class='ocrx_word' id='word_1_135' title='bbox 272 3483 473 3553; x_wconf 87' lang='lat' dir='ltr'><strong>certitudinis</strong></span> <span class='ocrx_word' id='word_1_136' title='bbox 492 3493 643 3570; x_wconf 82' lang='lat' dir='ltr'><strong>statuunt</strong></span> <span class='ocrx_word' id='word_1_137' title='bbox 661 3484 694 3551; x_wconf 92' lang='lat' dir='ltr'><strong>in</strong></span> <span class='ocrx_word' id='word_1_138' title='bbox 714 3485 784 3569; x_wconf 90' lang='lat' dir='ltr'><strong>ipso</strong></span> <span class='ocrx_word' id='word_1_139' title='bbox 804 3485 965 3570; x_wconf 90' lang='lat' dir='ltr'><strong>subjecto,</strong></span> <span class='ocrx_word' id='word_1_140' title='bbox 979 3486 1031 3552; x_wconf 90' lang='lat' dir='ltr'><strong>alii</strong></span> <span class='ocrx_word' id='word_1_141' title='bbox 1051 3484 1083 3550; x_wconf 94' lang='lat' dir='ltr'><strong>in</strong></span> <span class='ocrx_word' id='word_1_142' title='bbox 1098 3487 1242 3571; x_wconf 87' lang='lat' dir='ltr'><strong>objecto,</strong></span> 
     </span>
     <span class='ocr_line' id='line_1_23' title="bbox 119 3592 528 3661; baseline -0.005 -1"><span class='ocrx_word' id='word_1_143' title='bbox 119 3594 172 3660; x_wconf 90' lang='lat' dir='ltr'><strong>alii</strong></span> <span class='ocrx_word' id='word_1_144' title='bbox 194 3593 226 3660; x_wconf 92' lang='lat' dir='ltr'><strong>in</strong></span> <span class='ocrx_word' id='word_1_145' title='bbox 241 3597 309 3661; x_wconf 91' lang='lat' dir='ltr'><strong>sola</strong></span> <span class='ocrx_word' id='word_1_146' title='bbox 324 3592 528 3660; x_wconf 87' lang='lat' dir='ltr'><strong>auctoritate.</strong></span> 
     </span>
    </p>
   </div>
   <div class='ocr_carea' id='block_1_8' title="bbox 506 3855 856 3933">
    <p class='ocr_par' dir='ltr' id='par_1_9' title="bbox 506 3855 856 3933">
     <span class='ocr_line' id='line_1_24' title="bbox 506 3855 856 3933; baseline 0 -1"><span class='ocrx_word' id='word_1_147' title='bbox 506 3855 806 3933; x_wconf 90' lang='lat' dir='ltr'><strong>ARTICULUS</strong></span> <span class='ocrx_word' id='word_1_148' title='bbox 827 3857 856 3932; x_wconf 94' lang='grc' dir='ltr'><strong>Ι.</strong></span> 
     </span>
    </p>
   </div>
   <div class='ocr_carea' id='block_1_9' title="bbox 228 4009 1138 4105">
    <p class='ocr_par' dir='ltr' id='par_1_10' title="bbox 228 4009 1138 4105">
     <span class='ocr_line' id='line_1_25' title="bbox 228 4009 1138 4105; baseline -0.003 -14"><span class='ocrx_word' id='word_1_149' title='bbox 228 4009 513 4092; x_wconf 76' lang='lat' dir='ltr'><strong>R&#39;efutantur</strong></span> <span class='ocrx_word' id='word_1_150' title='bbox 531 4023 649 4089; x_wconf 74' lang='lat' dir='ltr'><strong>falna</strong></span> <span class='ocrx_word' id='word_1_151' title='bbox 667 4025 848 4090; x_wconf 81' lang='lat' dir='ltr'><strong>criteria</strong></span> <span class='ocrx_word' id='word_1_152' title='bbox 871 4023 1138 4105; x_wconf 64' lang='lat' dir='ltr'><strong>subjectiva.</strong></span> 
     </span>
    </p>
   </div>
   <div class='ocr_carea' id='block_1_10' title="bbox 168 4235 1421 4358">
    <p class='ocr_par' dir='ltr' id='par_1_11' title="bbox 168 4235 1421 4358">
     <span class='ocr_line' id='line_1_26' title="bbox 168 4235 1421 4358; baseline -0.003 -54"><span class='ocrx_word' id='word_1_153' title='bbox 168 4241 223 4323; x_wconf 82' lang='lat'><strong>85.</strong></span> <span class='ocrx_word' id='word_1_154' title='bbox 245 4313 248 4324; x_wconf 31' lang='lat'><strong>¹</strong></span> <span class='ocrx_word' id='word_1_155' title='bbox 271 4240 399 4306; x_wconf 85' lang='lat' dir='ltr'><strong>Primus</strong></span> <span class='ocrx_word' id='word_1_156' title='bbox 423 4239 563 4306; x_wconf 88' lang='lat' dir='ltr'><strong>occurrit</strong></span> <span class='ocrx_word' id='word_1_157' title='bbox 580 4237 692 4304; x_wconf 89' lang='lat' dir='ltr'><strong>ordine</strong></span> <span class='ocrx_word' id='word_1_158' title='bbox 711 4239 868 4322; x_wconf 91' lang='lat' dir='ltr'><strong>temporis</strong></span> <span class='ocrx_word' id='word_1_159' title='bbox 887 4239 1079 4324; x_wconf 79' lang='lat' dir='ltr'><strong>Protagoras</strong></span> <span class='ocrx_word' id='word_1_160' title='bbox 1103 4235 1166 4326; x_wconf 89' lang='grc' dir='ltr'>(ι),</span> <span class='ocrx_word' id='word_1_161' title='bbox 1188 4237 1244 4323; x_wconf 93' lang='lat' dir='ltr'><strong>qui</strong></span> <span class='ocrx_word' id='word_1_162' title='bbox 1299 4255 1421 4358; x_wconf 43' lang='grc' dir='ltr'><strong>ὤιξεν</strong></span> 
     </span>
    </p>
   </div>
   <div class='ocr_carea' id='block_1_11' title="bbox 117 4345 1247 4553">
    <p class='ocr_par' dir='ltr' id='par_1_12' title="bbox 117 4345 1247 4553">
     <span class='ocr_line' id='line_1_27' title="bbox 118 4345 1246 4425; baseline -0.002 -12"><span class='ocrx_word' id='word_1_163' title='bbox 118 4346 234 4414; x_wconf 91' lang='lat' dir='ltr'><strong>docuit</strong></span> <span class='ocrx_word' id='word_1_164' title='bbox 252 4347 401 4414; x_wconf 89' lang='lat' dir='ltr'><strong>omnium</strong></span> <span class='ocrx_word' id='word_1_165' title='bbox 424 4365 535 4414; x_wconf 90' lang='lat' dir='ltr'><strong>rerum</strong></span> <span class='ocrx_word' id='word_1_166' title='bbox 557 4363 744 4412; x_wconf 88' lang='lat' dir='ltr'><strong>mensuram</strong></span> <span class='ocrx_word' id='word_1_167' title='bbox 765 4364 836 4412; x_wconf 83' lang='lat' dir='ltr'><strong>esse</strong></span> <span class='ocrx_word' id='word_1_168' title='bbox 856 4346 1043 4425; x_wconf 87' lang='lat' dir='ltr'><strong>hominem,</strong></span> <span class='ocrx_word' id='word_1_169' title='bbox 1064 4345 1246 4413; x_wconf 90' lang='lat' dir='ltr'><strong>criterium-</strong></span> 
     </span>
     <span class='ocr_line' id='line_1_28' title="bbox 117 4453 1247 4553; baseline 0.001 -34"><span class='ocrx_word' id='word_1_170' title='bbox 117 4474 188 4539; x_wconf 91' lang='lat' dir='ltr'><strong>que</strong></span> <span class='ocrx_word' id='word_1_171' title='bbox 203 4453 312 4520; x_wconf 89' lang='lat' dir='ltr'><strong>omnis</strong></span> <span class='ocrx_word' id='word_1_172' title='bbox 327 4454 482 4531; x_wconf 85' lang='lat' dir='ltr'><strong>veritatis,</strong></span> <span class='ocrx_word' id='word_1_173' title='bbox 498 4453 591 4539; x_wconf 76' lang='lat' dir='ltr'><strong>qacasi</strong></span> <span class='ocrx_word' id='word_1_174' title='bbox 603 4473 668 4520; x_wconf 81' lang='lat' dir='ltr'><strong>esse</strong></span> <span class='ocrx_word' id='word_1_175' title='bbox 685 4453 733 4520; x_wconf 82' lang='lat' dir='ltr'><strong>rei</strong></span> <span class='ocrx_word' id='word_1_176' title='bbox 749 4457 900 4538; x_wconf 80' lang='lat' dir='ltr'><strong>sequatur</strong></span> <span class='ocrx_word' id='word_1_177' title='bbox 917 4454 1187 4553; x_wconf 71' lang='lat' dir='ltr'><strong>apprchuuionem</strong></span> <span class='ocrx_word' id='word_1_178' title='bbox 1200 4454 1247 4520; x_wconf 83' lang='lat' dir='ltr'><strong>in-</strong></span> 
     </span>
    </p>
   </div>
   <div class='ocr_carea' id='block_1_12' title="bbox 119 4699 1246 4868">
    <p class='ocr_par' dir='ltr' id='par_1_13' title="bbox 119 4699 1246 4868">
     <span class='ocr_line' id='line_1_29' title="bbox 156 4699 1246 4778; baseline 0.005 -17"><span class='ocrx_word' id='word_1_179' title='bbox 156 4708 198 4769; x_wconf 85' lang='lat' dir='ltr'><strong>(r)</strong></span> <span class='ocrx_word' id='word_1_180' title='bbox 236 4703 304 4762; x_wconf 83' lang='lat' dir='ltr'><strong>Fuit</strong></span> <span class='ocrx_word' id='word_1_181' title='bbox 326 4699 518 4773; x_wconf 83' lang='lat' dir='ltr'><strong>Abdereneis,</strong></span> <span class='ocrx_word' id='word_1_182' title='bbox 533 4702 608 4762; x_wconf 85' lang='lat' dir='ltr'><strong>eirca</strong></span> <span class='ocrx_word' id='word_1_183' title='bbox 622 4723 691 4762; x_wconf 85' lang='lat' dir='ltr'><strong>ann.</strong></span> <span class='ocrx_word' id='word_1_184' title='bbox 713 4723 767 4778; x_wconf 78' lang='lat'><strong>45⁰</strong></span> <span class='ocrx_word' id='word_1_185' title='bbox 781 4717 849 4763; x_wconf 83' lang='lat' dir='ltr'><strong>ante</strong></span> <span class='ocrx_word' id='word_1_186' title='bbox 867 4703 1021 4764; x_wconf 81' lang='lat' dir='ltr'><strong>Christum</strong></span> <span class='ocrx_word' id='word_1_187' title='bbox 1042 4717 1156 4765; x_wconf 82' lang='lat' dir='ltr'><strong>natum.</strong></span> <span class='ocrx_word' id='word_1_188' title='bbox 1171 4705 1246 4766; x_wconf 87' lang='lat' dir='ltr'><strong>Vide</strong></span> 
     </span>
     <span class='ocr_line' id='line_1_30' title="bbox 119 4795 449 4868; baseline 0 -16"><span class='ocrx_word' id='word_1_189' title='bbox 119 4795 342 4863; x_wconf 65' lang='lat' dir='ltr'><strong>Introduction,</strong></span> <span class='ocrx_word' id='word_1_190' title='bbox 358 4815 386 4852; x_wconf 92' lang='lat' dir='ltr'><strong>n.</strong></span> <span class='ocrx_word' id='word_1_191' title='bbox 409 4815 449 4868; x_wconf 83' lang='lat'><strong>¹7·</strong></span> 
     </span>
    </p>
   </div>
   <div class='ocr_carea' id='block_1_13' title="bbox 0 0 1750 5525">
    <p class='ocr_par' dir='ltr' id='par_1_14' title="bbox 0 0 1750 5525">
     <span class='ocr_line' id='line_1_31' title="bbox 0 0 1750 5525; baseline 0 0"><span class='ocrx_word' id='word_1_192' title='bbox 0 0 1750 5525; x_wconf 95' lang='lat' dir='ltr'><strong> </strong></span> 
     </span>
    </p>
   </div>
  </div>
 </body>
</html>
