3492 5525
473 514 478 523 ,
534 462 571 525 30
937 442 1160 507 lnrnooucrro

564 628 675 695 Graeca
689 628 864 714 sapientia,
881 629 961 694 dum
977 627 1145 694 Ptolomaei
1160 645 1271 713 reges,
1284 626 1459 693 Alexandri
1475 628 1520 693 Μ.
1537 644 1612 693 suc·

493 754 657 813 cessores,
670 736 701 801 in
714 735 900 822 AEgyptum
917 735 1032 802 inferre
1051 734 1362 811 illamconabantur,
1383 736 1517 800 collecta
1535 734 1613 799 Ale·
1739 716 1741 798 ζ

492 842 896 911 xandriaecelebratissima
906 841 958 907 illa
967 838 1328 918 bibliotheca,Romam
1340 840 1437 909 etiam
1449 842 1613 927 paulisper

306 977 446 1033 bertanae.
491 952 616 1020 aditum
641 950 701 1017 sibi
724 944 867 1036 parabat.
888 952 956 1017 Nec
975 957 1086 1014 tamen
1105 947 1310 1034 Philosophis
1328 948 1420 1015 facile
1444 949 1504 1015 fuit
1527 949 1612 1015 inter

278 1046 338 1103 ‘⁹⁰¹³
357 1046 476 1142 ¹³⁰P¹¹¹⁰⁸·
491 1058 622 1127 Romuli
647 1058 735 1124 cives
758 1078 794 1125 ac
823 1068 972 1143 posteros
997 1057 1109 1123 sedem
1138 1056 1255 1142 tigcre:
1288 1057 1434 1141 «quippe
1462 1076 1545 1143 gens
1568 1076 1611 1123 ex

491 1164 670 1253 latronibus
685 1177 717 1233 et
731 1165 876 1251 fugitivis
890 1175 975 1242 orta,
992 1164 1111 1247 rapinis
1125 1174 1158 1229 et
1169 1164 1313 1229 caedibus
1327 1173 1473 1247 assueta,
1484 1163 1610 1231 intesti-

492 1292 568 1339 nam
590 1294 703 1359 pacem
722 1273 936 1341 conservabat
959 1272 1052 1338 bellis
1070 1272 1224 1337 externis.
1247 1271 1333 1338 Cum
1354 1290 1433 1338 vero
1453 1271 1612 1337 finitimos

491 1382 631 1467 populos
644 1381 856 1457 debellasset,
868 1390 901 1447 et
913 1379 1037 1465 imperii
1052 1379 1204 1446 dilatandi
1216 1378 1325 1444 studio
1337 1386 1518 1455 teneretur,
1532 1377 1611 1443 nihil

491 1490 596 1575 magis
611 1488 765 1565 timebat,
782 1504 883 1572 quam
900 1506 940 1553 ne
955 1484 1170 1570 Philosophiae
1186 1486 1355 1571 praeceptis
1375 1486 1487 1552 bellica
1507 1487 1611 1575 yirtus

491 1596 717 1681 languesceret
730 1595 760 1682 (r
770 1594 794 1683 ).
812 1596 895 1661 llinc
910 1594 965 1661 ubi
980 1592 1233 1660 Atheniensium
1249 1592 1345 1679 legati
1359 1590 1475 1660 urbem
1491 1596 1612 1661 adven-

489 1712 600 1771 tarunt
623 1713 691 1770 tres
717 1701 910 1771 nobilissimi
935 1699 1138 1786 Philosophi,
1165 1699 1364 1778 Carneades,
1381 1700 1553 1786 ‘Diogenes
1577 1713 1609 1768 et

489 1810 681 1899 Crytolaus,
703 1822 802 1895 atque
821 1812 861 1877 ad
880 1828 938 1876 eos
957 1808 1136 1876 audiendos
1154 1809 1313 1902 juventus
1330 1808 1533 1885 continebat,
1554 1810 1611 1876 de·

489 1930 615 1985 cretum
641 1938 658 1983 a
683 1918 1005 1995 Senatu,adnitente
1029 1918 1074 1983 Μ.
1100 1916 1207 1981 Portio
1232 1915 1356 1982 Catone
1379 1912 1548 2004 (seniore),
1573 1926 1610 1982 ut

489 2026 600 2093 statim
616 2026 875 2107 dimitterentur;
890 2044 930 2091 ne
941 2043 1055 2090 eorum
1066 2023 1212 2089 doctrina
1225 2022 1320 2089 latius
1330 2033 1486 2107 serperet.
1500 2024 1610 2109 irrepit

489 2141 602 2199 tamen
627 2132 849 2217 Philosophia,
876 2134 1013 2218 ejusque
1038 2130 1148 2198 studio
1171 2130 1319 2202 delectati
1339 2139 1419 2197 sunt
1441 2132 1611 2197 Africanus

490 2242 608 2327 Major,
626 2241 661 2308 L.
678 2239 809 2318 Furius,
836 2240 875 2306 C.
897 2239 1011 2305 Laelius
1033 2239 1152 2322 aliique
1171 2239 1429 2322 praestantissimi
1449 2238 1507 2304 viri
1528 2240 1611 2306 inter

489 2350 668 2432 antiquos»
683 2346 747 2436 (2).
768 2349 921 2416 Lucullus
940 2358 1068 2424 autem,
1085 2355 1238 2431 superato
1261 2346 1439 2425 Mitridate,
1459 2355 1492 2411 et
1508 2346 1607 2434 Sylla,

489 2466 563 2540 post
582 2466 692 2541 captas
715 2458 862 2523 Athenas
876 2441 939 2544 (84
954 2476 1007 2522 an.
1023 2476 1054 2521 a.
1073 2453 1143 2543 C.),
1167 2456 1306 2522 Romam
1327 2455 1474 2532 reduces,
1497 2473 1609 2523 secum

490 2562 627 2646 plurima
655 2582 835 2651 graecorum
862 2564 1133 2648 Philosophorum
1156 2561 1326 2634 volumina
1348 2572 1608 2647 comportarunt.

286 2685 461 2742 Quaruomea
534 2688 590 2756 33.
637 2670 788 2747 Quatuor
812 2670 1020 2756 potissimum
1046 2670 1185 2736 tloruere
1208 2670 1296 2755 apud
1320 2671 1488 2737 Romanos
1512 2680 1611 2737 sectae

489 2777 782 2864 Philosophorum:
799 2779 969 2864 Epicurea,
987 2778 1197 2854 Academica,
1218 2777 1324 2844 Stoica
1339 2789 1371 2846 et
1387 2778 1607 2864 Peripatetica;

300 2901 443 2961 anemae,
489 2896 525 2953 ut
549 2887 742 2954 omittamus
765 2884 1031 2974 Pythagoricum,
1052 2886 1091 2950 ad
1113 2904 1214 2967 quam
1242 2886 1434 2969 pertinuisse
1457 2886 1611 2977 dicuntur

489 3003 584 3078 poeta
604 2994 726 3060 Ennius
740 2991 818 3081 (237
839 3013 893 3062 an.
910 3013 941 3059 a.
961 2990 1036 3081 C.),
1053 2992 1187 3059 Publius
1201 2993 1365 3078 Nigidius,
1381 2992 1507 3060 amicus
1519 2993 1613 3061 Cice-

488 3100 592 3178 ronis,
609 3102 744 3184 aliique,
766 3103 849 3168 inter
867 3120 953 3186 quos
971 3103 1069 3186 longe
1088 3099 1319 3169 celeberrimus
1337 3101 1398 3167 luit
1417 3101 1612 3186 Apollonius

487 3207 540 3273 ille
563 3209 766 3294 Thyanaeus,
791 3209 848 3294 qui
870 3211 1000 3276 Nerone
1023 3207 1218 3292 imperatore
1243 3207 1335 3273 vixit.
1363 3209 1457 3275 llunc
1481 3210 1611 3298 magnis

488 3316 638 3382 laudibus
666 3315 882 3401 praedicarunt
904 3315 997 3400 impii
1019 3315 1131 3382 hostes
1155 3313 1303 3380 Ecclesiae
1324 3316 1508 3393 catholicae,
1533 3318 1611 3385 insi·

486 3441 654 3507 gnemque
669 3422 778 3489 dixere
791 3423 967 3490 virtutibus
980 3421 1158 3506 multisque
1174 3422 1308 3505 patratis
1319 3425 1494 3500 miraculis,-
1506 3425 1613 3491 immo

487 3531 585 3597 etiam
600 3530 674 3612 Jesu
690 3529 819 3597 Christo
834 3531 978 3598 Domino
991 3539 1105 3596 nostro
1119 3548 1286 3614 opponere
1295 3539 1329 3595 et
1339 3550 1528 3616 comparare
1543 3551 1612 3600 non

487 3640 700 3706 erubuerunt.
718 3640 842 3707 Verum
867 3659 943 3706 cum
968 3650 1059 3707 tanta
1080 3637 1132 3703 illa
1156 3639 1256 3724 hujus
1275 3637 1333 3704 viri
1344 3641 1500 3706 'encomia
1519 3643 1613 3708 nullo

485 3744 603 3812 idoneo
616 3747 1050 3832 monumentocomprobari
1063 3744 1610 3832 potuerint,unumqueauctorem

486 3852 881 3932 habeantPhilostratum,
900 3855 957 3940 qui
975 3856 1101 3940 scripsit
1112 3853 1213 3920 vitam
1233 3855 1397 3941 Apollonii
1416 3874 1482 3924 200
1504 3877 1612 3925 annos

418 3969 422 3978 ’
487 3971 561 4044 post
582 3959 684 4045 ipsius
701 3971 858 4040 mortem,
881 3960 933 4050 (3)
955 3962 1103 4047 apparuit
1126 3962 1243 4029 iterum
1266 3980 1368 4046 quam
1388 3963 1477 4031 irrito
1500 3965 1613 4032 labore

492 4111 745 4131 *nn——

520 4172 563 4244 (r)
600 4173 661 4232 Csr.
679 4173 821 4234 Gonzalez
837 4174 895 4248 Op.
910 4188 940 4234 ct
953 4177 1007 4234 loc.
1020 4174 1070 4234 cit.
1086 4193 1148 4247 par.
1163 4191 1210 4247 95.

521 4266 562 4330 (a)
598 4262 715 4323 Cuevas
730 4263 787 4337 Op.
802 4278 831 4325 et
845 4266 900 4324 loc.
914 4264 963 4324 cit.
979 4263 1097 4324 dissert.
1112 4283 1129 4323 a
1142 4283 1205 4337 cap.
1221 4281 1252 4331 23
1267 4259 1298 4321 in
1319 4283 1453 4337 prooem.3
1472 4267 1613 4329 Bouvicr.

486 4348 544 4423 Op.
560 4364 589 4410 et
603 4352 656 4410 loc.
671 4354 720 4413 cit.
735 4354 799 4414 livr.
814 4375 831 4428 4
848 4356 933 4427 chap.
947 4375 979 4425 ης
995 4353 1139 4414 Gonaalez
1153 4373 1214 4426 per.
1230 4371 1277 4426 95.
1363 4411 1368 4421 ,

521 4444 562 4512 (3)
599 4442 799 4504 «ΡὴίΙοειταϊο
812 4441 1615 4520 ecriraitlavicdeApolloniuaaooanscprcseamort,

485 4549 522 4588 cn
535 4549 567 4588 se
581 4530 703 4592 londant
718 4533 912 4607 uniquement
927 4553 979 4593 our
997 4535 1049 4592 dea
1068 4533 1220 4592 memoiree
1237 4532 1274 4591 de
1292 4532 1409 4606 Danais,
1426 4557 1620 4610 compegnon

423 4691 429 4700 ι
485 4619 521 4676 de
534 4639 644 4694 voyage
658 4622 698 4680 du
714 4623 907 4697 Philosophe,
932 4623 961 4682 n'
979 4621 1084 4683 offreot
1100 4645 1197 4684 cueun
1213 4633 1357 4687 caractere
1372 4625 1409 4684 de
1423 4625 1526 4686 verite.
1542 4627 1624 4684 Phi-

484 4705 604 4770 lostrato
621 4711 711 4772 tenait
730 4733 778 4772 ces
802 4714 958 4774 mernoircs
973 4712 1011 4773 de
1028 4713 1053 4770 1¹
1071 4711 1255 4786 imperatrice
1272 4715 1456 4788 Julieg'maia
1474 4714 1497 4773 il
1518 4716 1624 4778 aedit
