3492 5525
453 496 573 574 Anrrc.
596 509 658 578 4¹²·
679 493 731 558 De
753 494 882 560 Somrr:
1130 513 1187 580 373

104 673 302 760 syllogismo
322 693 388 740 non
407 681 562 758 excepto,
593 677 783 744 revocandte
809 676 888 745 sint.
912 675 1042 744 Scilicet
1066 675 1124 760 qui
1152 679 1228 746 talin

97 781 246 866 scripsit,
271 800 331 848 nec
350 781 532 870 syllogismi
564 800 623 850 nec
646 782 755 850 soritis
775 792 925 852 naturam
946 785 1077 853 videtur
1102 785 1228 854 intelle·

99 885 224 977 xisse(
249 887 272 978 ).

169 997 216 1063 Ex
231 996 279 1064 his
295 998 362 1082 jam
382 997 532 1084 colligere
547 997 622 1066 licet
639 997 754 1066 Soritis
767 999 870 1084 leges:
1253 1015 1322 1074 tae·
1339 1017 1418 1066 unu

168 1109 296 1174 Prima:
316 1105 364 1173 Ne
380 1105 447 1171 sint
460 1123 565 1172 omnes
577 1106 804 1188 propositiones
819 1107 926 1173 soritis
943 1108 1108 1192 negative.
1124 1108 1224 1176 Secus

101 1213 191 1280 enim
219 1213 432 1280 resolveretur
450 1213 483 1278 in
506 1213 730 1298 syllogismos,
759 1233 901 1297 quorum
929 1233 1047 1281 omnes
1078 1217 1225 1300 proposi·

98 1321 207 1387 tiones
232 1322 339 1386 forent
355 1318 532 1405 negativae.
558 1321 662 1387 lmmo
681 1339 759 1387 vero
778 1323 866 1387 nulla
886 1321 929 1388 sit
952 1323 1117 1406 negativa,
1142 1342 1220 1407 prae·

98 1437 150 1493 ter
161 1415 380 1511 'penultimam
392 1433 425 1492 et
442 1435 681 1511 consequenter
699 1427 796 1494 etiam
808 1427 1106 1496 ultimamNamsl
1117 1430 1220 1513 prima

99 1555 135 1602 v.
152 1555 187 1620 g.
208 1543 257 1600 est
279 1535 440 1619 negativa,
461 1534 618 1619 quoniam
638 1535 691 1600 illa
714 1544 765 1602 est
782 1535 889 1601 Minor
908 1535 1003 1620 primi
1023 1537 1221 1624 syllogismi,

99 1643 275 1709 haberetur
291 1642 324 1708 in
343 1643 539 1710 resolutione
558 1642 770 1728 syllogismus
788 1643 902 1726 primae
920 1642 1035 1727 ligurae
1058 1661 1135 1710 cum
1164 1644 1225 1710 Mi-

100 1749 172 1815 nori
188 1757 342 1835 negante,
362 1758 474 1815 contra
487 1750 615 1835 regulas
629 1768 691 1816 suo
706 1748 776 1816 loco
791 1751 956 1834 probatas.
977 1749 1011 1817 Si
1027 1769 1105 1818 vero
1117 1753 1225 1835 aliqua

99 1857 162 1922 alia
180 1857 263 1923 toret
282 1857 443 1942 negativa,
463 1866 549 1922 certe
568 1858 601 1923 in
621 1857 817 1923 resolutione
834 1857 1079 1924 conclusionem
1099 1859 1224 1944 praebe-

101 1973 150 2030 ret
168 1965 286 2049 pariter
303 1963 501 2050 negativam3
521 1971 554 2030 et
572 1965 728 2048 quoniam
753 1965 814 2032 ista
835 1965 1000 2044 conclusio
1014 1977 1102 2034 esset
1116 1966 1224 2034 minor

99 2071 237 2157 alicujus
251 2071 450 2159 syllogismi,
470 2081 661 2156 sequeretur
679 2073 766 2140 idem
782 2082 951 2156 peccatum
965 2081 1077 2139 oontm
1093 2074 1224 2160 regulas

100 2179 217 2264 primae
244 2165 384 2264 figurae,
396 2184 486 2263 quod
506 2180 606 2246 modo
625 2180 833 2248 notabamus.
856 2179 890 2245 Si
908 2189 1021 2246 autem
1041 2180 1224 2266 penultima

98 2289 184 2354 toret
203 2286 365 2372 negativa,
385 2288 447 2352 hoc
467 2287 716 2354 incommodum
742 2305 808 2353 non
836 2298 1040 2371 sequeretur,
1061 2299 1097 2356 ut
1119 2298 1220 2375 patet.

169 2399 335 2462 mode.
361 2391 460 2462 Nulla
475 2393 645 2476 propositio
667 2395 711 2460 sit
728 2394 951 2477 particularis,
970 2397 1097 2478 excepto
1118 2396 1224 2478 primo

97 2507 131 2568 et
155 2505 375 2586 consequenter
395 2504 561 2587 postremo.
591 2499 702 2579 Ratio,
737 2502 814 2586 quia
839 2509 965 2568 caeterae
997 2521 1114 2569 omnes
1144 2514 1223 2570 sunt

99 2611 243 2694 majores
256 2608 493 2692 propositiones
509 2609 644 2674 totidem
661 2610 946 2696 syllogismorum,
966 2629 1053 2694 quos
1067 2610 1223 2694 implicite

99 2717 264 2792 continet,
281 2727 313 2782 et
328 2715 361 2781 in
375 2734 459 2800 quos
474 2715 579 2803 logice
597 2719 714 2784 resolvi
728 2725 879 2804 possunt,
896 2726 933 2784 ut
946 2716 1101 2786 vidimus.
1119 2718 1220 2803 Atqui

100 2826 214 2911 regula
233 2823 345 2908 primae
363 2823 484 2909 ligure
511 2833 611 2901 vetat,
635 2844 675 2890 ne
704 2825 805 2909 Major
828 2826 870 2892 sit
894 2826 1104 2910 particularis.
1133 2826 1176 2892 At
1194 2826 1222 2893 si

99 2932 208 3016 prima
237 2940 323 2997 esset
341 2930 552 3015 particularis,
581 2932 738 3015 quoniam
763 2932 815 2998 illa
835 2933 867 2998 in
889 2934 1086 2999 resolutione
1111 2934 1221 3000 locum

102 3038 237 3107 Minoris
256 3047 392 3115 teneret,
410 3040 498 3105 nulla
517 3041 637 3125 regulae
649 3040 733 3106 illius
752 3057 826 3124 pars
844 3042 1029 3108 violaretur.

153 3165 226 3234 ¹79·
272 3146 367 3212 Sonti
385 3146 500 3213 similis
518 3155 567 3212 est
585 3146 760 3231 sophistica
778 3148 830 3214 illa
848 3147 1102 3233 argumentatio,
1122 3166 1221 3233 quam
1255 3165 1422 3221 smmum

101 3256 239 3340 Epicuro
249 3256 460 3320 vehementer
468 3253 626 3355 exprobat
639 3255 753 3337 Cicero
763 3252 828 3342 (2),
840 3265 872 3320 et
890 3255 1074 3345 Chrysippo
1088 3256 1222 3341 quidam
1282 3236 1394 3283 Μὴ·

101 3362 231 3433 auctori.
244 3361 406 3437 tribuunt,
433 3363 520 3427 unde
539 3370 571 3426 et
588 3362 786 3445 chrysippeos
803 3362 920 3429 sorites
937 3363 1043 3429 dictus
1061 3372 1123 3431 est.
1145 3364 1222 3429 Haec

101 3476 214 3535 autem
244 3468 483 3554 argumentatio
510 3468 626 3535 sorites
644 3477 791 3545 vocatur,
824 3487 890 3535 non
919 3490 938 3535 a
960 3470 1220 3555 propositionum

101 3594 230 3651 acervo,
250 3574 309 3642 sed
328 3576 368 3640 ab
386 3592 514 3647 acervo
530 3575 639 3653 tritici,
670 3594 765 3661 «quo
784 3588 957 3661 tamquam
986 3579 1138 3663 exemplo
1167 3596 1222 3643 so-

102 3684 213 3770 phista
229 3684 391 3751 utebatur.
413 3682 595 3768 Assumpto
613 3682 700 3749 enim
715 3703 831 3752 acervo
849 3703 890 3751 ex
913 3684 1029 3769 viginti
1053 3704 1087 3752 v.
1108 3705 1144 3770 g.
1160 3684 1222 3750 tri·

100 3792 156 3861 tici
182 3788 307 3877 granis,
334 3791 566 3877 interrogabat,
592 3808 672 3857 num
700 3810 801 3876 grana
823 3792 877 3857 illa
899 3808 1002 3878 pauca
1032 3800 1156 3868 essent,
1179 3811 1221 3857 an

95 3880 193 3966 'vero''
210 3898 325 3967 multa.
344 3897 376 3963 Si
396 3918 497 3983 pauca
522 3897 762 3983 respondisset;
792 3898 994 3984 subjiciebat,
1026 3918 1127 3984 pauca
1154 3900 1222 3964 lore

100 4008 202 4072 etiam
222 4023 290 4070 uno
313 4006 435 4072 addito:
463 4024 537 4089 quae
560 4004 649 4071 enim
673 4024 774 4090 pauca
802 4016 892 4082 sunt,
922 4006 1020 4073 unius
1048 4006 1222 4072 dumtaxat

101 4121 283 4200 augmento
304 4110 371 4178 lieri
393 4113 495 4177 multa
513 4131 579 4178 non
604 4121 754 4196 possunt:
775 4125 847 4180 tum
868 4114 979 4182 addito
997 4114 1105 4191 tertio,
1127 4132 1224 4198 quar-

100 4236 137 4289 to
155 4228 233 4295 etc„
267 4239 307 4285 eo
325 4220 551 4305 perveniebat,
571 4221 754 4304 quodcum
775 4222 917 4287 multum
937 4240 1051 4306 reapse
1068 4224 1169 4298 foret,
1188 4232 1222 4289 te

100 4346 218 4396 tamen
231 4326 333 4393 fallaci
348 4328 403 4394 illo
415 4328 565 4395 condicto
579 4328 840 4396 circumventum
851 4328 942 4395 lateri
955 4329 1105 4415 cogebat,
1118 4329 1223 4396 multa

137 4511 181 4574 (1)
219 4502 282 4563 Cir.
304 4502 437 4563 salvator
450 4502 619 4578 Tongiorgi,
639 4504 771 4564 institut.
788 4506 878 4581 logie.
896 4526 926 4564 n.
939 4506 1001 4573 282,
1019 4514 1073 4579 4.·;
1093 4504 1222 4578 Gallupi,

100 4596 208 4673 Legis.
232 4590 300 4652 Lea.
316 4614 360 4667 573
381 4592 590 4665 Sensevcrino,
606 4594 757 4653 Elementa
776 4596 857 4654 Plu.
874 4596 979 4655 christ.
1002 4596 1105 4671 Logic.
1126 4594 1223 4653 Prima

100 4704 187 4760 pars,
199 4704 230 4743 n.
249 4702 300 4755 ¹5⁰
313 4682 344 4741 in
359 4698 437 4743 nota.
949 4687 952 4691 '

137 4780 180 4840 (ι)
217 4773 418 4832 Academicer.
433 4782 533 4847 quoest.
548 4771 598 4830 lib.
609 4790 638 4849 4,
647 4792 710 4845 cep.
725 4773 766 4830 16.
