3492 5525
489 455 608 518 Aarrc.
634 465 692 517 nt·
711 453 889 518 Dsrnnrro
937 474 943 487 .
1150 469 1208 536 ²07

124 634 300 718 operativi,
319 643 416 710 artes,
436 635 563 718 aliaque
581 630 666 701 bene
691 636 807 711 multa,
835 651 995 730 perlsuos
1012 633 1172 700 terminos
1190 646 1249 702 aut

123 743 253 825 objecta
270 741 472 809 definiuntur
490 739 553 829 (r).

191 848 262 930 jam
282 869 335 938 ex
366 850 419 915 his
448 847 691 915 delinitionibus
720 856 809 934 patet
846 846 1147 933 praestantissimam
1178 866 1250 914 esse

124 954 351 1040 essentialem3
376 975 477 1040 quam
505 956 654 1043 proxime
679 956 828 1039 sequitur
844 955 916 1034 illa,
942 973 1016 1039 quae
1035 955 1072 1022 tit
1099 972 1157 1040 per
1175 973 1250 1040 pro-

127 1065 297 1148 prietates.
387 1093 390 1096 ·

211 1291 230 1385 5
249 1278 442 1365 ll.-l.eoes
459 1311 570 1364 naara
587 1292 795 1363 ornnrrronrs
811 1309 916 1362 vante
934 1309 1171 1363 nscmssurun.
1203 1304 1206 1310 '

170 1490 227 1579 76.
275 1499 403 1562 Prima.
432 1492 583 1580 Dpinitio
599 1493 642 1560 sii
663 1492 781 1558 clarior
797 1490 927 1576 definito
944 1509 1003 1558 seu
1013 1493 1082 1578 fiat
1096 1511 1137 1558 ex
1154 1491 1253 1558 natio-
1293 1521 1436 1577 nam,

123 1601 227 1666 ribus.
247 1601 286 1666 Et
310 1601 391 1666 ratio
410 1600 583 1666 manifesta
598 1599 718 1684 petitur
732 1617 774 1665 ex
792 1597 876 1676 ime,
891 1597 1039 1665 definitio
1054 1598 1143 1664 enim
1163 1617 1253 1666 usur·
1296 1592 1437 1694 ⁶⁶⁶⁰¹¹[⁰³”²

125 1716 223 1793 patur
239 1709 280 1774 ad
294 1726 363 1773 rern
377 1707 620 1775 declarandam.
636 1708 774 1773 Planum
789 1714 902 1772 autem
922 1719 972 1774 est
991 1707 1148 1792 majorem
1170 1708 1253 1772 hanc
1354 1675 1372 1708 ι’

125 1818 307 1885 claritatem
326 1815 526 1882 delinitionis
548 1816 794 1901 intelligendam
817 1833 890 1881 esse
914 1832 980 1882 non
1004 1814 1167 1892 absolute,
1195 1815 1253 1880 sed

125 1925 308 2007 respective,
329 1925 485 1990 nimirum
508 1932 658 2008 respectu
691 1922 840 2001 illorum,
862 1923 920 2006 qui
938 1922 1005 1987 vim
1021 1921 1199 2007 percipiant
1222 1930 1254 1987 et

124 2027 349 2118 cognitionem
361 2031 502 2098 habeant
519 2031 736 2097 terminorum
753 2039 968 2106 amotarum,
980 2049 1037 2114 per
1051 2047 1134 2114 quas
1149 2030 1186 2096 tn
1198 2031 1254 2097 de-

123 2139 244 2206 finitio.
261 2139 389 2206 Etenim
406 2139 503 2205 relate
517 2139 559 2204 ad
573 2137 742 2222 imperitos
755 2137 826 2204 neri
841 2139 928 2204 bene
942 2146 1072 2222 potest,
1089 2146 1125 2203 ut
1139 2137 1254 2204 defini-

124 2248 172 2314 tio
186 2248 219 2314 in
243 2267 280 2314 se
294 2245 482 2332 perspicua,
508 2247 730 2312 minusclara
747 2245 910 2312 videatur.
933 2245 986 2312 Sic
1010 2253 1093 2330 quot
1116 2245 1254 2330 reperies

123 2357 241 2432 rudes,
256 2356 311 2440 qui
332 2354 449 2420 melius
463 2353 651 2439 intelligunt
664 2353 832 2441 iomanem,
853 2371 955 2437 quam
974 2349 1099 2418 animai
1115 2352 1254 2419 rationa-

124 2466 175 2530 le?
193 2460 245 2551 (2)
264 2441 418 2528 Peccator
430 2472 543 2527 contra
562 2463 626 2526 hoc
645 2469 865 2546 praeceptum:
891 2458 926 2548 α)
942 2461 971 2528 si
985 2460 1200 2526 adhibeantur
1220 2461 1253 2526 in
1325 2489 1333 2502 .

123 2571 315 2637 delinitione
330 2571 531 2654 metaphora
545 2565 598 2656 (3)
619 2567 830 2653 potissimum
855 2567 1051 2634 difficiliores
1068 2587 1106 2634 ac
1122 2569 1253 2653 longius

124 2679 253 2765 petitae,
276 2687 314 2744 ut
336 2679 363 2744 si
389 2677 545 2752 definias,
571 2674 743 2742 hominem
771 2677 915 2742 arborem
932 2675 1105 2754 inversam,
1127 2685 1183 2742 aut
1205 2695 1255 2742 so

123 2807 242 2853 mnum
243 2786 382 2872 fratrem
392 2784 516 2851 mortis:
531 2782 566 2872 β)
578 2784 605 2849 si
618 2803 715 2851 voces
727 2782 944 2851 adhibeantur
953 2804 1045 2869 vage
1055 2834 1062 2861 ‚
1073 2784 1250 2870 ambiguae,

124 2897 314 2979 equivocae,
335 2892 514 2975 minusque
533 2893 679 2969 usitata,
696 2903 733 2960 ut
751 2891 779 2958 si
798 2892 935 2959 definias
951 2893 1119 2958 hominem
1142 2899 1254 2974 corpus

120 3004 253 3079 vivens,
283 3002 335 3067 vel
353 3000 475 3067 animai
495 2996 669 3084 quoddam:
688 3008 722 3066 et
746 3000 933 3076 cochleam,
958 3000 1161 3084 terrigenam,
1184 3000 1253 3066 her-

125 3110 308 3193 bigradam,
322 3109 542 3190 damiportam
557 3108 712 3191 sanguine
729 3125 851 3173 cassam
871 3104 933 3194 (4)ss
954 3105 991 3195 γ)
1010 3106 1037 3173 si
1056 3107 1113 3172 liat
1128 3124 1186 3193 per
1201 3126 1254 3173 ne-

123 3217 295 3302 gationes,
310 3224 347 3282 ut
368 3214 395 3281 si
413 3215 521 3280 dicas:
542 3215 642 3280 Homo
658 3217 806 3300 estquod
822 3233 886 3280 non
900 3218 948 3279 est
959 3216 1017 3281 leo.
1045 3215 1170 3281 Tamen
1191 3214 1254 3279 exi·

123 3311 246 3402 stimo.
262 3323 295 3388 in
313 3321 482 3389 contrariis
496 3320 642 3389 medium
659 3340 726 3387 non
749 3322 949 3389 habentibus
967 3331 1000 3388 et
1022 3322 1056 3389 in
1071 3320 1250 3407 privativis,

124 3431 214 3497 haud
237 3432 349 3515 inepte
366 3429 435 3494 lieri
460 3427 671 3495 definitiones
699 3448 757 3513 per
785 3430 1006 3514 negationem
1021 3428 1178 3513 oppositi.
1200 3427 1253 3495 Sic

123 3538 269 3604 tenebrae
282 3538 436 3604 dicuntur
457 3536 597 3602 carentia
613 3536 712 3612 lucis,
739 3545 772 3602 et
796 3534 922 3603 caecitas
935 3534 1200 3620 privatoriam,
1221 3543 1254 3600 et

123 3646 268 3730 simplex
285 3646 370 3730 qaod
380 3644 632 3726 careipartibus.

183 3758 344 3821 &cunda
372 3758 502 3835 regula.
530 3751 704 3837 Dpiniium
730 3770 769 3815 ne
802 3751 1000 3835 ingradiatur
1027 3750 1250 3837 definitionem,
1353 3778 1386 3817 a·

98 3888 101 3891 ·
122 3877 183 3927 seu
199 3878 264 3927 non
277 3857 537 3946 definiaturidem
548 3865 604 3940 per
620 3857 715 3925 idem
726 3856 822 3923 Ratio
836 3865 925 3942 patet
941 3876 982 3925 ex
994 3858 1188 3943 praecedenti
1204 3876 1254 3923 re-

121 3969 220 4054 gula,
240 3966 319 4051 quia
340 3967 427 4033 clara
443 3984 516 4033 esse
530 3964 646 4050 nequit
656 3964 821 4043 definitio,
837 3983 913 4049 quae
932 3966 1019 4032 idem
1040 3964 1181 4051 explicet
1195 3983 1253 4050 per

157 4203 204 4274 (ι)
239 4197 317 4259 Vide
336 4199 460 4258 Aristot.
475 4197 699 4273 Metaphysicor.
724 4197 775 4257 lib.
790 4218 818 4272 7,
842 4218 907 4271 cap.
933 4216 958 4271 ς,
981 4209 1052 4257 text.
1069 4196 1184 4257 Coram.
1209 4218 1251 4272 η,

126 4291 170 4363 ι8,
183 4302 214 4349 et
228 4288 299 4348 ibid.
307 4288 579 4349 Commentatores.
939 4307 942 4311 ¹

158 4385 203 4448 (a)
240 4377 305 4438 etr.
326 4378 360 4437 S.
375 4380 502 4452 August.
515 4376 567 4448 lib.
584 4377 608 4436 ll
624 4376 756 4449 Camers.
771 4398 798 4436 c.
816 4396 859 4450 ¹4·

159 4476 205 4544 (3)
243 4469 436 4544 «Metaphara
457 4468 564 4539 inquit.
590 4466 623 4525 S.
648 4468 765 4539 Thon„
789 4468 939 4542 accipitur
961 4468 1119 4525 secandum
1138 4467 1254 4541 aliquid
1353 4544 1354 4548 Ἰ

120 4562 237 4627 simile:
251 4578 310 4617 non
321 4566 436 4633 oportet
450 4565 557 4624 aarum,
573 4566 606 4615 ul
619 4552 732 4632 id'quod
746 4564 789 4615 est
805 4560 908 4615 simile
920 4560 1078 4615 secandum
1093 4578 1193 4624 unum,
1210 4558 1254 4614 sit

121 4652 224 4710 simile
237 4658 378 4724 quantum
391 4650 429 4706 ad
439 4649 566 4706 omnia.»
583 4646 615 4706 ln
630 4646 680 4705 lib.
694 4657 767 4718 ,ιω
780 4648 938 4714 Posterior.
956 4646 1019 4706 lect.
1039 4647 1080 4706 1⁶.

153 4746 200 4815 (4)
237 4738 328 4811 Apud
342 4736 524 4797 Ciceronem.
540 4736 590 4796 lib.
606 4756 633 4797 a.
648 4735 685 4796 de
704 4736 892 4797 Divination.
