3492 5525
561 458 602 525 hh
962 454 1187 521 Inmooocrro

521 640 609 703 nullo
621 639 719 705 simus
740 637 990 721 reprehensibiles
1009 640 1049 703 de
1068 638 1349 721 prescriptione.»
1371 638 1409 703 Et
1428 655 1507 704 mox
1536 638 1647 705 laudat

522 746 707 821 Platonem,
730 744 960 822 Aristotelem,
983 744 1164 821 Senecam,
1185 744 1358 825 Bdetium,
1379 755 1413 810 et
1432 744 1466 810 S'.
1491 746 1648 829 Augusti·

523 871 602 918 num
615 854 756 939 inhujus
769 852 926 925 doctrinae
944 852 1232 919 confirmationem
1249 852 1316 939 (ι).

588 962 625 1025 Et
640 959 813 1035 Durandus
829 980 846 1025 a
862 960 898 1026 S.
915 959 1077 1025 Portiano:
1100 959 1295 1050 «Naturalis
1308 958 1508 1041 Philosophia
1526 964 1652 1025 nonest

520 1068 616 1145 scire,
643 1069 722 1154 quid
742 1068 926 1135 Arisloleles
947 1069 1000 1133 vei
1020 1067 1082 1133 olii
1102 1067 1281 1149 Philosophi
1301 1068 1472 1143 senserint,
1496 1069 1551 1131 sed
1571 1067 1651 1150 quid

520 1177 630 1242 haheat
640 1176 755 1241 oerilas
767 1194 887 1242 rerum:
900 1178 983 1240 unde
994 1174 1050 1241 uhi
1060 1175 1170 1241 dmial
1178 1193 1265 1240 mens
1274 1174 1647 1251 olrisloteiisaoerilele,

520 1304 584 1350 non
615 1288 661 1348 esl
685 1284 814 1375 scr'enlia
841 1283 922 1348 scire
956 1282 1035 1367 qnid
1061 1282 1244 1348 Aristoteles
1275 1282 1428 1359 senserit,
1460 1282 1516 1346 sni
1541 1282 1648 1364 potius

520 1409 637 1457 error»
651 1387 715 1478 (2).

586 1496 715 1573 Qribus
735 1496 851 1564 similia
871 1497 971 1563 etiam
992 1498 1135 1563 docuere
1154 1497 1206 1563 alii
1230 1497 1324 1581 prisci
1338 1495 1544 1575 Scholastici,
1561 1515 1648 1580 quos

520 1617 633 1690 postea
656 1605 759 1673 sec'uti
783 1614 862 1671 sunt
887 1604 1063 1671 Abolensis
1086 1601 1142 1691 (3)
1169 1604 1311 1672 Victoria
1335 1601 1387 1692 (4)
1410 1604 1566 1670 Melchior
1587 1604 1649 1669 Ca-

521 1732 583 1779 nus
598 1710 669 1801 (5),
686 1710 878 1779 Dominicus
893 1710 997 1777 Baitez
1012 1708 1068 1799 (6)
1086 1710 1215 1776 Gabriel
1235 1711 1389 1794 Vazquez
1404 1709 1455 1798 (7)
1469 1711 1647 1797 Gregorius

519 1821 561 1886 de
577 1820 725 1886 Valentia
738 1816 798 1908 (8)
815 1819 949 1902 aliique.

587 1927 669 1993 Hinc
688 1928 765 1995 nihil
785 1928 905 1994 mirum
924 1927 951 1992 si
972 1924 1127 2011 AEgidius
1152 1928 1322 1994 Romanus
1339 1926 1458 1992 librum
1481 1926 1647 2010 scripserit

521 2036 567 2100 De
585 2036 743 2101 errorihns
763 2035 1035 2117 Philosophorum,
1052 2034 1250 2111 Aristolelr's,
1271 2034 1440 2109 Aoermis,
1460 2035 1642 2114 Aoicennoe,

520 2144 700 2229 Algarelis,
720 2143 873 2218 Alliencli,
896 2141 1089 2224 Rehimoysi.
1113 2142 1150 2206 Et
1172 2140 1223 2207 alii
1243 2159 1320 2206 cum
1343 2159 1416 2207 sese
1441 2143 1573 2232 offerret
1587 2161 1643 2206 oc·

519 2250 623 2325 casio,
653 2250 752 2315 libere
780 2249 899 2315 invecti
927 2248 1067 2315 suntin
1095 2266 1220 2325 errores
1250 2249 1434 2315 Aristotelis
1461 2245 1530 2335 (9),
1551 2250 1647 2334 cujus

519 2341 718 2423 caeteroquin
747 2340 974 2406 auctoritatem
1003 2340 1036 2403 in
1069 2337 1353 2404 confirmationem
1386 2338 1544 2403 doctrinae
1578 2358 1644 2403 non
1734 2345 1735 2348 ’

519 2448 704 2531 allegabant
733 2447 793 2513 nisi
824 2455 901 2531 post
926 2448 1066 2513 adducta
1094 2410 1227 2511 rationi}
1255 2454 1460 2531 argumenta.
1491 2445 1590 2521 Quod
1619 2446 1645 2511 si

520 2554 556 2621 S.
568 2556 712 2619 Thomas
723 2574 788 2621 non
803 2574 873 2621 raro
886 2556 989 2619 solam
1003 2556 1096 2619 affert
1109 2555 1337 2620 auctoritatem
1352 2554 1555 2638 Philosophi,
1573 2554 1645 2618 ideo

520 2672 585 2738 est,
603 2663 756 2747 quiajam
772 2662 803 2727 in
818 2661 1065 2727 commentariis
1080 2662 1147 2726 suis
1163 2661 1375 2726 assertionem
1392 2680 1428 2725 ac
1442 2661 1638 2735 doctrinam,

520 2771 561 2835 de
577 2788 643 2855 qua
659 2779 709 2836 est
722 2789 848 2847 sermo,
865 2789 942 2836 cum
960 2771 1076 2835 eodem
1096 2770 1267 2835 Aristotele
1283 2770 1487 2854 probaverat.
1606 2745 1613 2762 ⁹

344 2898 478 2956 mojam
588 2877 736 2961 Denique
763 2880 795 2943 in
820 2878 975 2944 invidiam
1004 2888 1162 2944 vocantur
1185 2876 1388 2954 Scholastici,
1419 2897 1458 2943 eo
1486 2878 1576 2960 quod
1604 2877 1645 2942 ab

350 3018 492 3074 amp.
519 2987 610 3050 omni
625 2985 657 3050 in
673 2986 880 3070 Philosophia
896 2996 929 3051 et
943 2985 1087 3052 scientiis
1102 3004 1275 3072 progressu
1290 2986 1498 3053 abhorreant.
1511 2986 1554 3050 At
1567 3005 1645 3050 vero

519 3093 550 3159 id
566 3092 776 3159 falsissimum
793 3113 865 3160 esse
880 3103 1008 3160 constat
1022 3103 1094 3159 tum
1110 3094 1262 3179 exemplo
1276 3092 1570 3168 Scholasticorum,
1587 3095 1644 3176 qui

520 3202 610 3285 plura
636 3201 890 3286 praecedentium
913 3199 1187 3286 Philosophorum
1211 3201 1354 3267 inventis
1377 3202 1546 3282 addidere;
1570 3210 1642 3266 tum

518 3307 680 3385 doctrina,
702 3307 777 3392 quia
796 3310 925 3376 disertis
940 3309 1048 3375 verbis
1067 3327 1279 3395 progressum
1291 3304 1481 3393 hujusmodi
1506 3309 1642 3393 professi

517 3412 697 3503 sunt(io).

553 3599 593 3659 (i)
630 3593 715 3668 Opus
730 3593 846 3669 Mojus,
862 3613 940 3666 pars.
959 3614 983 3663 1,
997 3613 1059 3666 cap.
1076 3591 1222 3666 7Csr.'ib.
1236 3613 1367 3670 2-psrs.
1380 3613 1442 3665 cap.
1461 3595 1489 3652 8.

552 3683 593 3752 (2)
632 3683 755 3741 Durand
771 3683 802 3741 in
816 3691 851 3741 i.·
866 3682 951 3742 Sent.
967 3682 1041 3741 Dist.
1058 3702 1078 3755 4
1092 3703 1121 3754 q.
1140 3702 1165 3756 5.

551 3759 592 3826 (3)
627 3757 659 3812 ln
675 3757 848 3825 Defension,
864 3770 940 3827 part.
957 3775 984 3813 2.
999 3775 1064 3826 cap.
1083 3757 1125 3812 18.

552 3849 593 3917 (4)
629 3845 716 3916 Apud
732 3844 873 3903 Melchior
886 3845 961 3903 Can.
977 3845 1021 3902 De
1035 3845 1124 3903 Locis
1139 3846 1269 3922 theolog.
1284 3845 1335 3904 lib.
1355 3865 1399 3913 12,
1414 3865 1476 3918 cap.
1497 3867 1521 3904 1.

551 3938 592 4004 (5)
629 3931 939 4015 lbid.lib.7cap.3.u
1189 3929 1193 3936 ¹

499 4037 508 4050 ·
552 4023 592 4089 (6)
629 4023 662 4081 ln
686 4031 728 4080 1¹¹¹
749 4039 823 4096 part.
846 4024 958 4083 Summ.
984 4025 1086 4083 Theoi.
1110 4023 1143 4083 S.
1163 4024 1268 4083 Thom.
1289 4044 1318 4096 q.
1337 4046 1348 4082 r
1369 4037 1424 4083 art.
1439 4024 1473 4095 8,
1490 4025 1562 4085 dub.
1579 4035 1643 4099 5.'²¹

517 4111 607 4170 Circa
618 4114 773 4170 secundnm
790 4115 895 4171 locum.

552 4205 593 4272 (7)
630 4201 663 4259 ln
684 4213 729 4259 ν’ιι
743 4216 818 4274 part.
835 4203 912 4275 disp.
930 4226 956 4276 3.
973 4204 1097 4276 n.6,7.

551 4291 590 4357 (8¹
630 4290 662 4348 ln
680 4298 733 4349 ι.·“
748 4306 821 4364 part.
840 4291 956 4351 Summ.
974 4294 1061 4352 theol.
1079 4293 1112 4352 S.
1127 4293 1211 4352 Tom.
1229 4292 1346 4354 Praeiat.

523 4446 527 4452 ¹
550 4385 590 4451 (9)
627 4379 689 4458 Cir.
703 4381 812 4441 Albert.
831 4383 871 4438 Μ.
887 4381 998 4441 Summ.
1013 4384 1115 4441 Theoi.
1130 4402 1192 4454 por.
1208 4403 1224 4440 2
1239 4403 1269 4454 q.
1279 4401 1307 4456 4.
1325 4403 1365 4443 m.
1377 4403 1404 4453 2,
1415 4403 1442 4440 a.
1454 4382 1492 4453 V,
1508 4383 1602 4456 partis
1619 4386 1642 4450 (ς

513 4481 542 4528 et
556 4469 606 4526 lib.
621 4471 841 4544 8Physicornm
851 4485 922 4531 trae.
936 4494 946 4530 r
959 4493 1021 4544 eap.
1033 4472 1114 4541 X1V3
1127 4471 1313 4532 Gullielmus.
1326 4472 1419 4531 Paris.
1434 4473 1479 4530 De
1496 4474 1642 4534 Univers.

518 4573 563 4614 ιβ
579 4572 653 4630 part.
670 4581 738 4631 pars
753 4581 780 4620 2.
795 4583 858 4633 cap.
874 4564 910 4630 8,
926 4562 970 4619 De
983 4563 1085 4620 Anim.
1100 4562 1210 4634 capitul
1229 4584 1254 4632 1,
1268 4583 1333 4633 cap.
1352 4583 1376 4619 ι.

548 4648 608 4720 (ro)
643 4650 718 4709 Vide
730 4649 763 4709 S.
779 4651 884 4710 Thom.
902 4673 926 4709 1.
942 4672 969 4709 2.
980 4672 1009 4723 q.
1024 4673 1071 4725 97,
1082 4672 1109 4710 a.
1124 4652 1147 4721 (ς
1160 4651 1211 4712 lits.
1226 4651 1238 4711 l
1251 4653 1381 4710 Ethicor.
1396 4651 1461 4710 lect.
1476 4651 1516 4721 11;
1529 4654 1644 4712 Politi-

512 4757 571 4800 σον.
585 4737 636 4798 lib.
651 4761 666 4812 3
680 4739 744 4811 leet.
759 4741 794 4813 83
806 4739 944 4801 vincent.
957 4741 1098 4802 bellovac.
1108 4741 1269 4818 Speculum
1277 4742 1398 4800 hedrin.
1412 4740 1462 4800 lib.
1479 4762 1503 4814 1,
1518 4762 1583 4816 cap.
1595 4757 1642 4818 393
