3492 5525
557 467 615 554 148
753 469 878 536 Lumen
898 445 1395 535 utnon-o1sn.1.·'cn.2.um

514 664 663 722 naturam
678 656 858 723 humanam
873 653 1096 740 apprehendat
1110 654 1277 740 praecisam
1297 673 1317 720 a
1331 651 1419 720 notis
1432 649 1636 720 individuan·

513 764 617 840 tibus,
638 763 709 830 sine
738 763 859 848 quibus
884 764 917 831 in
938 764 1080 832 realitate
1101 763 1235 850 physica
1256 763 1372 847 nequit
1398 761 1550 828 existere:
1576 775 1634 822 nec
1723 794 1725 859 ἓ

434 898 437 910 ¹
453 899 456 905 ·
513 870 655 956 denique
669 874 706 936 ul
712 871 882 959 subjectum
894 872 1181 954 autpraeuicatum
1198 869 1259 945 nisi
1273 877 1439 953 quatenus
1453 863 1633 950 concipiam

515 977 684 1044 hominem
699 979 790 1045 velut
802 979 1009 1046 substantem
1021 978 1108 1044 actui
1118 977 1249 1064 judicii,
1265 976 1299 1042 in
1314 995 1382 1061 quo
1402 976 1454 1042 vel
1468 975 1511 1040 sit
1528 973 1574 1049 id,
1595 971 1635 1036 de

515 1103 582 1169 quo
595 1086 683 1152 aliud
693 1085 874 1152 affirmetur
892 1098 948 1155 aut
963 1096 1113 1171 negetur,
1125 1087 1177 1152 vel
1188 1087 1220 1151 id
1234 1086 1324 1170 quod
1332 1084 1374 1150 de
1388 1085 1450 1150 alio
1460 1083 1638 1148 affirmetur
1723 1144 1725 1181 ἑ

514 1202 570 1259 aut
590 1204 740 1280 negetur.
765 1195 797 1260 ln
822 1196 926 1278 prima
944 1214 1024 1280 ergo
1050 1195 1231 1262 intentione
1247 1212 1356 1259 rerum
1382 1193 1523 1258 rationes
1540 1189 1637 1254 attin·
1723 1242 1724 1293 ζ

514 1311 653 1385 guntur,
688 1312 786 1385 prout
811 1302 843 1368 in
876 1301 992 1387 seipsis
1024 1310 1115 1379 sunt,
1150 1302 1238 1369 nulla
1256 1303 1361 1367 torma
1386 1317 1445 1366 seu
1466 1297 1636 1362 allectione
1723 1302 1724 1371 j

513 1408 575 1474 illis
592 1409 841 1493 supperaddita,
862 1428 963 1493 quam
984 1428 1050 1475 non
1073 1409 1214 1476 habeant
1229 1409 1261 1475 in
1281 1427 1340 1474 sua
1360 1407 1514 1474 realitate.
1535 1405 1568 1469 ln
1586 1421 1638 1468 se·
1661 1451 1665 1460 .
1723 1472 1724 1481 p

513 1517 618 1581 cunda
639 1535 717 1583 vero
737 1516 920 1584 intentione
943 1517 1190 1600 concipiuntur,
1211 1524 1309 1601 prout
1327 1514 1512 1581 convestita
1533 1512 1637 1578 torma
1723 1522 1724 1601 ᾗ

513 1623 564 1688 vel
579 1621 749 1688 allectione
764 1623 891 1707 aliqua,
911 1643 987 1707 quae
1010 1623 1089 1708 ipsis
1106 1623 1233 1710 realiter
1251 1623 1387 1689 minime
1406 1622 1558 1719 inhae[et,
1580 1619 1638 1685 sed
1723 1612 1724 1617 ’

513 1738 563 1795 est
589 1729 812 1796 denominatio
840 1733 1001 1802 resultans
1015 1709 1216 1815 ‘eit'praevio
1235 1740 1309 1796 actu
1334 1727 1532 1813 cognitionis
1553 1727 1637 1793 circa

513 1837 599 1921 ipsas
623 1839 781 1904 exercito:
813 1839 930 1913 verbo,
960 1837 1190 1922 concipiuntur
1214 1837 1317 1903 instar
1341 1845 1570 1902 concretorum
1591 1837 1642 1900 lo-

513 1943 687 2032 gicorum(
714 1943 738 2033 ).
963 1929 967 1935 ¹
1246 1955 1253 1964 “

337 2081 467 2129 arpenn.
558 2071 615 2138 33.
661 2054 757 2119 Nono
776 2051 915 2137 dispesci
934 2053 1096 2119 terminus
1115 2061 1224 2137 potest
1245 2053 1280 2120 in
1302 2052 1496 2119 collectivum
1514 2059 1547 2116 et
1572 2049 1641 2116 dis-

344 2162 456 2273 di'iji‘m
514 2159 713 2260 tributionem,
729 2161 781 2225 vel
795 2160 982 2238 divisivum,
999 2159 1197 2227 Collectivus
1211 2170 1278 2238 est,
1295 2161 1352 2244 qui
1369 2161 1462 2244 plura
1476 2157 1640 2243 significat
1723 2206 1725 2257 k

513 2267 673 2334 collectim
685 2275 717 2333 et
730 2267 827 2334 simul
843 2275 977 2352 sumpta
987 2288 1021 2335 v.
1037 2287 1072 2352 g.
1085 2268 1211 2345 civitas,
1226 2269 1394 2333 exercitus:
1412 2265 1642 2335 distributivus

515 2375 566 2439 vel
589 2375 747 2442 divisivus
770 2384 834 2450 est,
855 2376 998 2458 quinon
1022 2374 1185 2459 significat
1215 2375 1408 2459 copulatim,
1433 2395 1465 2438 v.
1482 2393 1518 2459 g.
1537 2373 1639 2448 homo,

509 2483 633 2564 planto,
648 2483 776 2548 Pclms:
792 2483 876 2548 Nam
895 2483 1008 2548 civitas
1022 2491 1056 2548 et
1074 2483 1228 2548 exercitu
1250 2481 1435 2568 significant
1459 2499 1643 2566 congrega-

513 2587 637 2654 tionem
660 2587 802 2674 plurium
821 2589 943 2657 civium
960 2610 996 2656 ac
1014 2591 1168 2672 militum3
1185 2609 1282 2657 secus
1294 2608 1374 2656 vero
1394 2590 1493 2665 bomo,
1510 2591 1640 2671 planta,
1723 2596 1725 2681 l

514 2697 639 2763 Petrus.
656 2697 750 2765 Unde
763 2697 922 2765 divisivus
934 2708 1043 2783 potest
1064 2717 1135 2765 esse
1149 2699 1201 2765 vel
1223 2697 1415 2766 universalis
1430 2699 1481 2765 vel
1496 2696 1645 2783 singula·
1723 2726 1724 2731 ,

514 2804 570 2871 ris.
593 2804 680 2870 Cave
703 2813 813 2871 autem
842 2807 892 2872 nel
909 2806 1116 2873 collectivum
1141 2806 1324 2873 confundas
1345 2825 1423 2874 cum
1451 2804 1642 2887 universali3
1723 2783 1724 2878 Ῠ

513 2910 802 2979 collectivusenim
817 2914 931 2997 nequit
943 2915 984 2980 de
995 2913 1303 2999 singulisillis,quae
1314 2913 1490 3001 significat,
1502 2913 1643 2979 seorsim
1723 2917 1724 2922 ’

515 3019 690 3105 praedicari,
712 3039 818 3103 neque
838 3020 926 3087 enim
941 3021 1060 3105 singuli
1076 3022 1164 3087 cives
1183 3030 1262 3087 sunt
1275 3021 1403 3098 civitas,
1421 3029 1454 3086 at
1473 3020 1646 3086 universa-

514 3129 552 3193 lis
579 3128 620 3193 de
645 3126 782 3213 singulis
808 3130 945 3195 seorsim
980 3130 1185 3213 praedicatur3
1219 3128 1341 3214 singuli
1367 3128 1456 3194 enim
1487 3129 1646 3194 homines

513 3254 548 3300 v.
564 3254 599 3321 g.
620 3243 699 3301 sunt
714 3235 828 3303 horno.
843 3234 976 3301 Et‘ratio
990 3247 1052 3313 est,
1068 3236 1145 3320 quia
1154 3237 1345 3303 collectivus
1362 3236 1406 3303 ita
1421 3237 1513 3320 plura
1534 3234 1648 3318 expri-

515 3342 587 3418 mit,
605 3352 640 3409 ut
665 3342 718 3408 illa
736 3342 925 3428 singillatim
950 3355 1094 3428 spectata
1121 3363 1186 3410 non
1212 3344 1365 3430 sint,nisi
1388 3354 1497 3427 partes
1521 3342 1648 3427 objecti
1723 3347 1725 3414 ξ

513 3450 622 3517 totalis
640 3452 785 3535 expressi
801 3470 857 3535 per
870 3450 1062 3533 terminum;
1080 3451 1272 3518 universalis
1287 3460 1398 3517 autem
1409 3452 1460 3535 ita
1479 3452 1571 3535 plura
1585 3450 1652 3515 de·
1723 3477 1725 3540 t

513 3566 617 3634 notat,
639 3567 676 3624 ut
689 3558 818 3644 singula
836 3559 1025 3626 contineant
1040 3558 1201 3645 integram
1217 3561 1376 3627 rationem
1396 3577 1454 3643 pes
1472 3558 1564 3623 illum
1575 3565 1651 3622 ter·

514 3666 641 3731 minum
668 3684 869 3751 expressam.
887 3667 951 3733 Sed
975 3675 1064 3744 nota,
1082 3685 1178 3752 posse
1195 3668 1355 3734 terminos
1373 3665 1562 3733 collectiros
1575 3666 1651 3731 sub
1723 3716 1725 3736 ,

512 3773 574 3838 alio
598 3783 746 3858 respectu
765 3774 911 3841 converti
931 3775 963 3840 in
983 3775 1218 3842 distributivos.
1240 3774 1324 3839 Nam
1347 3774 1469 3851 civitas,
1494 3792 1570 3857 quae
1592 3774 1678 3838 re-'
1723 3788 1725 3796 ’

512 3890 626 3963 spectu
640 3881 769 3958 civium,
785 3895 816 3947 et
831 3882 996 3957 exercitus,
1013 3881 1070 3967 qui
1090 3890 1241 3967 respectu
1261 3883 1396 3948 melitum
1414 3891 1464 3947 est
1478 3880 1654 3948 terminus
1723 3884 1725 3887 ’

512 3986 714 4070 collectivus;
731 3998 896 4072 quatenus
904 3988 1088 4074 significare
1099 3998 1208 4074 potest
1221 3991 1330 4075 plures
1339 3989 1488 4078 eiusdem
1505 3986 1656 4057 rationis

547 4218 589 4289 (tl
624 4218 728 4278 Totam
751 4220 826 4278 hane
850 4218 1014 4279 doctrinam
1033 4220 1076 4279 nic
1099 4220 1199 4293 paucis
1219 4220 1441 4295 comprehendit
1465 4219 1655 4295 Angelicua:

511 4308 614 4366 Prima
631 4309 782 4367 intellecta
802 4318 870 4367 sunt
888 4329 936 4367 res
956 4304 1043 4367 extra
1063 4311 1209 4380 animam,
1222 4313 1256 4370 n'n
1279 4329 1343 4385 puoe
1363 4311 1459 4386 prr'nra
1473 4299 1659 4371 intellectus
1723 4245 1725 4371 '

511 4398 709 4474 intelligendo
723 4406 832 4469 Jerlur.
852 4398 983 4457 Semendo
1008 4408 1104 4458 autent
1124 4400 1277 4460 intellectu
1290 4402 1440 4460 'dicuntur
1464 4400 1660 4463 intentiones

510 4496 712 4559 consequentes
726 4491 839 4545 modum
853 4488 1053 4562 intelligendi:
1068 4490 1121 4547 ltoc
1134 4492 1212 4547 enirn
1224 4490 1348 4549 secundo
1367 4492 1535 4550 intellectus
1552 4494 1660 4555 intel-

512 4576 600 4651 tigit,
616 4577 649 4633 in
663 4586 801 4651 quantum
815 4579 975 4655 reflectitur
991 4587 1083 4653 supra
1105 4581 1247 4654 seipsum,
1275 4582 1448 4659 intelligens
1470 4602 1502 4641 se
1522 4583 1664 4645 intelle·-

509 4670 630 4740 gener
660 4668 788 4735 modurn,
821 4687 876 4741 quo
896 4670 1056 4742 intelligit.
1087 4668 1200 4738 Quaest.
1225 4669 1393 4743 disputatae,
1426 4672 1463 4730 dc
1490 4673 1660 4751 Potentia,

510 4767 616 4829 quaest.
632 4776 664 4829 7,
680 4770 767 4829 art.9
786 4757 816 4815 in
832 4777 912 4829 corp.
