3492 5525
555 458 594 527 44
726 480 728 484 ·
967 452 1189 517 lnrnooucrro

517 635 615 701 sterio
640 635 790 719 insignis,
810 652 994 718 graecorum
1015 644 1048 700 et
1072 633 1278 701 orientalium
1294 634 1450 700 doctrinis
1464 635 1640 701 eruditissi-

518 761 609 818 muS,
636 744 785 827 perplura
808 742 990 824 eademque
1012 741 1169 807 laboriosa
1195 742 1293 809 edidit
1317 742 1499 825 volumina,
1522 743 1641 808 divinis

519 850 631 916 litteris
644 850 875 933 explanandiS,
892 850 1058 933 sacrisque
1072 848 1284 934 dogmatibus
1298 849 1497 915 illustrandis
1512 848 1640 916 mirabi-

519 958 589 1023 liter
612 966 815 1041 opportuna:
837 957 997 1040 quaelicet
1018 957 1194 1031 erroribus,
1217 958 1332 1021 saltem
1348 966 1383 1021 ut
1405 975 1493 1022 nunc
1511 966 1637 1033 extant,

519 1064 654 1130 omnino
675 1082 740 1129 non
756 1072 893 1140 vacent,
910 1082 1064 1148 magnam
1077 1072 1187 1127 tamen
1202 1064 1469 1147 complectuntur
1487 1065 1554 1130 vim
1567 1084 1642 1131 sen·

517 1172 708 1248 tentiarum,
730 1170 851 1254 quibus
875 1172 1039 1236 naturales
1056 1173 1208 1237 veritates
1227 1180 1258 1235 et
1280 1190 1418 1237 numero
1437 1181 1470 1236 et
1487 1172 1641 1237 firmitate

517 1289 691 1366 augentur.
713 1278 840 1363 Pugnat
871 1296 949 1343 cum
972 1277 1130 1345 haereticis
1151 1277 1363 1343 Tertullianus
1382 1281 1572 1357 auctoritate
1589 1298 1641 1345 sa-

516 1405 644 1453 crarum
666 1386 878 1467 Litterarum
894 1405 969 1451 cum
985 1385 1206 1470 Philosophis,
1221 1396 1348 1451 mutato
1360 1405 1527 1453 armorum
1540 1407 1642 1472 gene-

518 1514 563 1571 re,
582 1493 823 1579 philosophice;
846 1494 906 1558 hos
925 1503 1036 1558 autem
1063 1503 1130 1558 tam
1153 1502 1247 1558 acute
1268 1505 1300 1560 et
1319 1495 1444 1559 erudite
1462 1494 1640 1569 convincit,

517 1612 553 1668 ut
581 1602 697 1668 iisdem
735 1601 841 1685 palam
860 1600 1066 1684 fidenterque
1080 1600 1221 1666 obiiciat:
1242 1604 1349 1685 Neque
1365 1605 1405 1667 da
1424 1602 1564 1680 scanno,
1588 1622 1643 1667 ne-

515 1730 572 1795 qua
592 1712 630 1774 da
650 1708 837 1791 disciplina,
857 1713 896 1773 ut
908 1710 1047 1791 putatis,
1074 1727 1237 1792 aequamur
1254 1706 1317 1796 (1).
1351 1709 1513 1775 Arnobius
1542 1712 1640 1776 etiam

516 1817 658 1903 vulgatis
673 1817 830 1883 adversus
843 1816 983 1901 gentiles
999 1814 1103 1891 libris,
1120 1827 1153 1882 at
1169 1816 1352 1882 Lactantius
1370 1814 1490 1883 diuinis
1508 1836 1644 1900 pracser-

515 1926 575 1991 tim
603 1924 864 1999 Institutionibus,
895 1925 962 2007 pari
1000 1924 1186 2006 eloquentia
1214 1933 1247 1989 et
1272 1925 1387 1989 robore
1416 1925 1572 2009 dogmata
1606 1946 1642 1991 ac

516 2042 677 2117 praecepta
696 2032 862 2097 catholicae
886 2032 1053 2115 sapientiae
1079 2031 1272 2114 persuadere
1298 2031 1487 2097 hominibus
1509 2041 1644 2099 strenue

516 2142 682 2217 nituntur,
716 2157 780 2205 non
809 2137 856 2203 sic
885 2139 1125 2224 philosophiam
1155 2148 1357 2214 evertentes,
1391 2151 1428 2206 ut
1458 2140 1645 2207 Academici

515 2250 622 2314 solent
637 2243 706 2333 (2),
727 2246 785 2312 sed
801 2246 918 2329 partim
937 2244 1006 2311 suis
1016 2246 1128 2321 armis,
1150 2245 1267 2329 partim
1284 2264 1362 2310 vero
1375 2266 1417 2311 ex
1432 2246 1646 2332 philosopho·

430 2400 434 2412 .
516 2373 588 2420 rum
605 2354 688 2419 inter
706 2372 742 2419 se
763 2354 1006 2419 concertatione
1024 2351 1165 2436 sumptis
1179 2371 1236 2417 eos
1251 2352 1455 2419 revincentes
1479 2347 1543 2440 (3).
1560 2354 1645 2429 Quae

516 2471 627 2528 autem
643 2462 684 2527 de
703 2461 810 2526 anima
826 2462 983 2555 humana,
1004 2460 1044 2524 de
1059 2460 1177 2525 divinis
1192 2460 1369 2536 attributis,
1390 2461 1525 2545 allisque
1540 2464 1647 2527 maxi-

518 2572 562 2636 ml
578 2569 739 2635 momenti
753 2567 1005 2652 quaestionibus,
1028 2564 1181 2652 magnus‘
1193 2568 1388 2632 Athanasius
1407 2579 1439 2633 et
1459 2568 1647 2651 chrysosto-

515 2696 597 2754 mus,
623 2685 789 2742 oratorum
817 2676 984 2759 princeps,
1020 2674 1138 2757 scripta
1165 2675 1384 2757 reliquerunt,
1410 2673 1470 2752 ita,
1493 2677 1646 2743 omnium

512 2785 652 2872 judicio,
677 2786 860 2859 excellunt,
885 2795 921 2848 ut
941 2802 1043 2867 prope
1063 2782 1140 2847 nihil
1163 2784 1202 2846 ad
1224 2783 1353 2847 illorum
1377 2783 1590 2851 subtilitatem
1613 2797 1648 2850 et

517 2893 644 2976 copiam
665 2892 737 2956 addi
754 2909 853 2975 posse
868 2892 1028 2957 videatur.
1051 2889 1088 2954 Et
1110 2910 1150 2955 ne
1165 2889 1304 2974 singulis
1324 2873 1532 2956 recensendis
1554 2891 1647 2958 nimii

517 3001 635 3076 simus,
662 3017 871 3066 summorum
899 3016 1037 3063 numero
1058 2999 1201 3063 virorum
1223 3013 1365 3080 quonrm
1387 3010 1435 3065 est
1455 2985 1580 3064 mentio
1601 3003 1649 3065 ta·

517 3120 586 3184 cta,
608 3106 821 3192 adiungimus
841 3106 995 3170 Basilium
1019 3122 1179 3189 magnum
1205 3115 1237 3170 et
1248 3116 1428 3187 utrumque
1447 3105 1646 3189 Gregorium,

518 3216 574 3298 qui
598 3233 674 3279 cum
698 3213 853 3288 Athenis,
878 3233 919 3278 ex
944 3211 1109 3277 domicilio
1127 3213 1229 3277 totius
1253 3212 1467 3278 humanitatis
1490 3212 1649 3281 exiissent

518 3320 734 3406 philosophiae
750 3321 860 3386 omnis
875 3329 1031 3403 apparatu
1047 3320 1169 3384 affatim
1192 3320 1352 3395 instructi,
1374 3337 1455 3403 quas
1477 3319 1537 3385 sibi
1557 3323 1650 3404 quis-

517 3449 581 3513 que
597 3429 752 3495 doctrinae
766 3446 846 3512 opes
862 3426 1067 3492 inflammato
1082 3423 1192 3492 studio
1207 3435 1393 3509 pepererat,
1421 3445 1477 3492 eas
1487 3429 1529 3493 ad
1544 3430 1650 3494 haere-

517 3539 600 3605 ticos
638 3536 839 3610 refutandos
874 3534 1160 3616 instituendosque
1182 3533 1375 3599 christianos
1401 3544 1649 3604 converterunt.

518 3645 582 3711 Sed
610 3644 766 3710 omnibus
795 3643 897 3709 veluti
916 3644 1063 3726 palmam
1084 3641 1287 3725 praeripuisse
1311 3641 1403 3707 visus
1424 3651 1475 3709 est
1497 3645 1652 3725 Augusti-

518 3771 590 3829 nus,
612 3752 667 3836 qui
691 3749 824 3835 ingenio
845 3759 1044 3834 praepotens
1066 3758 1099 3814 et
1117 3747 1216 3814 sacris
1240 3749 1451 3832 profanisque
1470 3750 1651 3834 disciplinis

518 3860 558 3925 ad
579 3859 715 3944 plenum
731 3857 892 3932 imbutus,
916 3867 1030 3922 contra
1045 3872 1162 3921 omnes
1179 3874 1249 3920 suae
1266 3856 1372 3922 aetatis
1392 3875 1519 3923 errores
1534 3859 1652 3924 acerri-

519 3987 574 4032 me
588 3965 755 4032 dimicavit
769 3964 834 4030 srde
856 3983 1008 4040 summa,
1032 3964 1176 4029 doctrina
1199 3964 1278 4048 pari.
1300 3962 1410 4039 Quem
1435 3963 1488 4028 ille
1504 3965 1653 4049 philoso-

520 4073 604 4159 phlae
624 4075 733 4138 locum
750 4070 959 4156 nonrattigit?
981 4070 1164 4147 imovero,
1186 4086 1288 4153 quem
1309 4090 1375 4136 non
1398 4071 1650 4157 diligentissime

519 4181 746 4265 investigavit,
759 4181 827 4246 sive
842 4198 920 4243 cum
935 4179 1089 4244 altissima
1103 4177 1178 4243 srdei
1194 4178 1348 4264 mysteria
1363 4189 1396 4242 et
1410 4179 1653 4262 fidelibusape-

521 4291 615 4362 riret,
642 4297 674 4353 et
699 4295 812 4353 contra
837 4285 1097 4351 adversariorum
1118 4303 1256 4351 vesanos
1279 4285 1424 4370 impetus
1445 4287 1657 4362 detenderet,

557 4562 597 4626 (r)
635 4556 796 4630 Apologel.
814 4574 930 4627 paragr.
945 4554 991 4626 46.

558 4647 599 4718 (a)
635 4648 703 4704 Inst.
722 4643 914 4716 Vll,cap.7.

558 4741 599 4810 (3)
636 4733 1026 4808 Deopflcdaeneapar.
