3492 5525
254 495 369 560 Anrrc.
386 495 448 560 6³¹⁸
462 495 656 564 Drvrsroues
671 515 786 572 umero.
802 499 905 566 rann.
918 521 1100 568 conuuues
1143 523 1201 588 ¹49

110 680 255 747 civitates
266 680 538 766 atqueexeraitns,
551 689 686 749 estvere
696 683 857 753 terminus
866 684 1104 764 distributivus,
1116 685 1240 772 quippe

112 789 172 872 qui
185 789 228 855 de
241 789 381 876 singuiis
391 790 453 858 iliis
465 801 574 877 potest
587 792 725 860 seorsim
742 793 918 878 praedicari.

159 915 217 983 34.
248 899 398 966 'Decimo
412 900 573 968 terminus
586 899 740 968 dividitur
753 903 987 970 incommunenr
1001 921 1060 970 seu
1073 903 1239 970 anioersa·
1287 932 1416 978 mmm.

112 1006 221 1076 temet
241 1005 447 1092 singularem.
469 1007 667 1076 Communis
680 1018 748 1086 est,
773 1011 830 1095 qui
850 1011 943 1094 plura
964 1009 1096 1079 divisim
1114 1009 1240 1097 signiti-
1279 1003 1435 1060 ”imm

112 1125 184 1192 cat,
201 1125 239 1183 ut
252 1116 347 1182 arbor
362 1113 430 1203 (r):
450 1115 624 1202 singularis
637 1135 695 1184 seu
715 1118 874 1186 discretus
887 1118 958 1196 ille,
975 1118 1031 1202 qui
1047 1137 1152 1186 unum
1166 1127 1240 1186 tan-

111 1235 188 1291 tum
214 1221 420 1292 individuum
441 1223 656 1291 determinate
671 1224 838 1310 designat,
853 1227 946 1293 velut
967 1227 1098 1304 Petita,
1124 1226 1237 1295 Roma.

116 1332 318 1399 Communis
341 1339 451 1416 potest
473 1333 573 1418 accipi
588 1332 772 1400 secundum
798 1343 924 1418 partem
949 1339 1079 1400 tantum
1098 1351 1168 1400 suae
1182 1352 1237 1399 ex·
1316 1329 1319 1336 ’

111 1437 276 1506 tensionis
305 1440 571 1518 indeterminate,
590 1449 634 1505 et
665 1450 746 1508 tunc
786 1449 926 1508 vocatur
946 1440 1156 1532 particularis
1186 1437 1240 1529 (α)
1278 1450 1422 1499 emmae·

113 1567 148 1612 v.
166 1568 203 1634 g.
218 1547 333 1632 alr’qnir
351 1548 456 1624 iona,
471 1547 528 1633 qui
543 1547 696 1633 exprimit
709 1547 917 1617 individuum
931 1567 1056 1636 vagum
1073 1567 1134 1616 seu
1147 1548 1239 1616 inde-

111 1655 329 1724 terminatum
340 1657 461 1724 saltem
475 1658 509 1724 in
523 1658 624 1723 modo
634 1657 802 1740 loquendi.
815 1656 996 1744 Singularis
1005 1665 1117 1723 autem
1134 1657 1240 1741 expri·
1279 1685 1338 1740 0...
1347 1685 1426 1731 mu,

113 1764 217 1831 mitur
230 1765 283 1830 vel
298 1783 355 1848 per
379 1763 512 1830 nomina
528 1765 655 1850 propria
673 1763 936 1844 individuorum,
953 1765 1238 1849 quemadmodum
1262 1757 1389 1840 ΜΨ
1397 1756 1445 1803 ¹³¹¹·

112 1871 147 1936 in
161 1872 266 1939 allatis
280 1871 455 1956 exemplis,
469 1873 525 1938 vel
539 1872 637 1937 etiam
654 1891 711 1956 per
726 1873 1025 1940 demonstrativum
1040 1889 1238 1958 pronomen,
1307 1829 1397 1884 “m

112 1987 153 2046 ut
176 1981 225 2045 trra
243 1980 350 2056 borno,
367 1981 418 2045 vei
434 1979 504 2046 aliis
521 1980 657 2047 demum
675 1969 901 2048 accidentibus
924 1979 1238 2067 grammaticalibus,

112 2107 192 2172 quae
206 2088 376 2154 communi
391 2088 535 2156 termino
549 2088 699 2173 praetura,
716 2087 808 2154 illum
823 2091 1023 2156 contrahunt
1037 2107 1074 2154 ac
1086 2088 1241 2156 determi-

113 2206 214 2272 nant,
233 2205 271 2262 ut
274 2195 372 2278 filins
387 2195 508 2272 Caroli,
525 2197 753 2281 calamumque
766 2215 850 2262 nunc
867 2196 970 2263 scribo
983 2193 1047 2282 (3).

182 2303 358 2370 Terminus
385 2301 577 2369 communis
612 2303 831 2370 subdividitur
863 2303 895 2371 in
912 2306 1181 2370 transcendentem
1208 2313 1241 2372 et
1272 2329 1441 2377 ammam

111 2431 178 2477 non
187 2411 463 2487 transcendentem,
477 2431 513 2477 ac
523 2413 893 2494 supertranscendentrm.
905 2411 1153 2479 'transcendens
1162 2428 1241 2477 con·
1255 2413 1277 2450 ⁶¹
1286 2418 1330 2448 '¹⁰¹²
1339 2413 1454 2448 mm·

1264 2474 1441 2528 manuoper-

114 2519 208 2585 venit
222 2519 378 2585 omnibus
402 2519 540 2585 omnino
560 2519 673 2594 rebus,
691 2538 766 2602 quae
782 2537 847 2585 non
863 2519 942 2586 sunt
956 2519 1107 2586 nihilum:
1124 2526 1158 2584 et
1182 2537 1242 2586 sex
1276 2544 1446 2591 maaca.

113 2638 349 2702 numerantur,
375 2623 530 2693 nimirum
554 2645 621 2704 res,
637 2646 710 2704 ens,
735 2617 849 2709 anum,
877 2629 1007 2704 bonum,
1026 2627 1165 2712 atiqm'el,
1189 2645 1243 2692 oe·

112 2753 205 2813 eran,
231 2753 374 2819 quorum
402 2734 540 2804 initiales
564 2735 664 2801 literae
685 2733 718 2801 in
747 2737 807 2802 hac
832 2754 914 2804 voce
940 2734 1073 2803 barbara
1096 2733 1241 2817 nihilque

112 2844 322 2930 significante
351 2844 574 2913 continentur:
613 2844 753 2913 Raabao.
775 2840 827 2931 (4)
849 2842 1026 2909 Terminus
1053 2854 1240 2927 supertran-

113 2953 281 3021 scendens
295 2948 347 3040 (5)
360 2953 417 3036 qui
430 2951 588 3019 omnibus
603 2952 739 3019 omnino
751 2951 864 3029 rebus,
882 2952 981 3018 etiam
995 2950 1195 3035 inreginarirs
1207 2960 1241 3017 et

110 3164 397 3189 .,......-.....-

149 3264 194 3325 (r)
231 3260 300 3318 Haee
322 3256 468 3328 definitio,
483 3269 571 3329 prout
584 3258 670 3329 jacet,
684 3254 772 3315 etiam
788 3254 952 3316 rationibus
967 3255 1099 3329 analogia
1113 3268 1143 3315 et
1156 3267 1242 3313 tran-

109 3350 351 3410 scendentalibua
369 3346 524 3407 convenire
546 3360 652 3418 posset:
677 3366 713 3405 ex
737 3346 887 3405 communi
912 3359 1009 3404 tamen
1038 3343 1239 3419 intelligentia,

109 3461 214 3513 neque
223 3440 345 3513 analoga
361 3458 456 3510 neque
471 3436 706 3496 transcendentia
720 3436 858 3495 dicuntur
873 3435 1062 3493 universalia.

149 3534 194 3597 (π)
233 3529 416 3600 Quandoque
439 3540 536 3585 tamen
554 3548 570 3584 a
590 3524 623 3584 S.
639 3526 751 3584 Thoma
772 3527 951 3601 particulare
974 3525 1102 3584 sumitur
1115 3544 1242 3598 gencra-

109 3622 169 3681 tim
182 3640 235 3693 pro
249 3620 412 3677 indim'dno.
427 3616 503 3675 Vide
517 3634 545 3675 v.
555 3637 585 3689 g.
597 3616 642 3673 De
654 3617 810 3683 Potentia,
826 3630 930 3686 quaest.
945 3637 978 3688 9,
991 3628 1046 3674 art.
1060 3636 1084 3673 r.

147 3716 194 3783 (3)
234 3708 336 3767 Posset
356 3706 403 3765 hic
429 3706 536 3778 aliquis
561 3705 707 3764 curiosius
733 3724 864 3776 quaerere
887 3718 986 3763 utrum
1015 3725 1122 3764 nomen
1149 3707 1239 3773 Deras,

108 3813 206 3875 prout
222 3797 368 3873 significat
376 3796 507 3855 divinam
523 3810 674 3865 naturam,
698 3794 919 3867 praescindendo
931 3816 949 3853 a
970 3794 1115 3854 Trinitata
1138 3796 1243 3854 Perso-

110 3910 243 3957 narum,
260 3887 298 3947 sit
313 3886 457 3945 terminus
471 3884 634 3945 communis
656 3905 695 3942 an
716 3884 883 3959 singularis.
900 3882 959 3941 Cui
974 3884 1128 3957 quaestioni
1142 3884 1184 3943 sic
1198 3904 1243 3943 re·

107 3979 245 4054 spondet
260 3976 293 4036 S.
309 3976 446 4035 Thomas:
462 3974 542 4033 «Hoc
556 3994 660 4032 nomen
675 3982 765 4042 Deua,
782 3975 850 4031 licet
864 3976 1018 4032 conveniat
1033 3995 1098 4031 cam
1113 3976 1241 4032 terminis

106 4069 327 4149 singularibus
338 4068 367 4123 in
383 4069 450 4133 lroc,
461 4067 639 4138 qnodfhrma
649 4062 819 4141 significata
833 4084 889 4120 non
900 4064 1130 4138 multiplicatur,
1141 4084 1243 4122 conve·

108 4165 157 4219 nit
177 4170 279 4218 tamen
297 4177 361 4214 cnm
378 4156 510 4213 terminis
533 4154 731 4213 communibus
745 4155 776 4209 in
791 4155 857 4222 hoc,
873 4154 946 4226 qnod
956 4158 1058 4222 forma
1069 4154 1243 4229 significata

108 4250 272 4310 a'nuenitar
284 4248 314 4303 in
328 4246 462 4319 pluribus
476 4244 647 4318 suppositis.
660 4243 740 4302 Unde
754 4244 1040 4317 non.oportet,·quod
1051 4250 1243 4317 sempersup·

109 4349 208 4417 ponat
225 4346 280 4411 pro
295 4337 436 4401 essentia,
451 4354 535 4408 quarn
548 4332 725 4411 significat»
744 4353 753 4389 1
772 4352 800 4405 p.
817 4351 846 4403 q.
863 4353 914 4404 39,
929 4345 985 4391 art.
998 4351 1026 4407 4.
1041 4331 1079 4391 ad
1096 4345 1164 4391 μω
1183 4331 1243 4392 Sed

107 4434 176 4489 haee
190 4428 238 4487 ad.
247 4426 411 4499 Theologos
425 4436 565 4496 spectant.

148 4524 195 4593 (4)
239 4514 272 4574 S.
288 4514 345 4573 Th.
361 4517 405 4575 De
424 4512 573 4584 Veritatis,
586 4527 691 4585 quaest.
710 4532 719 4569 r
734 4554 741 4581 ,
754 4532 781 4569 a.
800 4531 831 4580 1,
846 4524 877 4570 et
891 4510 1000 4583 Opuac.
1014 4511 1052 4577 de
1061 4512 1179 4571 lt'atnra
1191 4533 1244 4588 ge-

108 4612 216 4679 neris,
234 4625 298 4677 cap.
315 4625 341 4663 a.

145 4704 192 4773 (5)
234 4694 298 4755 etr.
315 4694 461 4765 Fonseca,
477 4693 534 4766 Op.
547 4692 597 4752 cit.
614 4692 664 4751 lib.
684 4712 787 4763 r,cap.
804 4711 852 4765 273
868 4689 980 4762 Mauri,
994 4712 1058 4766 cap.
1076 4712 1123 4763 ¹03
1139 4692 1244 4751 Lessa·

108 4790 168 4859 da,
187 4790 245 4847 loe.
260 4784 310 4843 cit.
328 4785 405 4857 disp.
420 4802 571 4858 4,cap.4,
588 4802 617 4841 n.
636 4801 677 4840 12.

1463 949 1537 1034 df·
1562 961 1655 1048 far.
