3492 5525
285 476 371 540 Ater.
392 474 819 561 7.·1·Onr>ostrronnoeos.
841 496 1101 543 coneosrranun
1154 496 1209 562 30¹

132 659 183 724 vel
197 660 313 726 saltem
328 662 477 747 alicujus,
494 681 536 729 ex
549 662 742 728 affirmativa
757 662 790 729 in
810 662 995 748 negativam
1014 670 1250 739 commutetur,
1294 623 1301 640 ὴ

132 767 357 835 efformabitur
375 771 554 855 propositio
577 771 638 835 alia
655 769 839 853 copulativa
857 770 954 854 priori
972 770 1132 837 contrarie
1150 788 1255 857 oppo-

12 875 13 898 ἦ
131 874 205 940 sita.
236 874 279 940 Ut
303 875 331 942 si
360 874 517 947 inallato
540 874 691 963 superius
718 878 885 961 exemplo,
909 878 1076 945 verbalem
1099 878 1251 961 copulam

132 980 274 1065 partium
293 984 340 1050 sic
353 985 544 1051 mutaveris:
565 984 631 1051 Nec
643 985 757 1051 Petrus
769 985 877 1050 currit
887 1004 943 1050 nec
956 986 1078 1051 Paulas
1091 986 1187 1061 sedet,
1201 985 1252 1051 vel

131 1088 191 1154 sic:
207 1090 320 1156 Petrus
332 1110 397 1156 non
410 1092 514 1158 currit
524 1096 557 1157 et
566 1093 665 1158 Palus
679 1074 777 1173 sedet
792 1093 845 1158 vel
859 1092 1014 1176 denique:
1031 1094 1144 1159 Petrus
1153 1090 1256 1157 currit
1311 1058 1387 1141 W
1405 1034 1457 1165 b}

130 1199 163 1261 et
174 1198 298 1263 Paulus
310 1217 374 1265 non
388 1203 485 1281 sedet;
500 1200 599 1266 habes
613 1200 750 1265 totidem
767 1198 943 1267 contrarias
958 1200 1001 1266 illi
1017 1197 1126 1284 priori:
1142 1200 1256 1265 Petrus
1316 1228 1369 1275 μ...
1395 1186 1485 1250 Μ’
1498 1182 1535 1221 ”’

132 1304 237 1371 currit
251 1324 290 1371 ac
311 1307 435 1373 Paulus
450 1309 546 1375 sedet.
567 1306 674 1384 Ratio,
704 1306 781 1391 quia
799 1315 939 1391 possunt
959 1307 1048 1373 lalsae
1077 1324 1161 1383 esse,
1187 1322 1254 1371 non

131 1422 243 1479 autem
255 1412 355 1481 simul
374 1433 473 1481 verae:
491 1433 565 1498 quae
584 1416 636 1481 lex
654 1414 888 1481 contrariarum
907 1422 970 1481 est.

182 1536 255 1603 ¹40·
302 1520 502 1608 Disjunctiva
521 1522 639 1606 pariter
657 1528 766 1607 potest
793 1522 913 1587 habere
937 1520 1195 1588 subcontrariam
1216 1522 1256 1585 de

129 1629 209 1711 lege,
230 1630 397 1713 praemissa
421 1631 596 1716 negatione
621 1631 674 1695 vel
695 1627 834 1714 singulis
859 1628 1031 1703 membris,
1062 1636 1118 1694 aut
1137 1628 1252 1693 saltem

130 1735 201 1811 uni,
214 1755 282 1820 quo
293 1746 387 1821 pacto
398 1738 577 1823 propositio
587 1738 652 1819 illa3
666 1737 725 1803 Vel
736 1738 849 1803 Petrus
859 1737 965 1803 currit
971 1738 1023 1801 vel
1028 1736 1149 1827 Raulus
1157 1736 1251 1813 sedet,

128 1843 350 1910 subcontrario
367 1843 544 1930 opponitur
558 1846 644 1912 huic:
663 1845 722 1910 Vel
733 1846 848 1911 Petnes
860 1863 924 1909 non
938 1843 1052 1920 currit,
1070 1844 1121 1908 vel
1132 1844 1254 1909 Paulus

127 1954 306 2033 non-sedek
325 1954 470 2037 itemque
490 1954 571 2019 haec:
593 1952 653 2019 Vel
680 1953 794 2018 Petrus
819 1971 884 2017 non
911 1950 1024 2027 currit,
1053 1953 1105 2016 vel
1132 1950 1254 2016 Paulus

126 2059 222 2136 sedet,
250 2060 324 2126 huic
348 2061 452 2128 alteri:
474 2060 534 2126 Vel
557 2061 672 2127 Petrus
697 2060 812 2137 currit,
839 2060 891 2125 vel
913 2060 1035 2126 Paulus
1060 2057 1174 2135 currit,
1203 2059 1255 2122 vel

126 2166 250 2232 Paulus
266 2186 331 2232 non
348 2170 441 2233 sedet.

194 2271 305 2351 Ratio,
326 2276 402 2358 quia
430 2277 480 2340 hae
505 2276 613 2342 solum
632 2282 782 2360 pugnant
811 2274 843 2340 in
864 2268 1018 2350 falsitate,
1043 2290 1109 2339 non
1140 2281 1251 2339 autem

125 2380 162 2446 in
180 2382 331 2457 veritate,
351 2401 427 2448 cum
459 2383 585 2467 possint
616 2402 701 2447 verae
728 2383 826 2448 simul
842 2400 933 2458 esse,
960 2400 1025 2447 non
1050 2399 1128 2447 vero
1150 2381 1249 2445 falsae:

125 2506 204 2572 quae
221 2490 274 2554 lex
291 2490 587 2556 subcontrariarum
607 2499 671 2556 est.

178 2613 253 2677 ¹4¹·
301 2594 544 2664 conditionales
562 2606 594 2663 et
621 2599 786 2675 causales,
810 2596 836 2663 si
851 2597 914 2663 sub
931 2598 1043 2665 eadem
1067 2593 1253 2662 conditione
1266 2630 1429 2679 mamm
1438 2640 1460 2679 a

125 2713 184 2771 aut
206 2724 328 2782 causa,
351 2708 451 2772 altera
475 2706 632 2783 affirmet,
661 2707 761 2787 altera
783 2713 898 2790 neget,
926 2704 1093 2771 contrariae
1121 2714 1197 2771 sunt
1214 2705 1253 2770 de
1312 2706 1421 2749 cmm·

124 2817 205 2898 lage,
223 2815 299 2898 quia
311 2824 450 2896 possunt
465 2816 570 2879 ambae
582 2815 668 2879 lalsae
682 2833 766 2892 esse,
780 2832 846 2879 non
862 2823 972 2879 autem
984 2833 1082 2889 verae,
1097 2833 1130 2877 v.
1147 2831 1181 2896 g.
1194 2813 1253 2878 Pe-

123 2926 196 2986 taras
207 2923 239 2987 si
262 2922 423 2999 dabesest,
446 2926 494 2987 est
507 2925 634 3002 doctam·
651 2922 682 2986 si
702 2923 789 2988 dives
805 2926 870 2999 est,
891 2941 954 2986 non
978 2919 1026 2987 esl
1045 2923 1168 2986 dociles:
1194 2921 1253 2986 Pe·

122 3036 195 3096 trus
212 3029 287 3118 quala
321 3033 370 3094 est
385 3029 523 3114 opicus,
543 3035 590 3096 est
609 3029 760 3111 must'cus;
791 3031 866 3115 qvia
899 3029 1013 3113 logicus
1039 3032 1096 3106 est,
1121 3031 1254 3094 nonest

124 3137 278 3204 musicus.
711 3135 715 3141 ’
948 3204 950 3210 .

175 3262 250 3326 ¹42·
292 3245 362 3326 Jam
381 3245 409 3310 si
427 3245 646 3329 copulativam
665 3218 815 3312 conferas
833 3263 911 3311 cum
930 3243 1124 3329 disjunctiva
1143 3245 1183 3310 de
1198 3263 1250 3309 ea-
1277 3277 1413 3335 coppam,
1428 3291 1455 3324 „

119 3353 202 3419 dem
218 3352 352 3417 materia
369 3361 402 3416 et
419 3371 461 3417 ex
486 3350 602 3418 iisdem
623 3352 767 3436 partibus
796 3351 953 3429 conflata,
985 3351 1109 3417 videbis
1137 3352 1249 3435 procul
1297 3352 1434 3434 dvivvlivae

118 3459 227 3527 dubio
241 3479 297 3526 eas
316 3459 414 3526 itase
433 3459 571 3537 babere,
591 3459 674 3528 sicut
695 3457 888 3526 universalis
902 3467 935 3523 et
952 3458 1162 3542 particularis.
1187 3459 1251 3524 Co-
1270 3423 1384 3538 „,f„¹1,¹,¹,⁹,⁶
1385 3439 1459 3538 fssmi.

118 3568 270 3655 pulativa
288 3568 393 3646 enirn,
412 3585 489 3634 curn
513 3569 829 3635 enuntietomnium
852 3567 992 3652 partiunt
1016 3566 1247 3633 simultaneam
1324 3566 1358 3609 ’ἡ
1375 3581 1402 3610 ¹¹⁰

116 3675 349 3750 existentiam,
369 3674 522 3741 verificari
543 3676 655 3759 nequit
673 3674 733 3740 nisi
748 3674 919 3741 verificatis
932 3674 1069 3759 singulis
1082 3673 1246 3758 partibus,
1293 3651 1427 3751 ‘·⁵·⁰„,⁸'

116 3782 410 3869 quemadmodum
437 3784 617 3866 categorica
630 3783 822 3849 universalis
840 3803 916 3848 vera
941 3800 1015 3849 esse
1034 3799 1098 3847 non
1121 3788 1245 3865 potest,
1295 3776 1426 3848 ΜΨ

115 3891 187 3959 nisi
204 3875 413 3975 praedicatum
422 3907 499 3955 vere
517 3891 691 3956 conveniat
710 3890 865 3957 omnibus
885 3900 917 3956 et
936 3888 1075 3975 singulis
1092 3888 1250 3955 interiori·
1270 3848 1454 3966 ”mmm

113 4001 204 4079 bus,
224 3997 419 4084 disjunctiva
437 4017 515 4064 vero
542 4006 695 4064 contenta
723 4007 773 4064 est
795 4017 871 4065 cunr
898 3997 1033 4064 veritate
1059 3995 1157 4062 unius
1180 4006 1249 4078 tan·
1275 3999 1369 4074 ‘1⁰³¹‚0‘3‘
1379 4003 1452 4046 W

113 4118 198 4176 tum
212 4105 329 4190 partis,
347 4124 447 4189 quam
458 4105 527 4189 ipsa
546 4123 613 4171 non
628 4105 839 4192 determinat,
854 4106 920 4171 lere
933 4104 1019 4170 sicut
1029 4104 1139 4170 locum
1150 4103 1249 4171 habet
1319 4072 1410 4108 ''¹¹⁰⁰‘'

112 4217 148 4283 in
161 4212 359 4298 categoricis
377 4212 637 4298 panicularibus.

189 4319 416 4398 Quamobrem
435 4319 672 4405 'componendo
696 4320 780 4388 inter
795 4337 830 4386 se
848 4317 1054 4405 copulativas
1075 4327 1109 4385 et
1126 4319 1250 4404 disjun-

111 4433 225 4500 ctivas
257 4428 440 4495 secundum
470 4444 602 4513 eaquae
621 4428 779 4493 hactenus
810 4428 852 4494 de
880 4426 996 4493 iisdem
1025 4419 1250 4502 notata-sunt,-

111 4526 241 4606 contici
277 4522 388 4620 potest
418 4537 543 4601 tabella·
571 4534 652 4601 naec·
670 4533 931 4620 oppositionum·
946 4551 1020 4618 quae
1056 4533 1142 4606 inter
1177 4532 1248 4602 illas

110 4648 247 4731 vigent:

1459 1022 1678 1109 Μ’

1563 1111 1734 1193 ,affro
