3492 5525
512 400 589 470 ¹¹5⁰
615 385 741 452 Locren
754 386 984 461 Maron-Lm.
1001 400 1073 462 μ’,
1087 386 1181 449 Dtse.
1197 383 1244 447 6.·
1258 383 1341 447 Cae.
1357 396 1429 447 at·
1539 412 1543 417 ¹

468 588 531 634 aon
544 572 691 652 posnani·
706 568 752 636 sic
768 570 852 637 enim
868 568 1009 654 definitae
1026 588 1090 635 non
1106 569 1209 634 solum
1219 568 1363 652 artsalsa
1381 566 1520 648 respectu
1534 562 1594 628 ali-

467 679 560 765 cujus
576 676 626 743 rei
640 675 710 765 (cul
727 696 847 761 nempe
870 676 1057 745 attribuitur·
1073 694 1131 760 per
1148 672 1338 762 iudicium),
1355 675 1413 741 sed
1432 672 1530 738 enam
1547 674 1596 737 esf

459 782 551 869 falsa
569 784 604 849 in
619 803 663 861 se,
684 786 721 849 ul
736 784 766 851 si
783 784 1014 871 formitatem
1034 782 1264 870 definitionem:
1277 787 1408 851 animal
1425 785 1594 849 rationale

468 896 679 975 quadrupes,
688 892 797 977 falsus
813 894 862 957 est
875 891 1052 959 intellectus
1071 890 1114 956 ric
1125 890 1304 977 definiendo
1324 885 1389 977 (ι).

536 999 628 1066 Patet
645 997 789 1083 idipsum
809 999 850 1065 de
873 997 1133 1084 apprehensione
1159 996 1384 1083 incomplexa,
1408 994 1515 1079 qualis
1542 1004 1594 1060 est

470 1124 526 1181 ea,
546 1122 603 1189 per
620 1124 720 1189 quam
740 1107 899 1173 formatur
912 1125 1028 1191 genus,
1047 1106 1162 1188 specim
1180 1113 1213 1171 et
1237 1115 1354 1171 catera
1379 1102 1591 1189 padicahilia.

469 1211 554 1278 Nam
573 1212 607 1279 in
622 1212 672 1279 his
690 1231 822 1297 quoque
842 1215 1019 1280 formandis
1033 1232 1138 1279 errare
1156 1221 1263 1297 potest
1279 1212 1478 1279 intellectus.
1498 1210 1594 1275 fntel-

471 1320 573 1387 lectus
587 1321 674 1387 enim
695 1323 893 1389 formaturus
913 1341 1018 1407 genus
1037 1322 1223 1406 proximum
1252 1320 1411 1396 hominis,
1439 1319 1593 1402 quamvis

470 1429 615 1495 advertat
638 1430 899 1497 convenientiam
919 1430 1005 1495 illius
1031 1448 1108 1495 cum
1127 1428 1230 1495 brutis
1250 1428 1282 1493 in
1308 1428 1500 1511 operatione
1517 1446 1593 1492 sen-

469 1536 587 1613 tiendi,
608 1555 674 1602 non
701 1546 754 1603 est
772 1538 953 1603 necessario
979 1538 1213 1603 determinatus
1238 1536 1280 1601 ad
1298 1535 1590 1620 apprehensionem

469 1644 606 1720 anina,
626 1662 700 1727 quae
727 1644 798 1710 sola
824 1644 878 1711 tali
906 1643 1017 1731 generi
1040 1653 1091 1710 est
1108 1654 1200 1729 apta,
1232 1644 1289 1709 sed
1316 1642 1424 1727 potes't
1448 1644 1591 1727 aliquam

469 1750 563 1818 aliam
583 1752 696 1817 elicere
714 1771 755 1818 ex
773 1750 840 1828 his,
861 1752 1043 1829 Animalia,
1062 1752 1214 1826 sentiam,
1238 1769 1379 1834 quarum
1403 1759 1517 1816 neutra
1541 1758 1592 1815 est

470 1857 573 1926 utilis:
594 1860 693 1925 altera
712 1859 788 1945 quia
806 1860 1049 1926 multitudinem
1068 1859 1237 1943 exprimit,
1257 1860 1373 1934 altera,
1392 1858 1470 1941 quia
1493 1860 1592 1924 fertur

470 1968 502 2035 in
533 1967 694 2035 accidens.
716 1968 758 2034 Ut
777 1967 876 2054 igitur
901 1968 1098 2051 intellectus,
1124 1967 1254 2033 omissis
1280 1967 1450 2033 inutilibus
1476 1986 1592 2052 appre-

470 2076 699 2153 hensionihus,
715 2075 811 2141 utiles
828 2074 960 2159 seligat,
974 2074 1148 2159 praedoceri
1163 2074 1276 2151 debet,
1293 2093 1376 2157 quas
1388 2074 1592 2141 conditiones

469 2195 625 2268 exposcat
652 2182 867 2267 apprehensio
894 2184 1071 2248 formatura
1101 2200 1225 2267 genus,
1253 2190 1311 2246 aut
1336 2181 1426 2247 aliud
1450 2182 1592 2266 quodvis

471 2290 691 2376 praedicabile,
712 2308 749 2355 ac
768 2290 902 2375 proinde
928 2289 1049 2374 regulis
1068 2298 1160 2383 eget,
1190 2308 1267 2373 quae
1288 2308 1400 2355 revera
1419 2291 1540 2355 dantur
1556 2289 1591 2353 in

469 2407 607 2465 tractatu
627 2398 669 2463 de
686 2397 920 2463 universalibus
943 2416 980 2463 ac
993 2396 1262 2479 predicabilidats,
1280 2396 1339 2480 qui
1362 2398 1405 2463 ad
1428 2397 1592 2481 simplices

470 2504 744 2590 apprehensiones
763 2504 927 2589 pertinent
944 2500 1008 2592 (2).

785 2664 804 2755 5
824 2664 1074 2745 tv.-Ju1>1c1un
1092 2663 1268 2733 AucfottlS.

373 2872 411 2902 ,m
515 2847 593 2916 354.
636 2829 706 2910 Jarn
725 2829 766 2894 de
784 2829 846 2894 hae
858 2827 1078 2895 controversia
1091 2826 1136 2891 ita
1148 2828 1278 2913 judico:
1293 2824 1329 2915 α)
1342 2829 1377 2895 fn
1396 2826 1509 2912 primis
1521 2846 1594 2892 cer-

383 2929 390 2940 ’
469 2945 542 3003 tum
572 2955 638 3003 non
668 2947 717 3002 est
741 2953 858 3020 genus,
887 2935 1017 3017 speciem
1042 2945 1106 3001 etc.
1135 2945 1169 3001 et
1195 2934 1378 3019 generatim
1408 2936 1594 3002 universale

469 3043 623 3111 constitui
643 3044 819 3109 formaliter
839 3061 896 3126 per
925 3060 984 3106 ens
1011 3041 1154 3108 rationis.
1180 3041 1267 3108 Sunt
1293 3041 1383 3113 enim
1407 3043 1451 3110 de
1477 3045 1594 3109 haere

471 3153 567 3218 variae
580 3153 767 3237 opiniones,
788 3149 1069 3234 quemadmodum
1088 3168 1150 3215 suo
1164 3150 1236 3215 loco
1249 3150 1417 3216 innuimus
1433 3147 1498 3237 (3).

537 3257 578 3348 β)
597 3259 729 3324 Etiamsi
748 3256 1006 3358 in7conficiendis
1024 3257 1182 3322 artefactis
1199 3257 1312 3342 logicis
1329 3275 1497 3324 occurrere
1515 3277 1594 3342 pos-

470 3367 536 3434 sint
555 3367 642 3434 entia
656 3365 802 3443 rationis,
819 3365 977 3450 fingendo
995 3365 1147 3431 entitatos
1166 3366 1215 3430 vei
1235 3365 1421 3442 relationes,
1441 3366 1499 3431 ubi
1517 3368 1594 3431 nul·

470 3477 510 3540 1ae
528 3485 624 3556 sunt3
640 3474 745 3540 immo
759 3473 885 3539 etiamsi
909 3464 1099 3538 admittatur
1117 3491 1249 3556 genera,
1268 3473 1384 3554 species
1400 3480 1434 3536 et
1451 3473 1589 3557 reliqua,

469 3582 649 3668 dequibus
674 3581 740 3667 agit
759 3579 893 3666 Logica,
912 3580 1089 3647 formaliter
1105 3580 1259 3646 constitui
1281 3597 1339 3665 per
1364 3598 1425 3646 ens
1443 3581 1590 3655 rationis,

470 3699 596 3758 certum
608 3691 737 3757 videtur
751 3688 904 3774 logicam
921 3687 1043 3754 dehoc
1062 3705 1129 3754 non
1146 3705 1274 3766 curare,
1294 3706 1357 3753 noc
1372 3696 1509 3754 tractare
1521 3687 1590 3764 illa,

471 3807 568 3884 prout
585 3797 673 3865 entia
691 3795 823 3863 rationis
842 3806 933 3863 sunt.
949 3795 1042 3863 Unde
1054 3803 1133 3861 sunt
1146 3797 1257 3880 plures
1272 3803 1430 3862 tractatus
1448 3796 1588 3880 Logicae,

470 3907 526 3990 qui
543 3925 603 3972 nec
620 3905 835 3989 quidditatem
853 3901 939 3970 entis
958 3901 1089 3970 rationis
1107 3902 1281 3986 explicant.
1295 3903 1335 3968 Et
1348 3914 1448 3979 certe,
1467 3904 1592 3970 omissa

470 4015 531 4080 hac
549 4013 758 4092 tractatione,
789 4030 864 4097 quae
883 4010 925 4077 ad
941 4011 1196 4098 Metaphysicam
1220 4021 1361 4095 spectat,
1381 4020 1415 4078 et
1439 4010 1590 4095 ignorato

506 4322 547 4395 (r)
584 4319 618 4381 S.
630 4319 750 4390 Thone„
763 4338 785 4376 r.
803 4335 834 4389 p.
848 4333 880 4388 q.
897 4334 941 4388 17,
954 4324 1013 4374 art.
1026 4332 1046 4388 4
1058 4333 1138 4386 corp.

506 4417 547 4482 (a)
582 4410 727 4480 Loeaada,
736 4408 790 4468 loc.
801 4405 862 4476 eit,
872 4424 936 4478 cap.
946 4425 980 4478 7,
992 4423 1024 4463 u.
1036 4424 1094 4478 ra
1106 4399 1167 4462 cn.
1182 4399 1314 4477 Semery,
1332 4403 1450 4464 Tn'errar.
1464 4405 1588 4482 pallae,

470 4516 541 4564 tom.
559 4521 585 4574 r,
597 4501 715 4578 Logia,
729 4497 807 4570 disp.
824 4515 849 4564 1,
865 4513 987 4568 prooem.
996 4505 1101 4567 queat.
1116 4512 1144 4564 a,
1157 4490 1267 4552 Omitto
1275 4493 1326 4552 lic
1337 4496 1508 4556 nanim
1519 4509 1589 4566 ete,

470 4589 564 4653 etalii
576 4603 707 4652 auctores
720 4605 811 4660 supra
824 4582 918 4644 citati.

505 4683 547 4757 (3)
582 4680 658 4742 Vide
671 4697 761 4753 supra
773 4693 856 4736 num.
875 4695 936 4749 πῃ.
