3492 5525
265 419 383 485 Attrrc.
404 434 461 483 rav
476 419 568 498 Quto
583 434 812 484 resrtuourun
825 435 1044 497 nucrorurns,
1061 434 1158 481 erues
1178 417 1236 495 603

155 598 244 670 tidei.
266 600 304 665 Et
322 616 476 695 assensus
492 598 648 685 praevius,
670 617 737 682 quo
756 599 940 671 decernitur
958 618 1027 665 rem
1048 600 1168 666 narrari
1186 598 1279 667 testi·
1360 679 1366 690 ·

105 756 109 765 .
157 706 270 773 monio
288 707 331 773 ita
349 707 415 774 fide
432 707 554 793 digno,
574 718 710 775 vocatur
718 706 880 793 judicium
891 706 1120 775 credibilitatis.

223 813 400 881 Existentia
431 814 610 882 testimonii
639 822 748 899 potest
773 814 934 907 cognosci
953 816 1005 879 vel
1025 812 1153 899 propria
1180 832 1279 899 expe-
1330 844 1448 900 om,

157 921 288 1000 rientia,
315 934 352 991 ut
380 922 502 1007 passim
530 922 691 1007 contingit
710 919 743 987 in
770 923 914 987 humana
937 920 1023 999 fide,
1047 923 1098 987 vel
1117 920 1216 987 etiam
1235 940 1278 988 ex
1303 916 1479 999 ⁰⁰⁸⁰.⁰““'.⁰⁸'¹¹

155 1030 294 1096 aliorum
314 1031 485 1108 relatione,
506 1038 542 1095 ut
560 1028 674 1095 accidit
698 1028 862 1096 interdum
883 1030 916 1095 in
936 1029 1050 1094 eadem
1073 1027 1138 1094 lide
1162 1030 1277 1095 huma·
1330 997 1453 1041 ‘mm'

158 1156 215 1212 na,
236 1145 269 1203 et
286 1156 418 1223 semper
444 1138 477 1203 in
496 1136 606 1205 divina
623 1136 706 1213 fide,
732 1145 828 1221 prout
848 1155 936 1204 nunc
962 1157 981 1202 a
1007 1135 1101 1202 nobis
1123 1136 1274 1217 habetur;

158 1245 371 1328 nequeenim
397 1263 457 1311 nos
477 1246 537 1329 ipsi
553 1244 742 1311 immediate
768 1244 954 1312 audivimus
981 1244 1124 1310 divinam
1152 1245 1278 1309 relatio-

156 1372 233 1419 nem
248 1352 421 1421 cbristiana
434 1354 590 1439 dogmata
602 1352 790 1419 hominibus
804 1352 1019 1436 aperientem,
1040 1352 1098 1418 sed
1117 1370 1190 1417 earn
1206 1359 1278 1417 tan·

155 1461 331 1527 tummodo
360 1461 513 1528 novimus
541 1480 582 1527 ex
601 1459 738 1527 aliorum
761 1459 967 1537 testimonio,
997 1460 1087 1543 quod
1112 1459 1146 1525 in
1170 1458 1277 1526 Sacris

156 1568 283 1635 Litteris
308 1587 344 1633 ac
369 1568 541 1635 traditione
564 1568 712 1633 Ecclesiae
739 1568 925 1634 continetur
949 1576 984 1633 et
1011 1587 1029 1632 a
1057 1566 1163 1633 Sacris
1181 1566 1277 1633 Mini-

155 1677 230 1742 stris
263 1677 384 1761 populo
418 1676 626 1761 proponitur.
662 1676 772 1759 Atque
808 1675 894 1741 idem
918 1693 1052 1760 quoque
1081 1676 1123 1742 de
1158 1675 1277 1740 veraci·
1302 1699 1482 1777 nicaenae

154 1792 221 1849 tate
244 1783 408 1868 loquentis
435 1783 609 1850 dicendum
633 1792 696 1850 est.
715 1785 799 1849 Nam
826 1784 990 1850 interdum
1007 1803 1044 1849 ea
1059 1783 1194 1849 evidens
1212 1790 1273 1858 est,
1337 1778 1442 1811 ⁸¹¹⁰¹⁰¹²¹'·

155 1899 254 1973 atque
273 1910 292 1955 a
311 1890 502 1975 nobisipsis
521 1890 650 1975 propria
669 1890 801 1957 scientia
815 1889 1041 1975 cognoscitur,
1062 1900 1099 1957 ut
1119 1889 1275 1957 veracitas

155 1997 213 2063 Dei
232 1998 266 2064 in
283 1996 349 2063 tide
367 2000 620 2083 supernaturali,
637 2006 669 2063 et
685 1999 884 2082 quandoque
901 1997 934 2064 in
954 2000 1097 2064 humana
1117 1997 1181 2064 fide
1196 2015 1276 2065 con·

153 2114 219 2171 stat
243 2106 338 2173 nobis
357 2124 398 2171 ex
417 2104 546 2191 propria
569 2106 682 2171 notitia
701 2106 856 2184 veracitas
881 2106 1030 2173 testium.
1051 2105 1140 2172 Alias
1162 2116 1272 2173 autem

154 2215 223 2278 haec
242 2213 356 2279 eadem
376 2212 532 2279 veracitas
551 2232 588 2279 ac
611 2212 743 2279 scientia
761 2214 895 2281 testium
911 2213 1006 2279 nobis
1019 2232 1084 2279 non
1104 2212 1275 2279 immedia-

155 2330 188 2387 te
208 2320 398 2397 innotescit,
419 2320 477 2387 sed
496 2339 536 2385 ex
558 2321 695 2387 aliorum
715 2321 870 2387 relatione
888 2321 1114 2406 cognoscenda
1133 2329 1194 2387 est.
1283 2402 1289 2412 Ι

219 2428 313 2504 Item,
335 2427 498 2494 interdum
518 2435 590 2494 tum
609 2428 786 2494 testimonii
806 2428 994 2505 existentia,
1009 2437 1081 2496 tum
1096 2428 1272 2496 auctoritas

148 2544 237 2601 certo
261 2544 360 2619 atque
383 2536 549 2603 evidenter
575 2546 833 2620 cognoscuntur,
864 2536 1029 2603 interdum
1056 2554 1135 2603 vero
1161 2538 1269 2603 solum
1296 2537 1301 2549 '

150 2643 358 2728 probabiliter
383 2661 420 2708 ac
439 2662 495 2728 per
512 2644 749 2729 conjecturam:
778 2643 942 2711 interdum
967 2640 1198 2710 testimonium
1219 2654 1270 2713 est

151 2752 301 2828 evidens,
322 2751 460 2819 obscura
483 2770 561 2819 vero
580 2756 636 2817 aut
650 2750 747 2818 etiam
761 2750 882 2818 incerta
897 2752 1087 2835 auctoritas3
1107 2753 1270 2821 interdum

150 2882 168 2927 e
187 2861 347 2927 contrario
365 2860 405 2925 de
424 2859 612 2926 auctoritate
631 2857 764 2943 quidem
790 2860 928 2926 minime
946 2860 1133 2939 dubitatur,
1155 2881 1270 2927 verum

148 2969 219 3053 ipsa
244 2967 422 3036 testimonii
456 2965 627 3032 existentia
659 2969 829 3033 manifesta
857 2987 924 3034 non
957 2977 1019 3034 est.
1047 2967 1134 3039 Quae
1161 2969 1272 3035 omnia

149 3074 383 3142 consideranda
401 3075 484 3140 bene
499 3085 593 3151 sunt,
611 3083 647 3140 ut
658 3076 699 3141 de
714 3076 821 3141 valore
837 3095 873 3141 ac
887 3075 1041 3140 firmitate
1054 3075 1130 3141 fidei
1140 3078 1269 3163 justum

148 3187 269 3250 seratur
283 3183 461 3268 judicium;
483 3183 602 3266 pendet
630 3201 772 3266 namque
794 3182 877 3248 sides
905 3183 946 3248 ab
974 3185 1164 3250 auctoritate
1182 3185 1273 3250 testi-

149 3291 252 3358 monii
267 3299 438 3374 tamquam
457 3288 498 3354 ab
513 3290 641 3374 objecto
656 3307 717 3356 suo
731 3291 855 3355 formali
876 3287 888 3377 (
914 3286 940 3376 ).

217 3397 316 3474 llinc,
337 3396 489 3480 quamvis
503 3396 612 3481 ipsum
628 3397 843 3473 enuntiabile,
860 3398 951 3481 quod
965 3397 1091 3464 formali
1107 3408 1181 3465 actu
1195 3399 1271 3466 fidei

146 3505 329 3582 credimus,
345 3505 377 3570 in
393 3522 429 3570 se
442 3504 515 3589 ipso
529 3503 570 3570 sit
584 3503 769 3582 inevidens,
784 3506 916 3589 praecise
928 3514 1027 3590 prout
1040 3514 1091 3573 est
1104 3506 1269 3592 objectum

146 3613 243 3689 ridel,
273 3611 363 3678 reddi
383 3611 594 3677 nihilominus
614 3620 723 3697 potest
741 3613 878 3680 evidens
895 3613 1092 3695 extrinsece;
1116 3613 1269 3680 niminrm

145 3722 174 3789 si
193 3721 328 3787 evidens
343 3719 384 3786 sit
402 3728 475 3785 tum
493 3719 719 3785 testimonium
733 3729 805 3785 turn
820 3720 916 3787 firma
933 3729 966 3785 et
984 3720 1168 3788 indubitata
1182 3722 1270 3788 illius

145 3828 336 3905 auctoritas,
356 3835 389 3892 et
408 3835 487 3892 tunc
506 3825 622 3893 dicitur
640 3827 723 3894 fides
741 3828 866 3894 evidens
892 3829 926 3894 in
951 3833 1127 3895 attestante:
1154 3848 1271 3913 quem-

145 3937 327 4002 admodum
361 3934 494 4000 evidens
520 3933 599 3999 mihi
630 3943 678 4000 est
706 3934 802 4013 fides,
835 3955 900 4020 qua
931 3946 1028 4002 teneo
1063 3935 1268 4003 existentiam

144 4043 303 4120 Berolini,
329 4041 405 4126 quia
437 4041 572 4108 evidens
603 4041 681 4109 mihi
710 4051 760 4108 est
786 4044 828 4110 ita
857 4044 1017 4128 plurimos
1052 4044 1180 4122 testari,
1210 4063 1270 4110 nec

146 4171 246 4239 posse
265 4139 396 4217 illorum
414 4133 605 4216 ‘testimonio
624 4151 741 4217 falsum
761 4151 909 4219 subesse.
934 4149 1051 4230 Quod,
1071 4152 1099 4218 si
1117 4154 1169 4219 vel
1183 4151 1270 4218 testi-

145 4259 298 4326 monium
318 4259 368 4325 vel
393 4257 464 4343 ejus
491 4258 646 4325 veracitas
676 4261 728 4324 vel
747 4267 926 4343 utrumque
953 4260 1114 4326 incertum
1141 4259 1184 4326 sit
1212 4269 1270 4326 aut

143 4366 331 4440 inevidens,
360 4363 442 4430 fides
464 4383 597 4449 quoque
615 4374 688 4431 tum
708 4367 881 4434 intrinsece
899 4375 932 4433 et
950 4367 983 4434 in
1006 4386 1059 4446 se,
1079 4377 1151 4433 tum
1171 4367 1268 4435 etiam

180 4619 223 4682 (r)
259 4613 322 4674 etr.
340 4613 609 4682 Conimbrieenees,
631 4614 661 4673 in
676 4613 725 4677 lib.
745 4626 803 4674 r.·¹
828 4618 956 4689 Foster,
970 4635 1033 4691 eap.
1049 4617 1099 4688 26,
1119 4629 1214 4692 quaet
1242 4638 1267 4688 r,

140 4719 200 4766 art.
220 4725 246 4762 2.
