3492 5525
321 431 325 444 ⁸
424 448 540 552 'Distu
567 461 610 512 r.⁸
630 447 682 512 Da:
702 445 877 534 Vsarrnra
1123 467 1183 532 403

97 651 223 716 nempe
250 633 422 699 veritatem
450 633 483 698 in
509 635 737 718 cognoscendo,
762 634 795 699 in
821 632 1027 718 significando
1052 643 1087 700 ει
1117 631 1151 698 in
1176 651 1226 700 as·
1246 643 1428 702 turtureum

95 741 196 804 undo
211 737 277 828 (ι).

168 847 296 914 Veritas
313 847 346 913 in
364 849 576 932 cognoscendo
593 867 651 915 seu
678 847 877 934 cognitionis
903 855 954 915 est
974 846 1152 932 adaquato
1173 845 1227 912 in·
1265 863 1403 919 miram

97 957 239 1020 tellectus
261 959 295 1022 et
315 955 365 1021 rei
380 953 444 1043 (2),
464 958 516 1022 vet
541 957 751 1024 conformitas
770 955 967 1042 cognitionis
987 974 1063 1021 cum
1082 955 1223 1040 objecto.
1284 947 1288 953 ’

168 1061 295 1128 Veritas
312 1063 347 1129 in
365 1064 507 1130 essendo
521 1074 572 1130 est
589 1065 658 1150 ipsa
673 1066 791 1131 entitas
811 1080 932 1141 rerum,
956 1064 1127 1128 noandum
1143 1063 1227 1148 qaod
1305 1091 1386 1134 raum,

96 1173 148 1235 est
170 1168 343 1236 initltectrci
365 1173 531 1257 adaquata
557 1169 622 1260 (3).
651 1173 777 1238 Etenim
808 1191 959 1238 oerum...
993 1169 1152 1236 dicitur...
1187 1171 1227 1234 dc

98 1279 211 1354 rebam,
229 1281 401 1345 secundam
412 1283 502 1366 'quod
521 1281 730 1364 &aquantur
746 1279 919 1346 intellectui
934 1278 1055 1354 dimico,
1074 1279 1127 1343 oet
1145 1281 1227 1359 apte

96 1391 184 1451 nata
199 1390 277 1450 suat
289 1387 456 1472 adaquari
471 1387 644 1454 intellectui
660 1388 795 1454 humano
812 1384 878 1475 (4).
899 1386 977 1453 Haec
995 1384 1114 1452 veritas
1131 1403 1227 1451 voca-

98 1503 154 1559 tur
180 1494 280 1559 etiam
299 1497 419 1562 veritas
437 1513 546 1562 rerum
564 1495 731 1584 abjectioa,
747 1496 824 1579 quia
838 1493 970 1580 propria
986 1501 1039 1560 est
1053 1492 1228 1578 cujuslibet
1311 1539 1318 1548 .

99 1601 164 1682 rei3
196 1611 231 1667 et
257 1604 481 1686 metaphysica,
510 1604 588 1688 quia
610 1605 651 1669 ad
676 1603 910 1692 Metaphysicae
931 1601 1225 1669 considerationem

98 1717 245 1794 spectat:
264 1719 299 1776 et
317 1713 613 1789 tamotdentalis,
634 1711 710 1795 quia
724 1721 774 1778 est
787 1711 981 1779 attributum
1001 1710 1110 1776 omnis
1126 1709 1225 1782 entis,

99 1818 242 1902 ideoque
259 1825 328 1884 tam
348 1821 412 1884 tate
430 1828 546 1904 patens
563 1839 601 1885 ac
618 1819 729 1906 ipsum
748 1838 820 1886 ens.
1036 1889 1046 1906 ‚

169 1923 312 1992 Demum
331 1927 450 1993 veritas
468 1927 628 1994 sermonis
647 1928 769 2012 duplex
787 1945 859 1994 esse
878 1936 1004 2011 potest:
1020 1927 1131 2000 attera,
1151 1941 1226 2008 quae
1280 1945 1398 1990 mnu.

97 2033 184 2118 signi
199 2033 317 2100 dicitur
329 2053 388 2100 seu
406 2036 443 2099 in
459 2034 684 2122 ngru'ficando,
704 2036 802 2100 attera
820 2034 964 2102 moratis.
984 2034 1019 2100 in
1037 2051 1114 2101 casu
1133 2045 1227 2098 nant·
1251 2049 1426 2107 mutavere·

99 2159 168 2225 que
186 2141 348 2208 sermonis
365 2141 432 2208 duo
454 2152 534 2208 sunt
551 2141 804 2223 consideranda3
826 2143 934 2226 primo
951 2142 1003 2207 vis
1021 2138 1225 2226 significandi
1265 2123 1403 2250 ⁸¹¹2in

6 2315 7 2318 ,
100 2267 153 2316 res
179 2247 267 2332 ipsas
293 2250 479 2334 mentisque
506 2229 701 2334 conceptus,
730 2268 830 2332 quam
854 2249 977 2315 habent
1003 2247 1163 2315 vocabula
1184 2265 1226 2312 ex
1250 2268 1319 2314 ute·
1334 2227 1425 2312 matut.

98 2357 271 2423 communi
288 2357 460 2424 hominum
481 2357 628 2440 arbitri03
645 2367 679 2423 et
697 2357 814 2423 deinde
833 2359 987 2423 voluntas
1000 2355 1160 2422 vocabula
1171 2354 1226 2420 itta
1284 2353 1399 2457 &aa

100 2465 280 2549 usurpandi
299 2463 332 2530 in
351 2485 389 2530 ea
407 2463 658 2550 significatione,
679 2483 778 2548 quam
794 2465 935 2548 loquens
952 2465 1014 2531 scit
1032 2471 1090 2528 aut
1107 2465 1223 2529 saitem

33 2577 40 2588 “
100 2581 196 2656 putat
214 2573 267 2638 itta
292 2574 486 2657 exprimere.
507 2571 617 2657 ltaque
636 2573 754 2648 veritas
772 2572 856 2657 signi
881 2590 940 2638 seu
959 2571 991 2637 in
1011 2569 1225 2656 significando

101 2680 181 2746 nihil
210 2689 261 2746 est
288 2681 391 2758 aliud,
419 2699 518 2765 quant
542 2681 751 2747 conformitas
775 2699 833 2746 seu
862 2680 1044 2765 adaequatio
1063 2676 1225 2744 sermonis

99 2808 178 2855 cum
206 2788 305 2855 animi
325 2789 535 2874 conceptibus
562 2808 598 2854 ac
619 2788 735 2864 rebus,
764 2790 806 2855 ad
830 2808 915 2873 quas
936 2786 1167 2874 significandas
1185 2806 1226 2852 ex

101 2897 277 2962 hominum
296 2898 412 2982 placito
430 2906 481 2964 est
499 2898 551 2963 itte
566 2896 747 2965 institutus.
764 2898 875 2980 Atque
888 2896 962 2962 ideo
976 2903 1113 2961 vocatur
1126 2894 1223 2979 signi,

7 3032 8 3035 ¹
100 3006 180 3089 quia
197 3023 309 3070 sermo
327 3014 377 3071 est
395 3004 526 3090 signum
538 3014 757 3090 conceptuum
777 3024 813 3070 ac
833 3023 954 3072 rerum.
971 3002 1099 3069 Veritas
1113 3010 1225 3067 autern

101 3111 236 3179 moratis
254 3122 305 3179 est
323 3114 500 3180 votuntatis
524 3123 622 3197 atque
645 3112 834 3179 intentionis
858 3112 1019 3178 rectitudo
1044 3112 1077 3177 in
1104 3110 1226 3176 utendo

100 3221 269 3290 vocabulis
288 3220 320 3286 in
340 3241 378 3287 ea
394 3220 651 3306 significatione,
674 3239 773 3304 quarn
790 3222 932 3303 loquens
943 3220 1020 3295 scit,
1037 3228 1094 3285 aut
1109 3220 1225 3285 saitem

100 3328 270 3395 existimat
288 3326 351 3394 ittis
368 3328 487 3395 inesse.
503 3328 541 3393 Et
558 3327 738 3413 appellatur
751 3328 900 3406 moratis,
916 3328 993 3412 quia
1010 3347 1048 3391 ea
1068 3327 1226 3392 rectitudo

100 3446 153 3503 est
176 3436 282 3503 virtus
305 3437 437 3504 moratis
459 3438 492 3503 in
516 3436 666 3515 homine,
696 3456 770 3520 quae
793 3454 917 3503 nornen
944 3435 1042 3502 habet
1067 3434 1226 3520 peculiare

7 3608 9 3637 ξ
97 3544 291 3611 veracitatis.
311 3543 437 3613 Veritas
455 3544 540 3631 signi
559 3544 735 3630 opponitur
749 3544 894 3630 falsitati
916 3542 1086 3620 sermonis,
1107 3542 1226 3610 veritas
1352 3593 1358 3604 .

99 3663 213 3719 antem
239 3652 371 3718 moratis
388 3670 448 3719 seu
467 3652 636 3727 veracitas,
656 3651 835 3718 mendacio:
857 3670 933 3735 quae
950 3652 1033 3729 duo,
1063 3663 1225 3734 quantum

101 3762 189 3827 inter
206 3778 242 3827 se
255 3760 398 3838 distent,
416 3778 515 3826 nemo
532 3768 599 3837 est,
619 3759 676 3843 qui
695 3759 834 3845 ignoret.
852 3758 932 3825 Fieri
946 3760 1035 3827 enim
1048 3767 1174 3844 potest,
1190 3768 1228 3825 ut

99 3868 179 3955 quis
202 3886 245 3936 ex
270 3868 453 3955 ignorantia
476 3870 530 3934 vet
557 3868 720 3935 sermonis
741 3869 794 3933 vel
823 3886 933 3934 rerum
958 3868 1125 3953 ipsarum,
1150 3884 1228 3934 vera

99 3976 195 4063 toqui
209 3978 342 4053 votens,
362 3978 443 4044 falsa
454 3978 622 4061 loquatur,
639 3984 672 4043 et
686 3996 704 4041 ε
719 3996 881 4045 converso
895 3976 1069 4044 intendens
1082 3974 1226 4053 mentiri,

99 4086 277 4155 veritatem
295 4092 433 4152 testetur
449 4082 514 4172 (5).

8 4326 9 4329 “
135 4310 181 4372 (ι)
216 4298 306 4361 Suar.
321 4297 407 4373 Diap.
423 4298 456 4369 8,
472 4298 605 4375 Metaptc.
621 4298 652 4358 in
667 4318 807 4371 prooem,
820 4296 915 4358 etalii
929 4296 1048 4371 passim.

8 4394 9 4399 ’
135 4394 182 4465 (a)
218 4390 253 4451 S.
267 4391 374 4450 Thoan.
390 4389 441 4449 tib.
456 4396 494 4449 r.⁰
506 4388 608 4449 Canta.
626 4388 711 4449 Gent.
726 4410 751 4448 c.
769 4406 893 4463 5931p.
905 4409 935 4461 q.
952 4408 998 4459 ar,
1013 4408 1041 4447 a.
1058 4408 1086 4447 a.

135 4489 181 4556 (3)
218 4480 252 4540 S.
266 4480 373 4539 Thom.
388 4479 433 4537 De
449 4478 543 4538 Verit.
556 4498 586 4551 q.
605 4500 676 4549 ω.
696 4500 706 4536 r
724 4478 754 4537 in
769 4497 848 4559 corp.

136 4575 182 4647 (a)
219 4568 253 4629 S.
264 4570 370 4629 Thom
384 4569 429 4627 De
446 4568 556 4638 Verit„
570 4580 675 4639 quest.
689 4589 718 4637 r,
733 4581 789 4627 art.
805 4590 831 4639 a.

135 4669 179 4731 (ς)
217 4659 282 4719 cu.
307 4658 341 4718 S.
364 4656 470 4717 Thom.
492 4658 538 4717 De
558 4659 665 4729 Varii..
679 4673 783 4729 quaest.
803 4676 826 4728 r,
848 4670 905 4716 art.
930 4678 943 4714 r
971 4656 1166 4729 subintret
1192 4664 1232 4717 r.⁰

98 4754 181 4815 Diat.
201 4771 245 4827 19,
258 4762 362 4823 queat.
380 4768 407 4823 ς,
420 4762 475 4809 art.
494 4770 519 4809 r.
