3492 5525
267 492 382 556 Anne.
400 511 459 557 aar
475 493 563 572 Quin
578 513 621 559 cr
634 512 840 571 Quoruecrcx
855 496 1092 562 Paaurcnercc
1149 496 1204 579 165

119 660 226 726 tribus
244 659 409 738 Personis‚
430 668 540 726 tamen
560 681 626 728 non
646 661 808 748 significat
827 663 861 729 in
881 663 945 729 illis
964 672 1113 729 naturam
1135 665 1245 731 multi-

119 768 258 852 plicem,
287 769 344 834 sed
376 769 525 835 eamdem
551 770 684 856 physice
706 790 742 836 ac
770 770 947 838 numerica.
973 771 1020 837 Ex
1044 772 1245 838 communis-

120 877 207 940 sima
220 876 318 943 etiarn
331 876 453 942 ratione
466 876 618 962 loquendi
631 879 759 944 termini
772 879 1070 946 transcendentales
1086 898 1151 945 non
1167 889 1246 946 sunt

115 983 315 1052 universalia
340 1003 398 1051 seu
417 985 640 1069 praeoicabllia.
665 987 708 1054 Ut
733 986 841 1066 vides,
862 986 1065 1072 praedicabile
1090 1006 1148 1054 seu
1174 987 1246 1053 uni·

121 1093 247 1158 versale
273 1091 414 1176 logicum
441 1092 527 1158 idem
545 1101 604 1159 est
627 1113 665 1220 ac
691 1095 850 1162 terminus
876 1094 1085 1172 universalis,
1113 1096 1244 1178 dequo

121 1217 286 1283 superius.

168 1325 226 1392 45.
270 1305 503 1392 jamquinque
523 1318 602 1375 sunt
620 1309 850 1394 praedicabilia,
866 1329 981 1396 genus,
1006 1311 1137 1394 spectes,
1155 1309 1247 1394 diffe-
1296 1319 1423 1402 mk,

121 1415 244 1491 renna,
259 1417 423 1498 poprium
441 1424 474 1480 et
490 1416 650 1494 accuens,
669 1436 710 1484 ex
727 1417 846 1502 quibus
863 1419 924 1485 tria
940 1418 1045 1502 priora
1060 1418 1247 1502 exprimunt

121 1523 367 1608 praedicationes
385 1523 427 1590 rei
443 1525 644 1606 essentiales,
664 1525 785 1608 reliqua
801 1526 867 1592 duo
883 1525 1107 1593 accidentales.
1117 1524 1162 1592 Ut
1170 1544 1247 1592 vero

122 1632 205 1697 ratio
233 1631 436 1716 singulorum
460 1651 496 1696 ac
518 1640 631 1698 natura
652 1632 776 1700 facilius
803 1633 1015 1718 intelligatur,
1043 1632 1248 1699 animadver-

121 1740 261 1806 tendum
281 1738 382 1806 estin
401 1739 529 1821 primis,
554 1739 642 1822 quod
664 1739 779 1806 attinet
797 1741 857 1806 tria
878 1740 1000 1823 priora,
1020 1759 1097 1806 curn
1117 1749 1248 1808 auctore

121 1846 284 1931 Opusculi
312 1846 353 1912 de
379 1847 507 1913 Samma
534 1847 627 1912 totius
653 1847 770 1932 logica
795 1847 992 1925 Aristotelis,
1020 1848 1104 1931 quod
1128 1865 1193 1912 una
1219 1849 1252 1912 et

120 1959 231 2022 eadem
257 1972 308 2021 res
330 1962 390 2035 per
412 1971 502 2020 snam
526 1955 690 2022 essentiam
709 1973 779 2021 curn
797 1955 930 2021 essentia
947 1955 1077 2021 alterius
1095 1955 1144 2020 rei
1161 1954 1253 2020 habet

119 2063 265 2148 oleariam
281 2061 525 2146 conformitatem
541 2080 596 2127 sea
612 2062 875 2139 convenientiam,
894 2071 927 2127 et
942 2062 1081 2146 alconem
1097 2063 1250 2146 oifforni-
1342 2126 1344 2137 ,

121 2175 219 2236 latam
237 2171 370 2246 realem,
390 2186 460 2254 qua
477 2170 677 2254 conformitas
690 2173 742 2235 vel
753 2169 940 2253 diffomilas
947 2173 1049 2252 potest
1063 2188 1127 2235 esse
1148 2173 1251 2255 major

119 2281 175 2344 ael
197 2276 304 2343 minor
325 2283 380 2358 per
403 2277 663 2359 comparationem
687 2279 731 2342 ad
753 2277 895 2342 diversas
917 2295 980 2342 res.
1011 2277 1109 2343 Verbi
1128 2277 1247 2361 gram,

120 2387 269 2455 Socrates
288 2392 348 2467 per
375 2384 539 2450 essentiam
565 2401 674 2460 suam,
700 2403 769 2469 qua
793 2388 902 2450 estex
927 2385 983 2450 lac
1007 2383 1115 2451 anima
1142 2387 1175 2450 et
1195 2384 1250 2449 hoc

118 2503 267 2577 corpore,
289 2492 502 2577 conformatam
518 2492 647 2556 Platoni
662 2496 693 2557 el
708 2491 779 2558 haec
807 2510 885 2577 equo
903 2496 934 2556 el
951 2491 1022 2557 lua
1039 2495 1170 2573 planta.
1192 2491 1250 2558 So-

117 2605 227 2668 crates
236 2599 320 2666 enim
326 2605 387 2682 per
398 2617 487 2664 seram
500 2598 661 2665 essentiam
675 2604 722 2666 est
733 2599 918 2677 rationalis,
933 2598 1090 2665 sensibilis
1102 2603 1133 2664 et
1143 2597 1246 2664 meres:

117 2712 159 2777 ln
177 2697 323 2776 mareas
341 2707 389 2773 leis
414 2707 510 2773 tribus
537 2710 586 2772 est
605 2693 769 2793 conformis
786 2707 932 2773 Platoni:
954 2707 1027 2773 burc
1049 2709 1153 2773 autern
1174 2724 1250 2792 equo

115 2822 171 2883 est
185 2814 353 2901 conformis
371 2814 405 2879 in
422 2814 562 2892 duobus,
580 2814 700 2897 scilicet
716 2816 749 2879 in
767 2814 909 2881 sensibili
928 2820 961 2881 et
978 2815 1067 2892 oica,
1087 2817 1119 2880 et
1134 2812 1168 2879 in
1186 2832 1250 2879 uno

115 2930 171 2991 est
185 2924 360 3009 aillamis,
379 2922 455 3007 quia
473 2922 506 2987 in
524 2940 559 2989 eo
576 2925 625 2988 est
638 2923 767 2989 realiter
782 2922 954 2999 ratormle,
970 2926 1055 3008 quod
1071 2941 1134 2989 non
1151 2926 1199 2987 est
1215 2922 1250 2986 in

112 3036 180 3101 hoc
204 3050 303 3118 equo,
328 3030 399 3097 huic
422 3048 497 3097 cero
514 3032 633 3113 planta
657 3030 823 3117 conformis
847 3034 897 3096 est
917 3031 952 3095 in
975 3048 1056 3107 uno,
1075 3028 1191 3095 scilicet
1216 3027 1250 3093 in

113 3142 198 3207 aeuo
215 3136 283 3229 (r).

187 3249 264 3329 lam
280 3264 483 3331 quamquam
496 3247 547 3313 lrae
557 3265 674 3313 omnes
689 3247 846 3329 rationes,
859 3247 982 3331 quibus
992 3246 1062 3311 aliae
1072 3254 1105 3311 et
1118 3246 1188 3313 aliae
1198 3264 1250 3311 res

13 3378 14 3381 ’
110 3358 271 3426 vicissim
291 3364 325 3421 et
342 3354 540 3421 conveniunt
559 3364 592 3422 et
609 3355 895 3431 discriminantur,
916 3355 1041 3420 realiter
1058 3354 1091 3419 in
1110 3355 1251 3420 essentia

109 3466 393 3549 uniuscujusque
425 3480 529 3528 unurn
558 3464 624 3529 sint
654 3472 753 3549 atque
786 3463 890 3540 idern,
925 3451 1108 3528 intellectus
1139 3470 1250 3527 tamen

106 3573 289 3643 distinctis
308 3570 433 3637 actibus
448 3570 625 3655 intelligere
640 3578 760 3655 potest,
777 3590 813 3637 ac
825 3588 921 3655 porro
936 3572 1032 3647 solet,
1048 3588 1111 3655 ope
1122 3570 1250 3636 nautis

106 3660 351 3754 abstractive,
377 3696 443 3761 qua
465 3679 598 3764 gaudet.
625 3678 670 3743 Ex
694 3696 761 3761 quo
784 3677 984 3763 intelligendi
1007 3679 1108 3744 modo
1131 3676 1188 3755 lit,
1214 3687 1251 3744 ut

104 3794 233 3877 plenae
258 3802 365 3851 rerum
388 3784 537 3851 essentiae
558 3784 752 3851 considerari
776 3784 902 3869 possint
922 3786 1014 3850 velut
1033 3786 1250 3851 coalescentes

13 3970 14 3973 ,
101 3918 149 3965 ex
172 3893 325 3963 diversis
342 3892 503 3977 partibus,
524 3910 589 3958 non
608 3892 741 3976 quidern
759 3892 899 3968 realiter,
918 3893 976 3958 sed
993 3901 1104 3958 rnente
1120 3901 1249 3959 tanturn

13 4018 14 4031 ¹
99 3999 308 4081 distinctim
333 4000 415 4064 inter
438 4016 521 4082 quas
544 4000 613 4064 aliae
637 4008 716 4065 sunt
733 3999 909 4083 unicuique
932 4000 976 4065 rei
1002 4001 1155 4084 propriae,
1183 4000 1252 4065 aliae

12 4167 14 4177 ,
99 4132 196 4179 vero
238 4106 390 4193 pluribus
420 4124 628 4173 communes.
668 4107 706 4173 Et
738 4107 875 4192 propriae
903 4107 1038 4190 quidem
1074 4108 1251 4174 essentiam

98 4216 353 4290 constituunt,
369 4214 592 4281 contrahendo
612 4213 699 4278 illam
720 4233 756 4279 ac
777 4214 1022 4281 determinando
1038 4224 1072 4279 et
1085 4215 1252 4299 perfectio-

100 4348 192 4395 nem
221 4321 328 4389 rebus
342 4320 537 4405 peculiarem
560 4330 594 4385 et
607 4321 894 4387 characteristicam
916 4321 1147 4406 imprimendo:
1164 4324 1252 4389 unde

100 4458 158 4506 res
181 4448 277 4519 quae
295 4446 353 4514 per
371 4428 449 4494 alias
473 4436 567 4495 notas
584 4447 780 4495 communes
799 4426 915 4495 sinrilis
937 4429 1100 4507 illiserat,
1122 4432 1191 4515 jarn
1211 4430 1252 4497 ab

100 4547 171 4614 fflis
201 4556 273 4629 per
295 4536 459 4623 ejusmodi
484 4548 578 4605 notas
596 4536 742 4622 proprias
761 4545 958 4603 secernatur.
979 4537 1206 4611 Quamobrem
1225 4537 1252 4605 si

103 4712 389 4739 .....--—-

138 4778 188 4852 (1)
238 4770 289 4830 De
306 4769 410 4828 Totius
424 4767 545 4844 Logr'coe
560 4767 655 4826 Arist.
671 4766 780 4827 Summ.
798 4781 881 4826 tract.
900 4788 928 4839 r,
943 4788 1006 4843 cap.
1022 4788 1047 4825 a.
