3492 5525
252 426 370 491 Anrrc.
381 404 447 489 ’ψ
461 425 667 492 exisses-sn
682 443 811 509 cereris.
828 444 959 491 coum
974 425 1093 490 Sceet.
1136 424 1195 509 485

105 614 224 693 potest:
247 610 387 677 Fortasse
403 608 539 686 dormis,
559 612 590 675 et
606 607 722 686 nescs's,
742 609 824 676 etin
840 610 959 676 somnis
973 609 1083 675 vades
1105 609 1189 692 Quia
1207 614 1241 677 et

109 718 248 785 dormire
264 722 296 784 et
309 716 489 783 insomnis
505 717 613 785 uidere
635 717 767 785 moentu's
784 720 831 784 est
846 714 911 806 (ι).
931 718 970 783 Et
992 717 1082 784 aiibi:
1109 718 1234 797 Omnis,

110 826 169 911 qui
191 844 225 892 se
249 826 442 893 dubitantem
467 824 632 909 intelligit,
662 842 771 892 verum
791 824 959 909 inteiligit,
987 827 1019 891 et
1042 824 1082 891 de
1103 824 1161 891 iae
1187 839 1237 903 re,

110 952 206 1019 queam
231 933 396 1021 inteiligit,
420 937 524 999 cestus
541 935 603 998 est:
626 932 665 999 de
687 950 761 999 nero
783 932 886 1017 igitur
908 935 1013 999 certus
1037 935 1094 1001 est.
1125 930 1236 999 Omnis

111 1042 224 1127 igitur,
243 1040 301 1127 qui
315 1026 423 1107 utum
448 1040 491 1107 sit
511 1040 629 1107 ueritas
649 1040 788 1117 dubitat,
808 1041 842 1107 in
859 1059 893 1106 se
915 1039 981 1123 ipso
1001 1039 1091 1105 patret
1113 1058 1235 1115 aerum

110 1153 196 1215 unde
212 1168 275 1215 non
290 1148 434 1230 'dubitet;
451 1166 508 1214 nec
528 1149 629 1231 ultum
651 1166 761 1214 verum
777 1147 844 1214 nisi
862 1148 993 1215 verine
1016 1165 1137 1215 oerum
1163 1146 1237 1215 Non

110 1258 216 1343 itaque
229 1260 345 1341 oportet
365 1274 435 1322 eum
455 1258 495 1321 de
511 1256 642 1322 vertute
659 1254 819 1332 dubitare,
838 1255 897 1341 qui
907 1255 1012 1338 potuit
1026 1256 1237 1340 undecunque

112 1364 258 1432 dubitare
276 1361 340 1452 (2).
1049 1345 1054 1353 ⁸
1108 1436 1112 1448 ¹
1332 1364 1336 1371 '

180 1470 325 1539 Conterri
351 1480 508 1557 possunt,
536 1490 611 1555 quae
637 1470 817 1537 Balmesius
841 1470 953 1538 scribit
971 1471 1012 1537 de
1040 1468 1236 1537 ineluctabili

113 1580 285 1647 existentia
303 1578 504 1646 certitudinis
523 1579 556 1647 in
576 1588 688 1645 mente
707 1587 819 1646 nostra
837 1575 902 1667 (3).

163 1814 218 1881 54.
265 1796 457 1862 ΡκοΡοειτιο
476 1802 528 1882 3.·
550 1798 796 1877 sceptieismus
819 1806 873 1861 est
894 1806 1051 1881 systema
1074 1797 1111 1865 iu
1128 1815 1169 1860 se
1186 1798 1238 1860 in·

114 1908 266 1971 trinsece
285 1925 482 1989 repugnans
500 1924 540 1970 ac
558 1907 709 1970 maxime
725 1906 970 1985 perniciosum.

159 2123 328 2186 Probatur
358 2116 409 2185 1.⁸
436 2140 529 2201 pars.
580 2116 751 2183 tnttinsece
774 2122 962 2199 repugnans.
992 2112 1041 2179 t.⁰
1070 2113 1239 2199 multiplici

113 2232 309 2310 argumento
327 2225 368 2291 ad
393 2225 581 2317 hominem:
611 2221 650 2312 α)
673 2216 832 2310 'Systema
860 2222 1039 2307 scepticum
1069 2240 1194 2308 negans
1220 2243 1239 2288 a

113 2332 210 2401 nobis
228 2332 397 2400 veritatem
418 2326 572 2417 cognosci
593 2350 707 2417 posse,
729 2332 780 2395 vel
809 2338 860 2395 est
889 2348 1005 2396 verum
1033 2330 1084 2395 vei
1103 2330 1236 2397 falsum.

112 2440 146 2505 Si
166 2458 281 2506 verum
300 2448 365 2515 est,
382 2440 451 2525 jam
476 2440 593 2506 saltem
615 2441 683 2504 haec
708 2438 827 2503 veritas
855 2458 875 2501 a
902 2438 997 2505 nobis
1015 2437 1236 2523 cognoscitur,

112 2548 263 2631 itemque
292 2547 520 2633 probationes,
546 2547 666 2630 quibus
687 2546 819 2611 inicitur
849 2545 1094 2629 scepticismus3
1120 2546 1148 2612 si
1177 2547 1238 2614 tat-

73 2648 77 2655 ’
112 2674 208 2731 sum,
226 2656 293 2739 jam
313 2654 431 2721 veritas
447 2674 465 2721 a
485 2654 579 2721 nobis
598 2653 751 2739 cognosci
771 2660 894 2737 potest.
911 2653 996 2738 Ergo
1010 2652 1239 2738 scepticismus

111 2763 284 2830 intrinsece
303 2771 480 2849 repugnat,
503 2770 620 2846 estque
632 2779 704 2842 ¹una
727 2779 770 2826 ex
791 2760 852 2827 iltis
872 2759 1062 2839 sententiis,
1083 2781 1157 2846 quae
1177 2757 1239 2828 sei-

113 2890 189 2955 psas
208 2871 380 2964 destruunt
397 2867 461 2958 (4).
478 2871 516 2938 Si
533 2869 615 2936 nihil
626 2867 705 2934 sciri
716 2872 831 2950 potest,
852 2868 960 2952 inquit
974 2869 1170 2947 Lactantius,
1186 2889 1240 2936 ne·

111 2998 196 3044 cesse
212 2982 261 3044 est
275 2979 411 3061 idipsum
423 2977 519 3058 scire·
532 2979 616 3061 quod
631 2975 713 3042 nihii
728 2976 859 3042 sciatur.
875 2976 1028 3043 Stantem
1044 2977 1143 3043 scitur
1148 2985 1239 3060 posse

5 3071 6 3076 ἵ
112 3087 197 3152 nihii
211 3086 300 3162 sciri,
316 3086 441 3170 salsum
467 3089 514 3150 est
540 3103 610 3168 ergo
627 3085 711 3168 quod
726 3082 846 3148 dieitur
868 3083 951 3149 nihii
968 3090 1059 3165 posse
1074 3084 1163 3151 seiri.
1183 3084 1237 3152 Sic

118 3195 286 3260 inducitur
300 3196 413 3277 dogma
430 3193 491 3259 sibi
510 3199 702 3276 repugnans,
721 3209 816 3276 seque
833 3191 1005 3256 dissolvens
1022 3188 1087 3279 (5).

182 3300 223 3390 β)
251 3300 485 3387 Scepticismus
513 3300 593 3365 dum
621 3297 735 3365 asserit
763 3300 804 3364 de
831 3299 987 3365 omnibus
1017 3300 1237 3368 dubitandum

113 3428 189 3476 esse
206 3410 251 3476 ob
269 3407 422 3475 timorem
441 3395 659 3492 deceptionis,
677 3407 745 3492 jam
768 3406 926 3491 supponit
946 3416 1067 3472 certans
1091 3407 1236 3474 existen·

113 3519 194 3584 tiam
224 3517 414 3590 hominurn,
450 3526 482 3582 et
515 3515 703 3581 facultatum
736 3513 1051 3600 cognoscitivarum,
1072 3532 1164 3598 quae,
1198 3535 1239 3581 ne
1271 3586 1273 3591 ,

108 3627 148 3692 in
183 3623 274 3692 omni
304 3623 560 3709 apprehensione
593 3623 754 3699 saltantur,
787 3623 894 3688 timet.
937 3621 1021 3707 Ergo
1055 3622 1237 3709 pugnantia

114 3731 277 3798 continet.
887 3723 891 3728 ’

73 3860 82 3880 ·
183 3835 391 3905 Antecedens
410 3845 508 3922 patet.
526 3834 565 3900 Si
580 3835 665 3902 enim
681 3835 797 3920 satior,
816 3831 903 3912 sum,
926 3835 1031 3920 inquit
1048 3836 1094 3902 Μ.
1119 3837 1240 3923 Augu-'

113 3946 236 4014 stinus.
257 3945 342 4014 Nam
370 3944 426 4029 qui
453 3963 515 4010 non
543 3947 603 4020 est,
623 3941 728 4027 utique
753 3961 808 4008 nec
824 3942 907 4029 falti
921 3947 1039 4026 potest;
1056 3963 1094 4010 ac·
1106 3951 1167 4027 per
1183 3944 1237 4012 troc

116 4175 373 4193 ψ

152 4273 193 4336 (ι)
231 4266 265 4326 S.
280 4270 421 4341 August,
437 4265 547 4326 Contra
559 4266 708 4335 Acoeten,
725 4265 776 4324 lib.
790 4287 816 4339 3,
831 4287 855 4324 c.
872 4286 914 4334 ιι,
933 4285 976 4337 12,
994 4287 1035 4341 ¹3·
1052 4264 1114 4326 Cir.
1129 4268 1166 4327 de
1187 4266 1243 4327 Ci-

114 4361 212 4418 vitam
225 4359 293 4428 Dei,
307 4355 358 4416 lib.
379 4375 421 4426 ιι,
435 4376 499 4429 cup.
514 4355 559 4413 26.

154 4453 197 4516 (2)
235 4445 269 4506 S.
284 4448 411 4521 August.
428 4446 472 4504 De
485 4465 558 4504 uera
572 4445 731 4520 reiigione,
746 4465 771 4504 c.
788 4446 835 4518 36,
852 4465 884 4504 n.
897 4464 942 4520 75.

153 4543 199 4611 (3)
236 4537 326 4595 Filos.
337 4537 539 4604 Fundament„
553 4534 603 4594 tib.
619 4555 642 4602 r,
658 4554 721 4607 cup.
738 4555 764 4608 3.

154 4628 199 4701 (4)
236 4626 311 4684 Vide
326 4624 359 4684 S.
376 4627 515 4700 August,
532 4625 641 4684 Contra
656 4627 794 4694 academ,
810 4625 860 4684 tib.
878 4647 904 4698 3,
919 4646 981 4699 cap.
996 4649 1025 4700 9.

157 4723 200 4791 (5)
238 4715 384 4785 Lactant,
399 4716 537 4775 Diuinae.
553 4715 659 4782 instit,
676 4713 725 4772 tib.
743 4736 769 4786 3,
784 4735 847 4787 cap.
861 4719 890 4773 ὁ.
