3492 5525
542 468 601 533 bra
663 464 790 535 Locren
804 464 1038 547 llum-tn.
1059 485 1116 534 μ’
1130 466 1225 535 Drsr.
1240 438 1292 553 4¹¹
1302 468 1384 553 Cau.
1396 484 1468 533 μω

1307 572 1631 601 ----—0-——-·

249 736 251 743 y
370 670 410 715 no
554 654 627 718 128.
674 656 843 719 Probatur
861 660 912 721 a·
928 675 1021 735 pars.
1042 648 1170 716 Etenim
1189 650 1361 717 intrinseca
1381 660 1582 739 argumenta
1599 662 1634 717 et

291 740 490 859 doeffssfflfnn
504 758 663 844 objectiva
681 758 726 824 rei
750 759 882 837 merita,
909 760 1033 825 caeteris
1057 756 1208 845 paribus,'
1233 760 1340 825 multo
1365 760 1501 837 melius,
1528 780 1633 844 quam

354 886 428 931 ceam
504 866 644 931 alienum
659 850 903 943 testimonium,
920 865 1118 952 patefaciunt
1129 864 1337 933 enuntiabilis
1349 867 1535 944 veritatem,
1551 886 1634 933 cum

310 958 470 1005 ‘¹²¹’⁶¹¹³¹⁵⁰¹¹¹²
504 973 682 1058 prasertim
702 974 771 1059 ipsa
788 974 923 1041 testium
945 974 1095 1051 scientia,
1116 973 1205 1040 unde
1233 974 1458 1040 auctoritatem
1483 992 1580 1041 suam
1602 985 1635 1038 et

504 1081 570 1147 vim
601 1083 817 1165 extorquendi
847 1100 1018 1148 assensum
1055 1081 1251 1148 nanciscitur
1277 1081 1523 1158 testimonium,
1563 1100 1635 1147 non

504 1189 633 1254 aliunde
661 1190 768 1256 trahat
798 1188 973 1274 originem.
1002 1188 1113 1272 ltaque
1140 1188 1256 1254 rationi
1283 1206 1469 1256 consonum
1495 1196 1568 1266 est,
1597 1205 1634 1254 ut

504 1296 705 1381 quicumque
720 1296 894 1363 intrinseca
912 1295 956 1361 rei
980 1306 1175 1381 argumenta
1190 1296 1357 1371 noverint,
1384 1316 1421 1362 ea
1439 1296 1635 1363 testimonio
1734 1380 1736 1396 Ι

504 1402 639 1470 aliorum
660 1412 872 1489 anteponant.
885 1404 956 1486 lam
971 1422 1049 1469 vero
1063 1403 1150 1469 docti
1170 1423 1206 1469 ac
1220 1402 1386 1488 sapientes
1404 1422 1491 1478 rem,
1508 1404 1551 1468 de
1566 1422 1637 1486 qua

503 1520 605 1578 testes
631 1522 778 1588 narrant,
805 1532 845 1577 ex
873 1511 1056 1577 intrinsecis
1083 1510 1263 1577 rationibus
1288 1511 1492 1595 propriisque
1523 1529 1636 1577 causae
1734 1576 1736 1583 ,

505 1618 626 1684 meritis
644 1629 846 1704 perspectam
867 1618 1002 1685 habent.
1022 1618 1106 1703 Ergo
1125 1636 1257 1684 necesse
1271 1629 1338 1695 est,
1360 1627 1397 1683 ut
1409 1619 1498 1703 apud
1516 1619 1636 1684 doctos
1734 1607 1736 1674 ἶ

504 1736 537 1792 et
555 1726 718 1811 sapientes
737 1726 895 1811 objectiva
915 1734 1108 1810 argumenta
1129 1726 1204 1810 plus
1223 1727 1329 1791 valere
1350 1726 1511 1803 debeant,
1529 1742 1635 1807 quam

505 1853 626 1900 nomen
646 1844 678 1899 et
694 1834 868 1917 auctoritas
888 1833 1113 1899 testantium.¹

570 1940 622 2007 Ad
642 1960 708 2007 rem
730 1941 765 2006 S.
787 1940 1009 2025 Augustinus:
1031 1942 1089 2006 Ad
1103 1940 1286 2007 discendum
1303 1940 1476 2006 necessario
1495 1940 1637 2022 duplici-

386 2112 389 2118 .
505 2052 553 2115 ter
569 2048 731 2124 ducimur,
750 2048 936 2113 auctoritate
953 2050 1046 2132 alque
1059 2048 1194 2113 ratione.
1220 2047 1366 2131 Tempore
1387 2048 1579 2123 auctoritas,
1601 2068 1637 2113 re

505 2160 608 2221 autem
625 2156 707 2222 ratio
716 2155 808 2237 prior
824 2158 884 2221 est.
899 2155 1002 2220 Aliud
1013 2158 1062 2219 est
1073 2155 1172 2233 euim,
1188 2155 1319 2240 quadiu
1335 2156 1457 2239 agendo
1469 2156 1638 2236 antcpom-

506 2266 576 2340 tur,
600 2262 692 2329 atiud
708 2264 792 2347 quod
810 2262 917 2345 pluris
941 2262 975 2327 in
993 2263 1164 2345 appetendo
1185 2263 1372 2328 estimatur.
1401 2264 1507 2347 ltaque
1524 2280 1640 2346 quam-

504 2389 599 2457 quam
624 2371 772 2435 bonorum
799 2370 971 2435 auctoritas
1000 2370 1150 2451 imperita
1171 2370 1371 2436 multitudini
1397 2370 1545 2435 videatur
1571 2389 1640 2436 esse

505 2476 678 2554 salubrior,
699 2479 781 2543 ralia
794 2496 869 2544 vero
883 2478 988 2560 aptior
1000 2477 1133 2543 emuditis
1147 2474 1160 2565 (
1186 2475 1211 2564 ).

574 2586 683 2669 Atque
703 2585 789 2650 idem
807 2586 871 2649 lere
891 2585 1066 2651 dicendum
1080 2592 1131 2651 est
1149 2585 1188 2650 de
1202 2582 1257 2661 iis,
1272 2586 1328 2668 qul
1348 2584 1422 2651 licet
1434 2585 1551 2651 eruditi
1565 2604 1637 2651 non

506 2693 588 2770 sint,
609 2701 720 2757 tamen
749 2691 916 2759 scientiam
945 2691 1075 2775 assequi
1103 2691 1437 2758 conantum-Selenia
1455 2691 1543 2756 enim
1573 2693 1639 2757 im-

449 2787 452 2794 ’
507 2811 614 2885 portat
632 2799 852 2884 cognitionem
880 2799 1158 2866 demonstratione
1178 2811 1417 2884 comparatam,
1440 2819 1478 2864 ac
1496 2800 1637 2884 proinde

507 2908 604 2974 habet
624 2908 786 2973 motivum
814 2908 949 2972 formale
974 2908 1139 2973 diversum
1166 2926 1184 2971 a
1211 2905 1292 2974 fide.
1321 2906 1547 2982 Quamobrem
1577 2908 1636 2991 qui

507 3015 588 3081 scire
606 3013 711 3099 cupit,
734 3033 799 3079 non
819 3023 887 3078 tarn
908 3015 987 3097 quid
1005 3012 1057 3078 alii
1077 3015 1117 3080 de
1136 3033 1168 3077 re
1184 3014 1291 3099 aliqua
1305 3013 1470 3100 judicent,
1489 3014 1638 3096 inquire·

507 3122 672 3198 redebet,
703 3142 804 3207 quarn
829 3141 981 3206 quaenam
1008 3124 1075 3189 sint
1093 3122 1264 3208 objectiva
1293 3123 1435 3190 rationes
1454 3141 1491 3187 ac
1514 3124 1637 3188 tunda-

507 3237 635 3317 menta‚
657 3230 802 3315 quidque
821 3229 882 3296 sibi
898 3243 972 3314 post
986 3231 1113 3296 illorum
1133 3240 1321 3296 accuratum
1336 3249 1476 3297 examen
1489 3231 1637 3296 sentien-

506 3337 585 3404 dum
605 3336 662 3413 sit,
690 3337 877 3420 investigat.
906 3336 1065 3404 Videlicet
1083 3337 1138 3420 qui
1160 3337 1329 3404 scientiam
1357 3338 1490 3421 quaerit,
1515 3338 1635 3404 similis

507 3455 557 3512 est
575 3443 636 3520 illi,
658 3445 713 3528 qui
736 3443 851 3509 urbem
871 3444 1013 3528 aliquam
1034 3446 1085 3510 vel
1105 3445 1272 3530 regionem
1302 3445 1554 3528 pulcherrimam
1586 3447 1636 3510 lu·
1734 3514 1736 3519 ,

507 3562 630 3626 strans,
655 3552 752 3616 nullis
775 3552 912 3618 aliorum
935 3549 1209 3636 descriptionibus
1239 3571 1276 3617 ac
1301 3551 1540 3618 narrationibus
1553 3571 1636 3618 con·

506 3669 630 3736 tentus,
647 3660 757 3723 omnia
769 3659 840 3725 vult
854 3659 925 3742 ipse
939 3659 1170 3743 contemplari,
1185 3659 1294 3724 omnia
1309 3660 1378 3726 suis
1389 3659 1494 3725 oculis
1509 3661 1635 3744 perspi-

506 3785 594 3842 cere,
624 3767 774 3831 omnium
807 3764 985 3841 rationem,
1014 3766 1247 3850 perfectionem
1277 3776 1376 3861 atque
1405 3765 1634 3832 excellentiam

507 3874 695 3958 intelligere.

361 3985 426 4042 ilaue
455 4053 460 4062 ‚
487 4049 492 4060 ,
574 3981 683 4062 Atque
703 3980 772 4046 haec
796 3981 999 4046 existimatur
1028 3981 1126 4046 fuisse
1146 3980 1333 4066 Philosophi
1352 3983 1533 4057 sententia,
1552 4000 1633 4050 curn

292 4063 492 4184 “¹¹⁵⁶q'fflnm'
506 4087 650 4173 scripsit:
674 4087 873 4169 Philosophus
888 4087 932 4152 ita
949 4086 1077 4152 ueritati
1088 4092 1226 4169 oportere
1239 4089 1380 4155 additos
1401 4107 1482 4164 esse,
1498 4094 1538 4153 ut
1551 4097 1637 4172 pra-

310 4195 472 4280 P¹3l⁰⁵⁰t¹¹ff³⁶
503 4201 573 4279 pter
598 4196 686 4262 illius
713 4195 968 4271 incolumitatem,
998 4193 1092 4259 etiam
1110 4195 1259 4277 propria,
1280 4200 1312 4261 et
1325 4197 1492 4262 dorcestica
1513 4198 1637 4263 aboleri

339 4269 446 4322 sh‘⁰¹⁰‘¹'
501 4303 678 4385 patiamum
688 4321 762 4366 nam
775 4306 984 4386 cumulraque
1001 4320 1078 4366 caru
1089 4302 1171 4381 sint,
1188 4306 1329 4370 sanetum
1343 4307 1444 4370 tumen
1456 4308 1514 4382 est,
1525 4306 1635 4387 puris

495 4411 604 4495 facere
619 4410 778 4475 verenam
797 4405 859 4497 (a).
1486 4388 1491 4400 ’

541 4665 581 4726 (ι)
618 4657 652 4718 S.
668 4656 855 4731 Augustinus
869 4659 904 4714 de
920 4656 1039 4728 Ordine,
1054 4657 1105 4717 lib.
1122 4678 1150 4728 a,
1164 4677 1227 4731 cap.
1242 4680 1270 4732 9.

540 4753 581 4819 (a)
618 4747 683 4807 Lib.
701 4754 738 4805 1.'
749 4747 878 4806 Ethicor.
895 4766 956 4819 cap.
969 4747 1112 4806 6.-Vide
1123 4747 1210 4808 etiam
1227 4747 1380 4809 Platonem
1396 4747 1427 4809 iu
1443 4747 1595 4811 Curmide.
