3492 5525
222 454 339 520 Arene.
358 467 415 520 aa·
426 455 462 518 lx
476 473 546 533 Quo
559 435 735 522 cousrsrxr
749 475 910 522 esserum
920 475 1117 524 saccoorsur
1136 457 1192 522 811

39 633 41 670 ³
104 643 420 729 experimentaiem,
440 645 556 711 saitem
573 653 608 712 ut
624 646 819 730 plurimum,
834 644 1014 730 praecedere
1027 644 1145 712 debere
1158 652 1235 711 ante

105 753 344 838 principiorum
372 769 541 820 assensum
561 751 658 818 etiam
686 751 718 819 in
737 751 815 837 ipsis
841 751 1031 834 axiomatis;
1059 769 1233 818 censemus

105 869 225 928 nutem
253 861 286 926 id
313 859 431 944 requiri
450 862 636 940 dumtaxat,
665 871 700 926 ut
724 859 774 927 vis
796 859 1012 927 terminorum
1030 843 1115 926 clare
1133 877 1233 946 pene·

105 976 228 1035 tretut.
249 967 282 1034 Si
303 967 390 1046 enim
410 967 459 1035 vis
477 969 691 1036 terminorum
715 971 798 1034 clare
824 975 1027 1053 penetretur,
1048 967 1231 1036 intellectus

34 1119 36 1150 ς
107 1095 181 1142 ηοη
200 1085 273 1161 eget
289 1075 430 1142 ulteriori
451 1076 576 1144 motivo
594 1095 631 1142 ac
646 1075 895 1142 determinative
914 1077 954 1142 ad
969 1074 1229 1142 assentiendum:

34 1167 36 1210 ³
105 1201 181 1266 quo
195 1183 220 1250 si
234 1192 354 1270 egeret,
371 1201 523 1250 assensus
542 1183 594 1249 ille
610 1203 675 1250 non
691 1185 773 1250 soret
787 1201 825 1250 ex
843 1183 920 1268 ipsis
933 1166 1073 1250 ierr'nim‘s
1092 1185 1229 1259 tontum

108 1311 173 1358 nec
193 1289 418 1368 immediatus,
438 1292 496 1358 sed
521 1291 697 1370 mediatus,
718 1309 755 1356 ac
776 1289 989 1359 discursivus.
1018 1291 1106 1368 Quin
1131 1289 1229 1356 etiam

43 1459 49 1466 .
105 1399 141 1464 in
172 1399 331 1466 contraria
357 1398 510 1484 opinione
535 1399 731 1484 experientia
751 1417 816 1466 non
835 1407 964 1464 tantum
989 1417 1085 1464 manu
1106 1400 1234 1465 ducaei

105 1507 312 1574 intellectum
339 1509 381 1574 ad
406 1525 578 1574 assensum
609 1508 858 1594 principiorum,
887 1525 1002 1573 verum
1035 1505 1133 1572 etiarn
1173 1525 1229 1592 per

107 1617 250 1682 modum
278 1614 394 1683 motivi
418 1615 663 1692 determinaret,
689 1624 802 1683 contra
828 1633 882 1692 ea,
911 1633 986 1699 quae
1011 1613 1162 1700 superius
1187 1633 1229 1682 ex

104 1723 381 1792 communissima
399 1721 544 1790 doctrina
563 1722 750 1791 statuimus.

177 1831 300 1898 Verum
320 1833 477 1899 hactenus
494 1831 536 1897 de
550 1831 618 1908 his,
647 1849 755 1916 neque
777 1831 866 1898 enim
886 1847 1017 1898 neeesse
1041 1838 1091 1898 est
1116 1827 1228 1896 omnia

106 1937 297 2007 minutatim
317 1937 465 2024 persequi
485 1937 518 2005 in
532 1938 713 2022 quaestione
727 1928 975 2016 obscurissima,
997 1956 1056 2005 nec
1069 1956 1148 2006 sane
1162 1955 1228 2004 ma-

105 2045 189 2112 ximi
209 2048 380 2114 momenti.

284 2469 734 2585 DISPUTATIO
775 2471 1049 2581 TERTIA.

213 2695 272 2754 DE
293 2693 535 2757 Discursu
558 2695 617 2753 ET
636 2692 1124 2787 ARGUMENTATIONE.

159 2904 354 2990 ·Suppositis
369 2904 573 2984 notionibus,
594 2923 676 2991 quas
694 2904 784 2992 circa,
799 2906 982 2975 discursum
1001 2907 1034 2973 in
1053 2906 1224 2976 Dialectica

103 3012 367 3098 explanavimus,
382 3020 504 3080 restant
520 3031 607 3081 nunc
622 3014 828 3081 enucleanda
841 3014 1057 3083 abstrusiores
1070 3014 1221 3098 quedam

104 3120 330 3187 controversie
343 3130 415 3186 tum
429 3121 609 3206 generatim
625 3122 665 3188 de
680 3120 979 3207 argumentatione,
995 3136 1066 3191 tum
1083 3123 1124 3189 de
1140 3142 1222 3208 pra.-

104 3228 197 3313 cipua
215 3229 285 3313 ejus
310 3228 433 3311 specie,
462 3228 757 3308 demonstratione,
786 3248 860 3314 quae
890 3230 1077 3297 communis
1104 3248 1221 3316 parens

105 3344 153 3401 est
167 3334 373 3402 scientiarum
389 3336 552 3402 omnium.

530 3652 731 3740 CAPUT
761 3654 792 3739 i.

153 3854 257 3917 DE
284 3852 676 3919 mscunsu
701 3792 1168 3925 ὁΕΝΕΗΑτιΜ.

165 4088 337 4155 Discursus
356 4086 537 4172 generatim
557 4096 622 4163 est,
643 4096 679 4153 ut
698 4088 771 4155 alibi
787 4074 945 4168 diximus,
967 4092 1110 4178 operatio
1125 4112 1218 4159 men-

101 4198 155 4272 tis,
175 4213 241 4280 qua
260 4214 300 4263 ex
315 4212 379 4263 una
394 4194 580 4281 cognitione
594 4197 636 4263 ad
649 4198 744 4264 aliam
760 4198 979 4283 procedimus.
1000 4201 1113 4284 Neque
1127 4203 1215 4269 enirn

100 4305 229 4389 perinde
246 4312 297 4371 est
316 4321 419 4370 unum
439 4322 637 4389 cognoscere
663 4304 699 4371 in
718 4304 798 4387 aiio,
818 4308 869 4372 vei
892 4315 967 4391 post
987 4308 1093 4386 aliud,
1120 4320 1153 4377 et
1177 4330 1217 4377 ax

100 4413 172 4478 alio.
191 4410 331 4490 Quando
351 4428 455 4477 unum
474 4410 682 4497 cognoscitur
699 4413 734 4478 in
749 4412 828 4491 alio,
850 4422 1028 4499 utrumque
1045 4419 1215 4505 cognosci-

100 4530 148 4587 tur
165 4520 282 4587 eodem
302 4527 375 4585 actu
393 4518 605 4605 cognitionis;
626 4537 731 4586 unum
751 4521 903 4607 cognosci
909 4526 984 4605 post
993 4524 1080 4590 aliud
1093 4525 1214 4609 impor-

99 4638 142 4695 tat
153 4645 277 4693 meram
292 4638 426 4696 actuum
441 4614 681 4705 succesionem,
699 4627 766 4695 sive
781 4629 984 4715 cognitiones
998 4631 1060 4697 iliae
1072 4632 1213 4700 habeant

99 4735 177 4803 inter
193 4753 266 4803 sese
284 4734 522 4801 connexionem
542 4754 579 4803 ac
597 4735 862 4820 dependentium,
883 4737 951 4805 sive
973 4757 1039 4807 non
1059 4740 1209 4807 habeant.
