3492 5525
578 473 632 542 144
762 457 892 526 Loorcn
910 457 1157 526 Minoa-Drse.
1185 472 1229 524 r.·
1249 458 1328 525 Cre.
1352 475 1424 526 aaut

536 643 718 738 nationem,
733 663 798 728 qua
813 643 967 721 allicitur,
984 665 1016 709 v.
1028 664 1063 729 g.
1075 645 1178 720 bomo,
1194 644 1451 729 arbenmlbum,
1467 642 1603 732 cacum(
1628 642 1653 732 ).

535 749 727 818 Abstractus
745 763 793 818 est
818 754 875 836 qui
901 753 1040 818 sormam
1064 770 1123 817 seu
1143 752 1451 819 determinationem
1480 753 1654 838 ejusmodi,

534 867 571 924 ut
591 877 649 942 per
665 877 701 924 se
726 868 868 925 stantem
894 879 931 926 ac
949 860 1018 926 sine
1041 859 1189 940 subiecto
1208 858 1378 943 exprimit,
1406 869 1443 925 ut
1465 860 1654 936 humanitas,

532 965 613 1042 vila,
640 966 766 1044 albedo,
792 967 928 1034 caelus.
959 966 1031 1032 Du'o
1065 984 1209 1049 namque
1235 967 1431 1033 considerari
1461 978 1601 1051 possunt
1624 969 1657 1031 in

533 1073 647 1140 rebus:
665 1073 772 1158 primo
786 1074 818 1140 id
833 1076 924 1158 quod
941 1074 1087 1159 possidet
1101 1094 1139 1139 ac
1152 1085 1315 1141 sustentat
1331 1086 1497 1151 naturam,
1515 1077 1658 1160 proprie-

533 1187 634 1257 tates,
664 1181 841 1248 accidentia
864 1182 1034 1265 quaelibet,
1057 1182 1355 1266 perfectionemque
1379 1183 1410 1248 in
1434 1192 1525 1248 certo
1553 1183 1656 1268 gradu

532 1287 830 1368 determinationis,
860 1300 893 1356 et
930 1299 1065 1355 vocatur
1090 1291 1260 1376 subjectum
1288 1308 1348 1354 seu
1378 1291 1587 1372 suppositum
1621 1310 1657 1354 ac

533 1393 651 1460 deinde
670 1407 784 1461 natura
798 1398 884 1480 ipsa,
911 1396 1141 1481 proprietates,
1167 1396 1343 1463 accidentia
1357 1418 1393 1462 ac
1414 1397 1660 1464 determinatio-

534 1519 593 1567 nes
608 1502 668 1566 illae
682 1503 869 1588 subjectum
891 1503 1146 1582 constituentes,
1166 1512 1224 1568 aut
1245 1504 1496 1587 quomodolibet
1516 1503 1660 1570 afficien-

533 1616 599 1684 tes,
625 1629 700 1692 quae
719 1611 871 1677 dicuntur
894 1610 1065 1677 communi
1089 1612 1250 1676 vocabulo
1260 1613 1389 1695 sormoe.
1415 1610 1560 1677 Termini
1579 1631 1659 1696 ergo

532 1717 674 1783 concreti
689 1726 867 1802 utrumque
882 1719 1086 1804 significant,
1103 1728 1135 1784 et
1148 1719 1318 1806 subjectum
1332 1728 1365 1784 et
1373 1721 1528 1805 foratam,
1549 1720 1661 1805 subje-

532 1833 623 1890 ctum
648 1826 751 1890 forma
776 1827 949 1904 allectum,
967 1836 1000 1892 et
1026 1828 1165 1892 formam
1190 1826 1403 1891 inhaerentem
1428 1827 1589 1910 subjecto.
1615 1826 1660 1890 At

533 1951 611 1996 vero
625 1933 774 1999 abstracti
785 1935 889 2000 solam
894 1934 1035 2019 formam
1045 1934 1249 2016 exprimunt,
1265 1934 1358 2016 quasi
1370 1935 1537 2018 praecisam
1552 1934 1663 1999 asub-

532 2039 619 2124 jecto
638 2059 674 2105 ac
694 2059 751 2124 per
765 2059 800 2106 se
820 2051 977 2109 stantem.
999 2042 1082 2108 Hinc
1096 2059 1162 2105 non
1186 2042 1258 2104 leve
1275 2041 1452 2106 discrimen
1472 2051 1523 2108 est
1537 2041 1660 2107 abstra-

535 2155 586 2211 cta
610 2147 694 2212 inter
712 2159 744 2214 et
765 2159 916 2216 concreta
944 2149 977 2216 in
996 2149 1097 2214 modo
1120 2147 1324 2233 significandi
1351 2157 1388 2215 ut
1410 2148 1542 2234 egregie
1563 2150 1661 2215 docet

537 2253 573 2322 S.
589 2253 766 2344 Thomas(
792 2254 817 2344 ).

601 2361 759 2428 Concreta
782 2364 868 2429 varie
899 2362 1089 2429 dividuntur
1123 2364 1165 2428 ab
1199 2365 1403 2440 auctoribus,
1428 2375 1461 2430 et
1485 2364 1591 2448 primo
1627 2364 1662 2429 in

534 2469 754 2536 subslantialia
779 2481 812 2538 et
830 2472 1050 2538 accidentalia.
1074 2471 1233 2536 Concreta
1252 2473 1474 2538 substantialia
1495 2484 1573 2538 sunt
1593 2471 1660 2549 illa,

535 2595 677 2659 quorum
707 2581 808 2644 forma
841 2587 873 2643 et
904 2587 954 2644 est
973 2576 1187 2644 substantiale
1215 2578 1371 2661 quiddam
1396 2588 1430 2644 et
1455 2579 1556 2644 instar
1582 2580 1664 2644 sub
1727 2630 1728 2637 ,

535 2684 663 2752 stantiae
690 2685 909 2772 significatur,
934 2697 971 2753 ut
997 2687 1086 2752 bomo
1112 2687 1239 2770 vivens,·
1266 2685 1474 2753 accidentalia
1497 2705 1575 2753 vero
1608 2706 1663 2765 ea,
1727 2668 1728 2689 ³

536 2794 568 2860 in
594 2795 714 2877 quibus
740 2798 843 2861 forma
873 2807 922 2863 est
941 2796 1063 2879 aliquid
1089 2794 1304 2872 accidentale,
1332 2805 1389 2863 aut
1417 2798 1535 2863 saltem
1558 2794 1666 2862 instar

571 3042 612 3114 (r)
649 3042 725 3101 Cum
741 3044 862 3102 formam
876 3042 961 3101 audis
976 3042 1007 3100 in
1022 3044 1077 3100 hac
1091 3042 1223 3112 materia,
1233 3044 1365 3116 intellige
1377 3043 1499 3102 formem
1514 3062 1575 3103 non
1590 3058 1667 3103 tan-

536 3148 598 3192 tum
614 3133 784 3206 positivam,
799 3134 850 3193 sed
864 3134 952 3192 etiam
967 3134 1155 3205 privativam,
1168 3154 1220 3193 seu
1234 3134 1366 3207 positieae
1375 3134 1476 3193 lormae
1488 3136 1665 3203 decentiam,

535 3244 602 3295 quae
616 3222 708 3281 instar
723 3223 838 3297 positivi
852 3224 1003 3295 cujusdem
1017 3223 1196 3295 concipitur,
1213 3224 1279 3282 talis
1292 3238 1337 3283 est
1351 3223 1442 3283 lorme
1455 3244 1592 3297 expressa
1610 3247 1668 3297 per

537 3313 675 3371 terminos
690 3316 809 3371 coecitas
822 3326 853 3371 et
866 3333 969 3371 caecus.

571 3402 613 3473 (a)
653 3402 901 3462 Considerandum
921 3412 980 3473 est,
1003 3404 1078 3477 quod
1094 3404 1174 3460 circa
1190 3405 1385 3477 quodcumque
1398 3404 1543 3461 abstracte
1558 3408 1669 3463 consi-

535 3494 681 3562 deratum,
697 3495 749 3551 boc
775 3494 860 3551 babel
880 3494 1044 3561 veritatem,
1065 3495 1138 3566 quod
1160 3514 1217 3550 non
1236 3494 1321 3551 babet
1334 3496 1365 3549 in
1378 3514 1411 3551 se
1424 3496 1539 3568 aliquid
1559 3505 1669 3554 extra-

535 3604 633 3649 neum,
650 3585 723 3657 qnod
744 3585 859 3640 scilicet
873 3585 915 3639 sit
931 3592 1039 3656 praeter
1058 3585 1214 3640 essentiam
1232 3604 1332 3652 suam,
1346 3586 1427 3641 sicut
1447 3586 1617 3642 humanitas
1638 3597 1669 3644 et
1724 3625 1725 3638 ,

535 3673 649 3741 albedo,
663 3682 691 3729 et
704 3692 885 3745 quaecrrmque
897 3673 1040 3730 boemodo
1054 3675 1203 3731 dicuntur.
1214 3673 1309 3747 Cujus
1323 3675 1400 3731 ratio
1409 3683 1462 3743 est,
1477 3676 1547 3747 quia
1558 3676 1670 3733 leuma-

536 3764 613 3819 nitas
627 3760 814 3837 signficatur
828 3770 860 3818 ul
875 3763 918 3829 e'd,
936 3783 991 3836 qvo
1003 3764 1115 3835 ale'qreid
1128 3772 1172 3820 est
1188 3764 1286 3833 bomo,
1300 3774 1330 3819 et
1349 3764 1465 3832 albedo,
1480 3784 1534 3837 quo
1548 3766 1673 3837 aliquid
1724 3765 1725 3834 l

536 3860 580 3909 est
594 3852 700 3909 album.
717 3852 783 3908 Non
796 3860 838 3908 esi
853 3860 947 3907 aretem
957 3854 1073 3924 aliquid
1086 3852 1183 3921 bomo,
1189 3854 1362 3923 formaliter
1372 3854 1525 3927 loquendo,
1540 3854 1603 3910 nisi
1612 3864 1673 3929 per

536 3941 566 3997 id
578 3940 653 4015 quod
665 3940 704 3998 ad
726 3941 867 3997 rationem
891 3940 1015 3998 bominis
1037 3944 1181 4014 pertinet,·
1204 3950 1233 3999 et
1254 3943 1395 4000 simililer
1409 3964 1465 4000 non
1487 3952 1531 3999 est
1551 3944 1674 4016 aliquid

537 4030 634 4087 album
642 4030 825 4099 sorntaliier,
841 4032 904 4087 nisi
914 4037 967 4103 per
981 4030 1012 4085 id
1021 4030 1096 4102 quod
1108 4032 1235 4104 pertinet
1250 4032 1290 4088 ed
1307 4033 1447 4088 relebnem
1459 4034 1534 4090 albi:
1548 4042 1579 4089 el
1600 4036 1677 4093 ideo
1723 4087 1724 4092 ,

536 4118 702 4193 hujusmodi
713 4120 862 4177 abstracta
875 4120 953 4175 nibil
959 4120 1088 4175 alienum
1097 4121 1173 4176 inse
1187 4122 1294 4177 babere
1306 4129 1439 4194 possunt.
1453 4124 1555 4179 Aliter
1568 4134 1674 4181 aretem

536 4228 567 4266 se
582 4210 667 4265 babet
680 4210 711 4265 in
725 4211 787 4277 ba's,
805 4229 866 4283 quae
879 4206 1092 4284 significantur
1106 4210 1138 4265 in
1157 4219 1298 4266 concreta.
1314 4210 1391 4267 Nam
1404 4210 1486 4267 Ιιοηιο
1501 4212 1677 4286 significa-

537 4308 586 4355 tur
598 4308 631 4355 eet
644 4300 696 4373 qui
707 4300 793 4357 babet
806 4300 1030 4364 humanitatem,
1044 4308 1074 4355 et
1086 4299 1184 4356 elbum
1199 4307 1232 4354 art
1245 4300 1319 4372 quod
1328 4300 1415 4357 leber
1428 4301 1602 4358 albedinem.
1619 4304 1677 4361 Ex

537 4388 590 4445 ltoc
602 4398 697 4447 eutem
711 4388 785 4463 quod
798 4389 880 4446 bomo
892 4388 978 4445 babet
990 4388 1215 4459 humanitatem,
1231 4390 1281 4445 vel
1292 4388 1467 4467 albedinem,
1491 4410 1548 4448 non
1557 4394 1677 4465 probi·
1722 4439 1723 4458 ,

537 4478 621 4536 betur
633 4478 747 4551 aliquid
760 4478 843 4535 aliud
855 4478 960 4535 bebere
974 4496 1057 4550 quam
1075 4477 1282 4535 humanitatem
1295 4478 1347 4535 uel
1363 4480 1534 4537 albedinem.
1551 4480 1590 4537 El
1605 4482 1678 4541 inre·
1722 4477 1723 4568 l

538 4577 582 4625 est
595 4569 685 4637 ratio,
700 4588 790 4642 quare
804 4569 906 4626 albedo
919 4568 969 4626 vel
982 4568 1152 4625 humanitas
1165 4566 1358 4643 significatur
1369 4576 1422 4641 per
1430 4570 1543 4627 modum
1556 4576 1677 4645 partie,

539 4668 566 4715 et
584 4678 640 4715 non
661 4659 856 4731 predicantur
874 4660 910 4715 de
931 4658 1089 4726 eoncrelr'e,
1110 4658 1190 4715 sicet
1215 4676 1268 4713 nec
1288 4677 1346 4715 sua
1365 4666 1438 4733 pers
1459 4660 1495 4717 de
1516 4679 1569 4717 seeo
1596 4671 1675 4721 loto.
1721 4709 1722 4716 ,

540 4746 572 4809 5.
588 4748 729 4819 llromaa,
747 4748 856 4821 Opusc.
872 4755 961 4823 super
972 4748 1106 4805 Bdelirrm
1119 4748 1156 4805 de
1168 4746 1404 4807 Hebdomadibus
1417 4768 1481 4822 cap.
1494 4758 1556 4809 a·
1603 4738 1608 4745 ’

1718 5325 1720 5468 i
