3492 5525
584 473 644 543 954
699 458 823 523 Lotucu
837 456 1065 535 uum-Lu.
1084 472 1154 533 um,
1170 456 1262 521 Dtso.
1275 468 1322 539 4·
1336 454 1416 519 Cup,
1434 470 1508 519 μω

538 647 669 731 angelus
685 648 725 711 ete
741 644 809 711 Deo
826 642 1087 729 cognoscitque
1103 648 1164 719 cst,
1184 640 1258 727 quea
1275 645 1308 707 et
1321 642 1390 724 ipsa
1405 643 1589 708 substantio
1605 662 1656 708 cn

535 754 602 841 geli
613 760 675 835 per
689 769 783 838 quarn
800 751 835 816 ln
859 752 922 817 Dei
942 750 1146 835 cognitionum
1170 750 1315 825 ducitur,
1338 750 1538 833 est-effectus
1562 770 1657 816 causa

538 860 685 927 virtutem
701 878 765 926 nan
782 860 964 943 mannans.
989 858 1079 926 Unde
1095 876 1158 923 non
1175 856 1295 933 omnia,
1315 874 1384 942 mro
1405 856 1440 921 ln
1461 858 1567 941 seipso
1579 860 1658 923 Deus

537 967 702 1050 intelligit,
730 968 859 1050 angelus
886 963 1030 1031 naturali
1054 964 1229 1049 cognitone
1254 970 1362 1045 capere
1384 967 1504 1047 potest;
1534 984 1593 1031 nec
1620 970 1659 1029 ui

536 1076 657 1151 amnia,
689 1092 759 1159 qua
782 1075 910 1157 angelus
936 1071 1078 1139 naturali
1103 1088 1162 1137 sua
1188 1072 1303 1137 virtute
1328 1070 1494 1156 intelligit,
1524 1072 1657 1137 mannua

537 1183 619 1248 rutro
632 1180 745 1265 sufficit
755 1180 919 1262 capienda.
932 1180 1024 1246 Sicut
1035 1178 1286 1263 igiturmanima
1298 1178 1441 1245 amentia
1453 1184 1539 1245 esset
1552 1181 1656 1254 illuto,

536 1288 593 1374 qui
608 1307 657 1365 ca,
676 1306 746 1373 qua
766 1306 787 1353 c
809 1287 992 1370 Philosopbo
1014 1291 1237 1370 proponuntur
1245 1287 1334 1371 falsa
1350 1292 1516 1371 assereret,
1534 1292 1658 1370 propter

536 1398 592 1464 loc
615 1400 758 1482 quocica
785 1402 894 1479 capere
920 1414 983 1460 non
1005 1398 1123 1476 polcsl;
1145 1394 1191 1461 ito
1216 1398 1249 1460 ct
1272 1396 1368 1460 multo
1395 1396 1534 1476 amplius
1558 1398 1658 1461 nimie

536 1504 676 1571 stultitia
693 1505 772 1570 esset
792 1504 895 1579 homo,
916 1502 946 1567 si
960 1520 1012 1577 ro,
1030 1520 1098 1586 quo
1113 1500 1267 1567 diuinitus
1285 1504 1469 1585 angelorum
1487 1504 1657 1568 ministerio

537 1614 736 1688 revelantur,
748 1611 836 1695 falsa
853 1628 917 1675 csse
934 1609 1162 1693 suspicaretur,
1182 1628 1222 1675 ex
1248 1609 1302 1675 hor
1319 1612 1403 1693 quod
1423 1610 1549 1677 ratione
1577 1612 1657 1677 inoe-

406 1762 417 1781 .
534 1719 649 1804 stipari
666 1737 728 1783 non
741 1714 905 1804 possunt(
930 1714 954 1804 ).

603 1831 707 1894 Probe
732 1824 786 1909 4.⁰
806 1842 849 1889 ex
867 1825 984 1889 eodem
1005 1822 1174 1907 Angelico.
1197 1824 1322 1890 Etenim
1341 1822 1422 1889 idem
1438 1826 1650 1910 manifestatur

540 1952 581 1999 eu
597 1934 735 2020 defectu,
764 1949 854 2016 quern
880 1931 914 1996 in
946 1932 1037 1997 rebus
1061 1932 1275 2015 cognoscendus
1300 1931 1437 2016 quouilic
1464 1934 1653 2013 cxpennur.

542 2042 660 2109 Rerum
668 2040 751 2107 enim
761 2038 1112 2122 sensibiliumplurimas
1118 2030 1321 2121 proprietates
1332 2039 1656 2123 ignoramus,··earun-

458 2132 463 2141 '
538 2166 596 2234 que
611 2147 853 2231 proprietatum,
873 2164 952 2231 quas
966 2164 1060 2212 sensu
1076 2147 1348 2229 apprehendimus,
1364 2148 1520 2213 rationem
1528 2150 1657 2235 perfecte

538 2255 573 2321 in
582 2254 729 2339 plurilus
747 2253 890 2320 invenire
907 2272 970 2319 non
983 2260 1159 2335 possumus.
1178 2253 1280 2319 Multo
1302 2254 1402 2337 igilur
1414 2256 1554 2337 anplius
1577 2258 1656 2322 illisu

537 2361 801 2429 excellentissimo
825 2361 1005 2427 substantia
1034 2362 1281 2427 transcendentis
1308 2362 1414 2427 omnia
1447 2363 1655 2449 mnuigtoiuo

537 2471 621 2537 ratio
638 2468 823 2554 investigare
833 2486 897 2535 uon
914 2468 1041 2552 suffieit.
1060 2468 1144 2535 Hinc
1164 2469 1259 2534 elram
1275 2474 1426 2535 conuocat
1452 2471 1576 2538 dulcem
1589 2474 1656 2539 Pli-

538 2578 672 2662 losopln',
691 2578 748 2663 qui
769 2578 900 2653 asserit,
920 2580 1003 2662 quod
1024 2582 1217 2644 intellectus
1235 2592 1354 2646 noster
1374 2586 1424 2646 sic
1443 2604 1482 2647 ee
1500 2588 1607 2649 habet
1619 2589 1654 2649 ad

536 2694 649 2773 prima
671 2693 820 2765 entium,
840 2708 922 2770 quae
941 2699 1023 2753 sunt
1047 2690 1330 2753 maniiestissima
1348 2692 1384 2753 in
1404 2700 1546 2768 natura,
1573 2696 1654 2757 sicut

537 2802 657 2865 oculus
687 2799 942 2878 vespertilionis
973 2795 1016 2861 ad
1047 2799 1169 2861 solem.
1207 2793 1368 2880 (Melapl.,
1406 2797 1463 2861 lib.
1504 2817 1538 2874 2,
1579 2807 1651 2864 text.

537 2903 670 2972 Comm.
693 2900 760 2989 t)(
783 2901 809 2989 ).

582 3028 660 3096 274.
707 3016 811 3077 Dices
846 3007 898 3076 1.⁰
944 3006 1119 3093 Objectum
1157 3009 1339 3075 intellectus
1372 3010 1507 3076 humani
1545 3013 1651 3079 dicitur

538 3138 609 3186 esse
627 3137 683 3184 cns
700 3137 763 3204 qua
782 3119 842 3183 talc
860 3127 915 3182 aut
941 3117 1037 3181 etiarn
1067 3133 1195 3181 verum.
1229 3116 1327 3199 Atqui
1349 3119 1436 3182 nulla
1465 3122 1556 3186 notio
1587 3141 1649 3187 esse

539 3237 664 3313 potest,
683 3245 759 3311 que
778 3243 844 3293 non
862 3225 1065 3291 contineatur
1082 3224 1145 3290 sub
1163 3233 1238 3290 ente
1250 3243 1314 3309 qua
1333 3226 1407 3302 toli,
1429 3245 1570 3312 quaeque
1593 3248 1649 3295 non

539 3336 581 3402 sit
594 3333 726 3419 aliquod
745 3351 873 3398 verum.
895 3331 1020 3416 Ergo...

546 3421 552 3433 ’
605 3449 711 3525 Resp.
731 3440 864 3522 elistlng.
886 3437 1029 3524 primum
1051 3437 1238 3504 membrum
1257 3438 1399 3526 Majoris.
1421 3440 1485 3508 Ens
1509 3459 1573 3528 qua
1596 3446 1650 3509 tale

540 3549 656 3621 dicitur
691 3549 853 3633 objectum
892 3547 1075 3612 intellectus
1103 3548 1237 3612 humani
1257 3547 1538 3632 proportionatum
1575 3571 1648 3634 nep,

539 3657 760 3740 adaquatum,
782 3661 814 3718 et
832 3653 923 3735 quod
942 3662 1122 3737 utcumque
1141 3653 1253 3738 attingi
1269 3655 1388 3738 possit,
1408 3656 1478 3722 sive
1491 3659 1576 3724 clare
1589 3659 1649 3724 sive

540 3765 687 3839 contuse,
707 3760 776 3827 sive
795 3761 925 3845 proprio
943 3771 1102 3844 conceptu
1122 3761 1191 3827 sive
1210 3779 1316 3837 secus,
1336 3778 1422 3828 cone.

607 3872 644 3936 Et
661 3868 847 3936 connatist.
869 3867 949 3934 Min.
970 3868 1066 3934 Nulla
1085 3869 1174 3934 notio
1188 3887 1260 3936 esse
1279 3877 1397 3954 potest,
1414 3889 1488 3955 quae
1502 3890 1567 3939 non
1580 3891 1648 3938 con

541 3981 681 4045 tineatur
698 3975 762 4042 sub
781 3984 856 4042 ente
874 3993 936 4060 quo
951 3976 1020 4051 tali,
1037 3984 1198 4059 quatenus
1212 3978 1341 4062 cognita
1356 3981 1406 4043 vel
1423 3980 1581 4046 intellecta
1593 3981 1647 4046 sub

541 4088 664 4153 ratione
679 4084 765 4149 entis
777 4101 840 4166 qua
855 4082 928 4147 talis
946 4081 1142 4167 intelligatur
1159 4083 1267 4149 omnis
1286 4101 1504 4170 quaecumque
1527 4089 1644 4157 veritus,

540 4211 616 4278 neg.
649 4193 820 4270 Quatenus
847 4190 890 4254 de
922 4189 1065 4273 qualibet
1085 4189 1208 4256 ratione
1239 4193 1402 4275 praedicari
1429 4203 1535 4278 potest
1564 4195 1646 4260 notio

542 4301 643 4377 entis,
659 4318 745 4365 conc.

577 4571 618 4641 (1)
655 4567 689 4626 S.
704 4567 811 4627 Thom.
836 4577 875 4624 1.⁰
895 4564 995 4625 Coulr.
1013 4564 1109 4632 Geut„
1130 4586 1155 4624 c.
1179 4587 1204 4639 3,
1227 4567 1343 4638 Adbuc,
1364 4589 1403 4628 ex
1425 4569 1641 4645 e'ntelligsliliun

541 4659 809 4822 mmmmm.
824 4745 906 4818 suu,
922 4745 1037 4813 oenoe,
1054 4745 1130 4804 roem
1146 4753 1274 4821 amate.
