3492 5525
291 466 405 531 Annio.
435 465 602 545 1.¹³⁸Qurn
624 484 666 530 er
687 462 895 542 Quoruiuex
916 483 1065 531 serenata
1138 464 1199 546 889

17 580 18 584 ,
119 573 912 605 -ψ--ψ--ἰᾷ

116 650 215 726 licus,
250 650 382 735 quando
411 652 483 725 tuse
515 651 629 736 probat
657 650 699 717 de
730 650 863 727 divinis,
890 649 1054 737 quaelidei
1074 650 1230 729 subsunt,

116 757 286 825 scientiam
306 776 379 826 esse
397 777 496 843 posse
514 756 578 847 (r).
636 816 638 819 .

184 866 278 933 Ratio
305 874 415 936 autem
449 866 634 933 assertionis
662 876 728 945 est,
762 868 838 950 quia
867 885 944 933 cum
972 865 1168 951 quaerimus,
1193 885 1234 932 an
1323 894 1343 961 ο.
1377 895 1403 925 „

115 972 294 1058 Theologia
313 981 422 1039 nostra
440 975 482 1043 sit
501 994 577 1039 vere
596 982 628 1040 et
643 974 770 1060 proprie
789 973 940 1051 scientia,
955 994 1078 1041 nomen
1093 973 1235 1055 scientie
1302 965 1326 996 ‘⁸
1337 965 1386 997 '⁰¹¹‘

116 1081 341 1165 usurpandum
360 1082 461 1147 estin
480 1100 518 1147 ea
537 1080 774 1168 significatione
793 1082 938 1167 propria,
959 1082 991 1148 in
1011 1095 1111 1165 quaa
1130 1082 1236 1149 Philo·
1260 1090 1264 1103 '

114 1188 228 1273 sophis
245 1206 375 1273 semper
399 1197 594 1273 usurpatum
613 1198 676 1256 est.
702 1188 791 1255 Sicut
810 1190 943 1275 quando
964 1191 1005 1256 de
1025 1189 1093 1255 Deo
1117 1188 1235 1273 quaeri-

115 1305 186 1372 tur,
202 1304 312 1361 utrum
328 1296 360 1362 in
376 1296 444 1362 Deo
455 1298 496 1364 sit
513 1296 745 1373 misericordia,
757 1296 882 1382 justitia
898 1305 955 1362 aut
970 1297 1032 1375 ira,
1048 1298 1233 1363 secundum

115 1405 345 1489 proprietatem
375 1403 405 1469 id
434 1404 606 1487 quaeritur,
627 1403 794 1489 supposita
823 1405 992 1471 communi
1018 1414 1051 1471 et
1069 1406 1110 1469 ab
1128 1404 1234 1470 omni·

114 1511 178 1577 bus
199 1519 327 1594 recepta
344 1511 461 1577 horum
483 1512 654 1579 nominum
675 1511 926 1597 significatione,
947 1513 1116 1597 supposita
1133 1511 1232 1578 etiam

113 1617 318 1696 definitione,
348 1637 413 1702 qua
437 1619 624 1711 Philosophi
644 1620 760 1685 horum
785 1620 958 1687 nominum
981 1618 1092 1705 propia
1110 1619 1234 1705 signifi·

114 1736 185 1793 cata
203 1727 338 1792 definire
352 1735 605 1793 consueverunt.
623 1727 751 1811 Alioqui
763 1728 940 1813 Theologis
954 1728 1078 1803 liceret,
1093 1728 1133 1793 ad
1149 1745 1235 1794 nova

114 1833 293 1919 signiticata
309 1835 377 1902 haec
392 1835 522 1902 nomina
540 1836 732 1919 detorquere
746 1832 809 1923 (2).
827 1835 929 1920 Atqui
943 1835 1073 1903 scientia
1088 1836 1120 1901 in
1135 1853 1233 1903 sensu

113 1942 225 2007 stricto
244 1952 277 2007 et
296 1941 425 2028 proprio
448 1942 601 2027 importat
624 1942 845 2029 cognitionem
872 1942 1082 2010 discursivam
1102 1944 1234 2010 eviden-

115 2060 195 2115 tem.
219 2048 302 2115 Nam
323 2050 504 2117 secundum
524 2049 659 2136 logicos
678 2050 897 2117 communiter
907 2050 1040 2117 scientia
1055 2050 1181 2136 proprie
1200 2059 1232 2116 et

113 2156 222 2223 stricte
242 2175 298 2243 per
318 2158 632 2225 demonstrationem
649 2150 774 2239 exis'tit;
791 2158 1025 2227 demonstratio
1040 2170 1150 2225 autem
1165 2159 1233 2224 evi-

111 2262 257 2331 dentiam
276 2266 505 2350 principiorum
525 2266 585 2333 sibi
604 2266 756 2333 vindicat.
1115 2349 1118 2356 ‚

179 2372 213 2438 ln
231 2391 341 2449 sensu,
362 2372 515 2457 inquam,
533 2374 660 2455 probem
677 2373 830 2439 cistricto
853 2374 986 2440 scientia
1010 2376 1230 2460 cognitionem

111 2481 323 2548 discursivam
341 2480 526 2546 evidentem
546 2480 713 2565 importat.
728 2482 798 2563 Jam
819 2480 907 2547 enim
927 2500 988 2548 suo
1012 2483 1083 2548 loco
1103 2482 1232 2548 monui·

112 2606 189 2655 mus
207 2587 374 2655 scientiam
395 2588 426 2654 in
446 2587 555 2654 fusiori
577 2588 665 2654 vocis
683 2588 918 2673 significatione
938 2588 1037 2674 accipi
1056 2608 1153 2674 posse
1172 2608 1231 2675 pro

110 2697 226 2781 quavis
245 2694 448 2782 cognitione,
468 2706 501 2764 et
520 2714 579 2780 pro
602 2696 674 2782 ipso
697 2696 861 2764 intellectu
887 2696 1137 2782 principiorum,
1163 2715 1229 2783 qua

112 2805 236 2871 ratione
265 2805 362 2870 etiam
393 2803 522 2880 notitia,
544 2824 644 2890 quam
673 2804 762 2870 Deus
788 2813 821 2870 et
850 2806 967 2891 Angeli
999 2806 1135 2882 habent,
1156 2805 1230 2872 licet

109 2912 374 2979 discursivanon
391 2911 449 2989 sit,
466 2911 598 2978 scientia
617 2913 807 2996 appellatur.
824 2914 869 2979 lta
888 2932 982 2998 ergo,
999 2914 1074 2997 quia
1091 2914 1231 2981 Theolo-

109 3018 223 3106 gia.ex
240 3019 395 3086 omnibus
413 3019 654 3104 cognitionibus
673 3019 837 3086 simillima
855 3033 905 3086 est
923 3020 1077 3097 scientie,
1093 3022 1230 3105 apellata

109 3137 160 3196 est
178 3127 328 3211 scientia,
350 3145 409 3193 nec
428 3136 536 3211 potest
555 3127 706 3212 appellari
729 3127 855 3210 opinio,
878 3145 954 3193 cum
976 3127 1018 3194 sit
1046 3137 1149 3205 certa,
1170 3147 1230 3195 nec

110 3235 206 3314 fides,
228 3233 305 3319 quia
324 3234 425 3300 utitur
443 3232 601 3300 discursu.
1154 3231 1165 3240 '

152 3333 256 3410 Dices
287 3349 335 3410 a.⁰
380 3341 568 3428 Philosophi
597 3340 693 3425 prisci
723 3341 843 3426 passim
869 3341 1095 3410 certitudinem
1122 3346 1227 3411 solam

108 3451 279 3536 requirunt
296 3449 336 3514 ad
354 3447 536 3515 scientiam.
553 3447 637 3534 Ergo
653 3457 760 3533 potest
775 3458 859 3516 stare
878 3449 945 3515 veri
964 3449 1106 3518 nominis
1125 3452 1229 3520 scien·

106 3560 151 3627 tia
171 3559 295 3642 absque
313 3555 486 3624 evidentia.

175 3675 279 3750 Reep.
301 3665 443 3749 ldipsum
472 3664 615 3730 ostendit
639 3665 771 3730 nomine
789 3664 931 3731 scientiae
960 3666 1157 3734 intellectum
1185 3668 1227 3735 ab

106 3776 169 3844 illis
189 3792 261 3840 esse
280 3771 427 3838 habitum
448 3770 652 3847 evidentem,
670 3771 742 3838 ideo
761 3773 848 3838 enim
864 3773 907 3839 ita
926 3791 1013 3857 saepe
1032 3775 1130 3842 locuti
1149 3785 1227 3841 sunt

105 3893 252 3957 veteres,
286 3880 362 3964 quia
393 3879 589 3964 ignorabant
619 3879 847 3948 certitudinem
885 3881 1024 3965 separari
1057 3901 1154 3967 posse
1184 3885 1226 3950 ab

105 3989 284 4058 evidentia:
315 4005 415 4072 quare
443 3988 494 4054 vel
529 3988 632 4053 solam
660 3995 959 4056 commemorantes
984 3990 1223 4069 certitudinem,

105 4099 303 4166 evidentiam
318 4097 417 4162 simul
434 4095 672 4182 intelligebant.
895 4089 898 4093 ’

151 4213 254 4274 Dices
274 4213 324 4272 αθ
370 4203 436 4269 Sed
453 4203 538 4271 sicut
557 4202 790 4288 Philosophum
810 4203 892 4270 circa
910 4205 1136 4273 certitudinem
1155 4225 1226 4273 cor-

105 4315 261 4401 rigimus,
282 4311 493 4377 admittentes
521 4309 669 4378 videlicet
695 4309 923 4378 certitudinem
952 4311 1022 4378 sine
1048 4314 1222 4393 evidentia,

104 4422 221 4507 quidni
240 4419 338 4485 etiam
359 4419 603 4502 persuasionem
625 4426 773 4485 ueterum
792 4419 875 4485 circa
900 4419 1066 4487 scientiam
1085 4421 1224 4510 corriga-

106 4595 373 4612 —————¹-

140 4679 181 4739 (t)
218 4671 251 4731 S.
264 4671 383 4746 Thoan,
400 4667 508 4741 Opuac.
525 4667 562 4726 de
578 4668 685 4727 Trinit.
701 4677 799 4745 super.
815 4669 910 4740 Boot„
925 4689 953 4742 q.
971 4641 1003 4740 a,
1018 4691 1044 4730 a.
1061 4692 1088 4731 a.

140 4763 181 4837 (a)
218 4763 366 4836 vazquez,
385 4759 415 4819 in
434 4765 485 4820 r.'.¹¹
499 4765 584 4831 rattrt.¹
599 4757 675 4832 disp.
689 4777 722 4833 4,
737 4779 799 4832 cap.
815 4781 840 4834 7,
858 4779 888 4818 n.
905 4780 932 4822 a.
