3492 5525
533 453 593 521 686
647 461 773 527 Loorcn
788 461 1017 537 Meron-‘Lm
1035 477 1106 539 ψ,
1122 460 1211 532 Drsr.
1232 474 1273 524 ι.·
1289 460 1368 523 Can.
1388 473 1459 525 alm

538 650 646 725 Oblic.
667 652 717 715 a.⁰
762 644 883 711 Natura
902 647 1045 710 humana
1064 666 1096 711 ν.
1117 664 1152 729 g.
1169 645 1209 709 de
1227 662 1263 709 se
1278 662 1344 709 non
1363 652 1413 708 est
1427 642 1619 707 incommu-

495 750 655 829 nicabilis,
677 756 770 819 secus
790 752 877 817 enim
898 772 964 818 non
983 760 1094 835 posset
1112 751 1328 834 multiplicari.
1350 750 1432 834 Ergo
1450 749 1492 815 de
1511 768 1549 814 se
1566 759 1619 813 est

493 858 782 925 communicabilis.
803 852 887 926 Nam
907 861 989 927 inter
1006 858 1277 926 communicabile
1301 868 1334 923 et
1355 855 1620 923 incommunica-

493 965 557 1031 bile
577 986 643 1031 non
662 966 756 1033 datur
775 965 955 1052 medium(
979 964 1005 1054 ).

559 1080 663 1157 Reep.
679 1074 753 1141 dist.
770 1071 891 1151 antec.'‚
907 1076 949 1139 de
962 1094 997 1139 se
1013 1094 1078 1141 non
1093 1084 1143 1140 est
1158 1071 1488 1147 incommunicabilis,
1502 1070 1536 1136 id
1550 1083 1616 1145 est,

494 1198 560 1245 non
575 1190 625 1254 est
639 1180 712 1247 talis
731 1182 847 1247 indolis
866 1182 1010 1247 humana
1029 1190 1159 1257 natura,
1180 1190 1217 1246 ut
1237 1189 1400 1263 nequeant
1418 1178 1486 1244 dari
1505 1179 1619 1261 plures

493 1288 643 1355 humanae
674 1298 797 1355 naturae
825 1290 984 1357 distinctae
1013 1288 1154 1365 similes,
1183 1307 1269 1353 conc.
1304 1296 1340 1353 ut
1370 1286 1473 1372 possit
1497 1286 1616 1351 eadem

380 1382 385 1395 ’
492 1396 616 1461 realiter
635 1406 748 1462 natura
768 1398 912 1464 humana
930 1416 1002 1463 esse
1020 1397 1053 1463 in
1072 1396 1232 1463 distinctis
1246 1394 1440 1471 individuis,
1455 1412 1522 1477 neg.

558 1502 595 1567 Et
614 1502 710 1569 simili
726 1505 825 1569 modo
839 1504 1000 1588 distinguo
1013 1520 1229 1587 consequens.
1251 1504 1355 1569 lmmo
1368 1511 1481 1585 posset
1503 1502 1617 1584 negari

491 1608 680 1695 simpliciter
696 1614 948 1696 consequentia,
969 1632 1044 1695 quae
1068 1631 1133 1677 non
1154 1619 1238 1677 recte
1259 1611 1348 1686 lluit,
1374 1630 1450 1675 nam
1470 1609 1617 1693 procedit

491 1718 674 1803 anegativa
702 1719 743 1785 ad
770 1718 1010 1785 affirmativam.
1036 1720 1073 1785 Et
1093 1728 1200 1804 potest
1218 1720 1301 1785 bene
1324 1718 1411 1795 steri,
1440 1726 1477 1782 ut
1496 1724 1614 1782 natura

491 1825 634 1893 humana
651 1828 690 1891 de
706 1844 740 1893 se
758 1846 817 1893 nec
837 1827 879 1893 sit
897 1825 1177 1893 communicabilis
1200 1846 1260 1892 nec
1282 1825 1614 1892 incommunicabilis.

489 1930 541 1997 Sic
560 1952 728 2017 perperam
757 1936 982 2012 concluderet,
1004 1936 1060 2019 qui
1079 1934 1122 2001 ita
1141 1933 1394 2000 ratiocinarelur.
1417 1934 1553 1999 Animal
1572 1935 1615 1996 dc

488 2058 521 2105 se
549 2058 613 2105 non
638 2045 688 2107 est
707 2042 903 2109 irrationale.
932 2044 1075 2127 Ergoda
1100 2062 1133 2108 se
1158 2045 1207 2109 est
1225 2042 1391 2109 rationale.
1421 2042 1612 2124 Perpetem,

489 2146 641 2231 inquam,
666 2150 887 2229 concluditur,
908 2151 984 2235 quia
998 2152 1118 2217 animal
1137 2151 1178 2216 de
1197 2169 1249 2226 se,
1269 2168 1327 2215 seu
1342 2168 1383 2215 ex
1402 2160 1518 2217 natura
1535 2166 1611 2224 sua,

490 2275 550 2322 nec
576 2268 625 2323 est
650 2258 802 2323 rationale
830 2278 888 2324 nec
915 2258 1099 2324 irrationale
1124 2256 1187 2345 (a).

536 2344 542 2353 ¹
558 2365 721 2430 Caeterum
742 2367 926 2432 notandum
948 2376 1015 2443 est,
1033 2366 1123 2451 quod
1140 2389 1155 2428 n
1164 2369 1196 2431 in
1213 2364 1480 2449 multiplicatione
1494 2364 1614 2429 indivi·
1688 2404 1693 2413 -

488 2471 628 2538 duorum
646 2473 792 2557 ejusdem
809 2474 926 2558 speciei
942 2492 1008 2539 non
1020 2486 1068 2540 est
1083 2474 1116 2539 in
1127 2492 1162 2538 re
1170 2474 1235 2539 alia
1244 2473 1495 2547 communicatio,
1508 2490 1611 2555 quam

488 2578 675 2647 assimilatio
709 2590 741 2645 et
772 2580 997 2648 convenientia
1028 2582 1178 2665 quaedam
1212 2581 1295 2647 inter
1328 2581 1395 2666 ipsa
1428 2578 1609 2654 individua,

488 2686 574 2751 unde
594 2705 700 2771 neque
716 2698 764 2754 est
779 2686 811 2753 in
828 2700 942 2755 natura
956 2688 1124 2755 communi
1138 2689 1321 2755 secundum
1336 2706 1372 2755 se
1386 2687 1445 2753 alia
1460 2688 1612 2774 aptitudo

489 2803 526 2859 ut
543 2797 804 2862 communicetur
823 2798 955 2874 multis,
983 2816 1084 2881 quam
1115 2797 1156 2864 sit
1184 2797 1216 2862 in
1245 2796 1323 2881 ipsis
1342 2795 1516 2863 individuis
1541 2815 1610 2862 non

489 2903 701 2988 repugnantia
726 2905 863 2972 habendi
883 2906 944 2969 alia
970 2905 1129 2972 similia...
1150 2904 1184 2970 Si
1203 2913 1312 2970 autem
1342 2913 1490 2970 naturam
1510 2922 1610 2988 posse

487 3011 718 3077 communicari
738 3013 850 3078 multis
869 3011 1068 3097 intelligatur
1094 3031 1150 3097 per
1169 3012 1305 3078 modum
1332 3012 1508 3095 superioris
1526 3014 1612 3096 apti·

487 3117 609 3183 tudinis
622 3118 791 3203 cujusdam
812 3130 935 3186 naturae
950 3119 1154 3196 communis,
1176 3138 1345 3204 quaecum
1365 3137 1430 3185 una
1448 3118 1507 3196 sit,
1528 3139 1612 3186 con-

486 3225 621 3309 cipiatur
648 3235 817 3310 tamquam
849 3246 922 3294 sese
950 3229 1187 3311 diffundens'et
1218 3226 1450 3293 communicans
1479 3227 1606 3302 multis,

486 3331 547 3398 hoc
567 3343 616 3398 est
630 3333 862 3420 opusrationis
878 3344 910 3401 et
928 3337 1047 3401 modus
1061 3334 1261 3421 intelligendi
1282 3343 1404 3401 noster:
1424 3353 1502 3399 narn
1520 3333 1555 3400 in
1575 3354 1609 3399 re

486 3439 563 3506 nihil
587 3442 773 3527 hujusmodi
798 3442 974 3520 antecedit,
996 3461 1103 3526 neque
1122 3442 1341 3510 necessarium
1361 3442 1478 3507 estad
1497 3443 1611 3508 multi·

485 3547 690 3632 plicationem
711 3549 954 3617 individuorum
975 3551 1058 3616 inter
1077 3569 1113 3616 se
1133 3549 1315 3616 similium»
1334 3550 1398 3636 (3).

528 3662 637 3739 Objic.
658 3657 711 3726 3.⁰
757 3659 878 3725 Natura
900 3678 966 3724 non
989 3668 1040 3725 est
1058 3659 1099 3724 de
1122 3676 1158 3724 se
1176 3658 1343 3724 individua
1363 3665 1397 3722 et
1419 3658 1607 3744 singularis,

487 3766 545 3830 sed
559 3765 683 3850 indiget
702 3765 809 3850 aliquo
828 3765 1053 3851 superaddito,
1075 3785 1142 3850 quo
1161 3765 1392 3834 individuetur.
1413 3766 1497 3852 Ergo
1512 3768 1554 3832 de
1573 3787 1609 3833 se

484 3881 558 3957 apta
577 3885 644 3949 est,
666 3882 702 3938 ut
721 3892 777 3958 per
796 3873 951 3959 principia
974 3873 1209 3940 individuantia
1227 3875 1436 3941 contrahatur
1453 3872 1486 3940 in
1508 3877 1609 3959 pluri-

483 3979 546 4046 bus
577 3977 768 4056 individuis,
803 3981 870 4047 imo
904 3982 1065 4067 ejusmodi
1098 3982 1351 4048 contractionem
1384 3998 1420 4047 ac
1451 3982 1609 4048 determi-

485 4088 650 4154 nationem
679 4090 833 4172 postulat,
864 4097 901 4156 ut
919 4089 1023 4174 possit
1049 4088 1202 4167 existere,
1232 4089 1307 4173 quia
1333 4088 1447 4174 nequit
1465 4089 1608 4158 existere

483 4196 642 4262 abstracta
662 4195 732 4284 (4).

519 4487 559 4548 (ι)
595 4481 670 4541 Vide
680 4481 758 4554 apud
769 4479 856 4540 Suar.
869 4481 919 4549 ib.,
934 4493 1003 4540 sect.
1014 4501 1039 4549 a,
1054 4501 1084 4541 n.
1094 4483 1123 4539 6.

519 4578 560 4643 (a)
596 4570 693 4642 Suam,
703 4572 742 4630 ib.
758 4583 827 4631 sect.
844 4589 869 4646 5.
883 4593 915 4631 n.
928 4593 960 4644 33
974 4585 1042 4631 sect.
1059 4593 1091 4646 4.
1106 4592 1136 4634 n.
1151 4592 1193 4631 ra.

519 4665 560 4733 (3)
596 4659 695 4730 Suam,
712 4661 751 4718 ib.
769 4673 838 4720 sect.
856 4680 885 4735 4,
901 4682 932 4720 n.
953 4682 993 4734 13,
1011 4660 1042 4720 in
1055 4661 1124 4721 fine.

518 4749 563 4826 (4)
599 4749 686 4824 Apud
702 4749 801 4822 Suam,
817 4749 857 4810 ib.
871 4763 943 4822 sect.
958 4770 986 4820 a,
1002 4752 1068 4810 ne.
