<?xml version="1.0" encoding="UTF-8"?>
<!DOCTYPE html PUBLIC "-//W3C//DTD XHTML 1.0 Transitional//EN"
    "http://www.w3.org/TR/xhtml1/DTD/xhtml1-transitional.dtd">
<html xmlns="http://www.w3.org/1999/xhtml" xml:lang="en" lang="en">
 <head>
  <title>
</title>
<meta http-equiv="Content-Type" content="text/html;charset=utf-8" />
  <meta name='ocr-system' content='tesseract 3.04.00' />
  <meta name='ocr-capabilities' content='ocr_page ocr_carea ocr_par ocr_line ocrx_word'/>
</head>
<body>
  <div class='ocr_page' id='page_1' title='image "./institutionesph00urrgoog/institutionesph00urrgoog_1042.png"; bbox 0 0 3492 5525; ppageno 0'>
   <div class='ocr_carea' id='block_1_1' title="bbox 336 3777 473 3880">
    <p class='ocr_par' dir='ltr' id='par_1_1' title="bbox 336 3777 473 3880">
     <span class='ocr_line' id='line_1_1' title="bbox 336 3777 473 3880; baseline 0 -10"><span class='ocrx_word' id='word_1_1' title='bbox 336 3777 473 3880; x_wconf 61' lang='lat' dir='ltr'>Reprobatur</span> 
     </span>
    </p>
   </div>
   <div class='ocr_carea' id='block_1_2' title="bbox 566 356 1483 479">
    <p class='ocr_par' dir='ltr' id='par_1_2' title="bbox 566 356 1483 479">
     <span class='ocr_line' id='line_1_2' title="bbox 566 356 1483 479; baseline 0.002 -22"><span class='ocrx_word' id='word_1_2' title='bbox 566 356 642 458; x_wconf 78' lang='lat' dir='ltr'>roaa</span> <span class='ocrx_word' id='word_1_3' title='bbox 686 396 808 460; x_wconf 80' lang='lat' dir='ltr'>Locren</span> <span class='ocrx_word' id='word_1_4' title='bbox 823 398 1052 471; x_wconf 72' lang='lat' dir='ltr'>Maron-Lm.</span> <span class='ocrx_word' id='word_1_5' title='bbox 1070 411 1140 460; x_wconf 64' lang='grc' dir='ltr'>ψ.</span> <span class='ocrx_word' id='word_1_6' title='bbox 1155 398 1241 460; x_wconf 76' lang='lat' dir='ltr'>Drsr.</span> <span class='ocrx_word' id='word_1_7' title='bbox 1259 410 1304 479; x_wconf 75' lang='lat'>4·</span> <span class='ocrx_word' id='word_1_8' title='bbox 1317 398 1395 461; x_wconf 74' lang='lat' dir='ltr'>Can.</span> <span class='ocrx_word' id='word_1_9' title='bbox 1414 410 1483 477; x_wconf 55' lang='lat'>3³⁸⁰</span> 
     </span>
    </p>
   </div>
   <div class='ocr_carea' id='block_1_3' title="bbox 517 573 1644 3675">
    <p class='ocr_par' dir='ltr' id='par_1_3' title="bbox 520 573 1644 1643">
     <span class='ocr_line' id='line_1_3' title="bbox 522 573 1644 665; baseline -0.005 -22"><span class='ocrx_word' id='word_1_10' title='bbox 522 577 681 645; x_wconf 81' lang='lat' dir='ltr'>artificum</span> <span class='ocrx_word' id='word_1_11' title='bbox 701 580 889 647; x_wconf 77' lang='lat' dir='ltr'>auctoritate</span> <span class='ocrx_word' id='word_1_12' title='bbox 907 598 983 647; x_wconf 85' lang='lat' dir='ltr'>suas</span> <span class='ocrx_word' id='word_1_13' title='bbox 1001 581 1155 665; x_wconf 86' lang='lat' dir='ltr'>colligant</span> <span class='ocrx_word' id='word_1_14' title='bbox 1173 582 1313 665; x_wconf 81' lang='lat' dir='ltr'>regulas.</span> <span class='ocrx_word' id='word_1_15' title='bbox 1328 580 1424 645; x_wconf 84' lang='lat' dir='ltr'>Artes</span> <span class='ocrx_word' id='word_1_16' title='bbox 1444 578 1540 643; x_wconf 87' lang='lat' dir='ltr'>etiam</span> <span class='ocrx_word' id='word_1_17' title='bbox 1567 573 1644 639; x_wconf 87' lang='lat' dir='ltr'>libe·</span> 
     </span>
     <span class='ocr_line' id='line_1_4' title="bbox 523 683 1642 769; baseline -0.004 -20"><span class='ocrx_word' id='word_1_18' title='bbox 523 687 603 751; x_wconf 91' lang='lat' dir='ltr'>rales</span> <span class='ocrx_word' id='word_1_19' title='bbox 618 687 775 769; x_wconf 87' lang='lat' dir='ltr'>practicae,</span> <span class='ocrx_word' id='word_1_20' title='bbox 788 696 824 755; x_wconf 93' lang='lat' dir='ltr'>ut</span> <span class='ocrx_word' id='word_1_21' title='bbox 839 686 1070 764; x_wconf 85' lang='lat' dir='ltr'>Grammatica,</span> <span class='ocrx_word' id='word_1_22' title='bbox 1083 688 1254 755; x_wconf 78' lang='lat' dir='ltr'><strong>Rhetorica</strong></span> <span class='ocrx_word' id='word_1_23' title='bbox 1263 696 1296 754; x_wconf 95' lang='lat' dir='ltr'>et</span> <span class='ocrx_word' id='word_1_24' title='bbox 1306 686 1446 762; x_wconf 70' lang='lat' dir='ltr'>Poetica,</span> <span class='ocrx_word' id='word_1_25' title='bbox 1460 704 1524 750; x_wconf 90' lang='lat' dir='ltr'>non</span> <span class='ocrx_word' id='word_1_26' title='bbox 1537 683 1642 749; x_wconf 89' lang='lat' dir='ltr'>solent</span> 
     </span>
     <span class='ocr_line' id='line_1_5' title="bbox 521 790 1642 881; baseline -0.004 -24"><span class='ocrx_word' id='word_1_27' title='bbox 521 800 629 877; x_wconf 89' lang='lat' dir='ltr'>partes</span> <span class='ocrx_word' id='word_1_28' title='bbox 641 793 854 878; x_wconf 86' lang='lat' dir='ltr'>Philosophiae</span> <span class='ocrx_word' id='word_1_29' title='bbox 874 795 1030 881; x_wconf 87' lang='lat' dir='ltr'>reputari,</span> <span class='ocrx_word' id='word_1_30' title='bbox 1047 796 1123 878; x_wconf 87' lang='lat' dir='ltr'>quia</span> <span class='ocrx_word' id='word_1_31' title='bbox 1142 814 1207 861; x_wconf 89' lang='lat' dir='ltr'>non</span> <span class='ocrx_word' id='word_1_32' title='bbox 1229 804 1408 863; x_wconf 78' lang='lat' dir='ltr'>tractantur</span> <span class='ocrx_word' id='word_1_33' title='bbox 1423 792 1524 859; x_wconf 91' lang='lat' dir='ltr'>modo</span> <span class='ocrx_word' id='word_1_34' title='bbox 1539 790 1642 875; x_wconf 88' lang='lat' dir='ltr'>philo·</span> 
     </span>
     <span class='ocr_line' id='line_1_6' title="bbox 521 898 1640 985; baseline -0.005 -20"><span class='ocrx_word' id='word_1_35' title='bbox 521 900 654 983; x_wconf 90' lang='lat' dir='ltr'>sophico</span> <span class='ocrx_word' id='word_1_36' title='bbox 666 909 699 965; x_wconf 91' lang='lat' dir='ltr'>et</span> <span class='ocrx_word' id='word_1_37' title='bbox 711 902 980 968; x_wconf 88' lang='lat' dir='ltr'>demonstrativo.</span> <span class='ocrx_word' id='word_1_38' title='bbox 998 902 1034 967; x_wconf 86' lang='lat' dir='ltr'>Et</span> <span class='ocrx_word' id='word_1_39' title='bbox 1050 901 1266 969; x_wconf 83' lang='lat' dir='ltr'>Grammatica</span> <span class='ocrx_word' id='word_1_40' title='bbox 1284 902 1419 985; x_wconf 89' lang='lat' dir='ltr'>quidem</span> <span class='ocrx_word' id='word_1_41' title='bbox 1435 902 1476 966; x_wconf 90' lang='lat' dir='ltr'>ad</span> <span class='ocrx_word' id='word_1_42' title='bbox 1494 898 1640 983; x_wconf 86' lang='lat' dir='ltr'>peritiam</span> 
     </span>
     <span class='ocr_line' id='line_1_7' title="bbox 521 1006 1639 1093; baseline -0.004 -21"><span class='ocrx_word' id='word_1_43' title='bbox 521 1006 682 1075; x_wconf 89' lang='lat' dir='ltr'>sermonis</span> <span class='ocrx_word' id='word_1_44' title='bbox 696 1010 949 1093; x_wconf 89' lang='lat' dir='ltr'>comparandam</span> <span class='ocrx_word' id='word_1_45' title='bbox 975 1010 1122 1077; x_wconf 89' lang='lat' dir='ltr'>instituta</span> <span class='ocrx_word' id='word_1_46' title='bbox 1150 1019 1210 1087; x_wconf 88' lang='lat' dir='ltr'>est,</span> <span class='ocrx_word' id='word_1_47' title='bbox 1235 1008 1407 1076; x_wconf 87' lang='lat' dir='ltr'>Rethorica</span> <span class='ocrx_word' id='word_1_48' title='bbox 1428 1010 1470 1075; x_wconf 93' lang='lat' dir='ltr'>ad</span> <span class='ocrx_word' id='word_1_49' title='bbox 1494 1006 1639 1088; x_wconf 83' lang='lat' dir='ltr'>eiusdem</span> 
     </span>
     <span class='ocr_line' id='line_1_8' title="bbox 520 1114 1637 1203; baseline 0.005 -24"><span class='ocrx_word' id='word_1_50' title='bbox 520 1126 671 1181; x_wconf 90' lang='lat' dir='ltr'>ornatum</span> <span class='ocrx_word' id='word_1_51' title='bbox 697 1125 731 1182; x_wconf 90' lang='lat' dir='ltr'>et</span> <span class='ocrx_word' id='word_1_52' title='bbox 749 1117 958 1202; x_wconf 82' lang='lat' dir='ltr'>elegantiam,</span> <span class='ocrx_word' id='word_1_53' title='bbox 980 1135 1143 1203; x_wconf 87' lang='lat' dir='ltr'>usumque</span> <span class='ocrx_word' id='word_1_54' title='bbox 1163 1126 1276 1203; x_wconf 90' lang='lat' dir='ltr'>aptum</span> <span class='ocrx_word' id='word_1_55' title='bbox 1297 1118 1336 1183; x_wconf 87' lang='lat' dir='ltr'>ad</span> <span class='ocrx_word' id='word_1_56' title='bbox 1361 1114 1637 1201; x_wconf 84' lang='lat' dir='ltr'>persuadendum.</span> 
     </span>
     <span class='ocr_line' id='line_1_9' title="bbox 521 1222 1640 1309; baseline -0.003 -21"><span class='ocrx_word' id='word_1_57' title='bbox 521 1222 631 1289; x_wconf 74' lang='lat' dir='ltr'>poesis</span> <span class='ocrx_word' id='word_1_58' title='bbox 642 1225 782 1308; x_wconf 85' lang='lat' dir='ltr'>denique</span> <span class='ocrx_word' id='word_1_59' title='bbox 796 1226 912 1309; x_wconf 85' lang='lat' dir='ltr'>quaerit</span> <span class='ocrx_word' id='word_1_60' title='bbox 924 1226 1122 1292; x_wconf 90' lang='lat' dir='ltr'>locutionem</span> <span class='ocrx_word' id='word_1_61' title='bbox 1137 1226 1416 1292; x_wconf 83' lang='lat' dir='ltr'>accommodatam</span> <span class='ocrx_word' id='word_1_62' title='bbox 1427 1225 1467 1291; x_wconf 92' lang='lat' dir='ltr'>ad</span> <span class='ocrx_word' id='word_1_63' title='bbox 1479 1224 1640 1290; x_wconf 88' lang='lat' dir='ltr'>delectan-</span> 
     </span>
     <span class='ocr_line' id='line_1_10' title="bbox 520 1330 1637 1418; baseline -0.002 -23"><span class='ocrx_word' id='word_1_64' title='bbox 520 1330 612 1396; x_wconf 91' lang='lat' dir='ltr'>dum:</span> <span class='ocrx_word' id='word_1_65' title='bbox 629 1341 661 1397; x_wconf 90' lang='lat' dir='ltr'>et</span> <span class='ocrx_word' id='word_1_66' title='bbox 679 1342 849 1418; x_wconf 90' lang='lat' dir='ltr'>propterea</span> <span class='ocrx_word' id='word_1_67' title='bbox 867 1344 952 1401; x_wconf 89' lang='lat' dir='ltr'>artes</span> <span class='ocrx_word' id='word_1_68' title='bbox 972 1334 1190 1400; x_wconf 84' lang='lat' dir='ltr'>sermocinales</span> <span class='ocrx_word' id='word_1_69' title='bbox 1214 1344 1383 1401; x_wconf 87' lang='lat' dir='ltr'>vocantur.</span> <span class='ocrx_word' id='word_1_70' title='bbox 1400 1332 1523 1398; x_wconf 90' lang='lat' dir='ltr'>Verum</span> <span class='ocrx_word' id='word_1_71' title='bbox 1544 1330 1637 1396; x_wconf 89' lang='lat' dir='ltr'>estin</span> 
     </span>
     <span class='ocr_line' id='line_1_11' title="bbox 520 1437 1639 1526; baseline 0 -23"><span class='ocrx_word' id='word_1_72' title='bbox 520 1437 689 1506; x_wconf 82' lang='lat' dir='ltr'>Rhetorica</span> <span class='ocrx_word' id='word_1_73' title='bbox 712 1442 804 1525; x_wconf 91' lang='lat' dir='ltr'>plura</span> <span class='ocrx_word' id='word_1_74' title='bbox 817 1442 899 1509; x_wconf 89' lang='lat' dir='ltr'>tradi</span> <span class='ocrx_word' id='word_1_75' title='bbox 918 1460 1004 1526; x_wconf 83' lang='lat' dir='ltr'>saepe</span> <span class='ocrx_word' id='word_1_76' title='bbox 1024 1442 1258 1526; x_wconf 90' lang='lat' dir='ltr'>philosophica;</span> <span class='ocrx_word' id='word_1_77' title='bbox 1274 1462 1312 1507; x_wconf 90' lang='lat' dir='ltr'>ea</span> <span class='ocrx_word' id='word_1_78' title='bbox 1325 1453 1435 1509; x_wconf 88' lang='lat' dir='ltr'>tamen</span> <span class='ocrx_word' id='word_1_79' title='bbox 1456 1442 1522 1505; x_wconf 84' lang='lat' dir='ltr'>iere</span> <span class='ocrx_word' id='word_1_80' title='bbox 1544 1440 1639 1503; x_wconf 90' lang='lat' dir='ltr'>desu-</span> 
     </span>
     <span class='ocr_line' id='line_1_12' title="bbox 521 1549 1195 1643; baseline 0.004 -31"><span class='ocrx_word' id='word_1_81' title='bbox 521 1555 656 1613; x_wconf 91' lang='lat' dir='ltr'>muntur</span> <span class='ocrx_word' id='word_1_82' title='bbox 667 1568 708 1613; x_wconf 87' lang='lat' dir='ltr'>ex</span> <span class='ocrx_word' id='word_1_83' title='bbox 719 1549 788 1615; x_wconf 91' lang='lat' dir='ltr'>aliis</span> <span class='ocrx_word' id='word_1_84' title='bbox 803 1550 949 1634; x_wconf 88' lang='lat' dir='ltr'>partibus</span> <span class='ocrx_word' id='word_1_85' title='bbox 967 1549 1195 1643; x_wconf 84' lang='lat' dir='ltr'>Philosophiae.</span> 
     </span>
    </p>

    <p class='ocr_par' dir='ltr' id='par_1_4' title="bbox 519 1651 1637 2279">
     <span class='ocr_line' id='line_1_13' title="bbox 586 1651 1636 1742; baseline -0.002 -24"><span class='ocrx_word' id='word_1_86' title='bbox 586 1652 618 1719; x_wconf 88' lang='lat' dir='ltr'>Si</span> <span class='ocrx_word' id='word_1_87' title='bbox 634 1654 707 1738; x_wconf 89' lang='lat' dir='ltr'>quis</span> <span class='ocrx_word' id='word_1_88' title='bbox 720 1665 831 1722; x_wconf 90' lang='lat' dir='ltr'>tamen</span> <span class='ocrx_word' id='word_1_89' title='bbox 846 1658 905 1723; x_wconf 87' lang='lat' dir='ltr'>has</span> <span class='ocrx_word' id='word_1_90' title='bbox 920 1657 1106 1742; x_wconf 89' lang='lat' dir='ltr'>disciplinas</span> <span class='ocrx_word' id='word_1_91' title='bbox 1120 1658 1259 1725; x_wconf 89' lang='lat' dir='ltr'>traderet</span> <span class='ocrx_word' id='word_1_92' title='bbox 1274 1655 1508 1741; x_wconf 84' lang='lat' dir='ltr'>philosophice,</span> <span class='ocrx_word' id='word_1_93' title='bbox 1529 1651 1636 1719; x_wconf 86' lang='lat' dir='ltr'>omnia</span> 
     </span>
     <span class='ocr_line' id='line_1_14' title="bbox 521 1760 1635 1849; baseline -0.002 -24"><span class='ocrx_word' id='word_1_94' title='bbox 521 1779 578 1844; x_wconf 92' lang='lat' dir='ltr'>per</span> <span class='ocrx_word' id='word_1_95' title='bbox 595 1780 709 1827; x_wconf 85' lang='lat' dir='ltr'>causas</span> <span class='ocrx_word' id='word_1_96' title='bbox 719 1764 851 1829; x_wconf 90' lang='lat' dir='ltr'>ultimas</span> <span class='ocrx_word' id='word_1_97' title='bbox 861 1764 1131 1840; x_wconf 86' lang='lat' dir='ltr'>demonstrando,</span> <span class='ocrx_word' id='word_1_98' title='bbox 1149 1772 1260 1849; x_wconf 90' lang='lat' dir='ltr'>posset</span> <span class='ocrx_word' id='word_1_99' title='bbox 1275 1764 1344 1829; x_wconf 91' lang='lat' dir='ltr'>illas</span> <span class='ocrx_word' id='word_1_100' title='bbox 1363 1763 1481 1829; x_wconf 86' lang='lat' dir='ltr'>addere</span> <span class='ocrx_word' id='word_1_101' title='bbox 1494 1760 1635 1846; x_wconf 89' lang='lat' dir='ltr'>partibus</span> 
     </span>
     <span class='ocr_line' id='line_1_15' title="bbox 521 1866 1637 1955; baseline -0.003 -22"><span class='ocrx_word' id='word_1_102' title='bbox 521 1868 734 1953; x_wconf 70' lang='lat' dir='ltr'>philosophia</span> <span class='ocrx_word' id='word_1_103' title='bbox 760 1871 918 1955; x_wconf 82' lang='lat' dir='ltr'>practicae.</span> <span class='ocrx_word' id='word_1_104' title='bbox 948 1870 986 1936; x_wconf 87' lang='lat' dir='ltr'>Et</span> <span class='ocrx_word' id='word_1_105' title='bbox 1004 1871 1051 1936; x_wconf 90' lang='lat' dir='ltr'>sic</span> <span class='ocrx_word' id='word_1_106' title='bbox 1069 1868 1102 1935; x_wconf 92' lang='lat' dir='ltr'>in</span> <span class='ocrx_word' id='word_1_107' title='bbox 1133 1872 1295 1939; x_wconf 84' lang='lat' dir='ltr'>Platonica</span> <span class='ocrx_word' id='word_1_108' title='bbox 1321 1869 1535 1953; x_wconf 84' lang='lat' dir='ltr'>Philosophiae</span> <span class='ocrx_word' id='word_1_109' title='bbox 1557 1866 1637 1931; x_wconf 87' lang='lat' dir='ltr'>divi·</span> 
     </span>
     <span class='ocr_line' id='line_1_16' title="bbox 520 1972 1631 2062; baseline -0.002 -23"><span class='ocrx_word' id='word_1_110' title='bbox 520 1974 623 2050; x_wconf 90' lang='lat' dir='ltr'>sione,</span> <span class='ocrx_word' id='word_1_111' title='bbox 644 1976 707 2041; x_wconf 92' lang='lat' dir='ltr'>sub</span> <span class='ocrx_word' id='word_1_112' title='bbox 724 1976 879 2042; x_wconf 82' lang='lat' dir='ltr'>rationali</span> <span class='ocrx_word' id='word_1_113' title='bbox 905 1977 1148 2062; x_wconf 80' lang='lat' dir='ltr'>comprehendi,</span> <span class='ocrx_word' id='word_1_114' title='bbox 1171 1986 1286 2062; x_wconf 85' lang='lat' dir='ltr'>praeter</span> <span class='ocrx_word' id='word_1_115' title='bbox 1306 1978 1469 2061; x_wconf 80' lang='lat' dir='ltr'>logicam,</span> <span class='ocrx_word' id='word_1_116' title='bbox 1491 1972 1631 2041; x_wconf 88' lang='lat' dir='ltr'>Rhetori-</span> 
     </span>
     <span class='ocr_line' id='line_1_17' title="bbox 519 2080 1634 2171; baseline -0.003 -24"><span class='ocrx_word' id='word_1_117' title='bbox 519 2100 604 2160; x_wconf 84' lang='lat' dir='ltr'>cam,</span> <span class='ocrx_word' id='word_1_118' title='bbox 625 2083 753 2149; x_wconf 79' lang='lat' dir='ltr'>Pdesim</span> <span class='ocrx_word' id='word_1_119' title='bbox 772 2092 806 2149; x_wconf 91' lang='lat' dir='ltr'>et</span> <span class='ocrx_word' id='word_1_120' title='bbox 829 2084 1083 2152; x_wconf 87' lang='lat' dir='ltr'>Grammaticam</span> <span class='ocrx_word' id='word_1_121' title='bbox 1112 2086 1207 2152; x_wconf 92' lang='lat' dir='ltr'>docet</span> <span class='ocrx_word' id='word_1_122' title='bbox 1240 2086 1275 2153; x_wconf 87' lang='lat' dir='ltr'>S.</span> <span class='ocrx_word' id='word_1_123' title='bbox 1307 2085 1527 2171; x_wconf 88' lang='lat' dir='ltr'>llieronymus</span> <span class='ocrx_word' id='word_1_124' title='bbox 1550 2080 1634 2166; x_wconf 90' lang='lat' dir='ltr'>apud</span> 
     </span>
     <span class='ocr_line' id='line_1_18' title="bbox 520 2188 911 2279; baseline 0.015 -26"><span class='ocrx_word' id='word_1_125' title='bbox 520 2188 727 2257; x_wconf 89' lang='lat' dir='ltr'>Dominicum</span> <span class='ocrx_word' id='word_1_126' title='bbox 747 2190 829 2257; x_wconf 86' lang='lat' dir='ltr'>Soto</span> <span class='ocrx_word' id='word_1_127' title='bbox 847 2188 911 2279; x_wconf 91' lang='lat' dir='ltr'>(r).</span> 
     </span>
    </p>

    <p class='ocr_par' dir='ltr' id='par_1_5' title="bbox 518 2296 1635 2595">
     <span class='ocr_line' id='line_1_19' title="bbox 584 2296 1633 2383; baseline -0.004 -20"><span class='ocrx_word' id='word_1_128' title='bbox 584 2303 700 2364; x_wconf 80' lang='lat' dir='ltr'>Dices:</span> <span class='ocrx_word' id='word_1_129' title='bbox 720 2299 949 2365; x_wconf 89' lang='lat' dir='ltr'>Mathematica</span> <span class='ocrx_word' id='word_1_130' title='bbox 968 2300 1083 2366; x_wconf 90' lang='lat' dir='ltr'>saltem</span> <span class='ocrx_word' id='word_1_131' title='bbox 1111 2301 1222 2383; x_wconf 84' lang='lat' dir='ltr'>quoad</span> <span class='ocrx_word' id='word_1_132' title='bbox 1240 2309 1363 2383; x_wconf 89' lang='lat' dir='ltr'>partem</span> <span class='ocrx_word' id='word_1_133' title='bbox 1393 2317 1459 2365; x_wconf 91' lang='lat' dir='ltr'>non</span> <span class='ocrx_word' id='word_1_134' title='bbox 1484 2296 1633 2381; x_wconf 84' lang='lat' dir='ltr'>exiguam</span> 
     </span>
     <span class='ocr_line' id='line_1_20' title="bbox 520 2403 1635 2491; baseline -0.002 -23"><span class='ocrx_word' id='word_1_135' title='bbox 520 2404 657 2486; x_wconf 89' lang='lat' dir='ltr'>practica</span> <span class='ocrx_word' id='word_1_136' title='bbox 681 2416 744 2471; x_wconf 89' lang='lat' dir='ltr'>est.</span> <span class='ocrx_word' id='word_1_137' title='bbox 765 2406 848 2491; x_wconf 82' lang='lat' dir='ltr'>Ergo</span> <span class='ocrx_word' id='word_1_138' title='bbox 868 2420 1044 2491; x_wconf 86' lang='lat' dir='ltr'>perperam·</span> <span class='ocrx_word' id='word_1_139' title='bbox 1059 2415 1242 2477; x_wconf 87' lang='lat' dir='ltr'>recensetur</span> <span class='ocrx_word' id='word_1_140' title='bbox 1265 2406 1348 2473; x_wconf 86' lang='lat' dir='ltr'>intra</span> <span class='ocrx_word' id='word_1_141' title='bbox 1366 2406 1513 2472; x_wconf 88' lang='lat' dir='ltr'>membra</span> <span class='ocrx_word' id='word_1_142' title='bbox 1531 2403 1635 2469; x_wconf 78' lang='lat' dir='ltr'>Philo</span> 
     </span>
     <span class='ocr_line' id='line_1_21' title="bbox 518 2511 871 2595; baseline 0.014 -20"><span class='ocrx_word' id='word_1_143' title='bbox 518 2511 643 2594; x_wconf 87' lang='lat' dir='ltr'>sophiae</span> <span class='ocrx_word' id='word_1_144' title='bbox 660 2513 871 2595; x_wconf 85' lang='lat' dir='ltr'>speculativa.</span> 
     </span>
    </p>

    <p class='ocr_par' dir='ltr' id='par_1_6' title="bbox 517 2618 1632 3675">
     <span class='ocr_line' id='line_1_22' title="bbox 584 2618 1632 2705; baseline -0.005 -21"><span class='ocrx_word' id='word_1_145' title='bbox 584 2624 689 2701; x_wconf 84' lang='lat' dir='ltr'>Reep.</span> <span class='ocrx_word' id='word_1_146' title='bbox 709 2627 835 2685; x_wconf 91' lang='lat' dir='ltr'>certum</span> <span class='ocrx_word' id='word_1_147' title='bbox 855 2629 904 2685; x_wconf 93' lang='lat' dir='ltr'>est</span> <span class='ocrx_word' id='word_1_148' title='bbox 922 2622 1081 2705; x_wconf 86' lang='lat' dir='ltr'>quasdam</span> <span class='ocrx_word' id='word_1_149' title='bbox 1100 2640 1173 2689; x_wconf 89' lang='lat' dir='ltr'>esse</span> <span class='ocrx_word' id='word_1_150' title='bbox 1192 2621 1226 2691; x_wconf 93' lang='lat' dir='ltr'>in</span> <span class='ocrx_word' id='word_1_151' title='bbox 1245 2620 1381 2689; x_wconf 88' lang='lat' dir='ltr'>Mathesi</span> <span class='ocrx_word' id='word_1_152' title='bbox 1411 2618 1632 2685; x_wconf 86' lang='lat' dir='ltr'>conclusiones</span> 
     </span>
     <span class='ocr_line' id='line_1_23' title="bbox 518 2724 1632 2815; baseline -0.003 -25"><span class='ocrx_word' id='word_1_153' title='bbox 518 2725 685 2809; x_wconf 88' lang='lat' dir='ltr'>practicas,</span> <span class='ocrx_word' id='word_1_154' title='bbox 706 2737 739 2793; x_wconf 94' lang='lat' dir='ltr'>et</span> <span class='ocrx_word' id='word_1_155' title='bbox 757 2727 835 2794; x_wconf 86' lang='lat' dir='ltr'>alias</span> <span class='ocrx_word' id='word_1_156' title='bbox 854 2728 1177 2814; x_wconf 86' lang='lat' dir='ltr'>speculativas,·quae</span> <span class='ocrx_word' id='word_1_157' title='bbox 1200 2730 1448 2815; x_wconf 78' lang='lat' dir='ltr'>distinguuntur</span> <span class='ocrx_word' id='word_1_158' title='bbox 1460 2728 1493 2794; x_wconf 89' lang='lat' dir='ltr'>in</span> <span class='ocrx_word' id='word_1_159' title='bbox 1508 2724 1632 2811; x_wconf 87' lang='lat' dir='ltr'>proble-</span> 
     </span>
     <span class='ocr_line' id='line_1_24' title="bbox 518 2833 1629 2922; baseline -0.003 -24"><span class='ocrx_word' id='word_1_160' title='bbox 518 2841 606 2899; x_wconf 85' lang='lat' dir='ltr'>mata</span> <span class='ocrx_word' id='word_1_161' title='bbox 623 2842 656 2898; x_wconf 89' lang='lat' dir='ltr'>et</span> <span class='ocrx_word' id='word_1_162' title='bbox 675 2835 887 2903; x_wconf 85' lang='lat' dir='ltr'>theoremata.</span> <span class='ocrx_word' id='word_1_163' title='bbox 918 2835 1012 2903; x_wconf 87' lang='lat' dir='ltr'>Unde</span> <span class='ocrx_word' id='word_1_164' title='bbox 1035 2845 1210 2922; x_wconf 84' lang='lat' dir='ltr'>spectatata</span> <span class='ocrx_word' id='word_1_165' title='bbox 1233 2840 1294 2904; x_wconf 88' lang='lat' dir='ltr'>hac</span> <span class='ocrx_word' id='word_1_166' title='bbox 1319 2847 1450 2916; x_wconf 86' lang='lat' dir='ltr'>actuum</span> <span class='ocrx_word' id='word_1_167' title='bbox 1479 2833 1629 2900; x_wconf 91' lang='lat' dir='ltr'>varietate</span> 
     </span>
     <span class='ocr_line' id='line_1_25' title="bbox 518 2938 1631 3030; baseline 0 -26"><span class='ocrx_word' id='word_1_168' title='bbox 518 2947 551 3004; x_wconf 90' lang='lat' dir='ltr'>et</span> <span class='ocrx_word' id='word_1_169' title='bbox 568 2941 645 3016; x_wconf 88' lang='lat' dir='ltr'>line,</span> <span class='ocrx_word' id='word_1_170' title='bbox 667 2943 709 3006; x_wconf 94' lang='lat' dir='ltr'>ad</span> <span class='ocrx_word' id='word_1_171' title='bbox 727 2961 828 3024; x_wconf 87' lang='lat' dir='ltr'>quern</span> <span class='ocrx_word' id='word_1_172' title='bbox 848 2963 937 3030; x_wconf 87' lang='lat' dir='ltr'>saepe</span> <span class='ocrx_word' id='word_1_173' title='bbox 956 2943 1103 3028; x_wconf 85' lang='lat' dir='ltr'>dirigitur</span> <span class='ocrx_word' id='word_1_174' title='bbox 1116 2945 1287 3021; x_wconf 86' lang='lat' dir='ltr'>Mathesis,</span> <span class='ocrx_word' id='word_1_175' title='bbox 1307 2953 1343 3009; x_wconf 90' lang='lat' dir='ltr'>ut</span> <span class='ocrx_word' id='word_1_176' title='bbox 1356 2961 1433 3010; x_wconf 92' lang='lat' dir='ltr'>curn</span> <span class='ocrx_word' id='word_1_177' title='bbox 1450 2961 1481 3006; x_wconf 70' lang='grc' dir='ltr'>ν’.</span> <span class='ocrx_word' id='word_1_178' title='bbox 1493 2961 1527 3025; x_wconf 82' lang='lat' dir='ltr'>g.</span> <span class='ocrx_word' id='word_1_179' title='bbox 1547 2938 1631 3004; x_wconf 70' lang='lat' dir='ltr'>Geo</span> 
     </span>
     <span class='ocr_line' id='line_1_26' title="bbox 518 3047 1626 3135; baseline -0.003 -23"><span class='ocrx_word' id='word_1_180' title='bbox 518 3047 660 3113; x_wconf 78' lang='lat' dir='ltr'>metricae</span> <span class='ocrx_word' id='word_1_181' title='bbox 675 3049 825 3116; x_wconf 87' lang='lat' dir='ltr'>veritates</span> <span class='ocrx_word' id='word_1_182' title='bbox 837 3051 1038 3135; x_wconf 88' lang='lat' dir='ltr'>applicantur</span> <span class='ocrx_word' id='word_1_183' title='bbox 1052 3051 1092 3117; x_wconf 88' lang='lat' dir='ltr'>ad</span> <span class='ocrx_word' id='word_1_184' title='bbox 1106 3051 1383 3118; x_wconf 86' lang='lat' dir='ltr'>architectonicam</span> <span class='ocrx_word' id='word_1_185' title='bbox 1399 3048 1516 3115; x_wconf 89' lang='lat' dir='ltr'>aliasve</span> <span class='ocrx_word' id='word_1_186' title='bbox 1530 3055 1626 3119; x_wconf 89' lang='lat' dir='ltr'>artes,</span> 
     </span>
     <span class='ocr_line' id='line_1_27' title="bbox 517 3154 1630 3241; baseline 0 -23"><span class='ocrx_word' id='word_1_187' title='bbox 517 3165 550 3219; x_wconf 89' lang='lat' dir='ltr'>et</span> <span class='ocrx_word' id='word_1_188' title='bbox 574 3154 784 3222; x_wconf 80' lang='lat' dir='ltr'>Arithmetica</span> <span class='ocrx_word' id='word_1_189' title='bbox 802 3157 844 3222; x_wconf 87' lang='lat' dir='ltr'>ad</span> <span class='ocrx_word' id='word_1_190' title='bbox 872 3165 1091 3224; x_wconf 89' lang='lat' dir='ltr'>mercaturam</span> <span class='ocrx_word' id='word_1_191' title='bbox 1106 3159 1334 3233; x_wconf 86' lang='lat' dir='ltr'>exercendam,</span> <span class='ocrx_word' id='word_1_192' title='bbox 1356 3157 1472 3241; x_wconf 90' lang='lat' dir='ltr'>partim</span> <span class='ocrx_word' id='word_1_193' title='bbox 1497 3155 1630 3239; x_wconf 85' lang='lat' dir='ltr'>practica</span> 
     </span>
     <span class='ocr_line' id='line_1_28' title="bbox 517 3261 1630 3348; baseline -0.004 -22"><span class='ocrx_word' id='word_1_194' title='bbox 517 3272 585 3336; x_wconf 90' lang='lat' dir='ltr'>est,</span> <span class='ocrx_word' id='word_1_195' title='bbox 610 3263 727 3346; x_wconf 89' lang='lat' dir='ltr'>partim</span> <span class='ocrx_word' id='word_1_196' title='bbox 758 3265 966 3348; x_wconf 88' lang='lat' dir='ltr'>speculativa.</span> <span class='ocrx_word' id='word_1_197' title='bbox 995 3265 1212 3331; x_wconf 90' lang='lat' dir='ltr'>Nihilominus</span> <span class='ocrx_word' id='word_1_198' title='bbox 1239 3266 1266 3330; x_wconf 92' lang='lat' dir='ltr'>si</span> <span class='ocrx_word' id='word_1_199' title='bbox 1293 3264 1419 3330; x_wconf 92' lang='lat' dir='ltr'>indoles</span> <span class='ocrx_word' id='word_1_200' title='bbox 1446 3261 1572 3348; x_wconf 90' lang='lat' dir='ltr'>propria</span> <span class='ocrx_word' id='word_1_201' title='bbox 1596 3269 1630 3322; x_wconf 89' lang='lat' dir='ltr'>et</span> 
     </span>
     <span class='ocr_line' id='line_1_29' title="bbox 517 3368 1631 3456; baseline -0.002 -22"><span class='ocrx_word' id='word_1_202' title='bbox 517 3368 687 3452; x_wconf 90' lang='lat' dir='ltr'>proximus</span> <span class='ocrx_word' id='word_1_203' title='bbox 718 3370 792 3437; x_wconf 83' lang='lat' dir='ltr'>imis</span> <span class='ocrx_word' id='word_1_204' title='bbox 820 3372 955 3439; x_wconf 85' lang='lat' dir='ltr'>Mathesi</span> <span class='ocrx_word' id='word_1_205' title='bbox 980 3381 1158 3456; x_wconf 88' lang='lat' dir='ltr'>spectetur,</span> <span class='ocrx_word' id='word_1_206' title='bbox 1179 3373 1385 3455; x_wconf 89' lang='lat' dir='ltr'>maximaque</span> <span class='ocrx_word' id='word_1_207' title='bbox 1405 3389 1478 3455; x_wconf 89' lang='lat' dir='ltr'>pars</span> <span class='ocrx_word' id='word_1_208' title='bbox 1497 3371 1631 3435; x_wconf 89' lang='lat' dir='ltr'>demon-</span> 
     </span>
     <span class='ocr_line' id='line_1_30' title="bbox 517 3476 1632 3564; baseline -0.003 -23"><span class='ocrx_word' id='word_1_209' title='bbox 517 3476 725 3554; x_wconf 88' lang='lat' dir='ltr'>strationum,</span> <span class='ocrx_word' id='word_1_210' title='bbox 745 3496 820 3562; x_wconf 89' lang='lat' dir='ltr'>quae</span> <span class='ocrx_word' id='word_1_211' title='bbox 838 3480 879 3543; x_wconf 92' lang='lat' dir='ltr'>ad</span> <span class='ocrx_word' id='word_1_212' title='bbox 899 3479 1110 3564; x_wconf 87' lang='lat' dir='ltr'>proprietates</span> <span class='ocrx_word' id='word_1_213' title='bbox 1140 3479 1328 3563; x_wconf 85' lang='lat' dir='ltr'>quantitatis</span> <span class='ocrx_word' id='word_1_214' title='bbox 1346 3479 1543 3564; x_wconf 83' lang='lat' dir='ltr'>detegendas</span> <span class='ocrx_word' id='word_1_215' title='bbox 1561 3486 1632 3540; x_wconf 90' lang='lat' dir='ltr'>ten·</span> 
     </span>
     <span class='ocr_line' id='line_1_31' title="bbox 517 3584 1309 3675; baseline 0.006 -27"><span class='ocrx_word' id='word_1_216' title='bbox 517 3584 581 3662; x_wconf 91' lang='lat' dir='ltr'>dit,</span> <span class='ocrx_word' id='word_1_217' title='bbox 602 3585 801 3670; x_wconf 83' lang='lat' dir='ltr'>speculativa</span> <span class='ocrx_word' id='word_1_218' title='bbox 819 3585 1008 3670; x_wconf 88' lang='lat' dir='ltr'>simpliciter</span> <span class='ocrx_word' id='word_1_219' title='bbox 1026 3587 1160 3653; x_wconf 88' lang='lat' dir='ltr'>dicenda</span> <span class='ocrx_word' id='word_1_220' title='bbox 1179 3584 1259 3675; x_wconf 87' lang='lat' dir='ltr'>est(</span> <span class='ocrx_word' id='word_1_221' title='bbox 1283 3585 1309 3673; x_wconf 90' lang='lat'>).</span> 
     </span>
    </p>
   </div>
   <div class='ocr_carea' id='block_1_4' title="bbox 562 3801 1634 3887">
    <p class='ocr_par' dir='ltr' id='par_1_7' title="bbox 562 3801 1634 3887">
     <span class='ocr_line' id='line_1_32' title="bbox 562 3801 1634 3887; baseline -0.002 -21"><span class='ocrx_word' id='word_1_222' title='bbox 562 3818 640 3886; x_wconf 78' lang='lat'><em>303.</em></span> <span class='ocrx_word' id='word_1_223' title='bbox 688 3802 879 3868; x_wconf 80' lang='lat' dir='ltr'>Pnonosmo</span> <span class='ocrx_word' id='word_1_224' title='bbox 898 3801 952 3887; x_wconf 70' lang='grc'>3.·</span> <span class='ocrx_word' id='word_1_225' title='bbox 998 3808 1156 3879; x_wconf 80' lang='lat' dir='ltr'>scientie,</span> <span class='ocrx_word' id='word_1_226' title='bbox 1172 3823 1275 3885; x_wconf 84' lang='lat' dir='ltr'>quam</span> <span class='ocrx_word' id='word_1_227' title='bbox 1296 3806 1439 3869; x_wconf 86' lang='lat' dir='ltr'>nomine</span> <span class='ocrx_word' id='word_1_228' title='bbox 1456 3807 1634 3884; x_wconf 65' lang='lat' dir='ltr'>metaphy-</span> 
     </span>
    </p>
   </div>
   <div class='ocr_carea' id='block_1_5' title="bbox 303 3897 1634 4099">
    <p class='ocr_par' dir='ltr' id='par_1_8' title="bbox 303 3897 1634 4099">
     <span class='ocr_line' id='line_1_33' title="bbox 303 3897 1634 4012; baseline -0.002 -37"><span class='ocrx_word' id='word_1_229' title='bbox 303 3897 504 4012; x_wconf 54' lang='grc' dir='ltr'>ορῑξζῗῃζζζξέῑο·</span> <span class='ocrx_word' id='word_1_230' title='bbox 516 3913 606 3976; x_wconf 80' lang='lat' dir='ltr'>sicce</span> <span class='ocrx_word' id='word_1_231' title='bbox 630 3913 844 3986; x_wconf 79' lang='lat' dir='ltr'>vocavimus,</span> <span class='ocrx_word' id='word_1_232' title='bbox 869 3915 1105 3992; x_wconf 84' lang='lat' dir='ltr'>complectitur</span> <span class='ocrx_word' id='word_1_233' title='bbox 1128 3913 1350 3990; x_wconf 76' lang='lat' dir='ltr'>Theologinm</span> <span class='ocrx_word' id='word_1_234' title='bbox 1370 3913 1576 3983; x_wconf 80' lang='lat' dir='ltr'>naturalem,</span> <span class='ocrx_word' id='word_1_235' title='bbox 1594 3927 1634 3972; x_wconf 84' lang='lat' dir='ltr'>ac</span> 
     </span>
     <span class='ocr_line' id='line_1_34' title="bbox 356 4018 1634 4099; baseline -0.003 -16"><span class='ocrx_word' id='word_1_236' title='bbox 356 4037 386 4083; x_wconf 67' lang='lat' dir='ltr'>ea</span> <span class='ocrx_word' id='word_1_237' title='bbox 403 4037 452 4084; x_wconf 61' lang='lat' dir='ltr'>ue-</span> <span class='ocrx_word' id='word_1_238' title='bbox 513 4028 700 4083; x_wconf 80' lang='lat' dir='ltr'>tractatum</span> <span class='ocrx_word' id='word_1_239' title='bbox 721 4021 765 4082; x_wconf 88' lang='lat' dir='ltr'>de</span> <span class='ocrx_word' id='word_1_240' title='bbox 786 4021 909 4082; x_wconf 79' lang='lat' dir='ltr'>formis</span> <span class='ocrx_word' id='word_1_241' title='bbox 936 4021 1113 4099; x_wconf 80' lang='lat' dir='ltr'>separatis,</span> <span class='ocrx_word' id='word_1_242' title='bbox 1138 4022 1288 4098; x_wconf 88' lang='lat' dir='ltr'>itemque</span> <span class='ocrx_word' id='word_1_243' title='bbox 1309 4037 1361 4093; x_wconf 85' lang='lat' dir='ltr'>ea,</span> <span class='ocrx_word' id='word_1_244' title='bbox 1396 4038 1476 4099; x_wconf 80' lang='lat' dir='ltr'>quae</span> <span class='ocrx_word' id='word_1_245' title='bbox 1503 4018 1634 4082; x_wconf 78' lang='lat' dir='ltr'>nostris</span> 
     </span>
    </p>
   </div>
   <div class='ocr_carea' id='block_1_6' title="bbox 331 4109 476 4167">
    <p class='ocr_par' dir='ltr' id='par_1_9' title="bbox 331 4109 476 4167">
     <span class='ocr_line' id='line_1_35' title="bbox 331 4109 476 4167; baseline 0.028 -15"><span class='ocrx_word' id='word_1_246' title='bbox 331 4109 476 4167; x_wconf 75' lang='lat' dir='ltr'>taphyeicam·</span> 
     </span>
    </p>
   </div>
   <div class='ocr_carea' id='block_1_7' title="bbox 515 4127 1636 4313">
    <p class='ocr_par' dir='ltr' id='par_1_10' title="bbox 515 4127 1636 4313">
     <span class='ocr_line' id='line_1_36' title="bbox 515 4127 1635 4206; baseline -0.003 -17"><span class='ocrx_word' id='word_1_247' title='bbox 515 4127 728 4206; x_wconf 86' lang='lat' dir='ltr'>temporibus</span> <span class='ocrx_word' id='word_1_248' title='bbox 753 4129 789 4190; x_wconf 89' lang='lat' dir='ltr'>in</span> <span class='ocrx_word' id='word_1_249' title='bbox 807 4129 988 4205; x_wconf 81' lang='lat' dir='ltr'>Ontologia</span> <span class='ocrx_word' id='word_1_250' title='bbox 1003 4127 1141 4190; x_wconf 86' lang='lat' dir='ltr'>tractari</span> <span class='ocrx_word' id='word_1_251' title='bbox 1159 4128 1282 4201; x_wconf 79' lang='lat' dir='ltr'>solent3</span> <span class='ocrx_word' id='word_1_252' title='bbox 1303 4127 1451 4206; x_wconf 77' lang='lat' dir='ltr'>Physica</span> <span class='ocrx_word' id='word_1_253' title='bbox 1468 4143 1555 4188; x_wconf 86' lang='lat' dir='ltr'>vero</span> <span class='ocrx_word' id='word_1_254' title='bbox 1573 4143 1635 4186; x_wconf 87' lang='lat' dir='ltr'>seu</span> 
     </span>
     <span class='ocr_line' id='line_1_37' title="bbox 517 4233 1636 4313; baseline -0.003 -17"><span class='ocrx_word' id='word_1_255' title='bbox 517 4235 736 4313; x_wconf 78' lang='lat' dir='ltr'>Philosophia</span> <span class='ocrx_word' id='word_1_256' title='bbox 754 4235 922 4298; x_wconf 78' lang='lat' dir='ltr'>naturalis</span> <span class='ocrx_word' id='word_1_257' title='bbox 942 4252 986 4297; x_wconf 87' lang='lat' dir='ltr'>ex</span> <span class='ocrx_word' id='word_1_258' title='bbox 1004 4244 1120 4298; x_wconf 86' lang='lat' dir='ltr'>mente</span> <span class='ocrx_word' id='word_1_259' title='bbox 1137 4244 1293 4298; x_wconf 87' lang='lat' dir='ltr'>veterum</span> <span class='ocrx_word' id='word_1_260' title='bbox 1313 4235 1503 4298; x_wconf 83' lang='lat' dir='ltr'>Doctorum</span> <span class='ocrx_word' id='word_1_261' title='bbox 1518 4233 1636 4312; x_wconf 87' lang='lat' dir='ltr'>reique</span> 
     </span>
    </p>
   </div>
   <div class='ocr_carea' id='block_1_8' title="bbox 515 4404 1635 4747">
    <p class='ocr_par' dir='ltr' id='par_1_11' title="bbox 515 4404 1635 4656">
     <span class='ocr_line' id='line_1_38' title="bbox 550 4404 1635 4483; baseline -0.003 -19"><span class='ocrx_word' id='word_1_262' title='bbox 550 4412 593 4473; x_wconf 89' lang='grc' dir='ltr'>(ι)</span> <span class='ocrx_word' id='word_1_263' title='bbox 628 4406 661 4466; x_wconf 86' lang='lat' dir='ltr'>ln</span> <span class='ocrx_word' id='word_1_264' title='bbox 673 4407 839 4482; x_wconf 74' lang='lat' dir='ltr'>Porphyrii</span> <span class='ocrx_word' id='word_1_265' title='bbox 852 4406 1008 4483; x_wconf 68' lang='lat' dir='ltr'>isagogen,</span> <span class='ocrx_word' id='word_1_266' title='bbox 1026 4419 1128 4478; x_wconf 85' lang='lat' dir='ltr'>quaest.</span> <span class='ocrx_word' id='word_1_267' title='bbox 1147 4427 1157 4463; x_wconf 86' lang='lat' dir='ltr'>r</span> <span class='ocrx_word' id='word_1_268' title='bbox 1172 4425 1304 4478; x_wconf 77' lang='lat' dir='ltr'>prooem,</span> <span class='ocrx_word' id='word_1_269' title='bbox 1318 4424 1434 4478; x_wconf 78' lang='lat' dir='ltr'>paragr.</span> <span class='ocrx_word' id='word_1_270' title='bbox 1452 4404 1547 4464; x_wconf 77' lang='lat' dir='ltr'>Circa</span> <span class='ocrx_word' id='word_1_271' title='bbox 1559 4423 1635 4478; x_wconf 71' lang='lat' dir='ltr'>prue-</span> 
     </span>
     <span class='ocr_line' id='line_1_39' title="bbox 515 4489 1634 4568; baseline 0 -16"><span class='ocrx_word' id='word_1_272' title='bbox 515 4497 634 4553; x_wconf 78' lang='lat' dir='ltr'>str&#39;oncm</span> <span class='ocrx_word' id='word_1_273' title='bbox 648 4497 731 4554; x_wconf 79' lang='lat' dir='ltr'>hanc.</span> <span class='ocrx_word' id='word_1_274' title='bbox 745 4493 806 4554; x_wconf 82' lang='lat' dir='ltr'>Cl&#39;r.</span> <span class='ocrx_word' id='word_1_275' title='bbox 818 4495 950 4566; x_wconf 79' lang='lat' dir='ltr'>Foneec.,</span> <span class='ocrx_word' id='word_1_276' title='bbox 966 4495 1016 4552; x_wconf 86' lang='lat' dir='ltr'>lib.</span> <span class='ocrx_word' id='word_1_277' title='bbox 1034 4515 1059 4552; x_wconf 79' lang='lat' dir='ltr'>n.</span> <span class='ocrx_word' id='word_1_278' title='bbox 1076 4489 1215 4568; x_wconf 67' lang='lat' dir='ltr'>Meropia,</span> <span class='ocrx_word' id='word_1_279' title='bbox 1231 4513 1293 4566; x_wconf 88' lang='lat' dir='ltr'>cap.</span> <span class='ocrx_word' id='word_1_280' title='bbox 1311 4515 1336 4567; x_wconf 82' lang='lat'>3,</span> <span class='ocrx_word' id='word_1_281' title='bbox 1351 4507 1456 4565; x_wconf 71' lang='lat' dir='ltr'>queat.</span> <span class='ocrx_word' id='word_1_282' title='bbox 1473 4515 1502 4567; x_wconf 79' lang='lat'>3,</span> <span class='ocrx_word' id='word_1_283' title='bbox 1518 4508 1591 4554; x_wconf 72' lang='lat' dir='ltr'>sect„</span> <span class='ocrx_word' id='word_1_284' title='bbox 1606 4513 1634 4566; x_wconf 80' lang='lat'>4,</span> 
     </span>
     <span class='ocr_line' id='line_1_40' title="bbox 515 4584 1524 4656; baseline -0.002 -14"><span class='ocrx_word' id='word_1_285' title='bbox 515 4585 565 4643; x_wconf 78' lang='lat' dir='ltr'>Ac</span> <span class='ocrx_word' id='word_1_286' title='bbox 576 4586 745 4654; x_wconf 77' lang='lat' dir='ltr'>secundum,-</span> <span class='ocrx_word' id='word_1_287' title='bbox 757 4584 948 4656; x_wconf 80' lang='lat' dir='ltr'>Conimbrie.,</span> <span class='ocrx_word' id='word_1_288' title='bbox 962 4585 1098 4656; x_wconf 72' lang='lat' dir='ltr'>Dialect,</span> <span class='ocrx_word' id='word_1_289' title='bbox 1114 4597 1216 4656; x_wconf 82' lang='lat' dir='ltr'>quaest.</span> <span class='ocrx_word' id='word_1_290' title='bbox 1228 4601 1348 4656; x_wconf 85' lang='lat' dir='ltr'>prooem.</span> <span class='ocrx_word' id='word_1_291' title='bbox 1360 4591 1409 4650; x_wconf 81' lang='lat' dir='ltr'>a.&#39;,</span> <span class='ocrx_word' id='word_1_292' title='bbox 1424 4595 1481 4642; x_wconf 84' lang='lat' dir='ltr'>art.</span> <span class='ocrx_word' id='word_1_293' title='bbox 1499 4601 1524 4642; x_wconf 88' lang='lat' dir='ltr'>r.</span> 
     </span>
    </p>

    <p class='ocr_par' dir='ltr' id='par_1_12' title="bbox 550 4671 1157 4747">
     <span class='ocr_line' id='line_1_41' title="bbox 550 4671 1157 4747; baseline 0.003 -15"><span class='ocrx_word' id='word_1_294' title='bbox 550 4678 591 4744; x_wconf 85' lang='lat' dir='ltr'>(a)</span> <span class='ocrx_word' id='word_1_295' title='bbox 628 4671 689 4734; x_wconf 80' lang='lat' dir='ltr'>Cir.</span> <span class='ocrx_word' id='word_1_296' title='bbox 708 4674 752 4734; x_wconf 91' lang='lat' dir='ltr'>De</span> <span class='ocrx_word' id='word_1_297' title='bbox 766 4671 939 4742; x_wconf 73' lang='lat' dir='ltr'>Benedictio,</span> <span class='ocrx_word' id='word_1_298' title='bbox 956 4673 1010 4734; x_wconf 87' lang='lat' dir='ltr'>loc.</span> <span class='ocrx_word' id='word_1_299' title='bbox 1022 4693 1092 4747; x_wconf 86' lang='lat' dir='ltr'>nup.</span> <span class='ocrx_word' id='word_1_300' title='bbox 1107 4673 1157 4734; x_wconf 86' lang='lat' dir='ltr'>cit.</span> 
     </span>
    </p>
   </div>
   <div class='ocr_carea' id='block_1_9' title="bbox 0 0 1750 5525">
    <p class='ocr_par' dir='ltr' id='par_1_13' title="bbox 0 0 1750 5525">
     <span class='ocr_line' id='line_1_42' title="bbox 0 0 1750 5525; baseline 0 1"><span class='ocrx_word' id='word_1_301' title='bbox 0 0 1750 5525; x_wconf 95' lang='lat' dir='ltr'> </span> 
     </span>
    </p>
   </div>
  </div>
 </body>
</html>
