3492 5525
564 444 642 493 tooa
676 426 800 493 Locren
814 426 1044 499 Meron—Lm.
1063 441 1132 501 ψ,
1150 427 1243 491 Drse.
1261 440 1305 510 4·
1320 429 1398 494 Che.
1418 444 1488 511 3³³⁰

339 622 476 677 Durium:
521 613 638 688 altera,
660 613 875 679 nehalternans
893 620 1040 679 vocatur.
1057 610 1185 696 Duplex
1203 619 1314 677 autem
1329 622 1379 678 est
1391 613 1628 688 subalternatio,

344 696 471 823 lamia.
522 718 583 784 alia
600 719 792 805 impropria,
812 738 889 803 quae
904 736 1151 803 quamcumque
1169 718 1421 803 dependentiam
1440 728 1476 785 et
1493 720 1632 787 subordi—

321 839 493 899 ἐπωνυμία·
522 828 687 893 nationem
706 828 878 911 importat.
897 828 996 892 altera
1016 827 1160 911 propria,
1181 846 1255 910 quae
1279 827 1433 912 importat
1453 828 1632 913 dependere

520 934 599 1001 tiam
628 935 725 1000 unius
752 936 792 1000 ab
820 934 881 1000 alia
910 933 1043 1000 scientia
1071 933 1103 999 in
1131 934 1254 1000 ratione
1279 934 1423 1002 scientiae
1437 936 1499 1014 ita,
1521 944 1559 1001 ut
1573 938 1630 1011 illa,

521 1060 595 1125 quae
614 1042 793 1127 dependet,
813 1042 947 1108 scientia
965 1048 1032 1107 tion
1053 1042 1111 1119 sit,
1133 1039 1193 1107 nisi
1211 1050 1374 1126 quatenus
1388 1062 1466 1109 cum
1487 1044 1599 1118 altera,
1617 1064 1633 1107 ι

521 1168 586 1234 qua
604 1151 741 1233 pendet,
761 1150 995 1235 conjungatur,
1017 1150 1057 1214 ab
1080 1169 1117 1214 ea
1143 1148 1293 1215 videlicet
1311 1150 1501 1235 accipiendo
1524 1152 1633 1236 princi·

522 1258 590 1341 pia,
610 1257 731 1341 quihus
750 1259 865 1343 probet
885 1276 922 1323 ac
946 1256 1133 1325 manifestet
1150 1276 1226 1325 suas
1245 1258 1483 1325 conclusiones.

370 1391 380 1419 r
445 1392 467 1421 m
586 1364 753 1431 Triiariam
786 1363 980 1431 considerari
1018 1373 1127 1448 potest
1160 1366 1409 1432 subalternatio:
1444 1364 1487 1453 α)
1519 1368 1635 1433 ratione

329 1450 488 1567 ’2⁰⁰⁸'Jmsso
520 1471 611 1538 sinis:
628 1469 667 1561 β)
686 1473 809 1538 ratione
829 1472 1078 1556 principiorum:
1096 1470 1137 1563 γ)
1156 1472 1277 1537 ratione
1297 1472 1445 1557 subjecti.
1467 1474 1504 1538 Et
1519 1476 1635 1539 ratione

403 1609 444 1639 es·
519 1580 744 1663 quidem-finis
757 1580 809 1645 illa
829 1580 963 1646 scientia
978 1578 1094 1646 dicitur
1108 1579 1197 1646 alteri
1213 1580 1442 1659 subaltemari,
1457 1582 1553 1665 cujus
1569 1581 1635 1646 finis

517 1696 569 1753 est
595 1681 704 1772 aliquo
729 1688 830 1753 modo
856 1688 920 1753 sub
944 1687 1011 1752 fine
1030 1688 1130 1754 illius:
1152 1706 1218 1770 quo
1240 1696 1332 1772 pacto
1358 1707 1410 1753 ars
1433 1690 1635 1756 irenoiactiva

517 1797 759 1863 subalternatur
777 1795 937 1879 equestri,
958 1774 991 1861 et
1010 1796 1080 1861 haec
1099 1794 1244 1872 militari,
1265 1809 1296 1863 et
1316 1798 1384 1861 haec
1408 1797 1560 1879 politicae.
1582 1798 1636 1863 Ra·

516 1904 606 1970 tione
622 1904 854 1989 principiorum
876 1922 913 1968 ea
931 1902 1046 1969 dicitur
1073 1904 1162 1969 alteri
1188 1903 1416 1979 subalternari,
1437 1907 1532 1990 cujus
1558 1905 1636 1989 prin-

520 2011 602 2096 cipia
639 2012 672 2077 in
709 2012 761 2077 illa
797 2012 1086 2079 demonstrantur:
1124 2011 1169 2076 sic
1205 2010 1365 2077 Medicina
1402 2012 1638 2078 subaltematur

520 2117 741 2203 Philosophiae
765 2119 918 2195 naturali,
938 2116 1016 2202 quia
1043 2118 1147 2202 prima
1174 2118 1260 2184 illius
1285 2118 1442 2203 principia
1464 2130 1545 2185 sunt
1567 2140 1638 2186 con-

516 2226 681 2294 clusiones
709 2228 742 2293 in
771 2230 829 2293 hac
852 2227 1098 2293 demonstrate.
1127 2226 1263 2293 Ratione
1283 2225 1425 2311 denique
1447 2228 1585 2311 subjecti
1604 2249 1635 2293 ea

516 2334 759 2401 subalternatur
773 2334 883 2411 alteri,
900 2336 995 2419 cujus
1013 2334 1195 2419 subjectum
1215 2334 1278 2400 sub
1297 2334 1382 2400 illius
1399 2336 1551 2421 subjecto
1567 2356 1640 2401 con·

514 2442 653 2520 tinetur,
674 2443 752 2527 quia
778 2460 897 2526 nempe
926 2443 980 2507 illo
1010 2442 1205 2529 contractius
1232 2451 1294 2507 est.
1327 2444 1359 2508 ld
1389 2463 1468 2509 vero
1497 2444 1638 2509 bilariam

516 2550 585 2616 fieri
615 2558 741 2635 potest,
772 2548 910 2615 docente
941 2550 1099 2634 Angelico
1127 2546 1195 2637 (1):
1226 2550 1331 2633 primo
1349 2552 1479 2627 modo,
1512 2554 1640 2635 quaudo

516 2658 698 2744 subjectum
718 2656 968 2723 subalternantis
986 2656 1188 2723 contrahitur
1216 2677 1272 2741 per
1290 2658 1509 2724 differentiam
1533 2679 1640 2725 essen·

485 2751 491 2762 ’
514 2767 624 2837 tialem
643 2783 700 2832 seu
719 2765 920 2850 specificam,
937 2766 987 2831 vel
1008 2774 1044 2830 ut
1063 2765 1173 2832 scribit
1192 2765 1227 2831 S.
1245 2765 1381 2844 Doctor‚
1398 2771 1525 2851 quando
1543 2771 1641 2855 subje-

514 2878 600 2939 ctum
625 2873 720 2938 nnius
742 2870 1009 2960 (subalternatae)
1032 2877 1080 2939 est
1101 2874 1216 2955 species
1236 2875 1369 2960 subjecti
1390 2875 1538 2950 alterius,
1566 2878 1642 2940 sicul

517 2984 603 3047 barno
619 2981 794 3064 estspecies
810 2981 977 3058 animalis,
997 2985 1028 3046 el
1043 2981 1165 3046 animal
1186 2983 1231 3046 esl
1252 2983 1366 3062 speeies
1385 2983 1528 3064 corporis
1548 2989 1639 3048 nata·

515 3090 613 3155 ralis:
646 3088 715 3154 aliea
744 3089 877 3154 scientia
903 3092 942 3154 de
967 3088 1157 3154 animalibus
1184 3089 1398 3154 subalternata
1424 3095 1474 3154 est
1504 3091 1640 3156 scientie

516 3196 661 3263 natanali
682 3195 747 3283 (2).
769 3197 842 3263 Alio
870 3197 986 3271 modo,
1007 3187 1140 3279 quamdo
1167 3195 1351 3281 subjectum
1384 3197 1637 3263 subalternantis

516 3305 716 3371 contrahitur
735 3323 792 3388 per
810 3304 1025 3370 differentiam
1041 3304 1285 3369 accidentariam
1301 3357 1308 3385 ‚
1325 3313 1361 3368 ut
1376 3292 1552 3382 numerus,
1568 3307 1642 3372 sub-

517 3415 635 3496 jectum
665 3412 903 3488 Arithmeticae‚
924 3412 1125 3478 contrahitur
1152 3431 1208 3495 per
1236 3411 1451 3478 differentiam
1470 3416 1591 3491 sonori,
1611 3427 1642 3478 et

516 3519 684 3587 constituit
706 3519 871 3604 objectum
901 3519 1058 3586 Musices:
1088 3519 1138 3584 vel
1166 3527 1202 3584 ut
1226 3519 1377 3603 exprimit
1410 3519 1446 3586 S.
1482 3523 1640 3590 Thomas.

488 3656 492 3662 ·
515 3631 641 3712 quando
658 3627 824 3713 subjectum
842 3625 1000 3712 inferioris
1016 3626 1152 3691 scientie
1170 3645 1232 3691 non
1250 3631 1297 3691 est
1312 3627 1427 3708 species
1442 3629 1577 3715 subjecti
1592 3651 1645 3694 su-

510 3735 647 3818 perioris
663 3734 818 3810 scientiae,
833 3736 889 3798 sad
906 3753 938 3798 se
962 3733 1117 3798 habetati
1138 3733 1221 3798 illud
1241 3737 1280 3798 ni
1300 3733 1461 3800 materiale
1484 3740 1530 3802 ad
1553 3757 1644 3802 suum

508 3843 665 3930 formale:
674 3848 734 3923 per
749 3860 839 3926 quem
856 3844 982 3908 modum
1000 3841 1195 3923 Perspectiva
1212 3861 1244 3906 se
1262 3842 1406 3908 habetati
1421 3843 1643 3912 Geometriam.

518 3949 693 4018 Geometria
708 3949 790 4014 anim
812 3950 882 4032 agit
904 3952 942 4013 de
961 3950 1044 4014 linea
1063 3953 1093 4014 et
1108 3949 1182 4015 aliis
1199 3949 1443 4016 dimensionibus
1459 3954 1601 4018 absolute
1619 3967 1649 4024 et

509 4057 705 4152 sonnaliter,
725 4059 770 4121 ad
786 4059 907 4122 nnllam
934 4057 1096 4122 nuteriam
1116 4056 1316 4139 applicando,
1337 4077 1400 4123 non
1418 4060 1505 4124 enim
1520 4061 1594 4145 egit
1609 4065 1646 4127 tie

519 4167 604 4231 linea
626 4165 661 4228 in
679 4166 766 4249 ligno
781 4166 834 4229 vel
847 4169 938 4244 aiere·
955 4168 1010 4230 sed
1025 4166 1221 4246 Perspectiva
1235 4166 1302 4250 agit
1316 4167 1354 4230 de
1371 4167 1456 4232 linea
1476 4175 1647 4236 secundnm

518 4275 603 4358 quod
622 4276 671 4338 est
690 4272 725 4336 in
742 4274 851 4357 aitqua
868 4273 1018 4348 necteria,
1039 4271 1073 4336 in
1092 4291 1153 4357 qua
1160 4273 1274 4338 raideri
1286 4274 1402 4356 possit,
1422 4279 1508 4340 unde
1525 4281 1598 4362 agit
1613 4283 1649 4342 rie

522 4382 605 4447 linea
623 4379 754 4447 visuali.
773 4380 869 4446 Linea
886 4381 969 4446 enim
986 4381 1119 4446 visualis
1137 4399 1199 4446 non
1221 4385 1270 4446 est
1288 4383 1402 4464 species
1429 4385 1539 4462 lineae,
1571 4388 1651 4453 sicul

556 4631 600 4790 (13
635 4629 1108 4777 apscedeNatarapenen'sm.
1128 4649 1168 4703 ¹4·
1203 4639 1216 4650 ‘

558 4725 586 4784 (a
672 4719 713 4777 i.
