3492 5525
189 491 304 561 barre.
324 510 382 581 pv
393 488 606 576 Quor-uoueri
621 510 741 563 arcuna
751 517 794 562 ετ
807 510 919 563 nonus
934 514 1072 563 svucoo.
1111 509 1166 581 335

85 680 366 759 concludendum,
387 681 613 748 novemdecim
636 690 767 749 tantum
792 689 1003 753 recensentur
1027 679 1117 745 modi
1140 679 1209 766 syl·

85 786 236 871 logistici:
257 787 403 853 videlicet
417 796 558 872 quatuor
572 807 631 873 pro
651 790 756 874 prima
773 788 892 874 Figura
907 789 1041 862 directa,
1059 785 1207 871 quinque

85 913 147 978 pro
173 895 287 961 eadem
313 894 484 973 indirecta,
505 905 646 979 quatuor
673 916 733 981 pro
755 897 915 972 secunda,
934 905 967 961 et
986 913 1045 961 sex
1064 892 1207 977 denique

85 1020 145 1086 pro
163 1003 269 1068 tertia:
289 1003 346 1086 qui
364 1022 482 1069 omnes
499 1004 589 1069 bisce
608 1013 763 1071 notantur
777 1004 958 1070 versiculis:

84 1116 179 1186 ll'l'lt.
187 1116 270 1186 lllttll
278 1116 443 1189 Barbara,
454 1117 625 1190 Celarent,
637 1117 746 1188 Darii,
756 1117 872 1190 Penio,
884 1115 1002 1195 (lilim)
1010 1116 1208 1193 Baralipton
1301 1142 1303 1149 >

237 1226 408 1297 celantes,
427 1223 574 1297 Dabitis,
595 1225 779 1302 Fapesmo,
799 1225 1095 1287 Frisesomorum.

95 1336 130 1397 l.·
139 1334 198 1407 lib)
236 1332 374 1404 cesare,
386 1332 595 1405 Camestres,
607 1331 762 1406 Festino,
775 1333 918 1405 Beroea
931 1330 973 1406 (3.Ι
984 1328 1041 1407 l'ltl
1052 1330 1204 1409 uarapti.

241 1438 424 1516 Felapton,
441 1438 611 1512 Disamis,
627 1437 755 1512 Datisi,
771 1438 940 1512 Bocardo,
957 1438 1117 1501 Fet-ison.

131 1540 256 1607 Horum
267 1559 364 1625 porro
377 1541 558 1607 carminum
571 1541 729 1628 mysteria
739 1542 767 1607 si
783 1560 881 1607 nosse
893 1540 1047 1617 volueris,
1064 1539 1208 1605 animad-

84 1658 177 1715 verte
188 1649 221 1713 in
237 1648 349 1733 primis
362 1648 500 1734 singulis
512 1650 620 1715 verbis
633 1649 771 1716 totidem
784 1649 902 1715 modos
916 1649 1013 1715 utiles
1028 1646 1205 1732 designari.

82 1756 259 1832 Quantitas
277 1773 374 1840 porro
393 1764 426 1821 et
443 1756 583 1838 qualitas
602 1758 882 1840 propositionum,
907 1755 1029 1839 quibus
1056 1764 1207 1821 constant

83 1864 138 1929 isti
161 1864 269 1938 modi,
302 1861 528 1948 significantur
545 1874 687 1946 quatuor
704 1864 767 1929 illis
785 1864 953 1931 vocalibus
971 1860 1021 1941 A,
1041 1870 1082 1942 E,
1107 1870 1137 1941 1,
1163 1869 1204 1931 0.

83 1970 146 2036 Ubi
165 1981 278 2061 autem
303 1968 413 2055 plures
436 1988 537 2054 quam
548 1979 613 2037 tres
636 1972 771 2059 syllabae
791 1970 1016 2055 reperiuntur,
1038 1970 1125 2038 utin
1145 1972 1208 2035 Ba-

81 2078 221 2160 raliplon
240 2087 272 2145 et
295 2078 552 2155 Frc‘sesomorum,
572 2079 651 2144 sola
664 2079 764 2145 trium
784 2080 929 2164 priorum
945 2079 1073 2145 vocales
1094 2077 1207 2145 litterae

80 2186 310 2255 attenduntur.
330 2184 465 2270 Reliqua
481 2204 561 2252 mox
578 2187 839 2255 declarabuntur.

149 2291 313 2358 Caeterurn
329 2292 426 2369 ratio,
447 2311 504 2360 cur
521 2294 630 2360 solum
654 2294 687 2359 lvi
707 2290 936 2360 novemdecim
956 2294 1021 2361 sint
1040 2292 1136 2361 utiles
1152 2312 1207 2359 ve-

81 2401 177 2484 rique
192 2401 294 2474 modi,
309 2413 377 2477 est,
392 2400 468 2485 quia
483 2402 514 2468 in
530 2400 635 2484 prima
649 2400 755 2485 figura
770 2402 902 2478 directa,
915 2402 941 2467 si
961 2400 1101 2485 excipias
1115 2418 1207 2467 corn-

81 2508 274 2593 plicationes
293 2509 552 2593 propositionum
581 2515 695 2588 ΑΑΑ,
717 2516 798 2588 nu,
823 2516 931 2588 ΒΑΕ,
963 2515 1055 2588 Elo,
1087 2526 1206 2593 nempe

80 2616 244 2691 Barbara,
264 2614 377 2692 Darii,
399 2614 563 2691 Celareat,
583 2615 689 2694 Fen'o,
707 2616 838 2699 reliquae
853 2634 971 2682 omnes
984 2624 1119 2701 peccant
1133 2625 1205 2681 tum

78 2732 195 2790 contra
211 2724 301 2809 leges
313 2723 495 2810 syllogismi
505 2724 689 2808 generales,
701 2734 772 2791 tum
784 2732 897 2792 contra
907 2724 1061 2809 speciales
1076 2734 1129 2790 ιβ
1157 2722 1206 2789 Fi·

78 2851 173 2918 gurae
190 2831 343 2916 superius
360 2832 524 2916 probatas.
547 2833 655 2915 Atque
672 2832 759 2898 idem
783 2832 959 2901 dicendum
984 2843 1034 2900 est
1058 2833 1098 2898 de
1116 2852 1206 2898 com-

78 2939 314 3025 plicationibus
332 2947 521 3005 caeterarum
545 2939 742 3024 figurarum,
775 2939 830 3022 qui
863 2939 1064 3007 dictionibus
1091 2940 1207 3026 praedi-
1312 2931 1318 2950 ⁴

76 3058 211 3114 ctorum
226 3047 410 3113 carminum
427 3065 493 3113 non
511 3047 752 3127 contineantur,
768 3049 1054 3132 quemadmodum
1069 3049 1206 3134 experiri

85 3156 211 3240 poteris
228 3155 419 3240 applicando
437 3154 723 3244 legessyllogismi
745 3155 757 3242 (
781 3153 807 3244 ).

154 3261 282 3328 llorum
310 3262 461 3328 omnium
492 3263 718 3330 novemdecim
749 3264 925 3330 modorum
959 3265 1118 3349 exempla
1140 3283 1206 3332 non

83 3371 200 3436 minus
217 3369 323 3436 lucide
340 3387 440 3453 quam
460 3372 625 3455 eleganter
642 3370 771 3455 subjicit
788 3370 823 3438 P.
850 3373 965 3438 Petrus
979 3371 1121 3439 Fonseca
1140 3371 1204 3462 (2);

82 3479 144 3545 sed
159 3495 213 3544 res
230 3486 324 3544 vacat
342 3476 544 3545 difficultate.

150 3585 223 3666 lam
237 3587 265 3652 si
279 3585 403 3670 figuras
416 3585 600 3669 modosque
617 3586 724 3652 varios
739 3584 823 3653 inter
835 3604 872 3652 se
885 3588 1030 3653 conferre
1049 3585 1201 3666 volueris,
1245 3609 1386 3666 comparatio

75 3695 165 3761 illico
184 3692 424 3776 deprehendes:
1218 3719 1240 3800 er'
1254 3683 1421 3799 &offla

145 3799 290 3868 Primam
304 3799 445 3885 liguram
457 3817 528 3866 esse
539 3801 690 3867 omnium
706 3800 1025 3887 praestantissimam:
1039 3819 1076 3869 «ι
1086 3801 1114 3870 ‚⁰
1128 3803 1205 3888 quia
1273 3824 1372 3870 auarum

74 3921 126 3978 est
151 3909 267 3975 clarior
284 3919 319 3976 et
337 3907 518 3976 evidentior
534 3909 676 3997 caeteris,
697 3919 730 3976 et
758 3929 815 3995 per
836 3911 925 3976 illam
945 3911 1040 3978 aliae»
1068 3912 1205 3977 demon·
1240 3895 1396 3952 ¹’“⁸‘'¹¹²³⁸“¹·

107 4167 154 4230 (ι)
190 4157 303 4219 Verum
317 4173 410 4218 estex
424 4157 533 4231 duplici
547 4159 705 4219 universali
720 4160 871 4233 praemissa
894 4181 978 4234 posse
993 4158 1126 4220 concludi
1147 4175 1205 4218 non

73 4252 174 4311 solum
188 4249 383 4308 universalem
398 4261 431 4308 ut
446 4248 477 4307 in
491 4249 641 4318 Barbara,
655 4249 795 4309 Celareat
808 4271 842 4310 ac
856 4251 994 4310 Calentes
1008 4249 1109 4324 prima
1130 4249 1206 4323 figu-

73 4363 129 4411 rae,
145 4353 177 4399 ct
190 4339 224 4397 in
237 4338 348 4399 cesare
361 4352 392 4398 et
405 4339 570 4398 Camestres
582 4339 730 4407 secundae,
745 4339 796 4398 sed
810 4340 899 4399 etiam
913 4341 1116 4414 particularem
1135 4341 1206 4398 sub·

72 4431 266 4490 alternatum
281 4427 361 4487 unde
375 4428 409 4487 P.
426 4427 591 4488 Richardua
604 4428 747 4504 Lynceus
761 4429 895 4503 quinque
907 4429 980 4490 alios
995 4429 1096 4489 modos
1117 4428 1207 4487 addi-

72 4521 133 4590 dit,
150 4539 228 4592 quoe
236 4519 336 4577 videre
347 4518 515 4591 potesapud
526 4517 838 4591 Loesada(8ammal.,
848 4521 925 4594 disp.
935 4521 968 4590 8,
981 4540 1045 4591 cap.
1057 4539 1087 4592 3,
1105 4537 1135 4576 n.
1147 4523 1204 4590 23).

74 4610 112 4669 lli
128 4623 231 4668 tamen
246 4607 326 4667 modi
340 4607 462 4668 curandi
474 4627 534 4667 non
549 4621 635 4679 aunt,
649 4629 715 4668 cum
730 4609 762 4668 in
776 4609 841 4670 aliia
854 4611 913 4682 jam
927 4609 1144 4669 contineantur.

107 4709 154 4766 (a)
189 4698 289 4758 instit.
304 4699 425 4758 dialect.
440 4697 491 4756 lib.
511 4698 545 4770 ⁶,
559 4718 623 4772 cap.
642 4719 684 4773 η.
700 4698 763 4759 cn.
787 4699 1027 4772 complutense,
1048 4695 1205 4767 summat..

73 4789 125 4849 lib.
143 4811 176 4863 3,
192 4807 257 4862 cap.
273 4805 300 4862 ς.
