<?xml version="1.0" encoding="UTF-8"?>
<!DOCTYPE html PUBLIC "-//W3C//DTD XHTML 1.0 Transitional//EN"
    "http://www.w3.org/TR/xhtml1/DTD/xhtml1-transitional.dtd">
<html xmlns="http://www.w3.org/1999/xhtml" xml:lang="en" lang="en">
 <head>
  <title>
</title>
<meta http-equiv="Content-Type" content="text/html;charset=utf-8" />
  <meta name='ocr-system' content='tesseract 3.04.00' />
  <meta name='ocr-capabilities' content='ocr_page ocr_carea ocr_par ocr_line ocrx_word'/>
</head>
<body>
  <div class='ocr_page' id='page_1' title='image "./institutionesph00urrgoog/institutionesph00urrgoog_1174.png"; bbox 0 0 3492 5525; ppageno 0'>
   <div class='ocr_carea' id='block_1_1' title="bbox 562 434 1483 519">
    <p class='ocr_par' dir='ltr' id='par_1_1' title="bbox 562 434 1483 519">
     <span class='ocr_line' id='line_1_1' title="bbox 562 434 1483 519; baseline 0.003 -22"><span class='ocrx_word' id='word_1_1' title='bbox 562 448 637 519; x_wconf 81' lang='lat'>1-154</span> <span class='ocrx_word' id='word_1_2' title='bbox 679 436 804 501; x_wconf 77' lang='lat' dir='ltr'>Locren</span> <span class='ocrx_word' id='word_1_3' title='bbox 818 435 1049 512; x_wconf 73' lang='lat' dir='ltr'>MtJon-Lro.</span> <span class='ocrx_word' id='word_1_4' title='bbox 1067 449 1125 512; x_wconf 59' lang='grc' dir='ltr'>ιω,</span> <span class='ocrx_word' id='word_1_5' title='bbox 1141 435 1233 499; x_wconf 74' lang='lat' dir='ltr'>Disn.</span> <span class='ocrx_word' id='word_1_6' title='bbox 1249 434 1297 498; x_wconf 83' lang='lat'>6.⁸</span> <span class='ocrx_word' id='word_1_7' title='bbox 1310 436 1392 500; x_wconf 66' lang='lat' dir='ltr'>Cen.</span> <span class='ocrx_word' id='word_1_8' title='bbox 1410 452 1483 500; x_wconf 62' lang='grc' dir='ltr'>νῦ</span> 
     </span>
    </p>
   </div>
   <div class='ocr_carea' id='block_1_2' title="bbox 517 616 1644 1354">
    <p class='ocr_par' dir='ltr' id='par_1_2' title="bbox 517 616 1644 1354">
     <span class='ocr_line' id='line_1_2' title="bbox 519 616 1643 708; baseline -0.002 -24"><span class='ocrx_word' id='word_1_9' title='bbox 519 618 611 697; x_wconf 89' lang='lat' dir='ltr'>velis,</span> <span class='ocrx_word' id='word_1_10' title='bbox 624 620 729 687; x_wconf 90' lang='lat' dir='ltr'>uttria</span> <span class='ocrx_word' id='word_1_11' title='bbox 740 619 929 708; x_wconf 88' lang='lat' dir='ltr'>Syllogismi</span> <span class='ocrx_word' id='word_1_12' title='bbox 936 618 1070 707; x_wconf 89' lang='lat' dir='ltr'>judicia,</span> <span class='ocrx_word' id='word_1_13' title='bbox 1083 628 1179 704; x_wconf 88' lang='lat' dir='ltr'>prout</span> <span class='ocrx_word' id='word_1_14' title='bbox 1191 616 1288 690; x_wconf 86' lang='lat' dir='ltr'>simul</span> <span class='ocrx_word' id='word_1_15' title='bbox 1299 627 1449 704; x_wconf 86' lang='lat' dir='ltr'>sumpta,</span> <span class='ocrx_word' id='word_1_16' title='bbox 1463 620 1643 703; x_wconf 83' lang='lat' dir='ltr'>importent</span> 
     </span>
     <span class='ocr_line' id='line_1_3' title="bbox 518 724 1642 812; baseline -0.004 -19"><span class='ocrx_word' id='word_1_17' title='bbox 518 727 720 812; x_wconf 90' lang='lat' dir='ltr'>supradictos</span> <span class='ocrx_word' id='word_1_18' title='bbox 739 730 869 807; x_wconf 62' lang='lat' dir='ltr'>modos,</span> <span class='ocrx_word' id='word_1_19' title='bbox 883 726 1061 797; x_wconf 80' lang='lat' dir='ltr'>durationis</span> <span class='ocrx_word' id='word_1_20' title='bbox 1079 735 1136 794; x_wconf 90' lang='lat' dir='ltr'>aut</span> <span class='ocrx_word' id='word_1_21' title='bbox 1158 727 1256 793; x_wconf 90' lang='lat' dir='ltr'>etiam</span> <span class='ocrx_word' id='word_1_22' title='bbox 1276 727 1408 793; x_wconf 89' lang='lat' dir='ltr'>unionis</span> <span class='ocrx_word' id='word_1_23' title='bbox 1426 745 1504 793; x_wconf 91' lang='lat' dir='ltr'>curn</span> <span class='ocrx_word' id='word_1_24' title='bbox 1526 724 1642 791; x_wconf 83' lang='lat' dir='ltr'>eodem</span> 
     </span>
     <span class='ocr_line' id='line_1_4' title="bbox 518 833 1643 921; baseline -0.002 -22"><span class='ocrx_word' id='word_1_25' title='bbox 518 836 702 912; x_wconf 87' lang='lat' dir='ltr'>intellectu,</span> <span class='ocrx_word' id='word_1_26' title='bbox 723 836 813 920; x_wconf 88' lang='lat' dir='ltr'>quod</span> <span class='ocrx_word' id='word_1_27' title='bbox 832 837 872 902; x_wconf 86' lang='lat' dir='ltr'>ad</span> <span class='ocrx_word' id='word_1_28' title='bbox 891 854 1036 921; x_wconf 89' lang='lat' dir='ltr'>praesens</span> <span class='ocrx_word' id='word_1_29' title='bbox 1053 834 1185 910; x_wconf 80' lang='lat' dir='ltr'>attinet,</span> <span class='ocrx_word' id='word_1_30' title='bbox 1213 853 1281 901; x_wconf 90' lang='lat' dir='ltr'>non</span> <span class='ocrx_word' id='word_1_31' title='bbox 1301 835 1508 919; x_wconf 78' lang='lat' dir='ltr'>repugnabo:</span> <span class='ocrx_word' id='word_1_32' title='bbox 1532 834 1574 914; x_wconf 90' lang='lat' dir='ltr'>de</span> <span class='ocrx_word' id='word_1_33' title='bbox 1595 833 1643 897; x_wconf 85' lang='lat' dir='ltr'>bis</span> 
     </span>
     <span class='ocr_line' id='line_1_5' title="bbox 519 930 1643 1027; baseline -0.003 -20"><span class='ocrx_word' id='word_1_34' title='bbox 519 942 606 1009; x_wconf 91' lang='lat' dir='ltr'>enim</span> <span class='ocrx_word' id='word_1_35' title='bbox 635 943 742 1009; x_wconf 88' lang='lat' dir='ltr'>modis</span> <span class='ocrx_word' id='word_1_36' title='bbox 769 930 958 1011; x_wconf 85' lang='lat' dir='ltr'>naturaliter</span> <span class='ocrx_word' id='word_1_37' title='bbox 984 943 1082 1009; x_wconf 88' lang='lat' dir='ltr'>etiam</span> <span class='ocrx_word' id='word_1_38' title='bbox 1112 942 1182 1008; x_wconf 88' lang='lat' dir='ltr'>sine</span> <span class='ocrx_word' id='word_1_39' title='bbox 1206 951 1275 1007; x_wconf 89' lang='lat' dir='ltr'>arte</span> <span class='ocrx_word' id='word_1_40' title='bbox 1303 942 1542 1027; x_wconf 78' lang='lat' dir='ltr'>pullulantibus</span> <span class='ocrx_word' id='word_1_41' title='bbox 1576 958 1643 1005; x_wconf 92' lang='lat' dir='ltr'>non</span> 
     </span>
     <span class='ocr_line' id='line_1_6' title="bbox 518 1048 1644 1133; baseline -0.003 -18"><span class='ocrx_word' id='word_1_42' title='bbox 518 1052 698 1133; x_wconf 88' lang='lat' dir='ltr'>loquuntur</span> <span class='ocrx_word' id='word_1_43' title='bbox 717 1051 908 1128; x_wconf 87' lang='lat' dir='ltr'>adversarii,</span> <span class='ocrx_word' id='word_1_44' title='bbox 929 1051 989 1118; x_wconf 90' lang='lat' dir='ltr'>sed</span> <span class='ocrx_word' id='word_1_45' title='bbox 1008 1050 1049 1116; x_wconf 91' lang='lat' dir='ltr'>de</span> <span class='ocrx_word' id='word_1_46' title='bbox 1064 1051 1166 1115; x_wconf 90' lang='lat' dir='ltr'>modo</span> <span class='ocrx_word' id='word_1_47' title='bbox 1180 1049 1325 1133; x_wconf 87' lang='lat' dir='ltr'>quodam</span> <span class='ocrx_word' id='word_1_48' title='bbox 1340 1048 1418 1115; x_wconf 87' lang='lat' dir='ltr'>reali</span> <span class='ocrx_word' id='word_1_49' title='bbox 1437 1048 1489 1115; x_wconf 84' lang='lat' dir='ltr'>vel</span> <span class='ocrx_word' id='word_1_50' title='bbox 1507 1048 1644 1113; x_wconf 86' lang='lat' dir='ltr'>rationis</span> 
     </span>
     <span class='ocr_line' id='line_1_7' title="bbox 517 1157 1643 1244; baseline -0.002 -22"><span class='ocrx_word' id='word_1_51' title='bbox 517 1172 576 1241; x_wconf 83' lang='lat' dir='ltr'>per</span> <span class='ocrx_word' id='word_1_52' title='bbox 594 1166 696 1223; x_wconf 89' lang='lat' dir='ltr'>artem</span> <span class='ocrx_word' id='word_1_53' title='bbox 716 1158 966 1244; x_wconf 87' lang='lat' dir='ltr'>superinducto,</span> <span class='ocrx_word' id='word_1_54' title='bbox 981 1158 1039 1242; x_wconf 85' lang='lat' dir='ltr'>qui</span> <span class='ocrx_word' id='word_1_55' title='bbox 1057 1157 1100 1225; x_wconf 83' lang='lat' dir='ltr'>sit</span> <span class='ocrx_word' id='word_1_56' title='bbox 1118 1165 1187 1223; x_wconf 85' lang='lat' dir='ltr'>tota</span> <span class='ocrx_word' id='word_1_57' title='bbox 1205 1158 1308 1223; x_wconf 83' lang='lat' dir='ltr'>forma</span> <span class='ocrx_word' id='word_1_58' title='bbox 1328 1158 1547 1223; x_wconf 86' lang='lat' dir='ltr'>denominans</span> <span class='ocrx_word' id='word_1_59' title='bbox 1563 1174 1643 1220; x_wconf 89' lang='lat' dir='ltr'>con·</span> 
     </span>
     <span class='ocr_line' id='line_1_8' title="bbox 517 1263 951 1354; baseline 0.012 -25"><span class='ocrx_word' id='word_1_60' title='bbox 517 1273 633 1349; x_wconf 89' lang='lat' dir='ltr'>ceptus</span> <span class='ocrx_word' id='word_1_61' title='bbox 651 1264 866 1335; x_wconf 77' lang='lat' dir='ltr'>artificiosos»</span> <span class='ocrx_word' id='word_1_62' title='bbox 886 1264 899 1354; x_wconf 97' lang='lat'><strong>(</strong></span> <span class='ocrx_word' id='word_1_63' title='bbox 925 1263 951 1354; x_wconf 85' lang='lat'>).</span> 
     </span>
    </p>
   </div>
   <div class='ocr_carea' id='block_1_3' title="bbox 890 1527 1269 1649">
    <p class='ocr_par' dir='ltr' id='par_1_3' title="bbox 890 1527 1269 1649">
     <span class='ocr_line' id='line_1_9' title="bbox 890 1527 1269 1649; baseline 0 -44"><span class='ocrx_word' id='word_1_64' title='bbox 890 1527 1191 1649; x_wconf 72' lang='lat' dir='ltr'>Anticutus</span> <span class='ocrx_word' id='word_1_65' title='bbox 1214 1528 1269 1605; x_wconf 84' lang='lat' dir='ltr'>u.</span> 
     </span>
    </p>
   </div>
   <div class='ocr_carea' id='block_1_4' title="bbox 618 1660 1531 1902">
    <p class='ocr_par' dir='ltr' id='par_1_4' title="bbox 618 1660 1531 1902">
     <span class='ocr_line' id='line_1_10' title="bbox 618 1660 1531 1779; baseline -0.003 -17"><span class='ocrx_word' id='word_1_66' title='bbox 618 1660 867 1775; x_wconf 73' lang='lat' dir='ltr'>Quodnam</span> <span class='ocrx_word' id='word_1_67' title='bbox 889 1698 950 1765; x_wconf 79' lang='lat' dir='ltr'>sit</span> <span class='ocrx_word' id='word_1_68' title='bbox 971 1697 1203 1779; x_wconf 77' lang='lat' dir='ltr'>objectum</span> <span class='ocrx_word' id='word_1_69' title='bbox 1225 1695 1531 1761; x_wconf 77' lang='lat' dir='ltr'>attributionis</span> 
     </span>
     <span class='ocr_line' id='line_1_11' title="bbox 986 1824 1180 1902; baseline 0.005 -14"><span class='ocrx_word' id='word_1_70' title='bbox 986 1824 1180 1902; x_wconf 81' lang='lat' dir='ltr'>Logieae.</span> 
     </span>
    </p>
   </div>
   <div class='ocr_carea' id='block_1_5' title="bbox 560 2017 1640 2106">
    <p class='ocr_par' dir='ltr' id='par_1_5' title="bbox 560 2017 1640 2106">
     <span class='ocr_line' id='line_1_12' title="bbox 560 2017 1640 2106; baseline -0.005 -18"><span class='ocrx_word' id='word_1_71' title='bbox 560 2036 638 2104; x_wconf 77' lang='lat'>355.</span> <span class='ocrx_word' id='word_1_72' title='bbox 687 2018 862 2105; x_wconf 83' lang='lat' dir='ltr'>Objecturn</span> <span class='ocrx_word' id='word_1_73' title='bbox 891 2018 1164 2106; x_wconf 83' lang='lat' dir='ltr'>attributionis-a</span> <span class='ocrx_word' id='word_1_74' title='bbox 1196 2017 1395 2102; x_wconf 87' lang='lat' dir='ltr'>quibusdam</span> <span class='ocrx_word' id='word_1_75' title='bbox 1428 2018 1640 2083; x_wconf 84' lang='lat' dir='ltr'>contunditur</span> 
     </span>
    </p>
   </div>
   <div class='ocr_carea' id='block_1_6' title="bbox 384 2118 1637 2214">
    <p class='ocr_par' dir='ltr' id='par_1_6' title="bbox 384 2118 1637 2214">
     <span class='ocr_line' id='line_1_13' title="bbox 384 2118 1637 2214; baseline -0.002 -21"><span class='ocrx_word' id='word_1_76' title='bbox 384 2130 409 2159; x_wconf 72' lang='lat'>‘⁶</span> <span class='ocrx_word' id='word_1_77' title='bbox 435 2131 456 2159; x_wconf 80' lang='lat'>¹¹¹</span> <span class='ocrx_word' id='word_1_78' title='bbox 514 2144 591 2193; x_wconf 89' lang='lat' dir='ltr'>cum</span> <span class='ocrx_word' id='word_1_79' title='bbox 611 2118 804 2214; x_wconf 69' lang='lat' dir='ltr'>adaequato,</span> <span class='ocrx_word' id='word_1_80' title='bbox 820 2146 879 2199; x_wconf 84' lang='lat' dir='ltr'>seu</span> <span class='ocrx_word' id='word_1_81' title='bbox 894 2146 995 2193; x_wconf 82' lang='lat' dir='ltr'>rcum</span> <span class='ocrx_word' id='word_1_82' title='bbox 1016 2128 1140 2193; x_wconf 86' lang='lat' dir='ltr'>ratione</span> <span class='ocrx_word' id='word_1_83' title='bbox 1157 2126 1283 2191; x_wconf 83' lang='lat' dir='ltr'>formali</span> <span class='ocrx_word' id='word_1_84' title='bbox 1302 2124 1439 2210; x_wconf 84' lang='lat' dir='ltr'>objecti,</span> <span class='ocrx_word' id='word_1_85' title='bbox 1455 2136 1558 2191; x_wconf 88' lang='lat' dir='ltr'>utres</span> <span class='ocrx_word' id='word_1_86' title='bbox 1569 2137 1637 2201; x_wconf 83' lang='lat' dir='ltr'>est,</span> 
     </span>
    </p>
   </div>
   <div class='ocr_carea' id='block_1_7' title="bbox 447 2231 1639 4474">
    <p class='ocr_par' dir='ltr' id='par_1_7' title="bbox 447 2231 1639 3293">
     <span class='ocr_line' id='line_1_14' title="bbox 513 2231 1639 2318; baseline -0.001 -19"><span class='ocrx_word' id='word_1_87' title='bbox 513 2252 588 2316; x_wconf 83' lang='lat' dir='ltr'>quae</span> <span class='ocrx_word' id='word_1_88' title='bbox 607 2234 647 2299; x_wconf 90' lang='lat' dir='ltr'>ab</span> <span class='ocrx_word' id='word_1_89' title='bbox 666 2234 735 2302; x_wconf 91' lang='lat' dir='ltr'>aliis</span> <span class='ocrx_word' id='word_1_90' title='bbox 753 2247 889 2303; x_wconf 91' lang='lat' dir='ltr'>vocatur</span> <span class='ocrx_word' id='word_1_91' title='bbox 910 2235 990 2301; x_wconf 89' lang='lat' dir='ltr'>ratio</span> <span class='ocrx_word' id='word_1_92' title='bbox 1010 2235 1153 2301; x_wconf 82' lang='lat' dir='ltr'>formalis</span> <span class='ocrx_word' id='word_1_93' title='bbox 1167 2252 1252 2318; x_wconf 74' lang='lat' dir='ltr'>qua,</span> <span class='ocrx_word' id='word_1_94' title='bbox 1273 2232 1315 2298; x_wconf 91' lang='lat' dir='ltr'>ab</span> <span class='ocrx_word' id='word_1_95' title='bbox 1333 2231 1403 2298; x_wconf 83' lang='lat' dir='ltr'>aliis</span> <span class='ocrx_word' id='word_1_96' title='bbox 1420 2234 1478 2299; x_wconf 83' lang='lat' dir='ltr'>sub</span> <span class='ocrx_word' id='word_1_97' title='bbox 1491 2252 1573 2317; x_wconf 79' lang='lat' dir='ltr'>qua,</span> <span class='ocrx_word' id='word_1_98' title='bbox 1596 2234 1639 2298; x_wconf 89' lang='lat' dir='ltr'>ab</span> 
     </span>
     <span class='ocr_line' id='line_1_15' title="bbox 512 2339 1638 2428; baseline 0.002 -23"><span class='ocrx_word' id='word_1_99' title='bbox 512 2341 582 2406; x_wconf 92' lang='lat' dir='ltr'>aliis</span> <span class='ocrx_word' id='word_1_100' title='bbox 601 2343 765 2427; x_wconf 90' lang='lat' dir='ltr'>objectum</span> <span class='ocrx_word' id='word_1_101' title='bbox 784 2344 920 2409; x_wconf 80' lang='lat' dir='ltr'>formale</span> <span class='ocrx_word' id='word_1_102' title='bbox 938 2345 1036 2427; x_wconf 83' lang='lat' dir='ltr'>quod,</span> <span class='ocrx_word' id='word_1_103' title='bbox 1057 2342 1099 2407; x_wconf 89' lang='lat' dir='ltr'>ab</span> <span class='ocrx_word' id='word_1_104' title='bbox 1118 2339 1283 2426; x_wconf 83' lang='lat' dir='ltr'>aliisquo,</span> <span class='ocrx_word' id='word_1_105' title='bbox 1308 2349 1424 2428; x_wconf 88' lang='lat' dir='ltr'>estque</span> <span class='ocrx_word' id='word_1_106' title='bbox 1441 2341 1493 2406; x_wconf 89' lang='lat' dir='ltr'>ille</span> <span class='ocrx_word' id='word_1_107' title='bbox 1518 2342 1638 2407; x_wconf 82' lang='lat' dir='ltr'>titulus</span> 
     </span>
     <span class='ocr_line' id='line_1_16' title="bbox 512 2448 1639 2536; baseline 0 -23"><span class='ocrx_word' id='word_1_108' title='bbox 512 2450 697 2517; x_wconf 87' lang='lat' dir='ltr'>communis</span> <span class='ocrx_word' id='word_1_109' title='bbox 717 2450 870 2517; x_wconf 88' lang='lat' dir='ltr'>omnibus</span> <span class='ocrx_word' id='word_1_110' title='bbox 890 2449 1026 2536; x_wconf 88' lang='lat' dir='ltr'>objectis</span> <span class='ocrx_word' id='word_1_111' title='bbox 1044 2449 1291 2533; x_wconf 85' lang='lat' dir='ltr'>particularibus</span> <span class='ocrx_word' id='word_1_112' title='bbox 1309 2468 1367 2533; x_wconf 89' lang='lat' dir='ltr'>per</span> <span class='ocrx_word' id='word_1_113' title='bbox 1390 2466 1426 2514; x_wconf 89' lang='lat' dir='ltr'>se</span> <span class='ocrx_word' id='word_1_114' title='bbox 1449 2448 1576 2534; x_wconf 82' lang='lat' dir='ltr'>attactis</span> <span class='ocrx_word' id='word_1_115' title='bbox 1596 2450 1639 2513; x_wconf 85' lang='lat' dir='ltr'>ab</span> 
     </span>
     <span class='ocr_line' id='line_1_17' title="bbox 513 2555 1637 2642; baseline 0.001 -22"><span class='ocrx_word' id='word_1_116' title='bbox 513 2555 619 2639; x_wconf 88' lang='lat' dir='ltr'>aliqua</span> <span class='ocrx_word' id='word_1_117' title='bbox 647 2557 793 2625; x_wconf 88' lang='lat' dir='ltr'>scientia.</span> <span class='ocrx_word' id='word_1_118' title='bbox 820 2558 896 2635; x_wconf 77' lang='lat' dir='ltr'>Qro</span> <span class='ocrx_word' id='word_1_119' title='bbox 924 2576 1024 2623; x_wconf 91' lang='lat' dir='ltr'>sensu</span> <span class='ocrx_word' id='word_1_120' title='bbox 1048 2558 1213 2642; x_wconf 87' lang='lat' dir='ltr'>objectum</span> <span class='ocrx_word' id='word_1_121' title='bbox 1240 2556 1461 2623; x_wconf 88' lang='lat' dir='ltr'>attributionis</span> <span class='ocrx_word' id='word_1_122' title='bbox 1487 2556 1569 2621; x_wconf 84' lang='lat' dir='ltr'>toret</span> <span class='ocrx_word' id='word_1_123' title='bbox 1604 2557 1637 2621; x_wconf 93' lang='lat' dir='ltr'>in</span> 
     </span>
     <span class='ocr_line' id='line_1_18' title="bbox 513 2663 1639 2749; baseline -0.001 -19"><span class='ocrx_word' id='word_1_124' title='bbox 513 2665 675 2731; x_wconf 89' lang='lat' dir='ltr'>sententia</span> <span class='ocrx_word' id='word_1_125' title='bbox 693 2666 966 2733; x_wconf 87' lang='lat' dir='ltr'>communissima</span> <span class='ocrx_word' id='word_1_126' title='bbox 985 2673 1173 2731; x_wconf 89' lang='lat' dir='ltr'>nostrorum</span> <span class='ocrx_word' id='word_1_127' title='bbox 1193 2664 1390 2749; x_wconf 89' lang='lat' dir='ltr'>scriptorum</span> <span class='ocrx_word' id='word_1_128' title='bbox 1411 2664 1568 2729; x_wconf 86' lang='lat' dir='ltr'>rectitudo</span> <span class='ocrx_word' id='word_1_129' title='bbox 1588 2663 1639 2729; x_wconf 91' lang='lat' dir='ltr'>in-</span> 
     </span>
     <span class='ocr_line' id='line_1_19' title="bbox 511 2770 1638 2858; baseline -0.001 -19"><span class='ocrx_word' id='word_1_130' title='bbox 511 2773 650 2839; x_wconf 88' lang='lat' dir='ltr'>trinseca</span> <span class='ocrx_word' id='word_1_131' title='bbox 682 2785 776 2841; x_wconf 93' lang='lat' dir='ltr'>actus</span> <span class='ocrx_word' id='word_1_132' title='bbox 804 2775 987 2842; x_wconf 90' lang='lat' dir='ltr'>intellectus</span> <span class='ocrx_word' id='word_1_133' title='bbox 1019 2773 1162 2844; x_wconf 84' lang='lat' dir='ltr'>scientiis</span> <span class='ocrx_word' id='word_1_134' title='bbox 1190 2773 1395 2858; x_wconf 86' lang='lat' dir='ltr'>acquirendis</span> <span class='ocrx_word' id='word_1_135' title='bbox 1424 2770 1528 2849; x_wconf 86' lang='lat' dir='ltr'>utilis,</span> <span class='ocrx_word' id='word_1_136' title='bbox 1565 2774 1638 2838; x_wconf 87' lang='lat' dir='ltr'>haec</span> 
     </span>
     <span class='ocr_line' id='line_1_20' title="bbox 512 2881 1638 2967; baseline 0.002 -21"><span class='ocrx_word' id='word_1_137' title='bbox 512 2881 600 2949; x_wconf 87' lang='lat' dir='ltr'>enim</span> <span class='ocrx_word' id='word_1_138' title='bbox 620 2890 670 2948; x_wconf 86' lang='lat' dir='ltr'>est</span> <span class='ocrx_word' id='word_1_139' title='bbox 689 2883 770 2948; x_wconf 89' lang='lat' dir='ltr'>ratio</span> <span class='ocrx_word' id='word_1_140' title='bbox 788 2882 933 2949; x_wconf 83' lang='lat' dir='ltr'>formalis</span> <span class='ocrx_word' id='word_1_141' title='bbox 950 2883 1009 2948; x_wconf 81' lang='lat' dir='ltr'>sub</span> <span class='ocrx_word' id='word_1_142' title='bbox 1026 2901 1090 2967; x_wconf 83' lang='lat' dir='ltr'>qua</span> <span class='ocrx_word' id='word_1_143' title='bbox 1112 2881 1230 2966; x_wconf 82' lang='lat' dir='ltr'>Logica</span> <span class='ocrx_word' id='word_1_144' title='bbox 1247 2881 1371 2957; x_wconf 91' lang='lat' dir='ltr'>tendit,</span> <span class='ocrx_word' id='word_1_145' title='bbox 1400 2881 1452 2946; x_wconf 87' lang='lat' dir='ltr'>vel</span> <span class='ocrx_word' id='word_1_146' title='bbox 1476 2882 1503 2946; x_wconf 93' lang='lat' dir='ltr'>si</span> <span class='ocrx_word' id='word_1_147' title='bbox 1528 2881 1638 2948; x_wconf 82' lang='lat' dir='ltr'>mavis</span> 
     </span>
     <span class='ocr_line' id='line_1_21' title="bbox 511 2979 1637 3076; baseline 0.002 -23"><span class='ocrx_word' id='word_1_148' title='bbox 511 2987 543 3055; x_wconf 90' lang='lat' dir='ltr'>in</span> <span class='ocrx_word' id='word_1_149' title='bbox 567 2979 730 3058; x_wconf 86' lang='lat' dir='ltr'>concreto</span> <span class='ocrx_word' id='word_1_150' title='bbox 746 2992 854 3073; x_wconf 90' lang='lat' dir='ltr'>loqui,</span> <span class='ocrx_word' id='word_1_151' title='bbox 884 2991 944 3056; x_wconf 92' lang='lat' dir='ltr'>erit</span> <span class='ocrx_word' id='word_1_152' title='bbox 971 3000 1059 3056; x_wconf 87' lang='lat' dir='ltr'>recta</span> <span class='ocrx_word' id='word_1_153' title='bbox 1084 2989 1229 3076; x_wconf 84' lang='lat' dir='ltr'>cognitio</span> <span class='ocrx_word' id='word_1_154' title='bbox 1257 2989 1401 3057; x_wconf 85' lang='lat' dir='ltr'>scientiis</span> <span class='ocrx_word' id='word_1_155' title='bbox 1429 2989 1637 3072; x_wconf 82' lang='lat' dir='ltr'>acquirendis</span> 
     </span>
     <span class='ocr_line' id='line_1_22' title="bbox 447 3083 1636 3184; baseline 0.002 -22"><span class='ocrx_word' id='word_1_156' title='bbox 447 3083 450 3090; x_wconf 68' lang='grc'><strong><em>’</em></strong></span> <span class='ocrx_word' id='word_1_157' title='bbox 511 3097 616 3174; x_wconf 89' lang='lat' dir='ltr'>utilis,</span> <span class='ocrx_word' id='word_1_158' title='bbox 637 3100 699 3165; x_wconf 86' lang='lat' dir='ltr'>boc</span> <span class='ocrx_word' id='word_1_159' title='bbox 717 3100 805 3166; x_wconf 87' lang='lat' dir='ltr'>enirn</span> <span class='ocrx_word' id='word_1_160' title='bbox 824 3101 1014 3167; x_wconf 87' lang='lat' dir='ltr'>arteiactum</span> <span class='ocrx_word' id='word_1_161' title='bbox 1033 3107 1099 3175; x_wconf 90' lang='lat' dir='ltr'>est,</span> <span class='ocrx_word' id='word_1_162' title='bbox 1129 3098 1219 3182; x_wconf 92' lang='lat' dir='ltr'>quod</span> <span class='ocrx_word' id='word_1_163' title='bbox 1239 3099 1355 3184; x_wconf 82' lang='lat' dir='ltr'>logica</span> <span class='ocrx_word' id='word_1_164' title='bbox 1385 3117 1443 3182; x_wconf 90' lang='lat' dir='ltr'>per</span> <span class='ocrx_word' id='word_1_165' title='bbox 1460 3116 1497 3166; x_wconf 85' lang='lat' dir='ltr'>se</span> <span class='ocrx_word' id='word_1_166' title='bbox 1526 3098 1636 3164; x_wconf 89' lang='lat' dir='ltr'>inten-</span> 
     </span>
     <span class='ocr_line' id='line_1_23' title="bbox 511 3203 663 3293; baseline 0.02 -23"><span class='ocrx_word' id='word_1_167' title='bbox 511 3204 583 3272; x_wconf 78' lang='lat' dir='ltr'>dir»</span> <span class='ocrx_word' id='word_1_168' title='bbox 599 3203 663 3293; x_wconf 91' lang='lat'><em>(2).</em></span> 
     </span>
    </p>

    <p class='ocr_par' dir='ltr' id='par_1_8' title="bbox 473 3312 1637 4474">
     <span class='ocr_line' id='line_1_24' title="bbox 577 3312 1634 3400; baseline 0.001 -22"><span class='ocrx_word' id='word_1_169' title='bbox 577 3312 798 3380; x_wconf 84' lang='lat' dir='ltr'>«Communis</span> <span class='ocrx_word' id='word_1_170' title='bbox 812 3324 924 3381; x_wconf 87' lang='lat' dir='ltr'>tamen</span> <span class='ocrx_word' id='word_1_171' title='bbox 943 3314 1099 3398; x_wconf 87' lang='lat' dir='ltr'>loquendi</span> <span class='ocrx_word' id='word_1_172' title='bbox 1129 3313 1248 3380; x_wconf 90' lang='lat' dir='ltr'>modus</span> <span class='ocrx_word' id='word_1_173' title='bbox 1275 3313 1445 3398; x_wconf 80' lang='lat' dir='ltr'>distinguit</span> <span class='ocrx_word' id='word_1_174' title='bbox 1463 3313 1634 3400; x_wconf 86' lang='lat' dir='ltr'>objectum</span> 
     </span>
     <span class='ocr_line' id='line_1_25' title="bbox 510 3420 1636 3506; baseline 0.001 -21"><span class='ocrx_word' id='word_1_175' title='bbox 510 3421 727 3488; x_wconf 88' lang='lat' dir='ltr'>attributionis</span> <span class='ocrx_word' id='word_1_176' title='bbox 742 3422 782 3486; x_wconf 90' lang='lat' dir='ltr'>ab</span> <span class='ocrx_word' id='word_1_177' title='bbox 801 3423 992 3505; x_wconf 86' lang='lat' dir='ltr'>adaequato,</span> <span class='ocrx_word' id='word_1_178' title='bbox 1013 3422 1097 3488; x_wconf 87' lang='lat' dir='ltr'>sicut</span> <span class='ocrx_word' id='word_1_179' title='bbox 1112 3429 1236 3506; x_wconf 85' lang='lat' dir='ltr'>partem</span> <span class='ocrx_word' id='word_1_180' title='bbox 1256 3441 1274 3486; x_wconf 93' lang='lat' dir='ltr'>a</span> <span class='ocrx_word' id='word_1_181' title='bbox 1288 3429 1375 3496; x_wconf 91' lang='lat' dir='ltr'>toto,</span> <span class='ocrx_word' id='word_1_182' title='bbox 1393 3422 1445 3486; x_wconf 89' lang='lat' dir='ltr'>vel</span> <span class='ocrx_word' id='word_1_183' title='bbox 1460 3420 1547 3489; x_wconf 91' lang='lat' dir='ltr'>sicut</span> <span class='ocrx_word' id='word_1_184' title='bbox 1561 3442 1636 3506; x_wconf 87' lang='lat' dir='ltr'>pac·</span> 
     </span>
     <span class='ocr_line' id='line_1_26' title="bbox 509 3528 1632 3614; baseline 0.001 -20"><span class='ocrx_word' id='word_1_185' title='bbox 509 3528 641 3594; x_wconf 86' lang='lat' dir='ltr'>ticulare</span> <span class='ocrx_word' id='word_1_186' title='bbox 670 3549 687 3594; x_wconf 86' lang='lat' dir='ltr'>a</span> <span class='ocrx_word' id='word_1_187' title='bbox 715 3530 901 3607; x_wconf 90' lang='lat' dir='ltr'>communi,</span> <span class='ocrx_word' id='word_1_188' title='bbox 926 3529 1105 3614; x_wconf 79' lang='lat' dir='ltr'>definitque</span> <span class='ocrx_word' id='word_1_189' title='bbox 1123 3529 1168 3606; x_wconf 90' lang='lat' dir='ltr'>id,</span> <span class='ocrx_word' id='word_1_190' title='bbox 1194 3529 1285 3614; x_wconf 88' lang='lat' dir='ltr'>quod</span> <span class='ocrx_word' id='word_1_191' title='bbox 1307 3529 1413 3613; x_wconf 89' lang='lat' dir='ltr'>primo</span> <span class='ocrx_word' id='word_1_192' title='bbox 1438 3529 1632 3614; x_wconf 86' lang='lat' dir='ltr'>intenditur,</span> 
     </span>
     <span class='ocr_line' id='line_1_27' title="bbox 509 3637 1637 3730; baseline 0.003 -30"><span class='ocrx_word' id='word_1_193' title='bbox 509 3653 567 3700; x_wconf 89' lang='lat' dir='ltr'>seu</span> <span class='ocrx_word' id='word_1_194' title='bbox 588 3637 679 3719; x_wconf 87' lang='lat' dir='ltr'>quod</span> <span class='ocrx_word' id='word_1_195' title='bbox 703 3656 760 3720; x_wconf 90' lang='lat' dir='ltr'>per</span> <span class='ocrx_word' id='word_1_196' title='bbox 779 3657 826 3703; x_wconf 91' lang='lat' dir='ltr'>se.</span> <span class='ocrx_word' id='word_1_197' title='bbox 844 3638 950 3721; x_wconf 91' lang='lat' dir='ltr'>primo</span> <span class='ocrx_word' id='word_1_198' title='bbox 969 3638 1210 3714; x_wconf 83' lang='lat' dir='ltr'>consideratur,</span> <span class='ocrx_word' id='word_1_199' title='bbox 1234 3647 1267 3703; x_wconf 91' lang='lat' dir='ltr'>et</span> <span class='ocrx_word' id='word_1_200' title='bbox 1295 3637 1388 3730; x_wconf 80' lang='lat' dir='ltr'>cujus</span> <span class='ocrx_word' id='word_1_201' title='bbox 1415 3637 1519 3721; x_wconf 82' lang='lat' dir='ltr'>gratia</span> <span class='ocrx_word' id='word_1_202' title='bbox 1537 3639 1637 3703; x_wconf 87' lang='lat' dir='ltr'>attin-</span> 
     </span>
     <span class='ocr_line' id='line_1_28' title="bbox 509 3743 1633 3828; baseline 0.004 -21"><span class='ocrx_word' id='word_1_203' title='bbox 509 3752 632 3827; x_wconf 86' lang='lat' dir='ltr'>guntur</span> <span class='ocrx_word' id='word_1_204' title='bbox 649 3753 765 3810; x_wconf 86' lang='lat' dir='ltr'>caetera</span> <span class='ocrx_word' id='word_1_205' title='bbox 779 3744 903 3820; x_wconf 90' lang='lat' dir='ltr'>omnia,</span> <span class='ocrx_word' id='word_1_206' title='bbox 920 3763 995 3828; x_wconf 82' lang='lat' dir='ltr'>quae</span> <span class='ocrx_word' id='word_1_207' title='bbox 1013 3745 1130 3810; x_wconf 87' lang='lat' dir='ltr'>idcirco</span> <span class='ocrx_word' id='word_1_208' title='bbox 1154 3745 1308 3810; x_wconf 85' lang='lat' dir='ltr'>dicuntur</span> <span class='ocrx_word' id='word_1_209' title='bbox 1321 3743 1448 3828; x_wconf 85' lang='lat' dir='ltr'>objecta</span> <span class='ocrx_word' id='word_1_210' title='bbox 1463 3746 1633 3822; x_wconf 80' lang='lat' dir='ltr'>attributa,</span> 
     </span>
     <span class='ocr_line' id='line_1_29' title="bbox 508 3845 1636 3936; baseline 0.003 -21"><span class='ocrx_word' id='word_1_211' title='bbox 508 3858 605 3933; x_wconf 91' lang='lat' dir='ltr'>atque</span> <span class='ocrx_word' id='word_1_212' title='bbox 625 3851 723 3917; x_wconf 87' lang='lat' dir='ltr'>etiam</span> <span class='ocrx_word' id='word_1_213' title='bbox 743 3850 868 3936; x_wconf 86' lang='lat' dir='ltr'>objecta</span> <span class='ocrx_word' id='word_1_214' title='bbox 887 3852 1145 3920; x_wconf 87' lang='lat' dir='ltr'>communitatis.</span> <span class='ocrx_word' id='word_1_215' title='bbox 1162 3845 1249 3918; x_wconf 88' lang='lat' dir='ltr'>Talis</span> <span class='ocrx_word' id='word_1_216' title='bbox 1263 3861 1314 3918; x_wconf 88' lang='lat' dir='ltr'>est</span> <span class='ocrx_word' id='word_1_217' title='bbox 1332 3849 1421 3918; x_wconf 88' lang='lat' dir='ltr'>Deus</span> <span class='ocrx_word' id='word_1_218' title='bbox 1439 3852 1474 3918; x_wconf 88' lang='lat' dir='ltr'>iri</span> <span class='ocrx_word' id='word_1_219' title='bbox 1492 3851 1636 3919; x_wconf 85' lang='lat' dir='ltr'>Theolo-</span> 
     </span>
     <span class='ocr_line' id='line_1_30' title="bbox 507 3957 1636 4053; baseline 0.004 -31"><span class='ocrx_word' id='word_1_220' title='bbox 507 3957 576 4042; x_wconf 90' lang='lat' dir='ltr'>gia‚</span> <span class='ocrx_word' id='word_1_221' title='bbox 597 3957 630 4023; x_wconf 94' lang='lat' dir='ltr'>in</span> <span class='ocrx_word' id='word_1_222' title='bbox 651 3959 871 4046; x_wconf 80' lang='lat' dir='ltr'>Metapbysica</span> <span class='ocrx_word' id='word_1_223' title='bbox 897 3960 1079 4026; x_wconf 88' lang='lat' dir='ltr'>substantia</span> <span class='ocrx_word' id='word_1_224' title='bbox 1097 3961 1258 4044; x_wconf 86' lang='lat' dir='ltr'>completa</span> <span class='ocrx_word' id='word_1_225' title='bbox 1278 3969 1315 4026; x_wconf 92' lang='lat' dir='ltr'>ut</span> <span class='ocrx_word' id='word_1_226' title='bbox 1332 3960 1396 4053; x_wconf 74' lang='lat' dir='ltr'>sic,</span> <span class='ocrx_word' id='word_1_227' title='bbox 1416 3969 1450 4026; x_wconf 92' lang='lat' dir='ltr'>et</span> <span class='ocrx_word' id='word_1_228' title='bbox 1473 3962 1507 4026; x_wconf 91' lang='lat' dir='ltr'>in</span> <span class='ocrx_word' id='word_1_229' title='bbox 1526 3961 1636 4027; x_wconf 84' lang='lat' dir='ltr'>Philo-</span> 
     </span>
     <span class='ocr_line' id='line_1_31' title="bbox 507 4065 1634 4151; baseline 0.004 -22"><span class='ocrx_word' id='word_1_230' title='bbox 507 4065 620 4148; x_wconf 88' lang='lat' dir='ltr'>sophia</span> <span class='ocrx_word' id='word_1_231' title='bbox 640 4066 776 4131; x_wconf 86' lang='lat' dir='ltr'>naturali</span> <span class='ocrx_word' id='word_1_232' title='bbox 792 4067 1012 4150; x_wconf 87' lang='lat' dir='ltr'>compositum</span> <span class='ocrx_word' id='word_1_233' title='bbox 1029 4067 1258 4143; x_wconf 88' lang='lat' dir='ltr'>substantiale,</span> <span class='ocrx_word' id='word_1_234' title='bbox 1274 4085 1333 4134; x_wconf 86' lang='lat' dir='ltr'>scu</span> <span class='ocrx_word' id='word_1_235' title='bbox 1348 4087 1466 4151; x_wconf 87' lang='lat' dir='ltr'>corpus</span> <span class='ocrx_word' id='word_1_236' title='bbox 1485 4070 1634 4136; x_wconf 86' lang='lat' dir='ltr'>naturale</span> 
     </span>
     <span class='ocr_line' id='line_1_32' title="bbox 506 4173 1632 4260; baseline 0.004 -22"><span class='ocrx_word' id='word_1_237' title='bbox 506 4174 724 4257; x_wconf 88' lang='lat' dir='ltr'>completum.</span> <span class='ocrx_word' id='word_1_238' title='bbox 757 4173 836 4240; x_wconf 86' lang='lat' dir='ltr'>Tres</span> <span class='ocrx_word' id='word_1_239' title='bbox 864 4175 1068 4241; x_wconf 89' lang='lat' dir='ltr'>conditiones</span> <span class='ocrx_word' id='word_1_240' title='bbox 1098 4194 1145 4240; x_wconf 54' lang='lat' dir='ltr'>ex&gt;</span> <span class='ocrx_word' id='word_1_241' title='bbox 1170 4173 1340 4242; x_wconf 89' lang='lat' dir='ltr'>communi</span> <span class='ocrx_word' id='word_1_242' title='bbox 1372 4177 1538 4242; x_wconf 87' lang='lat' dir='ltr'>sententia</span> <span class='ocrx_word' id='word_1_243' title='bbox 1569 4177 1632 4260; x_wconf 87' lang='lat' dir='ltr'>ipsi</span> 
     </span>
     <span class='ocr_line' id='line_1_33' title="bbox 506 4279 1633 4367; baseline 0.004 -23"><span class='ocrx_word' id='word_1_244' title='bbox 506 4280 722 4348; x_wconf 89' lang='lat' dir='ltr'>conveniunt:</span> <span class='ocrx_word' id='word_1_245' title='bbox 752 4279 788 4367; x_wconf 84' lang='grc' dir='ltr'>α)</span> <span class='ocrx_word' id='word_1_246' title='bbox 809 4292 844 4348; x_wconf 87' lang='lat' dir='ltr'>ut</span> <span class='ocrx_word' id='word_1_247' title='bbox 873 4282 914 4347; x_wconf 90' lang='lat' dir='ltr'>sit</span> <span class='ocrx_word' id='word_1_248' title='bbox 933 4283 1053 4366; x_wconf 86' lang='lat' dir='ltr'>aliquid</span> <span class='ocrx_word' id='word_1_249' title='bbox 1083 4300 1205 4362; x_wconf 89' lang='lat' dir='ltr'>uuum,</span> <span class='ocrx_word' id='word_1_250' title='bbox 1221 4283 1346 4350; x_wconf 86' lang='lat' dir='ltr'>unitate</span> <span class='ocrx_word' id='word_1_251' title='bbox 1364 4283 1434 4349; x_wconf 87' lang='lat' dir='ltr'>sive</span> <span class='ocrx_word' id='word_1_252' title='bbox 1448 4285 1542 4360; x_wconf 85' lang='lat' dir='ltr'>reali,</span> <span class='ocrx_word' id='word_1_253' title='bbox 1561 4286 1633 4350; x_wconf 84' lang='lat' dir='ltr'>siue</span> 
     </span>
     <span class='ocr_line' id='line_1_34' title="bbox 473 4386 1634 4474; baseline 0.003 -20"><span class='ocrx_word' id='word_1_254' title='bbox 473 4447 490 4454; x_wconf 71' lang='grc'><strong><em>,</em></strong></span> <span class='ocrx_word' id='word_1_255' title='bbox 507 4388 655 4463; x_wconf 83' lang='lat' dir='ltr'>rationis,</span> <span class='ocrx_word' id='word_1_256' title='bbox 677 4389 745 4454; x_wconf 90' lang='lat' dir='ltr'>sive</span> <span class='ocrx_word' id='word_1_257' title='bbox 765 4389 916 4467; x_wconf 89' lang='lat' dir='ltr'>univoca,</span> <span class='ocrx_word' id='word_1_258' title='bbox 937 4388 1006 4456; x_wconf 88' lang='lat' dir='ltr'>sive</span> <span class='ocrx_word' id='word_1_259' title='bbox 1025 4386 1173 4474; x_wconf 87' lang='lat' dir='ltr'>analoga,</span> <span class='ocrx_word' id='word_1_260' title='bbox 1193 4388 1262 4456; x_wconf 88' lang='lat' dir='ltr'>sive</span> <span class='ocrx_word' id='word_1_261' title='bbox 1280 4389 1402 4458; x_wconf 89' lang='lat' dir='ltr'>ordinis</span> <span class='ocrx_word' id='word_1_262' title='bbox 1421 4399 1566 4471; x_wconf 81' lang='lat' dir='ltr'>tantum,</span> <span class='ocrx_word' id='word_1_263' title='bbox 1587 4394 1634 4458; x_wconf 84' lang='lat' dir='ltr'>ita</span> 
     </span>
    </p>
   </div>
   <div class='ocr_carea' id='block_1_8' title="bbox 539 4636 1159 4802">
    <p class='ocr_par' dir='ltr' id='par_1_9' title="bbox 539 4636 1159 4802">
     <span class='ocr_line' id='line_1_35' title="bbox 540 4636 1135 4712; baseline 0 -16"><span class='ocrx_word' id='word_1_264' title='bbox 540 4639 581 4708; x_wconf 82' lang='grc' dir='ltr'>(ι)</span> <span class='ocrx_word' id='word_1_265' title='bbox 619 4637 763 4707; x_wconf 78' lang='lat' dir='ltr'>Lossedu‚</span> <span class='ocrx_word' id='word_1_266' title='bbox 780 4639 833 4696; x_wconf 85' lang='lat' dir='ltr'>loe.</span> <span class='ocrx_word' id='word_1_267' title='bbox 849 4636 899 4696; x_wconf 86' lang='lat' dir='ltr'>cit.</span> <span class='ocrx_word' id='word_1_268' title='bbox 914 4657 978 4711; x_wconf 84' lang='lat' dir='ltr'>cap.</span> <span class='ocrx_word' id='word_1_269' title='bbox 994 4659 1025 4712; x_wconf 72' lang='lat'>7,</span> <span class='ocrx_word' id='word_1_270' title='bbox 1045 4659 1075 4696; x_wconf 94' lang='lat' dir='ltr'>n.</span> <span class='ocrx_word' id='word_1_271' title='bbox 1095 4659 1135 4712; x_wconf 76' lang='lat'>¹7·</span> 
     </span>
     <span class='ocr_line' id='line_1_36' title="bbox 539 4725 1159 4802; baseline 0.003 -18"><span class='ocrx_word' id='word_1_272' title='bbox 539 4728 580 4800; x_wconf 76' lang='lat' dir='ltr'>(a)</span> <span class='ocrx_word' id='word_1_273' title='bbox 617 4726 757 4800; x_wconf 78' lang='lat' dir='ltr'>Lossude,</span> <span class='ocrx_word' id='word_1_274' title='bbox 774 4725 828 4802; x_wconf 78' lang='lat' dir='ltr'>loe.</span> <span class='ocrx_word' id='word_1_275' title='bbox 843 4727 905 4796; x_wconf 74' lang='lat' dir='ltr'>cin,</span> <span class='ocrx_word' id='word_1_276' title='bbox 920 4747 984 4800; x_wconf 87' lang='lat' dir='ltr'>cap.</span> <span class='ocrx_word' id='word_1_277' title='bbox 997 4749 1025 4800; x_wconf 85' lang='lat'>9,</span> <span class='ocrx_word' id='word_1_278' title='bbox 1044 4749 1073 4786; x_wconf 89' lang='lat' dir='ltr'>n.</span> <span class='ocrx_word' id='word_1_279' title='bbox 1092 4747 1159 4797; x_wconf 78' lang='lat'>1,2.</span> 
     </span>
    </p>
   </div>
   <div class='ocr_carea' id='block_1_9' title="bbox 0 0 1750 5525">
    <p class='ocr_par' dir='ltr' id='par_1_10' title="bbox 0 0 1750 5525">
     <span class='ocr_line' id='line_1_37' title="bbox 0 0 1750 5525; baseline 0 3"><span class='ocrx_word' id='word_1_280' title='bbox 0 0 1750 5525; x_wconf 95' lang='lat' dir='ltr'> </span> 
     </span>
    </p>
   </div>
  </div>
 </body>
</html>
