3492 5525
273 162 387 225 Anrrc.
400 159 461 225 ὀμ
472 158 620 223 Conana.
637 176 739 222 innan
752 175 919 222 sereonas
938 174 1115 223 animantis
1139 154 1210 238 1041

130 348 176 413 ad
195 346 432 440 assecutionem
452 346 558 414 ultimi
577 346 670 428 tinis;
692 347 754 412 hoc
771 344 860 410 enim
881 350 931 410 est
945 342 1256 428 praestantissimum

131 474 220 539 opus
244 454 400 521 hominis.
1086 529 1088 536 ,

201 564 309 640 Adde,
340 563 427 647 quod
459 562 601 639 Politica,
630 570 719 627 texte
746 559 955 645 Philosopho,
983 561 1131 627 ordinare
1157 560 1254 629 debet

132 670 273 756 reliquas
292 690 410 739 omnes
424 679 521 752 artes;
538 671 687 736 ordinare
701 679 811 736 autem
826 670 1001 755 superioris
1015 677 1067 735 est
1081 669 1251 736 facultatis.

174 840 179 847 .
200 787 304 864 Resp.
325 780 365 845 ad
390 790 464 847 ψ’
483 778 516 841 ld
535 778 651 862 probat
673 778 781 842 solum
802 778 959 843 Moralem
979 796 1051 844 esse
1070 778 1176 862 magis
1200 796 1256 842 ne·

132 886 306 952 cessariam
334 887 410 953 vitae
439 888 611 962 humanae,
634 884 865 968 utilioremque
892 885 1052 967 societati;
1084 904 1148 951 non
1178 904 1256 951 vero

134 994 394 1079 praestantiorem
409 993 444 1060 in
463 994 586 1059 ratione
601 991 756 1058 scientiae.

201 1102 253 1168 Ad
272 1114 352 1167 ΝΜ
370 1102 501 1168 Politica
520 1120 586 1166 non
613 1100 740 1165 ordinat
764 1099 904 1181 reliquas
922 1108 1020 1177 artes,
1041 1100 1134 1183 quasi
1152 1107 1257 1166 mate-

133 1210 213 1275 riam
234 1211 296 1287 eis,
321 1210 355 1275 in
374 1229 439 1293 qua
458 1217 641 1284 versentur,
666 1215 699 1271 et
723 1208 917 1273 methodum
938 1207 1165 1293 praehniendo,
1198 1209 1255 1274 sed

132 1323 296 1406 quatenus
315 1319 356 1383 ad
382 1318 511 1384 civilem
540 1334 637 1382 usum
666 1325 699 1380 et
727 1315 908 1403 utilitatem
930 1334 984 1381 eas
1014 1306 1253 1393 accommodat,

131 1434 297 1502 statuens,
314 1446 388 1509 quae
406 1436 508 1500 artes,
524 1443 590 1508 quo
600 1432 765 1508 tempore,
782 1422 947 1506 aquibus,
963 1423 1184 1507 perdiscenda
1199 1437 1255 1491 aut

133 1534 321 1599 exercendae
344 1533 422 1610 sint,
443 1527 487 1598 ut'
504 1530 641 1617 explicat
669 1529 861 1596 Aristoteles
883 1530 964 1596 libro
993 1538 1039 1599 1.·
1063 1532 1254 1610 Ethicorum,

131 1660 207 1725 can·
232 1658 252 1705 2
277 1637 341 1728 (¹)-

179 1820 256 1887 310.
305 1804 566 1886 Pnonosn103.·
611 1807 709 1868 Licet
730 1805 921 1868 secundum
939 1805 1097 1869 ordinem
1121 1816 1256 1871 naturae

131 1915 227 1993 prior
252 1915 298 1976 sit
321 1914 557 1993 Metaphysica
575 1913 716 1992 reliquis
735 1914 906 1985 scientiiS,
932 1923 966 1976 et
991 1916 1141 1977 Mathesi
1159 1925 1257 1977 natu·

133 2024 217 2083 ralis
249 2021 480 2098 Philosophia
518 2028 554 2081 at
584 2029 737 2098 spectato
768 2020 937 2082 doctrinae
968 2020 1107 2094 ordine,
1145 2023 1258 2110 prima

132 2127 340 2191 addiscenda
357 2137 412 2191 est
425 2128 561 2203 Logica,
585 2128 737 2189 secunda
754 2128 941 2202 Mathesis,
966 2129 1068 2190 tertia
1090 2112 1257 2192 naturalis

133 2236 365 2315 Philosophia,
389 2244 512 2314 quarta
528 2235 672 2296 Moralis
689 2243 724 2295 et
736 2244 912 2312 postrema
934 2237 1171 2317 Metaphysica
1191 2228 1255 2318 (2).

203 2397 320 2458 Prima
337 2415 419 2474 pars
436 2399 576 2469 constat,
601 2391 677 2474 quia
695 2390 916 2478 Metaphysica
934 2392 1000 2485 agit
1019 2392 1059 2459 de
1079 2392 1257 2477 praedicatis
1294 2411 1443 2473 Metaphysm

132 2500 306 2582 causisque
325 2498 473 2564 omnium
493 2497 606 2583 primis
627 2510 659 2563 et
677 2500 930 2583 generalissimis
949 2520 1069 2585 nempe
1093 2501 1135 2566 de
1155 2510 1257 2567 trans·
1271 2490 1470 2606 ,ἑζὲζζωᾞι

132 2607 351 2673 condentibus
365 2617 398 2673 et
416 2607 456 2672 de
473 2607 706 2691 intelligentiis
948 2670 949 2675 ,
1293 2646 1345 2677 nem
1356 2642 1448 2685 natura,

113 2724 115 2728 '
201 2716 364 2782 Naturalis
392 2733 468 2780 vero
494 2714 700 2798 Philosophia
729 2723 780 2781 est
803 2714 890 2799 prior
909 2716 1046 2783 Mathesi
1074 2716 1256 2784 secundum

135 2832 304 2901 naturam,
325 2824 402 2908 quia
419 2824 585 2908 objectum
603 2822 688 2888 illius
706 2831 757 2887 est
774 2822 976 2899 substantia,
998 2825 1095 2909 hujus
1115 2844 1192 2890 vero
1207 2845 1259 2889 ac-

134 2932 262 3006 cidens,
284 2930 466 3015 quantitas3
487 2930 668 2996 substantia
682 2949 760 2995 vero
780 2931 865 3014 prior
880 2940 929 2997 est
948 2932 1126 2998 accidente.

203 3044 304 3106 Prob.
325 3043 477 3106 secunda
499 3061 593 3121 pars.
624 3037 792 3104 Dialectica
813 3037 967 3104 nimirum
991 3041 1078 3125 prior
1105 3039 1258 3105 discenda
1294 3065 1450 3112 sesecundum

134 3155 202 3222 est,
222 3146 299 3230 quia
317 3146 414 3211 docet
427 3146 565 3210 modum
582 3144 715 3210 sciendi.
732 3145 827 3210 Unde
845 3145 1025 3212 absurdum
1041 3165 1113 3213 esse
1132 3145 1259 3231 scripsit
1271 3135 1370 3182 ⁰¹⁶³⁰⁰s¹¹
1390 3139 1473 3222 5¹⁰⁰*

136 3254 344 3329 Aristoteles,
367 3253 465 3318 simul
484 3270 630 3335 quaerere
648 3252 817 3320 scientiam
842 3264 874 3319 et
895 3255 1031 3320 modum
1051 3254 1173 3321 sciendi
1192 3252 1256 3342 (3).
1305 3223 1437 3338 ,¹:512ssssss

136 3365 180 3429 Ut
198 3362 284 3427 enim
308 3361 444 3443 exponit
462 3359 497 3426 S.
518 3360 678 3436 Thomas,
697 3361 773 3445 quia
790 3379 854 3426 non
871 3365 921 3426 est
935 3361 1051 3446 facile,
1072 3365 1156 3447 quod
1173 3363 1259 3428 hamo

132 3459 232 3536 simut
248 3471 311 3533 duo
334 3468 454 3549 capiat,
480 3469 536 3533 sed
557 3470 634 3532 dum
656 3471 700 3532 ad
725 3471 787 3534 duo
809 3469 958 3545 attendit,
986 3473 1130 3536 nastrum
1151 3475 1260 3552 capere

129 3581 248 3660 polest,
273 3576 444 3640 absurdum
466 3577 617 3658 estquod
639 3575 726 3640 homo
750 3581 872 3661 querat
895 3577 1043 3642 scientias
1064 3581 1097 3644 et
1120 3579 1257 3653 modum,

134 3685 193 3769 qui
211 3683 358 3750 convenit
368 3682 518 3748 sca'antice.
539 3682 578 3747 Et
588 3687 717 3764 propter
739 3684 794 3748 hoc
816 3685 906 3750 dehet
916 3685 1009 3768 prius
1026 3685 1186 3751 addiscere
1203 3687 1260 3751 Lo-

133 3792 255 3877 gicam,
284 3809 379 3876 quam
403 3790 486 3856 alias
512 3789 675 3867 scientim,
703 3791 778 3875 quia
806 3793 918 3877 logica
943 3793 1047 3860 tradit
1070 3811 1260 3860 communem

175 4101 215 4163 (ι)
250 4095 327 4153 Vide
337 4093 528 4163 Conimbrie.,
538 4093 705 4168 Physica„
718 4095 856 4166 Prooem,
865 4115 895 4168 q.
906 4113 932 4169 5,
945 4117 972 4155 a.
986 4117 1013 4170 4.
1025 4095 1088 4155 Cir.
1105 4095 1137 4155 S.
1152 4095 1258 4156 Thom.

137 4186 352 4257 Philosophum
366 4184 570 4254 interpretans,
587 4183 636 4242 lib.
656 4196 694 4242 1.⁰
707 4185 847 4253 Ethicor„
864 4186 929 4244 lect.
947 4206 973 4243 2.

174 4281 215 4343 (a)
251 4273 314 4333 Cir.
325 4272 359 4332 S.
369 4271 486 4344 Thom,
498 4272 607 4345 Opuac.
618 4275 654 4331 de
666 4275 772 4334 Trinit.
783 4285 849 4350 sup.
858 4276 1004 4345 Bdetium,
1014 4289 1117 4348 quaeat.
1128 4294 1153 4349 5,
1164 4291 1219 4335 art.
1234 4297 1259 4347 1,

138 4366 218 4529 mig).
253 4453 318 4513 Lib.
335 4460 375 4512 a.·
389 4454 521 4528 Metaph.
536 4467 607 4513 text.
620 4473 724 4514 comm.
744 4475 785 4526 ις.

1182 4553 1222 4618 ill)
