3492 5525
1381 44 1736 190 οἳ·

589 464 648 528 720
709 447 832 514 Loorcn
843 451 1076 526 Maron-Lm.
1094 475 1164 536 au,
1180 463 1270 526 Drsr.
1290 479 1331 529 r.·
1347 469 1425 532 Cura.
1442 487 1513 552 ψ

814 555 1668 594 ——--...-....,-—

545 655 620 704 nam
640 642 738 707 etiam
757 643 790 710 in
806 643 966 711 sententia
984 663 1116 721 eorum,
1136 639 1193 727 qui
1211 646 1252 711 ab
1266 647 1431 715 intellectu
1450 663 1569 735 agente
1587 671 1668 739 spe-

541 745 606 814 cies
625 751 816 818 universalis
831 762 971 829 naturae,
991 773 1057 820 non
1077 773 1154 819 vero
1172 755 1359 840 singularis,
1383 762 1669 842 repraesentativas

539 857 679 924 abstrahi
695 860 828 938 docent,
850 863 1034 928 intellectus
1051 862 1113 929 iste
1128 880 1185 946 per
1202 881 1239 928 se
1253 874 1376 930 natura
1390 866 1548 949 speciticae
1561 870 1667 936 dum-

538 973 626 1031 taxat
654 969 777 1051 species
803 969 1022 1054 intelligibiles
1049 970 1210 1037 efformet.
1241 970 1324 1056 Ergo
1351 973 1393 1038 ad
1416 974 1664 1041 efformandum

538 1073 718 1140 universale
737 1077 869 1143 rationis
886 1077 1044 1162 genericae
1058 1097 1095 1143 ac
1109 1077 1300 1143 differentiae
1317 1077 1475 1163 specificae
1497 1083 1561 1148 alio
1578 1104 1665 1152 con-

537 1180 730 1266 fugiendum
749 1183 839 1265 erit(
865 1183 889 1272 ).

580 1290 633 1374 3.⁰
680 1291 773 1357 Adde
791 1293 880 1376 quod
909 1294 942 1358 in
962 1292 1070 1377 specie
1097 1291 1287 1378 intelligibili
1311 1292 1487 1377 impressa,
1508 1314 1586 1378 quae
1615 1301 1661 1364 ab

533 1395 696 1465 intellectu
717 1409 833 1484 agente
851 1401 1063 1477 abstrahitur,
1085 1418 1151 1465 non
1170 1404 1365 1484 repraesenta
1381 1421 1420 1466 ur
1434 1411 1549 1469 natura
1562 1423 1662 1470 com-

533 1491 658 1581 munis,
680 1507 740 1573 nisi
769 1509 862 1573 valde
882 1516 1007 1573 remote
1030 1517 1062 1572 et
1086 1507 1243 1584 mediate,
1264 1520 1427 1591 quatenus
1455 1509 1507 1574 illa
1526 1512 1659 1594 species

531 1620 580 1678 est
599 1615 744 1682 allectiva
763 1627 870 1691 actus,
887 1615 939 1680 cui
960 1620 1072 1681 natura
1090 1615 1143 1681 illa
1161 1615 1325 1699 objicitur,
1342 1617 1458 1682 saltem
1478 1620 1657 1702 supposita

529 1721 689 1787 sententia
707 1741 839 1801 eorum,
869 1723 926 1805 qui
945 1723 1065 1788 docent
1091 1722 1234 1807 speciem
1263 1723 1453 1807 impressam
1482 1743 1552 1790 non
1576 1745 1656 1793 esse

528 1830 697 1895 formalem
725 1830 918 1916 imaginem,
943 1849 1017 1914 quae
1044 1830 1220 1896 formaliter
1244 1849 1313 1897 rem
1342 1841 1569 1915 repraesentet,
1591 1836 1653 1900 sed

526 1955 597 2003 esse
616 1939 787 2020 dumtaxat
805 1957 919 2004 semen
943 1957 1002 2005 seu
1025 1937 1280 2006 instrumentum
1309 1939 1426 2022 objecti
1444 1939 1485 2005 ad
1503 1941 1654 2008 efficien-

524 2043 600 2108 dam
621 2047 789 2113 formalem
810 2046 1161 2132 repraesentationem(
1184 2045 1211 2133 ).

572 2204 644 2290 176.
694 2210 884 2275 Pnoeosrrto
910 2209 964 2274 ιθ
1012 2214 1218 2276 Universale
1247 2211 1372 2274 reflexe
1399 2213 1580 2291 cognitum
1614 2223 1651 2277 et

519 2330 621 2395 prout
644 2321 833 2400 importans
854 2323 1056 2384 relationem
1074 2321 1118 2382 ad
1139 2321 1312 2392 inferiora,
1333 2320 1497 2382 constitui
1524 2324 1650 2400 nequit

519 2427 587 2488 nisi
609 2447 670 2506 per
692 2440 807 2492 actum
827 2430 1105 2508 comparationis.

562 2591 740 2651 Probatur.
787 2586 870 2670 Nam
892 2586 1073 2651 universale
1087 2584 1206 2649 realem
1223 2582 1412 2648 relationem
1439 2584 1555 2666 nequit
1586 2586 1648 2650 ba-

516 2691 590 2757 bere
609 2693 649 2758 ad
669 2711 728 2759 sua
747 2693 906 2769 inferiora,
925 2700 961 2758 ut
979 2693 1011 2758 in
1030 2692 1180 2758 confesso
1198 2700 1248 2757 est
1266 2690 1355 2776 apud
1378 2709 1509 2768 omnes,
1537 2691 1645 2779 siqui-

514 2800 590 2866 dem
611 2800 833 2869 universalitas
852 2812 902 2868 est
916 2820 1000 2899 opus
1020 2800 1152 2877 mentis,
1173 2800 1283 2866 relatio
1302 2810 1412 2865 autem
1433 2800 1526 2866 realis
1545 2800 1644 2868 inde-

513 2909 660 2992 pendens
678 2919 728 2975 est
747 2910 777 2975 in
795 2928 857 2975 -suo
877 2928 950 2974 esse
969 2908 1009 2972 ab
1028 2908 1214 2991 operatione
1234 2907 1418 2973 intellectus
1445 2903 1510 2994 (3).
1533 2908 1638 2993 Atqui

512 3017 623 3082 relatio
652 3018 782 3083 rationis
809 3016 989 3082 secundum
1012 3035 1096 3091 esse,
1122 3024 1193 3082 actu
1222 3016 1369 3081 nondum
1388 3014 1479 3080 adest
1505 3015 1539 3079 in
1565 3018 1638 3082 uni·

511 3126 623 3191 versati
643 3145 700 3210 per
718 3127 825 3191 solum
846 3134 954 3190 actum
980 3124 1196 3209 praecisivum‚
1211 3123 1303 3189 adest
1317 3131 1428 3191 autem
1444 3142 1502 3207 per
1521 3136 1634 3190 actum

509 3234 772 3318 comparationis,
806 3251 874 3316 quo
905 3240 1018 3297 natura
1049 3232 1182 3315 praecisa
1213 3248 1290 3297 cum
1322 3231 1391 3297 suis
1423 3229 1633 3311 interioribus

507 3342 685 3410 confertur.
707 3341 831 3426 Ergo...

573 3456 689 3516 Minor
708 3459 795 3534 patet
815 3450 924 3534 quoad
944 3448 1081 3532 primam
1101 3457 1241 3531 partem.
1260 3443 1346 3521 Quia
1365 3445 1476 3513 relatio
1495 3447 1630 3513 rationis

425 3600 429 3621 .
507 3557 567 3623 hoc
594 3557 654 3622 sibi
681 3557 821 3623 vindicat
848 3557 1014 3642 proprium
1034 3574 1071 3621 ac
1090 3555 1261 3641 peculiare,
1290 3562 1328 3619 ut
1359 3572 1425 3619 non
1444 3554 1542 3631 adsit,
1565 3554 1628 3621 nisi

504 3666 584 3731 dum
605 3674 677 3732 actu
700 3665 921 3750 cognoscitur,
942 3666 993 3730 vel
1021 3663 1156 3748 lingitur
1174 3682 1192 3727 a
1212 3672 1334 3737 mente,
1353 3662 1525 3728 esseenim
1540 3663 1626 3730 illius

503 3782 553 3838 est
581 3774 724 3857 cognosci
744 3770 807 3861 (4).
832 3773 870 3837 Et
889 3792 922 3838 re
941 3771 1074 3854 quidem
1098 3789 1174 3836 vera
1197 3771 1390 3854 plerumque
1414 3778 1452 3835 ut
1480 3770 1567 3837 inter
1591 3790 1624 3837 sc

502 3882 600 3947 relata
629 3880 831 3966 concipimus
850 3880 917 3946 duo
937 3888 1094 3955 extrema,
1116 3879 1167 3942 vel
1184 3878 1260 3961 quia
1278 3877 1370 3943 aliter
1388 3897 1426 3942 ea
1445 3877 1623 3960 nequimus

501 3988 691 4075 intelligere,
713 3989 763 4054 vel
782 3986 857 4071 quia
881 3988 1002 4053 habent
1026 3986 1157 4069 aliquod
1174 3987 1208 4051 in
1235 3986 1339 4071 reipsa
1366 3986 1620 4053 tundamentum

500 4108 536 4164 ut
564 4098 694 4165 relative
713 4095 946 4180 concipiantur,
973 4093 1126 4179 quamvis
1156 4096 1265 4160 nullus
1282 4094 1329 4161 eis
1352 4094 1430 4160 insit
1455 4094 1551 4161 realis
1575 4114 1621 4159 re·

501 4254 754 4270 m—

532 4320 573 4381 (1)
609 4311 685 4370 Vide
699 4310 800 4383 Suam,
815 4309 891 4382 disp.
906 4309 934 4367 6.
951 4308 1092 4384 Meropia,
1108 4320 1177 4368 acet.
1190 4309 1218 4380 6,
1234 4328 1265 4367 ιι.
1279 4308 1308 4366 6.

533 4405 573 4477 (a)
609 4400 685 4461 Vide
699 4400 798 4472 Suet..
814 4401 868 4459 loc.
885 4399 945 4471 cit..
961 4420 991 4459 n.
1010 4420 1038 4473 7.

531 4500 572 4567 (3)
609 4493 685 4551 Vide
693 4492 803 4551 Summ.
815 4491 904 4549 totius
917 4490 1034 4565 Logr‘coe
1045 4488 1227 4557 Aristotcles,
1243 4501 1328 4547 tract.
1346 4490 1381 4547 de
1394 4488 1553 4563 relatione,
1568 4510 1616 4551 teo

494 4582 529 4641 de
543 4582 764 4659 proedt'comento
778 4582 828 4639 Aa
841 4580 962 4654 aliquid,
975 4598 1038 4651 cap.
1057 4600 1081 4637 r.
1093 4576 1152 4636 Sed
1166 4578 1228 4637 haec
1237 4578 1306 4637 alibi
1318 4578 1468 4651 probanda
1478 4596 1564 4642 sunt.

530 4680 570 4746 (4)
607 4672 683 4731 Vide
697 4670 728 4730 S.
749 4668 817 4738 Th,
844 4670 999 4745 Compend.
1016 4670 1127 4736 Theoi..
1152 4688 1216 4741 cap.
1242 4686 1286 4743 533
1314 4690 1323 4725 r
1347 4688 1376 4743 p.
1396 4688 1426 4741 q.
1449 4670 1614 4741 28,art.1;

484 4772 584 4839 suan,
599 4761 675 4834 disp.
692 4762 825 4836 Merapt.
844 4778 888 4834 54,
900 4773 970 4820 acet.
987 4780 1013 4830 ι,
1029 4779 1060 4819 ιι.
1075 4776 1102 4829 5,
1115 4759 1143 4817 6.
