3492 5525
560 477 620 558 766
680 477 803 543 Locren
817 476 1046 551 Milon—Lite.
1064 491 1134 554 w,
1150 477 1239 540 Drse.
1254 489 1298 540 2.·
1312 479 1391 540 Cen.
1410 494 1479 541 ψ·
1541 479 1546 492 ’

520 659 582 726 dus
610 661 672 746 (ι),
708 661 961 746 Complutenses
984 659 1051 746 (ι),
1079 657 1199 725 ilolina
1224 655 1443 746 (plsloletus
1470 655 1535 746 (4),
1556 658 1640 724 Sua-

521 785 572 832 lez
598 765 663 856 (5l,
687 769 837 836 Valentia·
853 766 917 856 (6),
933 768 1086 851 vazquez
1106 763 1173 854 (7),
1197 765 1313 834 Gillius
1334 766 1400 853 (8),
1422 769 1553 833 Tanner
1568 765 1635 853 (9),

470 948 474 961 ¹
521 874 651 960 Arriaga
668 873 754 964 (ιο),
775 877 908 944 Rhodes
925 873 1013 964 (ιι),
1040 875 1206 959 lzquierdo
1233 873 1320 963 (ιι),
1352 875 1519 959 Compton
1546 871 1635 962 (13).

519 977 644 1050 Rubius
673 981 758 1072 (14),
779 985 920 1050 Lossada
937 979 1023 1070 (ις),
1047 982 1166 1066 aliique
1190 982 1386 1048 arbitrantur
1409 983 1450 1048 ad
1475 983 1636 1048 rationein

518 1089 750 1175 propositionis
767 1109 824 1175 per
842 1109 878 1156 se
897 1099 985 1156 note
1001 1087 1150 1156 sulficere
1158 1123 1168 1165 ,·
1184 1098 1221 1154 ut
1238 1090 1327 1155 inse
1351 1107 1417 1155 non
1433 1090 1552 1157 babeat
1566 1109 1638 1156 rne-

517 1199 607 1266 dium
627 1199 736 1282 quoad
760 1215 848 1273 esse,
873 1199 943 1264 sive
969 1197 1091 1263 interea
1118 1196 1213 1262 nobis
1235 1197 1408 1262 manifesta
1430 1196 1473 1264 sit
1495 1217 1554 1282 per
1574 1200 1637 1265 sei-

518 1323 624 1391 psam,
646 1323 704 1372 seu
723 1325 765 1372 ex
783 1305 861 1392 ipsis
877 1305 1042 1379 terminis,
1063 1304 1132 1370 sive
1146 1322 1225 1371 non.

583 1412 793 1497 Quamquam
814 1414 884 1478 baec
904 1412 1002 1476 etiam
1020 1411 1239 1477 controversia
1256 1412 1373 1496 ‘potius
1399 1424 1450 1478 est
1472 1414 1515 1478 de
1534 1415 1635 1482 modo

517 1521 695 1605 loquendi,
711 1527 748 1586 ut
766 1521 834 1605 lam
854 1521 964 1603 plures
991 1528 1164 1595 notarunt,
1185 1517 1396 1586 nibilominus

582 1633 697 1695 Placet
713 1631 813 1695 nobie
829 1632 1018 1694 secundem
1030 1633 1131 1710 longe
1142 1632 1417 1694 communiorem
1438 1628 1538 1712 sebbi
1554 1651 1636 1696 sen·

513 1741 669 1803 tentiam.
1380 1761 1385 1770 ·

562 1841 613 1909 x.⁰
658 1840 744 1919 Quia
762 1840 942 1926 propositio
960 1859 1018 1927 per
1034 1859 1071 1907 se
1090 1850 1167 1907 nota
1181 1848 1231 1907 est
1245 1859 1301 1916 ea,
1316 1859 1390 1924 quae
1404 1842 1635 1927 cognoscibilis

513 1949 556 2014 sit
573 1967 614 2014 ex
633 1949 701 2016 suis
724 1957 852 2017 tanturn
878 1949 1043 2025 terminis,
1064 1967 1106 2015 ex
1123 1948 1394 2014 communissime
1414 1949 1558 2016 admissu
1577 1969 1635 2017 su·

513 2054 688 2140 peritisque
715 2057 872 2123 declarata
891 2056 1092 2124 delinitione.
1112 2053 1215 2139 Atqui
1237 2074 1338 2121 omne
1361 2058 1561 2124 enuntiabile
1579 2079 1633 2124 ca·

514 2181 587 2231 rens
607 2165 639 2230 in
655 2183 691 2230 se
708 2163 817 2233 medio
830 2166 940 2248 quoad
954 2183 1042 2241 esse,
1058 2182 1116 2248 per
1130 2164 1220 2246 quod
1234 2183 1254 2227 a
1267 2163 1363 2247 priori
1376 2164 1630 2242 demonstretur,

511 2279 675 2356 quantum
704 2280 755 2338 est
782 2273 824 2338 de
842 2289 891 2348 se,
919 2273 1059 2356 perfecte
1083 2269 1299 2355 cognoscibile
1318 2279 1370 2337 est
1392 2272 1435 2338 ab
1460 2273 1630 2350 omnibus,

510 2379 726 2446 terminorum
746 2395 815 2448 seu
828 2388 1052 2446 extremorum
1071 2379 1139 2445 virn
1165 2377 1243 2445 sutis
1271 2379 1538 2464 percipientibus,
1558 2383 1634 2448 licet

437 2499 440 2504 '
511 2486 632 2553 interea
652 2505 717 2554 non
737 2487 841 2572 possit
864 2488 897 2554 in
912 2497 1080 2554 notescere
1097 2485 1207 2552 statim
1220 2472 1312 2552 alicui
1336 2487 1389 2552 vel
1409 2487 1508 2554 etiarn
1524 2491 1634 2556 ornni-

510 2594 591 2671 bus,
612 2596 689 2678 quia
707 2613 774 2661 non
793 2595 926 2680 capiunt
944 2613 1058 2662 eorum
1073 2593 1357 2681 significationem.

576 2703 748 2770 Enimvero
763 2704 852 2789 quod
866 2701 997 2771 termini
1011 2711 1086 2771 actu
1103 2710 1314 2788 penetrentur
1331 2722 1350 2768 a
1369 2702 1463 2771 nobis
1481 2705 1534 2771 vel
1549 2723 1630 2783 non,

510 2830 568 2895 per
585 2810 732 2878 accidens
747 2831 782 2878 se
802 2812 920 2879 babere
938 2812 1067 2879 videtur
1085 2812 1124 2877 ad
1144 2812 1316 2895 perfectam
1339 2812 1385 2877 rei
1402 2811 1436 2877 in
1452 2830 1489 2877 se
1507 2830 1634 2898 cogno·
1736 2855 1737 2858 =

509 2914 894 3003 scibilitatenr'siquidem
921 2921 1137 2993 terminorum
1168 2919 1348 3003 penetratio
1365 2929 1399 2985 et
1417 2920 1632 3005 intelligentia
1736 2923 1738 3008 l

457 3102 459 3105 ¹
508 3036 559 3092 est
589 3026 710 3110 aliquid
738 3044 818 3111 pure
842 3036 1034 3103 externum,
1064 3026 1209 3109 nihilque
1233 3026 1327 3111 ponit
1354 3026 1568 3098 intrinsecum
1595 3029 1629 3095 in
1736 3010 1738 3038 ¹

508 3134 745 3219 propositione,
767 3143 803 3203 ut
816 3155 889 3201 earn
908 3135 1027 3202 efficiat
1044 3154 1085 3200 ex
1103 3152 1170 3200 non
1184 3133 1396 3219 cognoscibili
1415 3137 1557 3219 perfecte
1575 3156 1631 3202 oo-
1735 3167 1736 3240 p

507 3240 734 3323 gnoscibilent.

524 3516 526 3521 '
541 3512 582 3575 (ι)
621 3520 659 3568 t.⁰
694 3508 763 3568 dist.
779 3531 806 3581 3,
821 3530 848 3566 e.
865 3530 890 3577 1,
903 3520 997 3579 quaest
1013 3528 1038 3565 π.

541 3602 581 3665 (2)
617 3598 756 3669 maleel,
771 3597 846 3669 disp.
865 3596 908 3667 18,
924 3617 953 3669 q.
973 3618 996 3667 ι,
1013 3617 1042 3655 ιι.
1059 3618 1085 3670 7,

541 3688 583 3761 (3)
619 3687 724 3746 lnr.⁸¹
739 3700 814 3760 pert.
830 3707 859 3759 q.
875 3706 903 3759 2,
917 3706 944 3744 u.
962 3706 986 3745 r.

541 3782 581 3849 (4)
619 3776 707 3836 ῙΙιίι).ῑ

516 3862 523 3879 ’
540 3864 578 3941 (ς)
615 3865 698 3939 Diep.
713 3886 748 3940 29
763 3864 903 3941 Metapl„
919 3878 989 3925 sect.
1004 3884 1035 3938 3,
1051 3882 1082 3924 n.
1099 3886 1143 3938 33.

538 3956 580 4027 (6)
618 3954 651 4015 ln
665 3976 689 4013 1.
705 3975 734 4028 p.
749 3954 826 4027 disp.
844 3976 867 4023 ι,
884 3974 915 4025 q.
929 3973 957 4024 2,
970 3968 1070 4027 punct.
1089 3975 1113 4012 1.

539 4048 912 4118 wlmnpspnmn

542 4136 583 4203 (8)
620 4134 751 4194 Loncit.

539 4226 580 4297 (9)
617 4223 685 4282 Loc.
701 4224 750 4281 cit.
763 4224 797 4281 de
810 4220 881 4292 Deo,
896 4220 972 4294 disp.
988 4241 1015 4291 2,
1030 4220 1100 4280 dub.
1116 4241 1143 4280 2.

540 4314 598 4387 (to)
633 4313 751 4388 Logic„
767 4312 843 4383 disp.
863 4313 905 4380 16,
921 4325 992 4371 sect.
1005 4329 1034 4383 4,
1049 4332 1079 4370 ιι.
1094 4312 1140 4384 63.

540 4409 597 4469 (ιι)
633 4402 748 4461 Portos.
767 4402 873 4471 Perti,
889 4402 1006 4477 Logt'c.,
1021 4399 1098 4471 disp.
1115 4419 1140 4474 5,
1156 4415 1259 4473 quaest.
1275 4402 1352 4461 unic.
1369 4417 1438 4463 sect.
1449 4424 1477 4477 7.

539 4498 597 4561 (12)
633 4493 752 4551 Pharus
765 4492 881 4559 scient„
896 4489 972 4561 disp.
991 4489 1033 4559 18,
1051 4491 1119 4561 qu,
1135 4508 1165 4548 n.
1182 4512 1244 4564 3¹9·

538 4583 597 4655 (ι3)
633 4582 720 4640 Cure.
736 4580 863 4651 Pteros,
879 4580 997 4657 Logia,
1013 4579 1090 4671 disp.
1103 4581 1151 4652 -48,
1166 4594 1236 4639 sect.
1250 4599 1278 4653 4,
1293 4601 1322 4639 n.
1337 4604 1362 4650 3.

538 4679 596 4747 (ι4)
634 4673 666 4731 Ιιι
680 4672 730 4730 lib.
749 4680 807 4728 ι.““
823 4671 996 4737 Posterior..
1012 4689 1074 4742 onp.
1091 4692 1117 4743 3,
1132 4684 1237 4742 quaeet.
1253 4689 1278 4738 2,
1297 4672 1346 4729 fin.

538 4768 597 4837 (ις)
633 4760 751 4838 logie..
765 4770 849 4820 tract.
867 4759 933 4829 ult.,
945 4758 1022 4832 disp.
1038 4778 1065 4830 2,
1080 4762 1142 4832 ce'p.
1162 4780 1185 4829 ι,
1201 4780 1233 4819 n.
1252 4762 1293 4821 ιδ.
1331 4752 1334 4757 ’
