3492 5525
284 466 399 531 Anne.
418 481 476 529 ret·
491 468 689 533 Descnrerro
703 482 925 531 nacuunarun
939 486 1130 534 coouoscn.
1177 465 1234 548 569

152 652 324 729 mentalia,
346 650 548 718 ratiocinium
567 668 701 734 quoque
718 658 768 716 est
793 651 1002 736 empiricum:
1031 672 1065 719 v.
1096 672 1131 738 g,
1151 649 1274 719 AEstali

147 760 289 826 succedit
304 762 485 827 autumnus.
505 760 569 827 Sed
585 776 670 823 nunc
688 761 737 825 est
750 762 853 825 esns.
869 760 952 845 Ergo
969 779 1042 827 nrox
1058 759 1272 827 aduenietau-

149 872 290 935 manus.
337 855 339 860 ’
551 854 555 861 ’
1337 951 1340 955 ¹

219 974 265 1039 De
278 973 435 1041 memoria
452 974 646 1042 intellectiva
661 972 739 1041 nihil
758 993 844 1041 nunc
862 974 1002 1043 occurrit
1020 973 1199 1061 specialiter
1213 993 1270 1041 ex-

151 1083 354 1167 plicandum.
1099 1158 1103 1165 ¹

219 1189 415 1257 Conscientia
434 1190 485 1255 hic
504 1208 570 1255 non
588 1188 729 1256 sumitur
747 1190 779 1256 in
799 1207 898 1257 sensu
917 1179 1031 1257 morati
1049 1209 1106 1275 pro
1121 1174 1269 1258 dictami·
1308 1200 1449 1285 colunne

150 1316 192 1363 ne
220 1296 358 1381 practico
376 1298 457 1365 circa
476 1298 681 1363 honestatem
701 1298 752 1364 vel
773 1297 929 1364 malitiam
961 1309 1146 1366 nostrarum
1170 1299 1269 1364 actio-
1349 1275 1409 1332 qm
1515 1303 1517 1308 ’

149 1424 231 1471 num
249 1402 318 1492 (1),
338 1404 395 1471 sed
415 1423 473 1488 pro
492 1424 529 1469 ea
548 1405 721 1481 facultate,¹
733 1422 795 1489 qun
821 1404 854 1471 in
873 1424 930 1471 nos
942 1409 1034 1488 piene
1058 1405 1211 1494 redimus,
1240 1408 1272 1470 et

145 1516 234 1578 actus
251 1531 327 1597 quos
344 1512 483 1578 elicimus
496 1530 610 1595 nosque
628 1511 709 1594 ipsos
727 1515 886 1579 uteorum
902 1514 1070 1600 suh‘ectnm
1087 1533 1124 1579 ac
1137 1512 1247 1595 princi
1252 1549 1264 1561 -

142 1620 234 1701 pium
259 1619 526 1702 apprehendimus.
547 1618 631 1685 Nam
658 1619 715 1704 qui
735 1620 836 1697 videt,
855 1620 949 1686 sentit
965 1640 998 1686 se
1020 1621 1142 1697 uidere,
1162 1620 1268 1703 inquit

147 1728 365 1812 Philosophus
383 1724 447 1814 (2);
467 1726 523 1811 qui
532 1727 635 1804 audit,
649 1727 744 1793 sentit
753 1745 784 1792 se
797 1727 921 1805 andire,
942 1728 998 1812 qni
1009 1728 1160 1803 ambulat,
1176 1727 1271 1791 sentit

144 1854 182 1900 se
198 1836 371 1902 annulare:
389 1839 481 1919 atque
496 1834 542 1899 sic
559 1834 652 1899 etiem
670 1833 704 1898 in
723 1835 842 1901 coeteris
859 1839 906 1901 est
921 1835 1057 1920 aliquit,
1076 1837 1159 1921 quod
1175 1836 1272 1900 sentit

145 1961 204 2009 nos
221 1942 340 2008 actione
361 1942 506 2027 quapiam
517 1942 628 2027 fungi.
652 1942 706 2009 Sic
727 1942 842 2008 sentire
861 1943 956 2007 etiam
975 1949 1157 2025 possumus,
1186 1943 1270 2027 qnod

144 2050 331 2127 sentiamus,
353 2050 425 2115 item
442 2048 631 2133 intelligere,
647 2054 731 2135 quod
743 2049 965 2134 intelligamus.
1301 2121 1306 2131 ,

216 2157 319 2223 Actus
338 2177 416 2241 ergo
437 2157 585 2241 proprius
603 2156 826 2233 conscientiae,
848 2167 946 2242 prout
964 2160 1015 2224 hie
1033 2158 1191 2234 sumitur,
1217 2166 1268 2234 est
1294 2159 1473 2241 aerumpna·

146 2264 277 2331 intuitio
293 2265 445 2349 quaedam
472 2264 590 2330 reilexa
604 2273 637 2330 et
655 2265 935 2349 experimentalis,
955 2284 1021 2349 qua
1045 2274 1172 2331 nostras
1190 2284 1266 2349 ope-
1313 2240 1459 2277 ‘mm'

145 2372 287 2438 rationes
305 2380 379 2438 actu
405 2384 581 2457 praesenres
604 2371 911 2449 animadvertimus,
938 2377 975 2437 ut
997 2374 1120 2457 aliquid
1141 2375 1185 2438 ad
1211 2391 1268 2437 nos

103 2468 109 2475 ’
139 2480 318 2562 pertinens,
339 2488 376 2545 ut
399 2478 595 2545 modilicatio
623 2480 674 2543 vel
701 2480 827 2547 allectio
851 2479 972 2564 proprii
990 2480 1092 2546 nostri
1112 2480 1264 2564 subjecti,

145 2588 254 2667 velut
279 2588 546 2670 phaenomenum,
568 2586 656 2670 quod
676 2586 727 2652 hic
746 2595 778 2651 et
797 2605 886 2652 nunc
904 2586 985 2651 intra
1009 2606 1070 2654 nos
1088 2586 1262 2673 contingit.

142 2694 267 2778 Nequit
285 2702 396 2760 autem
414 2694 459 2759 sic
478 2694 675 2760 conscientia
688 2685 894 2779 operationes
907 2695 1044 2780 subjecti
1063 2696 1096 2760 in
1115 2703 1266 2762 concreto

144 2804 276 2879 referre,
293 2801 372 2886 quin
388 2800 496 2887 ipsum
516 2802 612 2868 etiam
631 2803 816 2888 subjectum
836 2802 956 2869 talibus
970 2803 1266 2869 modificationibus

143 2911 299 2976 allectum
319 2911 483 3002 renuntiet
501 2906 564 2997 (3).
590 2910 682 2975 Unde
711 2909 745 2976 S.
769 2909 975 2994 Augustinus
993 2929 1033 2975 ex
1060 2910 1265 2977 conscientie

141 3017 332 3082 testimonio
348 3017 509 3100 propriam
523 3017 725 3083 existentiam
742 3025 906 3100 patescere
923 3019 1080 3084 adversus
1095 3018 1266 3084 Academi·
1341 3056 1344 3060 ι

142 3142 259 3189 corum
279 3124 490 3189 deliramenta
509 3124 680 3190 arbitratur
697 3121 761 3210 (4).

213 3229 257 3296 Ex
275 3232 312 3296 iis
339 3230 571 3296 determinatur
588 3231 736 3317 objectum
762 3231 985 3306 conscientiae,
1014 3233 1103 3316 quod
1131 3233 1264 3318 porrigit

142 3358 182 3405 se
200 3340 240 3404 ad
258 3358 296 3403 ea
314 3338 439 3414 omnia,
461 3356 600 3420 quorum
620 3337 737 3402 conscii
754 3355 844 3413 esse,
864 3356 1004 3420 quaeque
1029 3339 1111 3404 intra
1130 3358 1191 3405 nos
1210 3358 1266 3405 ex-

142 3445 238 3530 periri
256 3463 446 3530 possumus.
466 3444 593 3511 Conscii
612 3455 722 3510 autem
737 3464 853 3512 sumus
868 3464 934 3511 non
953 3445 1102 3512 omnium
1118 3465 1262 3530 prorsus,

141 3539 358 3636 quaecumque
381 3552 464 3618 intra
489 3570 549 3618 nos
568 3552 731 3628 accidunt,
761 3570 797 3616 ac
817 3552 1009 3618 nominatim
1037 3554 1263 3636 operationum

140 3661 219 3726 vitae
234 3659 424 3746 vegetativae
441 3657 509 3746 (5);
531 3661 590 3724 sed
603 3659 828 3744 operationum
848 3660 1018 3728 dumtaxat
1031 3661 1266 3746 cognoscitiva-

142 3785 217 3832 rum
247 3777 355 3850 atque
375 3766 621 3850 appetitivarum
654 3766 821 3849 utriusque
852 3767 974 3832 ordinis
1003 3777 1074 3833 tum
1104 3769 1265 3836 sensibilis

140 3881 215 3940 tum
239 3874 440 3949 intellectivi,
460 3873 605 3956 itemque
633 3873 751 3957 proprii
771 3873 872 3940 nostri
899 3893 989 3950 esse,
1009 3894 1047 3941 ac
1065 3876 1183 3961 proprii
1210 3877 1266 3942 eni
1346 3927 1349 3932 .

180 4111 219 4173 (ι)
256 4106 349 4162 Actus
363 4103 452 4175 hujus
465 4101 648 4162 eonscientiae
667 4103 785 4162 moralia
798 4102 1003 4163 describuntur
1018 4125 1035 4162 e
1053 4103 1085 4164 S.
1101 4105 1231 4180 Thomu,
1251 4130 1260 4166 ι

141 4215 381 4270 noros-1³-

177 4289 219 4353 (2)
255 4285 385 4343 Ethicor.
401 4285 438 4340 ad
450 4283 632 4352 Nicomacn,
649 4281 699 4340 lib.
714 4303 746 4355 9,
759 4301 821 4354 cap.
836 4303 863 4355 9.

178 4383 218 4448 (3)
255 4371 319 4432 Cl'r.
341 4373 432 4430 Arist.
449 4370 536 4441 ibid.3;
556 4384 585 4429 et
599 4370 631 4430 S.
649 4371 765 4438 Tuom..
781 4374 816 4429 de
833 4371 972 4442 Vernae,
984 4393 1013 4445 q.
1030 4393 1073 4444 ro,
1088 4395 1113 4432 a.
1127 4375 1154 4433 8.

178 4469 219 4534 (4)
256 4463 322 4521 Lib.
336 4481 355 4536 4
368 4465 402 4520 de
417 4461 508 4521 Civit.
523 4461 589 4530 Dei,
604 4481 666 4532 cap.
682 4461 727 4518 26.

176 4559 218 4628 (5)
256 4552 365 4612 Saltem
376 4551 433 4610 nisi
444 4550 515 4609 sorte
524 4549 705 4622 operationes
716 4549 827 4609 ordinis
840 4550 995 4625 vegetativi
1005 4555 1172 4624 perturbate
1181 4555 1263 4624 θεοῖς

139 4659 213 4704 tune
235 4644 311 4702 enim
336 4661 454 4701 sensum
477 4640 523 4699 eui
545 4639 667 4699 excitare
690 4655 827 4712 possunt,
851 4655 885 4700 ut
905 4653 984 4714 patet
1003 4641 1066 4714 ipsa
1088 4645 1264 4718 experientia

137 4732 303 4804 communi,
318 4747 346 4792 et
361 4731 401 4790 sie
415 4731 491 4790 fiunt
504 4749 556 4801 per
568 4729 700 4788 accidens
713 4729 897 4791 conscientiae
909 4731 1063 4802 objectum.
