3492 5525
562 462 624 544 oab
684 463 809 529 Locren
822 464 1051 538 Minoa-Lm.
1070 479 1141 542 atu,
1158 464 1248 528 Dese.
1262 471 1307 545 4·
1322 460 1400 527 Cap.
1421 476 1490 524 anm

523 644 755 720 determinata,
776 646 915 729 ideoque
930 646 998 730 jam
1027 644 1235 731 hypothetice
1256 644 1434 711 necessaria
1450 662 1541 711 conc.
1563 648 1648 711 Nam

523 750 612 819 Deus
639 754 807 839 cognoscit
834 752 1074 839 contingentia,
1104 760 1201 837 prout
1225 753 1292 838 jam
1322 761 1399 831 sunt
1426 753 1479 817 vel
1498 764 1601 819 erunt
1620 754 1648 819 in

522 858 655 944 seipsis,
676 878 709 927 v.
729 880 765 945 g.
785 877 833 925 me
849 861 891 925 ab
906 863 1022 925 eterno
1038 860 1125 925 veltet
1141 868 1238 944 prout
1253 861 1326 947 jam
1343 877 1429 924 nunc
1446 860 1648 926 scribentem.

521 965 559 1033 Et
576 966 729 1049 quamvis
747 987 810 1053 ego
824 966 1053 1052 contingenter
1071 966 1228 1044 scribam,
1250 955 1461 1033 nihilominus
1480 974 1583 1051 prout
1603 969 1651 1033 hic

521 1083 555 1138 et
569 1092 656 1139 nunc
673 1074 796 1150 scribo,
813 1076 882 1160 jam
902 1073 1102 1159 impossibile
1117 1083 1168 1140 est
1186 1090 1227 1138 ex
1245 1072 1490 1158 suppositione,
1508 1094 1565 1141 me
1586 1094 1650 1141 non

521 1182 673 1249 scribere.
693 1180 834 1265 ideoque
852 1191 961 1264 potest
981 1198 1053 1247 esse
1071 1178 1250 1247 certissima
1264 1180 1373 1246 divina
1391 1182 1554 1266 cognitio,
1573 1202 1650 1248 cum

494 1322 500 1334 ·
523 1306 589 1354 non
609 1288 651 1354 sit
669 1288 711 1354 de
728 1288 933 1384 contingenti
963 1298 1058 1373 prout
1077 1295 1128 1353 est
1145 1288 1351 1373 contingens.
1382 1288 1458 1354 iiaec
1488 1290 1600 1357 fusius
1621 1300 1652 1354 et

524 1395 704 1484 accuratius
722 1396 754 1461 in
773 1395 965 1480 Theologia.
1000 1437 1005 1446 1

589 1502 627 1567 Et
645 1502 742 1568 simili
773 1504 874 1569 modo
897 1502 1030 1587 disting.
1057 1520 1191 1587 conseq.
1219 1501 1303 1567 Nam
1328 1522 1382 1579 ea,
1408 1508 1484 1586 quae
1513 1506 1653 1571 omnino

523 1610 747 1695 contingentia
764 1610 890 1676 suntin
905 1610 1033 1695 seipsis,
1049 1620 1081 1675 et
1101 1618 1271 1694 propterea
1286 1629 1353 1676 non
1367 1622 1446 1678 sunt
1462 1610 1549 1678 inse
1563 1622 1653 1678 certo

525 1718 756 1803 cognoscibilia
774 1738 808 1785 v.
827 1738 861 1802 g.
881 1706 1009 1784 Petrum
1026 1718 1148 1794 sedere,
1168 1735 1216 1782 me
1233 1736 1318 1782 nunc
1335 1718 1488 1797 scribere,
1510 1728 1652 1805 possunt

527 1836 617 1892 certo
647 1824 817 1910 cognosci,
848 1825 1026 1890 accedente
1054 1824 1207 1891 relatione
1235 1842 1407 1890 sensuum.
1440 1826 1530 1891 Licet
1562 1828 1651 1893 enim

528 1930 660 1998 Petrum
679 1951 720 1998 ex
739 1949 799 1998 sua
818 1945 933 1999 natura
952 1931 1082 2016 penitus
1100 1930 1143 1998 sit
1160 1932 1201 1997 ad
1228 1931 1411 1997 sedendum
1430 1936 1483 1998 vei
1505 1952 1575 1999 non
1603 1953 1653 1999 se

531 2038 675 2105 dendum
694 2038 898 2116 indifferens,
918 2047 951 2104 et
977 2058 1040 2125 ego
1058 2040 1097 2105 ad
1125 2039 1353 2116 scribendum,
1383 2039 1601 2109 nihilominus
1627 2040 1652 2106 si

432 2220 435 2227 ,
531 2146 743 2213 indifferentia
769 2145 823 2212 illa
841 2148 909 2229 jam
927 2146 1139 2213 determinata
1158 2154 1209 2213 est
1235 2148 1276 2212 de
1295 2147 1380 2212 facto
1409 2166 1467 2231 per
1489 2151 1650 2215 actualem

530 2252 711 2321 sessionem
738 2265 794 2320 aut
812 2253 1040 2338 scriptionem,
1071 2262 1179 2337 potest
1205 2254 1309 2320 sessio
1337 2263 1395 2320 aut
1422 2253 1558 2340 scriptio
1583 2274 1654 2322 esse

529 2361 694 2449 objectum
724 2360 898 2427 infallibilis
925 2360 1177 2445 certissimaeque
1205 2360 1418 2446 cognitionis,
1446 2364 1654 2447 quandoqui

529 2469 618 2546 dem,
634 2475 740 2534 stante
753 2468 807 2533 illa
817 2468 1100 2546 determinatione,
1116 2468 1219 2535 sessio
1234 2470 1284 2535 vel
1296 2468 1426 2552 scriptio
1440 2470 1653 2557 hypothetice

528 2574 707 2643 necessaria
725 2573 845 2643 evadit.
866 2575 967 2660 Atqui
985 2584 1043 2661 per¹
1059 2594 1218 2643 sensuum
1245 2576 1434 2643 relationem
1460 2576 1650 2653 innotescit,

438 2671 442 2682 ’
527 2694 639 2750 utrum
652 2688 654 2692 ’
666 2684 888 2769 contingentia
905 2683 959 2749 illa
976 2684 1190 2750 determinata
1208 2684 1250 2751 sit
1272 2700 1375 2749 necne
1400 2684 1442 2749 ad
1460 2685 1651 2753 alterutram

528 2802 651 2876 partem
683 2791 960 2860 contradictionis.
988 2792 1071 2877 Ergo
1095 2793 1272 2858 accedente
1303 2811 1461 2859 sensuum
1498 2795 1652 2859 relatione

526 2900 608 2965 iacta
626 2899 711 2984 ipsa,
741 2917 816 2983 quae
835 2918 901 2965 non
922 2899 1119 2976 necessario,
1140 2899 1199 2966 sed
1224 2899 1453 2985 contingenter
1479 2901 1649 2974 eveniunt,

525 3014 613 3072 certo
632 3015 666 3071 et
683 3005 890 3073 infallibiliter
908 3007 1059 3092 cognosci
1080 3015 1205 3092 queunt
1223 3004 1287 3095 (1).

590 3113 628 3178 Et
651 3131 693 3179 ex
711 3115 770 3179 hac
796 3113 942 3180 doctrina
968 3113 1120 3198 explicari
1149 3125 1291 3198 possunt
1319 3115 1470 3198 quaedam
1500 3117 1653 3200 exempla

523 3221 808 3307 syllogismorum,
827 3223 943 3306 quales
957 3223 989 3287 in
1004 3222 1339 3289 demonstrationibus
1352 3221 1541 3289 scientificis
1556 3241 1654 3290 ocur·

523 3347 592 3394 rere
611 3340 768 3411 possunt,
790 3339 826 3395 ut
844 3349 879 3395 v.
899 3348 950 3414 gc
976 3329 1070 3412 Quod
1092 3329 1210 3406 currit,
1231 3334 1384 3395 movetur.
1411 3329 1654 3414 Alqui'Petrus

521 3435 635 3502 currit:
650 3454 723 3520 ergo
736 3440 895 3503 movetur:
909 3455 984 3521 quae
1004 3436 1174 3504 conclusio
1192 3437 1266 3504 licet
1284 3437 1434 3503 absolute
1452 3437 1654 3523 contingens

521 3543 580 3620 sit,
601 3541 684 3610 sicut
703 3543 802 3609 etiam
822 3556 873 3611 est
893 3544 1059 3629 praemissa
1084 3543 1209 3621 minor,
1231 3543 1440 3631 hypothetice
1458 3545 1574 3610 ta'men
1598 3564 1655 3610 ne

372 3679 376 3688 ·
423 3706 425 3710 .
520 3652 655 3717 cessaria
681 3661 744 3717 est.
768 3652 931 3734 supposito
949 3651 1031 3718 enim
1048 3655 1132 3738 quod
1148 3653 1263 3718 Petrus
1287 3653 1406 3728 currit,
1427 3654 1655 3738 metaphysice

520 3767 646 3825 certum
661 3767 728 3836 est,
749 3757 880 3824 Petrum
901 3759 1042 3825 moveri:
1064 3768 1097 3825 et
1110 3759 1268 3843 supposito
1285 3761 1368 3845 quod
1380 3759 1503 3825 uideam
1520 3760 1656 3824 Petrum

518 3869 710 3943 crcrrentem,
732 3865 864 3953 physice
883 3873 1008 3932 certum
1028 3873 1096 3946 est,
1118 3867 1208 3951 quod
1226 3885 1338 3932 revera
1354 3867 1467 3934 currit.

563 3978 667 4041 Dices
686 3977 736 4042 59
782 3973 978 4061 inphysicis
1003 3973 1213 4058 potissimum
1238 3983 1317 4041 sunt
1335 3975 1444 4059 plures
1466 3973 1657 4040 conclusio-

520 4099 594 4158 nes,
615 4098 691 4165 quae
709 4099 797 4166 saepe
821 4081 955 4157 fallunt,
984 4088 1022 4148 ut
1040 4102 1072 4148 v.
1093 4101 1129 4167 g.
1159 4082 1254 4166 quod
1269 4083 1301 4147 in
1333 4083 1452 4168 hyeme
1481 4079 1547 4147 sint
1573 4084 1653 4165 plu-

499 4169 580 4255 ‘viae
597 4199 660 4256 etc.

585 4299 690 4380 Reep.
706 4295 838 4380 dr’sting.
857 4305 988 4373 assem,
1005 4294 1032 4362 si
1046 4294 1112 4367 sint
1126 4296 1355 4363 conclusiones
1370 4313 1445 4362 vere
1456 4294 1647 4363 sdentiticae

517 4421 605 4486 neg,
626 4403 653 4469 si
672 4406 753 4471 tales
772 4421 839 4470 non
858 4402 937 4480 sint,
958 4407 1061 4470 trans.

550 4660 592 4729 (ι)
629 4654 693 4716 cn.
719 4653 753 4714 s.
777 4653 895 4724 mom,
917 4651 967 4712 ne.
991 4652 1033 4710 e·
1046 4651 1188 4724 neree,
1205 4651 1269 4712 rect.
1292 4671 1318 4725 ς.
1339 4635 1452 4712 osma
1471 4667 1537 4711 eum
1558 4653 1648 4715 acesc-

523 4745 660 4812 Scr'entt'a
675 4746 800 4821 guidem
