3492 5525
536 489 590 589 rar
726 503 848 572 Locren
870 503 1116 572 Minox-Drse.
1144 522 1185 570 1.·
1206 503 1284 572 Cae.
1309 519 1381 572 anm

493 706 610 756 omnes
638 689 699 756 illae
727 698 834 775 partes
861 690 983 778 aliquid
1007 691 1174 758 diversum
1198 690 1382 775 exprimant
1409 691 1496 756 unde
1526 687 1613 754 varia
1731 730 1732 753 2

493 793 626 863 nomina
645 798 792 884 ejusdem
816 816 982 883 personae,
1007 809 1042 864 ut
1064 817 1097 863 v.
1118 819 1154 884 g.
1179 798 1226 865 M.
1254 798 1373 864 Tullius
1397 797 1522 874 Cicero,
1544 814 1611 861 non
1731 786 1732 875 l

491 901 637 970 'efficiunt
651 905 830 972 terminum
846 906 1071 991 complexum.
1092 904 1217 982 Tertio,
1232 912 1269 972 ut
1287 907 1437 971 eamdem
1450 902 1613 990 signitica-
1731 970 1732 987 ,

491 1010 614 1077 tionem
631 1013 771 1078 habeant
794 1023 903 1098 partes
922 1031 1040 1079 omnes
1061 1011 1262 1099 conjunctim
1283 1033 1320 1079 ac
1342 1011 1496 1089 seorsim,
1512 1011 1555 1078 ita
1574 1021 1611 1076 ut

491 1109 683 1208 significatio
709 1121 817 1212 totalis
849 1121 1014 1205 complexi
1034 1121 1166 1188 termini
1189 1121 1349 1186 coalescat
1368 1139 1408 1184 ex
1431 1119 1609 1203 complexu
1731 1170 1732 1217 ἶ

491 1225 671 1309 partialium
702 1227 993 1314 significationum.
1024 1227 1151 1303 Quarto
1178 1228 1333 1304 demum,
1358 1240 1395 1294 ut
1419 1235 1526 1311 partes
1547 1224 1610 1289 illae
1731 1260 1732 1265 κ

490 1347 576 1398 nexu
596 1333 704 1417 aliquo
723 1334 957 1420 grammaticali
972 1336 1184 1420 copulentur,
1205 1345 1242 1402 ut
1260 1335 1479 1424 cumdicitur:
1496 1334 1611 1399 Petrus

486 1440 666 1518 etPaulns,
683 1441 770 1508 homo
780 1441 886 1520 albus,
902 1461 998 1528 equus
1012 1442 1186 1509 Francr'sca'.

282 1565 463 1616 neronianam
533 1550 587 1613 28.
637 1547 796 1616 Dividitur
809 1558 927 1632 quarto
948 1550 1112 1616 terminus
1125 1552 1158 1616 in
1180 1549 1446 1616 denominativum
1468 1557 1500 1614 et
1514 1550 1610 1613 deno-

280 1638 466 1687 ⁸¹⁴‘⁰⁰¹¹¹⁵¹²¹⁸⁸·
486 1653 667 1722 minantem.
693 1647 1034 1725 Denominacivus'est
1049 1657 1104 1742 qui
1125 1658 1166 1723 ab
1185 1658 1247 1724 alio
1269 1658 1433 1724 derivatur
1447 1665 1481 1721 et
1498 1656 1609 1738 quoad

487 1781 601 1828 vocem
616 1773 649 1830 et
663 1765 772 1846 quoad
786 1764 1075 1850 significationem.
1089 1765 1142 1831 Sic
1155 1766 1310 1832 candidus
1323 1785 1342 1830 a
1359 1766 1494 1830 candore
1506 1764 1609 1829 deno-

485 1869 644 1952 minatur3
672 1873 831 1937 studiosus
850 1891 869 1938 a
892 1872 1006 1938 sncdio.
1038 1873 1261 1948 Denominans
1284 1873 1402 1938 dicitur
1421 1872 1475 1937 ille
1500 1892 1518 1935 a
1539 1888 1608 1954 quo

388 1997 391 2003 ·
423 2049 429 2062 ⁸
484 1977 565 2042 alter
584 1987 618 2044 et
642 1978 750 2063 quoad
773 1997 890 2045 vocem
914 1991 947 2046 et
971 1982 1080 2064 quoad
1103 1980 1376 2067 significationem
1397 1976 1537 2047 ducitur.
1562 1977 1608 2042 lta

482 2087 604 2152 candor
615 2085 806 2152 denominat
818 2087 1005 2166 candidum,
1024 2088 1163 2154 studrirm
1182 2107 1261 2156 nero
1274 2089 1460 2154 studnsum.

548 2193 647 2260 Notat
661 2203 772 2260 autem
788 2195 902 2261 Petrus
916 2195 1059 2262 Fonseca
1072 2193 1123 2284 (r)
1148 2215 1224 2262 cum
1246 2195 1380 2263 Alberto
1402 2195 1523 2280 Magno
1541 2189 1605 2282 (2),

482 2299 617 2366 nomine
630 2301 839 2389 derivationis
862 2321 928 2369 non
944 2301 995 2368 hic
1019 2302 1155 2389 intelligi
1178 2303 1458 2388 grammaticalem
1480 2301 1608 2367 deriva-

480 2403 622 2486 tionem,
639 2410 696 2475 sed
713 2409 822 2494 potius
838 2408 1028 2476 rationalem
1039 2420 1071 2476 et
1086 2430 1127 2476 ex
1137 2411 1181 2476 rei
1193 2412 1327 2495 petitam
1339 2420 1467 2478 natura.
1479 2408 1607 2484 Quam-

479 2513 592 2581 obrem
599 2519 708 2602 justus
724 2517 955 2584 denominatur
973 2538 992 2582 a
1008 2519 1132 2601 justinia
1147 2520 1268 2605 logice:
1291 2537 1495 2602 quamquam
1517 2517 1609 2582 enim*
1731 2520 1732 2613 ζ

478 2639 520 2688 ex
535 2621 831 2692 Grammaticorum
850 2627 1037 2711 praeceptis,
1043 2626 1174 2714 justitia
1188 2627 1354 2692 derivetur
1366 2648 1385 2692 a
1398 2645 1480 2693 voce
1481 2628 1603 2712 justus,
1731 2628 1732 2699 l

479 2731 588 2815 quoad
616 2750 684 2798 rem
709 2743 820 2801 tamen
844 2733 951 2820 ipsam
975 2751 1070 2802 secus
1088 2734 1222 2813 accidit,
1249 2735 1322 2801 ideo
1348 2735 1438 2801 enim
1464 2735 1613 2820 quisque.

478 2838 594 2907 dicitur
608 2848 641 2905 et
657 2844 835 2928 esrjustus,
853 2841 930 2927 quia
939 2843 1099 2929 justitiam
1118 2843 1228 2909 habet.
1347 2846 1350 2853 '

302 2970 424 3019 auorum
522 2964 578 3033 29.
625 2947 751 3025 Quinto
770 2948 925 3017 dividitur
945 2951 1108 3018 terminus
1128 2953 1160 3017 in
1183 2954 1359 3018 absolutum
1380 2962 1413 3017 et
1432 2950 1607 3018 connotati-

269 3044 457 3089 “⁰⁰⁰¹²⁰¹⁸¹¹'¹¹⁸·
476 3072 568 3135 vnrn;
582 3054 614 3120 in
636 3074 777 3139 quorum
793 3066 904 3125 tamen
918 3058 1132 3144 intelligentia
1152 3070 1184 3126 et
1197 3058 1416 3145 explicatione
1431 3059 1604 3124 dissidium

477 3163 563 3247 apud
583 3172 733 3229 auctores
749 3164 885 3249 reperio.
913 3166 975 3232 Alii
997 3167 1183 3233 enimcum
1202 3166 1263 3232 PP.
1284 3167 1448 3244 Fonseca,
1464 3165 1603 3243 Tuledo,

477 3268 768 3353 Lossada,Joanne
788 3272 854 3339 aS.
876 3271 1021 3350 Thoma,
1038 3284 1071 3340 et
1086 3274 1257 3341 Dominico
1278 3274 1362 3342 Soto
1375 3273 1463 3359 apud
1485 3273 1606 3339 llurta·

476 3376 556 3442 dum
580 3375 632 3466 (3)
655 3378 816 3446 deliniunt
835 3380 1025 3447 absolutum
1044 3382 1224 3449 terminum
1245 3400 1340 3465 eum,
1364 3382 1421 3464 qui
1441 3380 1604 3466 significat

476 3484 666 3553 admodum
683 3506 739 3571 per
751 3506 787 3554 se
802 3489 935 3567 stantis,
951 3488 1022 3555 sive
1037 3488 1119 3555 ratio
1131 3488 1330 3576 significata,
1346 3490 1379 3556 in
1393 3506 1453 3554 sua
1466 3488 1603 3574 physica

475 3593 636 3672 realitate,
652 3593 694 3662 sit
708 3594 932 3662 substantialis
946 3614 1005 3662 seu
1020 3615 1078 3682 per
1091 3616 1127 3663 se
1139 3606 1248 3675 stans,
1265 3596 1334 3681 sine
1350 3614 1434 3677 non3
1447 3606 1485 3662 ut
1498 3595 1600 3673 horno,

473 3700 609 3778 aninrnl,
620 3704 752 3780 candor,
767 3705 909 3769 dulcedo.
925 3703 1183 3772 Connotativum
1198 3716 1309 3771 autem
1325 3703 1487 3771 definiunt
1501 3704 1601 3769 iidem

473 3824 570 3886 eum,
588 3809 820 3896 quisignilicat
834 3810 1026 3878 admodum
1047 3812 1138 3878 alteri
1153 3812 1347 3898 adjacentis,
1367 3812 1438 3879 sive
1452 3811 1533 3879 ratio
1546 3811 1602 3877 illa
1731 3795 1732 3868 l

474 3914 577 4001 reipsa
589 3918 631 3984 sit
643 3917 734 3985 alteri
749 3918 901 4005 adjacens
912 3937 972 3986 seu
984 3912 1207 3997 accidentalis,
1219 3919 1290 3987 sive
1299 3935 1413 4003 secus,
1426 3932 1463 3987 ut
1475 3920 1599 3997 vivens,

471 4023 831 4103 animatamcanddus,
847 4026 962 4094 dulcis.
982 4028 1171 4094 Notandum
1187 4028 1276 4094 enim
1296 4038 1363 4106 est,
1380 4028 1602 4112 quemadmo-
1731 4045 1732 4058 ¹

472 4130 552 4197 dum
576 4140 654 4199 sunt
672 4134 740 4201 duo
763 4151 872 4200 rerum
896 4152 1018 4220 genera
1039 4135 1073 4201 ln
1092 4136 1282 4214 existendo,
1306 4137 1367 4202 alia
1391 4153 1467 4219 quae
1481 4154 1539 4221 per
1560 4154 1600 4201 se

471 4248 578 4319 stam,
603 4252 636 4309 et
663 4241 817 4309 dicuntur
843 4242 1042 4321 srabstantrlz,
1069 4243 1130 4309 alia
1152 4262 1228 4328 quae
1249 4260 1323 4311 esse
1342 4255 1514 4329 nequeunt
1535 4242 1599 4311 nisi

505 4532 546 4593 (r)
581 4524 797 4597 instituted..
814 4526 864 4587 lib.
883 4548 945 4597 1,c.
960 4544 1006 4601 ος.

504 4616 547 4689 (a)
580 4614 616 4675 Iar
630 4616 854 4677 Proedicament.
869 4629 953 4677 tract.
980 4638 1005 4676 ι.
1023 4615 1087 4677 etr.
1100 4618 1221 4678 Auctor.
1240 4618 1344 4678 Totins
1363 4619 1483 4695 Logicoe
1496 4620 1599 4681 An’sl.

467 4704 599 4777 Sum,
613 4720 697 4766 tract.
711 4726 742 4777 ι,
759 4728 784 4766 c.
803 4728 827 4766 r.

503 4802 545 4869 (η)
580 4794 991 4872 semm1.diep.1.·oet.9.
