3492 5525
338 484 452 549 Anno.
475 497 537 567 4¹¹·
558 482 610 547 De
631 481 810 549 Moonuuu
830 494 1052 550 oppositione
1155 496 1210 568 295

196 666 329 734 Brevius
348 666 462 752 regula
478 667 548 733 nac
571 672 633 734 est:
660 666 694 733 in
715 664 801 732 binis
825 666 1082 751 ,contradictoriis
1105 668 1147 732 de
1166 668 1252 735 dicto

13 835 14 840 ,
127 773 315 850 communi,
335 774 501 858 quantitas
518 772 656 859 subjecti
674 774 789 841 eadem
810 781 877 853 est,
893 772 925 840 in
947 773 1076 858 reliquis
1100 792 1178 841 vero
1197 794 1253 841 va·

129 880 245 966 riatur,
265 889 301 947 ut
319 900 450 948 cernere
465 889 517 949 est
534 882 568 948 in
582 882 748 967 exemplo.

194 987 289 1057 Ratio
299 1006 378 1056 vero
393 996 455 1066 est,
471 989 547 1074 quia
557 1006 651 1057 secus
664 988 889 1074 oppositiones
900 990 1057 1057 institutae
1066 991 1250 1056 secundum

128 1101 187 1165 has
206 1099 335 1184 regulas
358 1099 566 1183 formamque
592 1099 627 1164 in
649 1098 870 1183 superioribus
885 1099 1095 1183 explicatam,
1112 1108 1251 1183 possunt

127 1225 259 1290 peccare
271 1216 385 1273 contra
402 1208 493 1292 leges
510 1206 700 1293 earumdem
717 1204 979 1292 oppositionum:
1005 1205 1158 1273 nimirum
1177 1224 1252 1291 pos·

126 1322 203 1382 sent
217 1315 291 1381 duae
308 1313 476 1382 contraria
490 1332 575 1380 verae
594 1314 691 1380 simtu
707 1332 796 1391 esse,
812 1316 957 1399 itemque
971 1314 1046 1379 duae
1059 1315 1251 1381 subcontra-
1270 1370 1275 1385 .

127 1422 184 1489 riae
207 1424 317 1500 false,
338 1440 375 1489 ac
391 1422 466 1489 duae
490 1421 747 1491 contradictoriae
773 1424 825 1489 vel
849 1420 948 1490 simul
976 1440 1063 1491 verae
1081 1424 1133 1490 vel
1152 1422 1251 1493 simul

125 1534 217 1601 lalsoe
233 1528 297 1620 (ι).

196 1639 352 1723 Exemplo
367 1657 436 1705 rem
452 1638 639 1725 perspicies:

428 1837 433 1848 ·
535 1816 725 1871 ooutnentffi
747 1818 842 1870 ΠΜ

172 1927 299 1985 Necesse
310 1934 355 1984 est
367 1926 484 1999 aliquod
497 1926 612 1983 animal
762 1928 886 1985 Necesse
903 1935 947 1984 est
961 1922 1079 2001 aliquod
1093 1926 1207 1985 animal

286 2034 348 2074 esse
361 2016 500 2073 hominem
834 2036 891 2074 reon
904 2035 967 2077 esse
982 2016 1126 2075 bominem

163 2214 233 2272 Nou
246 2231 362 2271 necesse
376 2222 421 2271 est
432 2214 551 2286 aliquod
562 2232 618 2271 non
728 2214 795 2272 Noe
810 2232 926 2272 necesse
938 2221 982 2272 esl
996 2214 1115 2287 aliquod
1127 2213 1240 2273 animal

221 2303 335 2361 animal
346 2322 407 2362 esse
420 2303 561 2361 domium
876 2321 939 2360 esse
954 2302 1093 2360 hominem

458 2428 708 2482 suecovtnnmn
729 2369 835 2479 iassae
857 2408 910 2500 (2)

13 2639 14 2654 ,
190 2578 315 2644 Verum
342 2577 421 2643 satis
441 2579 511 2642 haec
534 2593 699 2660 superque
721 2574 804 2642 sint:
832 2576 889 2659 qui
907 2583 1019 2641 tamen
1043 2576 1135 2660 plura
1158 2575 1248 2653 velit,
1324 2626 1329 2635 .

13 2723 14 2775 1
121 2686 217 2753 adeat
236 2685 443 2766 Dominicum
465 2684 583 2751 Sotum
599 2681 667 2773 (3),
689 2683 865 2750 Fonsecam
883 2684 934 2750 vei
953 2682 1105 2749 Toletum
1119 2679 1185 2771 (4).

13 2955 14 2969 ,
155 2905 199 2970 (ι)
234 2901 373 2970 Fonseoa‚
389 2901 528 2970 Dialect,
543 2899 593 2957 lib.
621 2919 647 2969 3,
669 2917 732 2971 cap.
749 2915 776 2956 a.
792 2896 855 2956 Cir.
867 2897 962 2971 Tolett
979 2897 1134 2966 Summul.,
1152 2896 1203 2955 lib.
1220 2918 1246 2970 3,

13 2975 14 3052 i
118 3012 186 3064 can·
201 3009 229 3063 4

156 3085 200 3146 (2)
236 3080 376 3150 Fonseom
391 3078 462 3138 ibid.

155 3172 199 3243 (3)
236 3169 394 3239 summat,
406 3169 456 3227 lib.
470 3189 502 3239 3,
515 3189 578 3240 cap.
594 3169 620 3226 6.
888 3228 889 3232 ,

155 3265 199 3332 (4)
235 3259 411 3318 [miscitat.
427 3257 491 3317 Cle.
509 3257 655 3327 Lossado,
671 3257 748 3330 disp.
764 3277 780 3330 7
793 3277 857 3329 cap.
872 3279 901 3332 7.
918 3255 1017 3316 Unum
1030 3269 1145 3316 tantum
1159 3257 1249 3315 adde-

117 3371 151 3409 re
165 3352 247 3422 juvat
257 3349 295 3407 de
307 3349 393 3407 modo
406 3347 587 3424 contingens
600 3360 719 3419 sumpto
733 3347 858 3423 proprie,
869 3367 903 3404 ac
917 3345 1248 3428 proutdicitpotentiam

117 3440 165 3497 vel
179 3436 404 3497 indifferentiam
422 3438 459 3496 ed
481 3436 670 3506 utrumlibet3
694 3450 758 3496 tum
781 3436 859 3495 enim
878 3435 1033 3508 aequivalet
1051 3437 1201 3495 Possibile'
1219 3449 1249 3495 et

117 3528 267 3587 possibili
284 3549 352 3586 non.
367 3526 402 3587 si
422 3526 500 3585 enim
515 3527 596 3586 dioas
609 3547 676 3585 cum
696 3525 783 3586 modo
802 3523 992 3585 affirmativo:
1007 3525 1189 3601 contingens
1203 3535 1249 3584 est

116 3621 243 3677 Petrum
258 3619 355 3691 loqui,
375 3617 407 3675 in
425 3615 542 3689 proprio
556 3616 703 3676 asstricto
718 3635 823 3686 sensu,
839 3615 999 3688 propositio
1018 3613 1188 3688 exponendo
1202 3629 1248 3674 est

115 3728 171 3781 per
183 3705 377 3779 copulativam
396 3707 488 3764 hanc:
509 3706 658 3765 Possibile
676 3715 722 3764 est
735 3706 856 3765 Petrum
872 3707 968 3780 loqui,
989 3718 1018 3765 et
1032 3706 1182 3764 Possibile
1202 3718 1247 3765 est

115 3799 240 3856 Peterem
254 3815 312 3854 nort
325 3797 414 3871 loqui.
430 3793 465 3854 Si
477 3815 546 3855 vero
563 3815 631 3854 cum
645 3797 732 3854 modo
747 3795 885 3870 negativo
898 3795 1016 3854 dixeris:
1034 3796 1101 3854 Non
1114 3802 1158 3854 est
1173 3795 1248 3856 Con·

115 3889 239 3962 tingens
251 3887 369 3945 Petrum
383 3907 445 3945 esse
459 3887 613 3954 bominem
629 3885 789 3958 propositio
801 3885 978 3956 disjunctive
995 3885 1051 3944 erit
1064 3885 1244 3958 exponenda.

115 3978 182 4034 Aret
196 3995 254 4032 noe
268 3985 310 4033 ert
326 3975 467 4050 possibile
489 3976 608 4033 Petrum
630 3996 693 4034 esse
712 3977 868 4044 lamisem,
894 3984 945 4033 aret
964 3995 1021 4033 noar
1044 3984 1088 4034 est
1106 3976 1247 4050 possibile

113 4069 239 4125 Petrum
257 4086 314 4124 non
335 4084 399 4123 esse
417 4067 569 4124 hominem.
592 4064 646 4123 Vei
663 4066 752 4124 etiam
770 4065 876 4138 exponi
889 4078 988 4138 posset
1000 4064 1175 4137 disjunctive
1196 4085 1247 4138 per

114 4157 247 4215 Necesse
257 4175 291 4212 ac
304 4155 430 4213 Necesse
443 4162 509 4213 noir.
526 4153 612 4214 Unde
621 4153 653 4212 in
667 4156 754 4213 modo
767 4155 961 4231 Contingente‘
973 4151 1127 4213 affirmatio
1152 4167 1181 4214 et
1196 4175 1248 4213 ne-

113 4244 199 4320 gatio
218 4244 370 4303 dumtaxat
382 4243 463 4314 dieti,
479 4244 591 4304 nullam
610 4243 764 4304 constituit
778 4243 1007 4317 oppositionem,
1023 4264 1089 4303 cum
1109 4243 1149 4303 ait
1167 4264 1246 4303 mera
1345 4271 1349 4278 ⁴

112 4333 261 4408 expositio
279 4335 372 4406 plenae
385 4333 432 4392 vis
452 4355 485 4392 ac
503 4333 726 4408 significationis
744 4335 884 4407 eiusdem.
906 4334 1085 4409 Contingens
1099 4347 1197 4393 eutem
1217 4349 1246 4394 et

111 4445 173 4483 non
188 4423 371 4500 Contingens
384 4444 451 4486 cum
463 4425 565 4482 eodem
575 4423 653 4482 dicto
666 4422 889 4483 contradictorie
903 4435 1102 4496 opponuntur.
1115 4423 1246 4494 Reiiquae

111 4511 236 4573 tandem
244 4512 440 4586 oppositiones
449 4513 486 4571 de
496 4512 688 4587 contingenti
693 4511 837 4572 efformari
848 4525 995 4585 poterunt,
1008 4511 1156 4585 praemissa
1165 4512 1247 4585 prius

111 4601 299 4675 expositione
316 4602 477 4661 secundum
498 4620 592 4674 nuper
609 4599 703 4684 dicta..
719 4601 795 4659 Vide
816 4601 946 4660 Lossada
964 4601 1031 4669 (loe.
1049 4599 1110 4672 cit..
1125 4599 1202 4672 disp.
1217 4623 1245 4676 7,

108 4713 174 4765 cap.
195 4715 226 4766 7,
241 4693 403 4765 u.16‚17);
418 4706 447 4751 et
461 4690 640 4751 Conimbric.
651 4692 801 4759 (Dialect,
817 4691 847 4749 in
862 4691 913 4750 lib.
933 4701 989 4750 ι.““
1003 4691 1101 4750 Prior.
1115 4733 1122 4761 ‚
1138 4711 1200 4763 cap.
1218 4712 1244 4764 3,

110 4796 219 4855 quaet.
234 4787 272 4848 a).
