3492 5525
563 457 644 520 1066
685 459 808 524 Locrca
823 463 1053 535 Meron—Lis.
1072 478 1141 527 aur.
1156 464 1243 531 ὓπερ.
1258 464 1304 527 6.·
1319 466 1405 529 Can:
1417 458 1485 528 istim

520 558 1106 585 ---..--;-...-....

951 866 1211 1019 essuri.

856 1132 960 1195 DE
990 1132 1308 1195 NATURA

725 1292 786 1357 ET
808 1294 1213 1361 PROPRIETATIBUS
1236 1297 1429 1363 LOGICAE.

973 1430 1185 1441 —n———uu———

973 1450 1185 1459 ——n-——u-

893 1687 1194 1765 Amicusus
1225 1690 1254 1762 1.

515 1872 682 1937 Utrum
696 1873 863 1950 Logioa
876 1874 934 1937 sit
951 1876 1211 1938 necessaria
1225 1876 1283 1939 ad
1299 1876 1411 1939 alies
1427 1878 1634 1941 scientias

917 2002 1244 2081 assequendae.

557 2257 640 2341 318.
689 2252 805 2339 Logica
823 2232 1014 2318 desinitura
1041 2251 1075 2317 S.
1106 2252 1250 2317 Thoma:
1281 2254 1349 2319 Ars
1365 2253 1517 2319 directiva
1542 2254 1634 2336 apsis

512 2367 603 2428 actm
620 2360 755 2427 rationis
762 2362 921 2424 odacrum
935 2360 1177 2443 assequendum,
1194 2368 1254 2441 per
1270 2379 1363 2444 quom
1372 2360 1492 2425 scilicet
1504 2362 1590 2427 honio
1603 2362 1632 2425 in

511 2472 578 2552 ipso
590 2473 665 2535 actu
675 2467 807 2533 rationis
818 2466 961 2532 ordinate
979 2470 1012 2531 et
1016 2466 1162 2552 faciliter
1172 2470 1204 2532 et
1210 2468 1277 2532 sine
1290 2486 1397 2533 errore
1404 2472 1558 2550 procedat
1573 2468 1585 2555 (
1609 2466 1630 2557 ).

511 2578 558 2643 Ex
575 2598 641 2663 qua
654 2575 845 2641 definitione
863 2576 930 2657 iam
951 2593 1007 2661 per
1027 2594 1062 2639 se
1082 2582 1182 2658 patet,
1200 2587 1322 2657 quanta
1338 2578 1380 2642 sit
1399 2576 1522 2643 utititas
1541 2579 1632 2673 hujus

387 2726 435 2755 ‚us
511 2685 687 2771 disciplinae
710 2680 773 2772 (2).
795 2681 918 2747 Verum
939 2683 1070 2747 hicnon
1092 2682 1228 2757 utilitas,
1244 2683 1299 2747 sed
1313 2684 1486 2749 necessitas
1504 2685 1633 2750 investi-

346 2783 466 2827 ¹²²⁸⁵⁰¹¹⁵*
510 2803 694 2881 gaturtnec
707 2791 1106 2860 venitincontroversiam
1124 2790 1298 2856 necessitas
1318 2793 1443 2878 Logice
1463 2795 1630 2869 naturalis,

510 2903 569 2969 sed
587 2901 759 2968 artificialis
777 2901 967 2975 dumtaxat,
997 2915 1055 2964 seu
1076 2899 1152 2963 artis
1171 2898 1318 2984 Logices.
1340 2900 1431 2965 Velie
1451 2900 1541 2967 enim
1569 2901 1631 2967 sine

512 3009 647 3076 naturali
670 3008 786 3094 Logica
806 3009 889 3073 uilas
913 3007 1063 3073 scientias
1082 3006 1212 3089 assequi
1231 3006 1365 3090 perinde
1392 3017 1460 3084 est,
1483 3029 1523 3076 ac
1555 3011 1631 3074 velie

509 3119 664 3183 effectum
684 3115 753 3182 sine
770 3107 867 3180 causa
880 3113 1038 3180 obtinere.
1057 3115 1102 3179 At
1115 3115 1142 3180 si
1154 3133 1253 3179 nemo
1267 3113 1405 3191 dubitat,
1420 3115 1501 3200 quin
1522 3117 1632 3202 Logica

511 3223 681 3300 naturalis,
699 3231 813 3307 utpote
823 3241 900 3289 curn
916 3221 987 3306 ipso
1002 3223 1148 3307 ingenito
1158 3223 1310 3289 acumine
1327 3222 1512 3290 intellectus
1522 3223 1633 3292 identi-

509 3332 621 3409 ficata,
643 3331 824 3396 necessaria
844 3349 978 3414 prorsus
996 3331 1038 3396 sit
1057 3331 1097 3394 ad
1112 3339 1242 3395 caeteras
1267 3330 1418 3396 scientias
1444 3349 1632 3415 comparan-

510 3441 588 3515 das,
611 3457 677 3506 non
692 3428 788 3520 aetiue
806 3447 956 3512 constat,
977 3437 1055 3519 quid
1068 3437 1241 3503 dicendum
1257 3437 1299 3502 sit
1317 3436 1357 3502 de
1369 3437 1538 3507 artificiali.

577 3546 719 3624 Quidam
734 3546 822 3610 enim
842 3555 979 3611 censent
994 3543 1144 3628 Logicam
1165 3544 1361 3611 artificialem
1385 3564 1458 3612 esse
1481 3546 1634 3633 simplici-

337 3654 459 3755 ⁸¹¹rffi⁰¹¹¹²
509 3665 560 3721 ter
586 3653 799 3720 necessariam
828 3653 868 3716 ad
899 3653 977 3718 alias
1001 3650 1162 3727 scientias,
1187 3652 1257 3717 sive
1282 3655 1420 3735 periecte
1443 3653 1514 3720 sive
1541 3655 1632 3721 etiarn

430 3743 437 3762 ’
510 3760 712 3846 imperfecte,
735 3759 960 3826 addiscendas.
983 3759 1027 3824 lta
1054 3759 1242 3825 Dominicus
1266 3759 1367 3826 Sotus
1386 3757 1438 3847 (3)
1467 3771 1501 3828 et
1530 3761 1634 3828 Cardi-

512 3869 593 3935 nalis
612 3867 750 3952 Aguirre
768 3865 820 3955 (4)
847 3876 881 3932 et
900 3868 1012 3951 piures
1031 3865 1210 3932 Thomistae
1237 3867 1324 3950 apud
1353 3867 1493 3934 Lossada
1520 3867 1574 3958 (5)
1605 3882 1634 3934 et

546 4123 587 4185 (1)
625 4114 658 4175 S.
671 4117 777 4175 Thom.
789 4117 838 4174 tib.
857 4138 881 4173 ι.
894 4118 1068 4186 Posterior„
1081 4117 1144 4175 lect.
1159 4127 1211 4183 1.¹,
1229 4116 1323 4174 initio.

546 4213 586 4273 (2)
624 4206 690 4277 Qua
705 4208 741 4264 de
756 4227 787 4264 re
801 4206 864 4264 fuse
878 4218 906 4264 et
917 4205 1031 4280 egregie
1045 4205 1176 4278 disputat
1190 4205 1278 4263 Card.
1294 4205 1426 4280 nguine,
1439 4207 1529 4284 Disp.
1540 4212 1633 4266 select.

511 4297 542 4356 in
553 4297 657 4373 Logic,
674 4309 757 4355 tract.
778 4319 801 4362 1,
817 4296 893 4366 disp.
910 4317 933 4363 r,
949 4309 1019 4354 sect.
1035 4316 1060 4368 4.
1077 4294 1290 4354 Sectionevero
1302 4297 1507 4368 5.¹reepondet
1523 4299 1570 4369 iis,
1588 4303 1633 4370 qui

511 4387 650 4461 Logicam
667 4386 800 4444 inutilem
815 4407 848 4443 ac
862 4385 1053 4457 perniciosam
1068 4386 1206 4444 videntur
1217 4385 1407 4444 existimasse.

546 4480 587 4549 (3)
624 4477 743 4534 Dialect
768 4475 1181 4547 q.'r‚i'r0oem.‚conclus.2.
1555 4531 1559 4537 .

546 4567 588 4639 (4)
623 4565 746 4624 Setecrae
758 4567 970 4641 disputationes
985 4567 1015 4622 in
1030 4566 1167 4639 Logicam
1176 4575 1203 4622 et
1214 4551 1443 4640 Metaphysicem
1455 4567 1633 4634 Aristotelis,

512 4657 618 4731 Logic.
636 4667 718 4713 tract.
743 4675 767 4723 ι,
782 4655 859 4726 disp.
876 4675 902 4724 2,
918 4667 989 4713 sect.
1008 4666 1044 4712 ι.·
1057 4667 1086 4712 et
1100 4661 1138 4712 2.·

549 4750 592 4812 (5)
626 4745 744 4818 Logia,
766 4757 851 4803 tract.
869 4763 1003 4817 prooem„
1023 4743 1097 4816 disp.
1119 4765 1143 4814 ι,
1157 4763 1221 4817 cap.
1236 4765 1263 4818 7.
1277 4764 1307 4804 n.
1322 4765 1347 4803 a.
