3492 5525
489 402 566 467 1086
594 406 718 470 toarci
739 408 966 481 Maron-Lm.
991 424 1050 471 et·
1070 410 1161 472 Drse.
1182 410 1229 470 tn·
1249 411 1325 471 Can.
1352 424 1421 471 ism

513 588 558 656 lta
575 588 609 655 S.
630 590 774 657 Thomas
791 588 843 679 (ι)
861 612 939 658 cum
958 593 1150 667 Aristotele,
1180 590 1237 676 qui
1256 610 1324 657 non
1344 609 1413 657 uno
1431 590 1467 655 in
1495 590 1572 653 loco

446 696 530 762 inter
547 699 697 764 scientias
712 698 862 784 logicam
883 710 1028 767 recenset
1044 699 1109 787 (2).
1127 699 1298 765 Platonem
1323 716 1459 781 quoque
1478 697 1570 761 idem

446 802 587 871 sensisse
599 815 727 872 constat
750 826 792 872 ex
808 808 959 888 ejusdem
978 808 1139 891 tripartita
1156 806 1372 890 Philosophia
1390 805 1569 870 divisione.

513 918 691 979 Probatur.
711 914 851 980 Nomine
879 916 1021 981 scientiae
1045 916 1181 999 propriae
1201 914 1290 980 venit
1306 913 1452 997 cognitio
1481 922 1572 976 certa

446 1030 478 1085 et
497 1021 631 1086 evidens
650 1040 707 1105 per
733 1021 1049 1089 demonstrationem
1067 1030 1267 1106 comparata.
1293 1020 1393 1103 Atqui
1416 1019 1490 1083 talis
1517 1028 1570 1083 est

446 1126 576 1213 Logica;
590 1146 664 1211 quae
680 1128 869 1196 innumeras
880 1130 1107 1214 complectitur
1117 1128 1431 1204 demonstrationes,
1446 1126 1574 1209 quibus

447 1232 820 1325 regulasjpraeceptaque
838 1255 898 1306 sua
920 1236 1091 1305 manifeste
1110 1237 1238 1322 probat.
1258 1234 1385 1319 Ergo...

492 1414 569 1481 327.
618 1398 809 1467 Pnoeosmo
837 1418 884 1466 2.·
928 1406 1055 1483 Logica
1080 1403 1209 1466 doeens
1234 1400 1466 1473 accedentia,
1495 1414 1573 1460 non

306 1507 389 1608 {affe
447 1510 562 1570 solum
587 1510 699 1589 quoad
725 1520 858 1590 partem
886 1510 1207 1585 demonstrativam,
1232 1510 1295 1572 aed
1323 1508 1428 1571 etiam
1454 1506 1576 1584 quoad

315 1634 349 1679 ἰε
400 1664 407 1679 .
446 1625 580 1694 partem
597 1618 744 1697 topicam
762 1629 797 1682 et
814 1620 1049 1698 sophisticam.

514 1782 607 1849 Ratio
624 1792 676 1849 est
693 1783 847 1859 evidens,
868 1784 945 1867 quia
962 1784 1036 1848 licet
1055 1784 1188 1848 materia
1206 1784 1322 1849 harum
1341 1783 1483 1849 duarum
1499 1801 1574 1848 non

445 1898 497 1955 est
522 1891 664 1957 scientia
692 1902 803 1979 actus,
829 1911 949 1977 nempe
981 1901 1176 1976 argumenta
1203 1891 1396 1975 probabilia,
1425 1910 1502 1974 quae
1536 1893 1572 1957 in

446 2006 618 2082 utramque
650 1998 911 2066 contradictionis
930 2008 1054 2085 partem
1074 1999 1159 2064 fiunt
1176 1998 1400 2083 probabiliter,
1420 2018 1463 2065 ex
1484 2018 1575 2085 prae-

444 2104 547 2190 ceptis
564 2106 693 2191 Toptcae
708 2124 774 2173 non
794 2108 858 2173 sint
876 2106 1189 2185 demonstrationes,
1208 2126 1268 2172 nec
1283 2107 1419 2190 proinde
1440 2108 1575 2190 pariant

445 2214 632 2291 scientiam,
665 2216 837 2298 multoque
856 2214 966 2281 minus
990 2215 1193 2299 sophismata
1211 2226 1244 2279 et
1268 2216 1489 2301 paralogismi,
1527 2217 1573 2281 de

445 2322 565 2405 quibus
583 2323 727 2407 disputat
745 2323 940 2407 Sophistica;
961 2322 1172 2389 nihilominus
1191 2322 1261 2407 ipsa
1278 2322 1428 2388 tractatio
1447 2325 1571 2389 harum

445 2432 583 2497 duarum
610 2432 754 2516 partium,
777 2450 851 2496 vere
876 2431 1131 2496 demonstrativa
1159 2442 1226 2506 est,
1255 2450 1331 2497 cum
1360 2431 1573 2497 demonstret

445 2550 606 2624 praecepta
637 2548 670 2603 et
697 2541 840 2625 regulas,
870 2558 951 2622 quas
982 2536 1175 2622 praescribit,
1211 2557 1278 2604 non
1305 2556 1401 2603 secus
1427 2557 1465 2603 ac
1492 2558 1573 2623 pars

445 2646 570 2733 Logicae
596 2648 862 2717 demonstrativa.
896 2648 981 2731 Ergo
1005 2648 1124 2732 logica
1154 2648 1293 2723 docens,
1325 2647 1423 2711 etiam
1454 2648 1572 2729 quoad

445 2754 598 2841 Topicam
619 2767 650 2823 et
666 2754 903 2840 Sophisticam,
924 2755 1058 2821 scientia
1077 2767 1139 2822 est.

511 2865 592 2932 Tota
605 2868 673 2933 haec
688 2865 832 2930 doctrina
843 2864 1024 2929 lucidislme
1035 2865 1172 2930 traditur
1181 2863 1222 2929 ab
1237 2864 1416 2948 Aquinate:
1435 2865 1569 2933 Licet...

444 2973 585 3052 dnainr,
605 2973 725 3057 inquit,
740 2977 825 3058 qnod
836 2972 1034 3056 Philosophia
1051 2976 1098 3038 est
1113 2973 1260 3047 scientia,
1281 2992 1344 3038 non
1362 2977 1468 3038 antem
1484 2975 1572 3039 Din-

445 3084 551 3150 lectica
566 3079 617 3169 (id
636 3091 701 3157 est,
719 3079 772 3146 illa
788 3099 861 3166 pars
876 3080 1019 3167 logicae,
1036 3099 1111 3165 quae
1125 3079 1245 3164 Topica
1259 3080 1356 3146 etiam
1369 3081 1571 3170 appellatur)

443 3196 475 3256 et
490 3191 680 3272 Sophistica-
700 3210 761 3256 non
779 3194 882 3256 antem
896 3195 955 3270 per
972 3190 1027 3253 hoc
1038 3191 1229 3263 removetur,
1248 3188 1327 3274 quin
1343 3190 1520 3255 Dialectice
1539 3196 1575 3255 et

445 3291 615 3381 Sophistica
632 3299 700 3365 sint
713 3297 862 3365 scientie.
884 3297 1058 3362 Dialectica
1075 3297 1159 3362 enim
1176 3299 1280 3379 petest
1294 3296 1494 3362 considerari
1518 3317 1573 3364 se·

444 3411 581 3473 cundum
600 3407 683 3492 quod
699 3409 746 3472 est
760 3409 890 3488 docens,
917 3408 950 3470 et
970 3407 1138 3470 secundum
1155 3406 1239 3488 qnod
1255 3408 1304 3470 est
1318 3408 1423 3471 utens
1442 3406 1570 3471 Secun-

444 3519 520 3581 dum
537 3515 661 3600 quedem
678 3517 761 3600 quod
786 3517 835 3579 est
849 3518 994 3592 docens,
1016 3513 1106 3578 habet
1126 3513 1405 3578 considerationem
1428 3513 1467 3577 de
1494 3513 1570 3579 r'stis

445 3623 686 3700 intentionibus,
707 3622 874 3688 instituens
891 3624 1031 3696 niodum,
1052 3639 1113 3704 quo
1121 3627 1180 3703 per
1191 3639 1245 3686 eas
1258 3621 1388 3704 procedi
1398 3621 1502 3703 possit
1523 3626 1573 3688 ad

444 3733 655 3798 conclusiones
673 3729 706 3794 in
725 3729 859 3813 singulis
875 3727 1014 3794 scientiis
1040 3730 1313 3808 ostentauerant
1336 3729 1391 3793 boc
1422 3733 1572 3797 demon·

446 3846 589 3909 amative
597 3839 693 3926 facit,
714 3851 748 3906 et
766 3841 956 3904 seeundum
971 3846 1036 3904 hoc
1053 3850 1107 3903 est
1124 3841 1278 3904 scientia.
1302 3837 1400 3904 Utens
1412 3854 1487 3902 vero
1504 3843 1569 3915 est,

444 3951 613 4015 secundum
631 3949 715 4032 qnod
731 3948 820 4012 niodo
833 3945 984 4032 adjuncto
1002 3944 1103 4009 utitur
1118 3943 1162 4008 ad
1178 3945 1425 4010 concludendum
1441 3945 1572 4030 aliquid

480 4259 522 4329 (r)
558 4256 624 4314 Lib.
643 4263 678 4312 r.·
694 4253 864 4320 Posterior„
881 4251 945 4310 laet.
960 4248 1097 4319 r,'atatim
1108 4263 1175 4322 post
1186 4249 1298 4310 delinit.
1312 4251 1426 4328 Logia,
1442 4267 1471 4310 et
1485 4251 1538 4310 lib.
1556 4275 1566 4314 r

446 4349 587 4416 Periiter„
614 4347 678 4404 lect.
703 4365 711 4402 r
729 4341 896 4413 initi031ib.
915 4361 949 4414 4,
966 4341 1107 4414 Metapa,
1123 4342 1187 4399 leet.
1206 4360 1240 4415 43
1263 4339 1373 4414 Opuac.
1396 4342 1432 4400 rie
1457 4343 1569 4402 Treuir.

444 4445 510 4512 sup.
525 4439 618 4502 Bith»
631 4455 661 4507 q.
680 4453 732 4508 5¹³
749 4454 772 4503 Ι,
788 4432 825 4490 td
842 4442 901 4503 3·'¹'¹

480 4529 521 4600 (el
558 4525 623 4584 Lib.
642 4545 682 4591 rr,
695 4523 835 4594 Metapa,
850 4541 913 4593 cap.
928 4533 983 4591 aet
995 4541 1023 4594 7.
1034 4519 1098 4579 Cir.
1111 4519 1149 4578 ib.
1162 4519 1195 4580 S.
1208 4521 1277 4591 Tra,
1286 4522 1352 4581 leet.
1364 4543 1390 4595 3,
1404 4541 1520 4596 paragr.
1531 4544 1569 4598 g.

445 4631 474 4677 et
488 4619 551 4676 lect.
566 4617 599 4686 8,
625 4634 740 4688 paragr.
755 4631 781 4671 c.
802 4611 872 4670 ltem
898 4610 988 4670 Arist.
1010 4609 1061 4670 lib.
1079 4631 1109 4682 r,
1126 4612 1249 4677 Foster..
1270 4625 1341 4670 text.
1365 4632 1411 4686 27.
1435 4611 1500 4670 etr.
1524 4612 1568 4675 ib.

447 4709 479 4770 S.
495 4707 564 4776 Th,
578 4705 643 4766 leet.
659 4723 704 4776 ao,
725 4723 825 4776 parag.
841 4705 869 4760 d.
