3492 5525
562 468 621 549 838
671 471 799 539 Locros
813 472 1046 547 Maron-lau.
1063 487 1136 548 ψ,
1152 472 1245 537 Dice.
1262 486 1308 555 3.·
1321 472 1401 537 Car.
1420 486 1491 535 ne·

522 664 556 723 et
573 665 660 725 recte
678 656 860 741 dispositae,
882 676 949 725 non
968 665 1093 741 potest,
1108 655 1171 729 illis
1188 655 1367 732 concessis,
1385 655 1495 741 negari
1511 656 1647 721 conclu·

523 764 589 841 sio,
610 764 671 831 nisi
690 765 786 831 valde
804 765 966 850 imperite.

518 932 521 939 .
566 878 672 957 Resp.
691 880 743 943 3?
787 874 821 941 ln
839 872 894 939 tali
912 891 990 941 casu
1014 880 1152 959 negatur
1169 891 1212 939 ex
1239 881 1330 956 parte
1346 868 1464 957 obiecti
1481 870 1644 935 connexio

522 979 641 1066 objecti
659 979 879 1049 conclusionis
906 998 983 1047 cum
1002 980 1131 1065 objecto
1157 980 1419 1065 praemissarum:
1440 996 1546 1073 quam
1564 994 1646 1042 con·

523 1088 698 1155 nexionem
723 1106 800 1157 cum
827 1087 990 1173 significet
1014 1088 1181 1156 conclusio
1213 1085 1338 1155 ratione
1353 1131 1358 1139 ·
1370 1085 1534 1169 particulae
1555 1102 1642 1169 crgo,

522 1195 639 1262 merito
656 1195 729 1281 ipsa
741 1214 877 1279 quoque
895 1205 1046 1281 negatur.

591 1301 683 1369 «Nec
700 1303 806 1379 dicas,
827 1304 918 1388 quod
936 1304 964 1371 si
980 1311 1119 1388 negetur
1137 1322 1156 1369 a
1174 1302 1393 1385 respondente
1406 1298 1643 1384 consequentia

522 1410 699 1495 objectiva,
720 1410 835 1477 debeat
857 1410 1122 1496 eapriusiuisse
1136 1410 1178 1478 ab
1200 1406 1641 1494 argumentanteailirmata.

521 1516 606 1583 Nam
625 1510 718 1601 saepe'
731 1526 886 1605 negatur,
906 1518 996 1601 quod
1019 1527 1253 1603 argumentans
1281 1535 1348 1583 non
1372 1514 1566 1591 formaliter,
1585 1515 1644 1581 sed

521 1632 651 1691 tantum
671 1625 781 1708 aliquo
800 1626 901 1691 modo
918 1624 1152 1709 aequivalenter
1172 1634 1231 1691 aut
1255 1624 1433 1691 virtualiter
1454 1623 1641 1697 aflinnavit,

521 1731 611 1814 quod
626 1752 666 1798 ex
681 1732 751 1816 ejus
769 1733 918 1801 discursu
932 1733 1041 1800 inferri
1055 1741 1175 1817 potest.
1193 1734 1304 1799 Potest
1319 1740 1429 1801 autem
1443 1750 1486 1796 ex
1497 1730 1644 1813 quolibet

520 1838 715 1925 syllogismo
733 1838 840 1907 inferri
859 1840 988 1907 bonitas
1014 1839 1258 1924 consequentiae
1275 1838 1452 1925 objective,
1473 1839 1525 1903 vel
1544 1837 1642 1903 etiam

522 1946 676 2025 iudicium
704 1946 747 2012 de
775 1966 831 2024 ea,
861 1948 923 2013 etsi
949 1956 1024 2014 actu
1053 1966 1121 2014 non
1150 1949 1321 2023 inferatur,
1354 1957 1412 2014 out
1447 1944 1642 2012 affirmetur.

521 2053 609 2120 idem
639 2054 906 2138 respondendum
934 2065 1000 2133 est,
1031 2055 1058 2121 si
1081 2054 1265 2141 objiciatur,
1285 2072 1375 2137 saepe
1399 2052 1510 2138 negari
1528 2070 1644 2121 conse

520 2160 687 2243 quentiam
708 2162 906 2229 formalem»
924 2160 989 2250 (ι).
1011 2164 1104 2229 Plura
1121 2158 1211 2229 dabit
1224 2164 1260 2229 P.
1282 2163 1386 2248 Mayr.

893 2480 1193 2557 ARTICULUS
1216 2480 1270 2559 V.

837 2668 1005 2733 Utrum
1023 2672 1069 2733 et
1089 2666 1321 2748 quomodo

700 2775 932 2840 oonolusio
958 2777 1148 2854 attingat
1169 2775 1454 2857 praemissas,

594 2882 667 2948 vel
685 2901 907 2950 ascensius
930 2885 1281 2966 praemissarum
1300 2881 1565 2948 includatur

790 2991 838 3056 in
856 3008 1053 3058 assensu
1072 2991 1377 3058 conclusionis

563 3239 641 3305 228.
689 3238 835 3316 Quaestio
850 3242 919 3306 haec
936 3240 978 3306 ab
991 3239 1062 3306 aliis
1079 3240 1177 3306 etiam
1195 3241 1258 3306 sub
1277 3241 1328 3307 his
1345 3239 1483 3308 vocibus
1500 3241 1640 3326 pmponi

471 3341 477 3352 ’
518 3348 620 3413 solet:
650 3346 768 3413 Utrum
795 3347 954 3414 conclusio
979 3348 1119 3431 reflectat
1148 3347 1183 3414 in
1206 3348 1401 3430 promuscis.
1431 3347 1518 3415 Cum
1551 3351 1639 3416 enim

389 3424 430 3488 Ψ
521 3453 700 3540 praemissae
719 3454 911 3521 contineant
932 3454 1090 3523 rationem
1109 3474 1146 3521 ac
1165 3456 1327 3522 motivum
1345 3454 1545 3522 assentiendi
1562 3475 1642 3524 con·

518 3562 672 3638 clusioni,
693 3563 878 3638 dubitatur,
899 3571 1012 3644 utrum
1030 3580 1184 3630 assensus
1206 3561 1425 3628 conclusionis
1444 3581 1512 3630 non
1530 3565 1639 3629 solum

518 3671 665 3735 enuntiet
697 3674 888 3752 asseratque
919 3669 1159 3736 connexionem
1191 3678 1434 3747 extremorum,
1466 3682 1640 3755 tamquam

517 3777 683 3862 objectum
702 3786 882 3852 assertum,
907 3778 966 3843 sed
990 3785 1145 3861 praterea
1164 3787 1337 3861 proponat,
1362 3787 1641 3862 representerque

518 3883 578 3950 sibi
597 3885 836 3950 connexionem
855 3885 1055 3954 eorumdem.
1068 3903 1145 3950 cum
1164 3885 1274 3951 medio
1292 3883 1450 3961 termino,
1465 3895 1640 3970 tamquam

518 3991 681 4057 asserendi
701 3991 878 4059 motivum.
894 3992 954 4058 Vel
969 3992 1077 4069 aliter,
1097 3991 1305 4075 cquaestio...
1321 4000 1388 4068 est,
1403 4011 1445 4061 an
1460 4004 1641 4076 postquam

517 4100 702 4166 intellectus
734 4099 847 4165 habuit
882 4117 1055 4166 assensum
1092 4098 1342 4183 principiorum,
1371 4110 1409 4165 et
1445 4101 1565 4168 accedit
1599 4101 1642 4166 ad

516 4207 763 4273 assentiendum
789 4206 1008 4280 conclusioni,
1037 4205 1083 4272 sic
1108 4207 1136 4272 ei
1161 4206 1355 4272 assentiatur
1373 4216 1502 4293 propter
1522 4207 1643 4292 princi·

517 4313 585 4400 pia,
615 4321 652 4380 ut
679 4331 852 4380 assensum
878 4333 993 4380 eorum
1018 4315 1153 4390 iterum,
1173 4315 1290 4380 saltem
1308 4315 1478 4400 implicite,
1499 4323 1660 4400 repeton·

516 4423 567 4487 vel
587 4421 664 4488 satis
682 4421 741 4496 sit,
762 4430 798 4486 ut
817 4421 942 4489 dicatur
961 4421 1109 4488 assentiri
1131 4422 1350 4499 conclusioni,
1370 4431 1504 4508 propter
1521 4423 1641 4507 princi-

517 4529 585 4614 pia,
606 4528 696 4613 quod
715 4547 887 4595 assensum
908 4546 1024 4599 eorum
1044 4529 1231 4595 immediate
1246 4540 1321 4596 ante
1335 4529 1499 4608 habuerit,
1511 4529 1642 4615 absque

450 4737 454 4746 '
549 4767 590 4830 (1)
627 4743 994 4836 mayr,100.ci‘t.,n.93⁶.
