3492 5525
506 481 621 547 Anne.
646 497 706 558 arv
727 479 861 546 Divisio
1143 497 1197 544 aar

111 687 181 733 non
195 667 305 732 omnis
319 665 498 733 substantia
510 666 674 750 completa
688 664 839 731 coalescit
852 685 894 732 ex
909 665 1004 754 variis
1018 663 1238 750 incompletis,

112 793 192 840 curn
220 775 341 841 dentur
371 773 565 840 substantiae
591 774 766 857 completae
799 774 976 859 simplices.
1011 773 1095 858 Ergo
1131 789 1240 838 revera
1334 827 1337 832 .

113 881 266 946 membra
278 883 347 947 haec
358 880 555 946 divisionum
568 880 720 946 distincta
729 889 823 958 sunt,
836 889 893 945 aut
906 888 992 946 certe
1005 898 1076 947 esse
1088 888 1238 965 possunt.

158 995 292 1072 Regula
304 1009 353 1071 4.·
397 987 574 1054 Divisiosit
585 987 698 1063 bream
716 1006 756 1052 ne
765 987 991 1053 contusionem
1003 987 1111 1072 potius
1126 985 1238 1071 pariat,
1357 1021 1373 1056 ,.

113 1115 217 1179 quam
236 1096 347 1178 aflerat
372 1094 649 1180 perspicuitatem.
670 1093 882 1179 Qtamquam
912 1095 999 1161 enim
1023 1094 1091 1160 sieri
1116 1093 1243 1178 possint

114 1203 214 1268 variae
229 1202 405 1270 divisiones
423 1220 464 1268 ac
482 1200 740 1278 subdivisiones,
761 1211 923 1286 quantum
942 1221 1027 1287 opus
1042 1210 1092 1268 est
1114 1203 1154 1267 ad
1176 1202 1244 1285 ple·

115 1329 195 1375 nam
215 1310 260 1375 rei
274 1309 540 1391 declarationem3
558 1311 678 1377 modus
690 1319 801 1375 tamen
816 1311 1021 1376 adhibendus
1035 1319 1101 1385 est,
1119 1328 1159 1374 ne
1172 1309 1244 1374 sine

114 1416 309 1484 necessitate
324 1416 511 1501 partitiones
523 1416 685 1502 ejusmodi
701 1418 792 1483 nullo
809 1417 875 1483 fine
891 1413 1145 1504 protrahantur(
1170 1415 1197 1503 ).

159 1532 294 1610 Regula
308 1531 359 1592 ὅθ
423 1524 682 1590 Commendatur
701 1524 818 1601 etiam,
838 1525 950 1610 nafiat
963 1525 1080 1590 divisio
1097 1525 1132 1588 in
1150 1541 1244 1588 ment·
1358 1561 1375 1594 ,.

113 1633 175 1698 lrra
191 1633 355 1716 negativa,
376 1651 450 1715 quae
468 1642 639 1717 nequeunt
658 1651 724 1698 non
744 1633 875 1698 officere
891 1630 1127 1718 perspicuitati,
1142 1649 1244 1716 gene·
1330 1699 1333 1707 ,

5 1792 6 1795 ,
114 1741 213 1806 ratim
229 1741 408 1823 loquendo.
426 1739 487 1805 Ubi
503 1748 582 1804 nota
599 1739 667 1805 dari
681 1759 747 1805 non
763 1758 884 1824 paucas
899 1739 1075 1807 divisiones
1090 1741 1123 1805 in
1138 1758 1244 1803 mem-

114 1848 191 1925 bra,
212 1866 290 1931 quae
307 1846 460 1912 videntur
477 1847 612 1930 quidem
637 1847 800 1933 negativa,
823 1867 857 1912 re
876 1858 987 1913 tamen
1008 1867 1083 1914 vera
1105 1845 1243 1930 positiva

114 1965 214 2022 sunt:
237 1957 300 2020 hoc
317 1961 414 2040 patto
432 1954 552 2020 animal
571 1955 725 2021 dividitur
750 1955 784 2021 in
808 1957 962 2024 rationale
989 1964 1021 2020 et
1044 1955 1243 2035 irrationale;
1267 1985 1270 1991 Δ

115 2063 301 2129 substantia
318 2062 352 2127 in
370 2081 560 2146 corpoream
574 2071 607 2128 et
625 2062 856 2146 incorpoream
871 2083 930 2130 ens
949 2064 982 2129 in
1000 2062 1130 2129 finitum
1146 2072 1178 2128 et
1197 2062 1244 2126 in·

105 2171 245 2255 finitum
261 2178 324 2237 etc.
344 2169 360 2256 (
383 2168 409 2258 ).
898 2169 899 2174 ’

162 2386 220 2454 86.
276 2386 444 2452 Scnonun
469 2393 532 2451 ι.““
577 2385 666 2451 Medi
684 2385 1042 2471 arguendiadivisione
1052 2385 1153 2452 videri
1169 2404 1243 2470 pos-

116 2507 197 2563 sunt
220 2495 310 2579 apud
336 2494 477 2586 Lossada
490 2491 560 2583 (3),
577 2502 610 2560 et
623 2492 815 2573 Joannema
838 2494 873 2561 S.
888 2495 1015 2561 Thema
1033 2491 1085 2582 (4)
1099 2495 1242 2578 aliosque

116 2605 242 2689 passim
258 2611 421 2669 auctores.

163 2820 336 2887 Scnoctun
354 2826 421 2885 2.²''
480 2816 645 2893 Quaeritur
672 2829 781 2885 utrum
805 2819 922 2886 divisio
946 2840 964 2885 a
985 2818 1174 2887 definitione
1195 2819 1244 2885 di-

116 2932 319 3014 stinguatur.
341 2926 608 2992 «Affirmandum
624 2936 674 2992 est
689 2929 799 3011 procul
814 2927 933 3005 dubio,
947 2928 1057 2994 scribit
1072 2935 1157 2993 recte
1167 2926 1245 2994 Los·
1307 2998 1310 3003 ,

115 3038 216 3115 sada,
245 3043 408 3119 quantum
430 3036 470 3100 ad
484 3034 677 3101 divisionem
697 3036 937 3115 accidentalem,
952 3037 1148 3120 integralem,
1170 3054 1244 3112 nec-

115 3164 187 3211 non
198 3144 398 3227 potentialem
413 3150 472 3224 par
488 3162 532 3207 se.
552 3144 626 3208 Non
645 3143 733 3208 enim
753 3143 874 3208 animal
896 3164 930 3212 v.
951 3165 986 3230 g.
1008 3144 1163 3211 delinitur
1187 3163 1244 3229 per

117 3251 273 3319 bmnium
299 3261 354 3319 aut
378 3252 518 3329 brutam,
546 3269 607 3317 nec
626 3235 691 3336 per*
705 3253 859 3318 rationale
883 3262 939 3318 aut
958 3254 1158 3330 irrationale,
1187 3272 1244 3338 per

116 3378 197 3446 quae
211 3360 379 3441 dividitur;
395 3359 453 3425 sed
472 3361 580 3425 solum
602 3360 783 3445 pervincas
799 3360 955 3429 sensibile.
970 3359 1068 3436 Quod
1083 3362 1109 3426 si
1128 3361 1244 3427 divisio

117 3468 309 3555 potentialis
333 3476 542 3553 comparetur
569 3486 646 3534 cum
670 3469 828 3535 membris
850 3469 1081 3544 dividentibus,
1095 3488 1162 3534 non
1185 3470 1245 3535 erit

117 3596 238 3643 eorum
253 3575 417 3655 definitio,
432 3577 459 3642 si
474 3585 584 3644 utatur
599 3576 789 3643 nominibus
797 3578 1000 3662 specierum;
1013 3597 1045 3643 v.
1059 3597 1093 3662 g.
1110 3576 1243 3654 animal,

113 3686 213 3751 aliud
226 3685 330 3760 bomo,
344 3684 580 3750 aliudbrutum.
592 3683 650 3750 Sin
660 3695 771 3751 autem
789 3685 978 3751 nominibus
988 3686 1244 3752 differentiarum

117 3804 251 3870 utatur,
271 3803 343 3857 tum
362 3792 821 3859 definitionesmembrorum
848 3793 1043 3870 continebit,
1070 3793 1246 3861 subaudito

114 3901 245 3969 scilicet
266 3899 299 3966 in
326 3900 466 3987 singulis
490 3900 624 3967 nomine
647 3900 759 3969 divisi:
781 3902 874 3969 Unde
895 3903 965 3968 haec
992 3924 1024 3969 v.
1056 3921 1091 3987 g.
1111 3902 1244 3979 animal,

152 4160 200 4223 (r)
237 4152 509 4226 «Comprehendere,
520 4154 753 4228 quemadmodum
766 4172 875 4228 magna
886 4155 931 4211 ila
938 4154 1060 4212 minima
1068 4152 1184 4230 difficile
1191 4160 1244 4221 est,

115 4242 221 4316 inquit
236 4242 357 4301 Seneca.
372 4242 556 4301 Describitur
568 4247 602 4302 in
616 4246 711 4303 tribus
725 4246 868 4319 populns,
884 4246 917 4301 in
931 4244 1077 4302 centurias
1092 4245 1245 4302 exercilus.

114 4334 275 4419 Quidquid
285 4334 318 4390 in
330 4335 426 4408 majus
439 4336 551 4406 crevit,
558 4336 688 4405 facilius
702 4336 887 4411 agnoscitur,
903 4336 932 4392 si
944 4336 1076 4393 discessit
1091 4337 1124 4391 in
1136 4344 1246 4410 parles,

112 4446 195 4503 quas
210 4426 441 4483 innumerabiles
454 4445 517 4484 esse
531 4436 559 4483 et
572 4434 682 4500 parvas
695 4446 753 4484 non
766 4434 887 4501 oportet.
903 4426 980 4484 Idem
993 4427 1069 4485 enim
1082 4427 1153 4485 vitii
1163 4426 1249 4484 babet

113 4518 232 4585 nimio,
247 4516 322 4588 quod
333 4517 420 4573 nulla
433 4517 574 4574 divisio.»
590 4514 683 4588 Epist.
698 4517 744 4590 89.

152 4614 200 4675 (2)
238 4604 316 4663 Vide
330 4606 364 4664 Ρ.
380 4606 508 4665 Fonseea
518 4608 588 4665 inst.
604 4606 730 4665 Drbtect.
746 4608 796 4664 lib.
811 4626 840 4681 4,
851 4627 914 4680 cap.
933 4628 974 4665 ra.

150 4701 200 4771 (3)
237 4696 372 4755 Loesada
385 4697 440 4756 loc.
452 4697 501 4756 cit.
516 4716 580 4769 cap.
598 4715 628 4770 5,
644 4718 675 4757 n.
691 4698 721 4765 8,
737 4716 820 4769 seqq.

152 4793 202 4863 (4)
239 4787 386 4847 Summani.
402 4783 454 4846 lib.
468 4808 501 4859 a,
515 4807 579 4860 cap.
594 4806 622 4861 4.
