3492 5525
1 3312 6 3374 ⁵·
132 3330 195 3395 nis.
214 3330 299 3395 Nam
329 3328 492 3403 medium,
520 3328 609 3411 quod
637 3326 790 3394 dicuntur
816 3328 988 3395 excludere
1015 3327 1256 3413 propositiones

243 441 359 505 Amic
378 453 438 504 μ’
452 437 653 504 Pnonosmo
669 455 851 506 innuptii-x
867 457 909 504 cr
923 457 990 506 ecc
1002 459 1044 506 sc
1056 459 1144 511 nors
1161 439 1220 522 pbr

129 623 338 708 ·ets2·mr1ra.'..
356 641 510 723 Quarum
521 655 594 705 vem
603 637 1120 720 propositonnsunrimnoeriate,
1130 656 1266 724 qaorum

133 747 263 815 miri
278 765 342 814 non
362 751 441 813 sunt
454 748 540 830 apud
554 743 660 814 ornnes
677 747 759 813 noti.
781 747 888 824 Uruic,
912 747 984 814 licet
1001 748 1208 832 Μωυσῆ
1227 748 1270 814 rit

132 859 175 923 de
185 855 306 922 ratione
315 854 464 942 subjecti,
474 858 590 934 nmen,
605 855 681 939 puris
693 854 834 942 definitio
844 856 977 944 orbati
986 871 1051 922 non
1063 859 1108 922 cst
1123 855 1266 922 omnebus

133 969 220 1042 nota,
240 983 304 1030 non
320 968 369 1030 est
382 963 600 1038 necessarium,
624 964 708 1047 quod
729 964 805 1028 tries
821 963 1050 1045 propositiones
1066 963 1108 1029 ab
1120 963 1265 1030 omnious

130 1073 343 1139 concedantar
360 1062 426 1158 (ι).
443 1070 537 1138 stur
554 1069 616 1136 ista
638 1069 821 1152 propositio:
849 1077 966 1138 Homo
987 1083 1050 1138 est
1066 1075 1259 1149 rudonslis,

132 1184 182 1246 est
193 1185 256 1262 perv
268 1189 302 1245 sc
318 1181 392 1244 noto
409 1178 579 1244 secundum
591 1175 644 1243 sui
658 1180 818 1252 naturam,
830 1176 906 1262 quir
927 1178 985 1262 gui
1003 1176 1083 1244 dicit
1094 1176 1261 1253 bominem,

132 1288 214 1352 dicit
220 1275 389 1353 rationale:
406 1289 438 1351 et
454 1289 555 1352 tomen
567 1285 740 1370 ignoranti,
756 1284 836 1370 quid
845 1285 892 1351 sit
902 1286 1001 1362 bomo,
1019 1284 1264 1368 perproposr'tio

134 1411 197 1461 non
214 1399 264 1460 est
269 1401 329 1477 per
344 1411 377 1459 se
394 1397 467 1460 nota
480 1389 545 1480 (s).
1249 1401 1255 1408 ’

178 1492 292 1567 'Hanc
321 1509 431 1566 tamen
468 1499 662 1567 divisionem
687 1501 738 1566 alii
769 1501 1026 1585 reprehendunt,
1046 1500 1124 1584 quia
1145 1501 1263 1567 nolunt
1326 1515 1427 1592 anulii·

135 1627 313 1696 agnoscere
331 1608 583 1692 propositiones,
605 1625 679 1690 qure
694 1608 759 1674 sint
777 1625 834 1692 per
852 1625 887 1674 se
906 1616 994 1705 notae
1012 1608 1121 1674 solum
1142 1623 1260 1674 secun·
1288 1581 1463 1637 '‘mmm''

135 1719 216 1783 dum
236 1733 284 1799 se;
306 1715 357 1780 alii
377 1725 501 1793 autem,
522 1714 598 1798 quia
617 1723 734 1798 praeter
748 1715 815 1780 duo
838 1713 892 1780 illa
909 1733 1029 1800 genera
1054 1716 1172 1782 volunt
1197 1724 1280 1781 ter·.

135 1817 219 1890 tium
248 1821 424 1890 obtrudere
451 1821 713 1907 propositionum
747 1840 868 1908 perse
898 1833 1050 1888 notarum
1088 1823 1261 1890 dumtaxat

133 1931 244 2015 quoad
260 1947 333 2007 nos,
350 1947 463 1994 earum
479 1937 611 2013 nempe,
628 1947 717 2012 quae,
732 1929 884 2012 quamvis
903 1948 969 1996 non
988 1929 1055 1994 sint
1072 1929 1261 1996 immediate

133 2039 317 2104 secundum
337 2037 473 2122 seipsas,
490 2055 550 2102 nec
563 2035 800 2121 cognoscibiles
815 2056 856 2103 ex
870 2035 939 2104 suis
952 2043 1082 2103 tanturn
1096 2037 1258 2115 torminis,

133 2155 244 2212 tamen
271 2152 553 2230 cognoscuntura
574 2142 670 2210 nobis
695 2143 765 2210 sine
787 2144 910 2213 medio.
935 2145 974 2209 Et
998 2143 1186 2230 hujusmodi
1211 2144 1260 2212 di·

138 2262 258 2318 cuntur
282 2269 355 2318 esse
369 2251 440 2317 istae
460 2249 711 2347 propositiones:
728 2252 842 2317 Petnrs
859 2251 980 2318 existit·
997 2253 1075 2318 Haeo
1085 2252 1198 2346 *cbarto
1213 2254 1260 2320 cst

132 2361 224 2441 olba,·
242 2377 328 2444 quae,
349 2358 503 2442 quamvis
522 2377 587 2424 non
606 2369 684 2425 sunt
702 2359 939 2444 cognoscibiles
965 2380 1006 2426 ex
1030 2359 1190 2437 terminis,
1215 2360 1259 2426 si·

132 2468 265 2552 quidem
295 2483 355 2533 nec
382 2465 554 2532 existentia
580 2467 734 2533 convenit
761 2466 856 2532 Petro
883 2485 925 2533 ex
951 2487 1011 2536 sua
1042 2477 1168 2543 natura,
1197 2485 1258 2534 nec

132 2579 249 2644 chartae
276 2574 406 2661 albedo,
426 2573 484 2640 sed
513 2592 592 2659 pure
614 2575 853 2658 contingenter,
884 2575 1097 2642 nihilominus
1118 2595 1160 2641 ex
1187 2576 1258 2642 sola

132 2700 291 2749 sensuum
310 2680 464 2748 relatione
481 2700 498 2745 a
519 2682 614 2748 nobis
639 2690 885 2767 cognoscuntur
907 2681 1032 2767 absque
1050 2684 1117 2748 ullo
1145 2682 1254 2749 medio

133 2811 169 2858 ac
195 2790 355 2858 discursu.
382 2791 522 2857 Necesse
541 2798 590 2855 est
616 2808 694 2874 ergo
713 2790 833 2866 videre,
853 2789 933 2873 quid
953 2790 1137 2868 dicendum,
1154 2790 1197 2859 sit
1214 2791 1256 2857 de

132 2901 201 2967 istis
219 2899 346 2965 duabus
360 2897 541 2973 sententiis,
563 2916 600 2963 ac
618 2895 754 2981 proinde
771 2907 881 2963 utrum
898 2896 1100 2964 admittenda
1118 2897 1160 2965 sit
1178 2916 1255 2965 cum

133 3008 168 3073 S.
189 3008 316 3073 Thema
334 3004 484 3091 p'raedicta
502 3005 554 3070 illa
573 3004 764 3071 bimembris
782 3004 898 3071 divisio
916 3005 1178 3090 propositionum
1198 3025 1276 3091 per·

132 3134 168 3180 se
188 3122 352 3180 notarum.

198 3222 281 3298 Quae
299 3218 517 3287 controversia
535 3221 673 3304 proponi
693 3238 827 3303 quoque
845 3228 953 3304 potest
970 3221 1038 3287 sub
1053 3221 1123 3287 aliis
1140 3220 1256 3288 termi·
1281 3233 1458 3351 Qutlxeffin
1532 3221 1536 3228 ’

1311 3377 1432 3432 propositio

4 3451 14 3513 ·,
131 3454 236 3521 perse
255 3444 341 3502 notae
365 3444 465 3518 atque
484 3434 698 3511 immediatae,
725 3436 847 3521 duplex
871 3435 1048 3521 excogitari
1066 3444 1192 3520 potest,
1221 3438 1257 3501 in
1298 3450 1434 3496 immund.

129 3546 261 3609 essendo·
274 3551 307 3615 et
329 3546 362 3610 in
381 3544 602 3627 cogrwscendo.
622 3542 767 3609 Medium
794 3544 827 3608 in
848 3545 991 3610 essendo
1016 3553 1068 3610 est
1092 3563 1188 3611 causa
1205 3541 1257 3645 vel

22 3645 27 3653 '
131 3651 228 3728 ratio,
249 3667 309 3717 cur
326 3651 537 3735 predicatum
553 3656 676 3734 aparte
696 3649 739 3716 rei
754 3651 909 3717 convenit
927 3650 1092 3738 subjecto;
1110 3652 1255 3719 medium

18 3762 27 3840 i,
129 3766 240 3825 autem
267 3758 301 3824 in
326 3758 557 3843 cognoscendo
585 3764 636 3823 est
662 3774 760 3824 causa
784 3759 835 3823 vel
862 3756 959 3833 ratio,
988 3777 1064 3843 quae
1088 3757 1168 3831 tacit
1195 3778 1257 3827 nos

18 3868 24 3939 ,¹
128 3882 338 3951 cognoscere,
360 3866 450 3948 quod
470 3864 680 3948 praedicctum
707 3864 882 3931 conveniat
903 3866 1064 3952 subjecto.
1084 3867 1167 3945 Quo
1185 3868 1253 3934 duo

1 4029 2 4065 ,
20 3965 32 4039 'e
131 3974 237 4040 media
251 3992 338 4058 saepe
352 3972 478 4039 diversa
492 3980 587 4050 sunt,
605 3972 692 4056 quia,
709 3973 783 4039 licet
795 3974 994 4058 quandoque
1009 3992 1060 4040 res
1076 3992 1256 4059 cognosce

1 4091 2 4094 ’
129 4099 206 4147 mus
224 4100 264 4147 ex
282 4079 407 4157 causis,
427 4098 516 4165 saepe
539 4092 650 4146 tarnen
669 4098 864 4147 econverso
892 4100 944 4147 res
960 4080 1192 4168 cognoscimus
1213 4102 1267 4151 ex

128 4187 315 4266 effectibus,
331 4188 424 4273 quod
441 4206 519 4254 cum
538 4188 663 4265 evenit,
685 4187 831 4254 medium
842 4189 1068 4276 cognoscendi
1085 4208 1150 4258 non
1165 4190 1256 4258 coin·

124 4524 128 4531 .
163 4472 840 4549 (1).·1.2.q.94,srt.2.Cir.rp.q.s,urt.
864 4494 889 4545 ¹3
913 4472 964 4533 lib.
989 4474 1129 4535 1.·Cont.
1156 4474 1254 4548 Geni„

127 4586 190 4638 esp.
209 4587 251 4637 ¹¹3
266 4567 300 4624 dc
318 4564 409 4623 Verit.
426 4582 456 4637 q.
480 4582 522 4633 ro,
538 4584 564 4622 a.
580 4583 623 4634 123
641 4574 679 4621 1.·
693 4560 769 4622 Dist.
786 4585 812 4637 3,
834 4577 938 4637 quaest.
964 4584 988 4634 r,
1004 4578 1058 4624 nrt.
1077 4585 1104 4637 ος
1130 4563 1196 4625 Lib.
1210 4573 1255 4639 4.·
1332 4597 1335 4602 >

128 4656 367 4730 Metapbysicor„
383 4654 447 4713 lect.
462 4672 486 4727 ς,
503 4652 555 4712 fin.
571 4666 625 4713 etc.
1000 4645 1003 4654 ⁴

127 4772 129 4779 ¹
163 4744 205 4815 (2)
240 4742 273 4805 S.
288 4744 392 4804 Thon.
413 4752 450 4804 1.·
461 4742 634 4815 Pometiam,
649 4743 714 4804 lect.
731 4760 757 4817 ς,
771 4761 885 4817 pmgr.
901 4765 926 4803 e.
