3492 5525
252 488 371 555 Amic.
385 502 449 572 4⁰⁸
462 488 654 567 Qurueuau
667 507 719 554 srr
732 508 904 566 outecrun
919 511 1080 559 screnum
1131 511 1190 576 933

99 670 228 737 matico.
246 672 312 739 Sed
327 671 377 737 bie
394 671 577 738 musicusest
588 672 824 755 grammaticus.
841 673 924 759 Ergo
942 675 991 743 bic
1008 676 1061 743 vir
1077 679 1127 743 est
1140 675 1234 743 atiud

100 798 125 843 a
142 797 190 845 se:
208 780 277 845 vel:
298 778 446 845 Corisctcs
461 779 603 863 differta
620 781 749 848 musico.
769 782 834 849 Sed
850 782 997 849 Coriscrrs
1014 786 1064 849 est
1079 784 1228 865 mimicus.

101 890 189 972 Ergo
208 887 356 954 Coriscm
372 888 517 972 differta
538 886 653 970 serpso.
675 884 728 976 (t)
751 888 875 957 Verum
898 888 1075 975 sophistica
1095 908 1160 959 non
1179 899 1230 958 est

102 1013 182 1060 vera
199 996 349 1073 scientia,
370 996 427 1061 sed
446 1014 623 1080 apparens,
644 997 807 1079 quianon
826 998 900 1063 lacit
919 998 1000 1065 scire
1016 994 1081 1086 (2).

150 1108 253 1170 Prob.
273 1114 321 1170 n·
366 1100 505 1169 scientia
520 1111 571 1169 est
584 1102 626 1169 de
640 1122 693 1181 eo,
712 1104 804 1187 quod
820 1112 872 1171 est
889 1124 1020 1189 semper
1039 1107 1090 1171 vel
1110 1106 1229 1179 saltem

103 1212 314 1295 plerumque.
343 1208 503 1288 Qraedam
532 1210 621 1277 enim
653 1219 731 1277 sunt
763 1211 1029 1297 scientiae.‚quae
1061 1214 1228 1307 objectum

103 1320 372 1403 contemplantur
389 1317 577 1403 simpliciter
595 1320 835 1397 necessarium,
854 1320 886 1390 in
902 1340 969 1404 quo
988 1322 1075 1388 nulla
1090 1328 1140 1387 est
1154 1340 1230 1405 pos·
1265 1380 1268 1387 .

104 1426 208 1495 sibilis
238 1427 404 1511 exceptio,
435 1436 472 1493 ut
503 1447 536 1494 v.
565 1446 601 1512 g.
626 1426 781 1494 Mathesis
809 1429 879 1493 vel·
896 1427 1136 1516 Metaphysica;
1160 1430 1230 1497 aliae

104 1553 183 1599 vero
201 1536 466 1618 contemplantur
484 1533 664 1620 objectum,
680 1534 783 1619 quod,
803 1543 947 1619 spectata
965 1534 1098 1619 quidem
1117 1555 1227 1615 causa,

106 1641 326 1709 necessarium
354 1651 422 1718 est,
443 1642 562 1707 habere
584 1650 696 1708 tamen
719 1643 946 1727 exceptionem
970 1652 1079 1726 potest
1097 1652 1230 1727 propter

105 1751 239 1835 aliquod
248 1750 523 1834 impedimentum
534 1750 575 1815 ab
590 1749 773 1818 aliiscausis
788 1749 993 1834 appositum
1009 1750 1083 1817 talis
1098 1761 1149 1817 est
1161 1750 1230 1817 Phi·

105 1859 255 1943 losophia
283 1858 452 1933 naturalis,
474 1858 568 1943 cujus
587 1858 737 1941 quaedam
756 1856 984 1925 conclusiones
1002 1858 1228 1942 exceptionem

105 1967 139 2031 in
159 1966 357 2049 quibusdam
376 1965 506 2031 casibus
525 1964 771 2049 particularibus
789 1964 855 2049 pati
873 1976 1026 2049 possunt.
1052 1964 1152 2049 Atqui
1170 1984 1230 2033 ens
1302 1980 1305 1987 ·

105 2093 164 2158 per
182 2074 331 2140 accidens
353 2091 412 2140 seu
433 2074 601 2139 fortuitum
627 2091 694 2139 non
717 2081 767 2139 est
786 2091 918 2157 semper
937 2091 996 2139 nec
1021 2073 1227 2159 plerumque,

104 2182 165 2249 sed
190 2200 274 2247 raro.
301 2182 385 2267 Ergo
407 2180 550 2248 scientiae
574 2181 739 2265 objectum
765 2198 831 2247 non
856 2190 909 2247 est
927 2198 988 2247 ens
1006 2200 1062 2265 per
1080 2180 1231 2250 accidens

106 2291 279 2356 fortuitum
298 2308 336 2354 ac
353 2296 469 2372 praeter
487 2288 717 2356 intentionem.

173 2403 286 2480 Major
304 2397 402 2483 hujus
419 2396 602 2481 syllogismi
620 2403 749 2464 constat
766 2414 808 2461 ex
828 2394 978 2479 superius
1002 2396 1174 2481 disputatis
1188 2397 1229 2463 de

106 2504 298 2572 necessitate
316 2513 415 2588 atque
432 2502 674 2570 universalitate
696 2502 815 2588 objecti
834 2502 1055 2571 scientiarum.
1075 2506 1160 2579 Nam
1182 2525 1231 2570 re·

108 2631 183 2679 vera
201 2632 250 2688 ea,
284 2630 359 2697 quae
391 2630 522 2707 semper
548 2619 606 2700 aut
632 2612 828 2695 plerumque
845 2610 1021 2687 eveniunt,
1051 2614 1230 2679 necessaria

106 2721 276 2799 dicuntur,
297 2720 376 2804 quia
392 2720 443 2785 vel
463 2717 652 2803 simpliciter
670 2727 703 2784 et
721 2719 870 2786 absolute
895 2720 946 2785 vel
971 2719 1107 2788 sublatis
1126 2720 1230 2806 impe-

105 2819 278 2904 dimittis,
307 2847 439 2912 semper
469 2827 642 2894 eveniunt:
672 2846 709 2891 ea
734 2846 811 2893 vero
839 2845 920 2911 quae„
941 2829 1031 2894 aliter
1058 2829 1229 2906 eveniunt,

105 2937 328 3021 contingentia
351 2936 411 3001 dici
439 2936 563 3011 solent,
594 2935 670 3017 quia
698 2952 770 3000 raro
798 2945 853 3001 aut
883 2953 976 3018 aeque
1006 2954 1064 3018 pro
1093 2947 1230 3021 utraque

107 3054 198 3130 parte
216 3045 383 3111 eveniunt.
405 3039 456 3130 (3)
475 3042 512 3108 Et
531 3041 759 3119 confirmatur,
782 3061 884 3109 «nam
905 3061 970 3108 non
987 3054 1095 3127 potest
1114 3045 1230 3128 aliquis

107 3155 231 3219 discere
256 3154 307 3217 vel
334 3153 465 3227 docere,
493 3150 582 3233 quod
607 3169 667 3216 nec
690 3157 741 3216 est
763 3167 910 3233 semper,
936 3169 996 3215 nec
1021 3152 1227 3236 plerumque:

107 3281 162 3326 ex.
180 3279 231 3346 gr.
249 3259 394 3325 medicus
408 3267 516 3343 potest
533 3258 668 3334 discere,
684 3258 774 3340 quod
788 3258 1004 3324 mellicraturn
1020 3260 1132 3343 juvat,
1154 3261 1229 3344 quia

108 3371 302 3452 plerumque
317 3369 427 3451 juvat,
443 3366 502 3431 sed
521 3363 547 3430 si
567 3383 624 3448 per
641 3363 788 3430 accidens
805 3365 914 3430 solum
929 3365 1039 3448 juvat,
1061 3369 1230 3449 quomodo

108 3477 205 3550 sciet,
226 3475 317 3557 quod
330 3475 440 3559 juvat,
462 3491 537 3537 cum
559 3481 678 3555 putans
697 3473 828 3555 juvare,
849 3471 1044 3554 plerumque
1068 3483 1230 3540 erraturus

109 3584 172 3650 sit?
185 3582 355 3648 Manifeste
370 3589 480 3647 autem
501 3598 567 3645 non
581 3579 658 3657 scit,
675 3580 731 3662 qui
747 3577 975 3663 utplurimum
990 3589 1093 3657 errat,
1114 3583 1141 3648 si
1162 3590 1231 3648 uta-

109 3702 164 3758 tur
181 3690 236 3754 tali
254 3689 412 3755 scientia»
430 3683 494 3774 (4).
998 3765 1002 3775 Ι

173 3805 293 3864 Minor
323 3795 420 3860 etiam
445 3795 627 3878 principalis
650 3792 835 3879 argumenti
859 3804 965 3878 patet,
985 3797 1047 3862 boc
1073 3804 1124 3862 est
1142 3795 1231 3862 enim

111 3905 281 3990 ingenium
300 3921 396 3970 casus
423 3903 562 3977 fortuiti,
590 3903 718 3968 raritas:
741 3920 817 3968 narn
836 3922 911 3987 quae
938 3921 1069 3988 semper
1091 3913 1146 3969 aut
1165 3905 1232 3988 ple-

113 4133 393 4146 ψ

148 4250 189 4312 (r)
227 4241 290 4302 ctr.
304 4241 397 4300 Arist.
415 4263 439 4300 r.
456 4241 496 4299 ib.
509 4243 538 4299 6.
549 4241 727 4316 Metam..
737 4242 791 4303 loc.
801 4241 850 4300 eit
861 4255 891 4302 et
899 4241 938 4302 ib.
954 4241 987 4302 S.
1002 4225 1107 4304 Titum.
1123 4246 1187 4304 leet.
1204 4265 1230 4313 a,

116 4335 309 4396 UndePialo.

148 4425 189 4496 (2)
226 4421 289 4481 err.
298 4421 389 4480 Arist.
406 4420 456 4480 lib.
472 4441 515 4485 rr.
530 4420 586 4478 loe.
604 4420 653 4478 eit.
670 4435 700 4480 et
714 4421 753 4479 ib.
769 4421 875 4480 Mauri.

150 4517 190 4587 (3)
228 4510 368 4581 Fontem,
378 4510 466 4570 lib.6.
483 4511 613 4584 Metaplr.
629 4531 653 4568 c.
668 4529 694 4579 ι,
706 4530 735 4582 q.
750 4531 775 4570 r.
791 4525 852 4570 sect
865 4532 892 4582 π,
905 4513 1018 4595 Quarto
1031 4515 1235 4574 locoarn'mnd·

114 4602 282 4663 vertendum
295 4610 349 4660 est.

150 4695 194 4766 (4)
231 4691 327 4750 Mauri
340 4690 371 4750 in
385 4689 528 4763 Pamph„
541 4688 592 4748 lib.
605 4690 650 4746 6.·
661 4689 826 4765 Metaplrys.
840 4711 903 4763 cap.
920 4711 949 4762 a,
966 4705 1022 4750 art.
1038 4711 1064 4750 a.
1084 4712 1120 4752 ex
1139 4693 1231 4754 Arist.

117 4783 187 4842 ibid.
202 4779 264 4841 etr.
281 4779 444 4849 sutton..
458 4777 528 4838 ibid.
545 4778 612 4838 lect.
622 4798 651 4837 2.
661 4777 713 4836 lin.
