3492 5525
326 404 440 471 hanc.
457 418 515 487 3³¹⁸
527 404 648 470 Urnun
663 401 788 469 Looicn
800 422 952 470 screnus
965 424 1009 469 an
1023 422 1086 469 aas
1151 416 1225 486 1095

143 594 213 650 arte
230 602 306 662 sua,
324 587 404 651 dum
424 585 615 670 exsequitur
632 586 810 671 discipulus
829 605 914 670 opus
932 605 1050 662 suum,
1066 594 1147 671 puta
1165 587 1270 670 pictu-

143 712 213 759 ram
243 695 294 759 vel
323 694 529 777 scripturam.
565 678 776 777 Quamquam
807 694 895 759 enim
924 694 1028 762 causis
1056 693 1269 780 dirigentibus

143 802 339 868 attribuatur
370 802 484 867 morali
517 799 733 885 imputatione
768 820 869 885 opus,
905 820 984 867 usus
1015 810 1127 867 tamen
1158 803 1267 867 solum

142 910 298 975 convenit
315 908 377 974 illis
396 908 520 986 causis,
541 927 615 992 quae
635 908 796 992 applicant
815 917 847 974 et
867 906 1126 996 exsequuntur(
1152 906 1178 997 ).

212 1016 362 1083 Secunda
381 1016 541 1081 sententia
559 1017 672 1092 docet,
694 1036 828 1082 ornnem
849 1036 946 1083 usum
968 1016 1145 1102 logicam
1165 1025 1269 1082 mate·
1327 1045 1395 1076 aaa

142 1126 189 1191 ria
208 1124 365 1208 probabili
385 1123 519 1193 aliarum
539 1122 765 1201 scientiarum,
783 1124 852 1190 sive
869 1142 987 1190 omnes
1006 1134 1098 1190 actus
1117 1122 1269 1208 probabi·

143 1236 192 1299 les
213 1234 245 1299 in
267 1250 475 1315 quacumque
503 1232 653 1307 materia,
685 1232 838 1316 praeditos
866 1231 1001 1298 artilicio
1028 1231 1166 1317 logico,
1197 1250 1268 1298 esse

146 1340 300 1427 logicam
320 1348 487 1420 utentem;
508 1356 603 1405 secus
622 1357 699 1404 vero
719 1347 811 1407 actus
830 1340 1120 1407 demonstrativos.

211 1446 366 1533 Rejicitur
395 1448 492 1512 etiam
517 1448 586 1512 haec
611 1446 788 1512 sententia:
824 1448 908 1525 Quia
932 1456 1147 1532 praeterquam
1177 1446 1267 1529 quod
1328 1462 1387 1506 reici
1414 1476 1424 1505 ι

142 1558 188 1622 ita
214 1556 334 1623 lirnites
359 1556 494 1621 aliarum
523 1554 730 1620 scientiarum
758 1555 855 1620 nimis
880 1556 1129 1631 contrahentur,
1150 1555 1177 1620 si
1204 1554 1268 1620 illis

142 1666 252 1730 solum
273 1663 496 1746 relinquantur
515 1670 607 1727 actus
634 1662 728 1737 certi,
751 1663 878 1747 logicae
903 1682 980 1728 vero
1006 1662 1103 1728 nimis
1127 1661 1267 1746 amplifi·

143 1772 321 1847 rabuntur,
342 1772 368 1836 si
389 1766 539 1835 scientiae'
554 1769 802 1854 distinguuntur
825 1790 866 1837 ex
891 1772 1017 1837 formali
1040 1771 1185 1855 objecto;
1208 1788 1265 1835 ne-

142 1899 233 1947 cesse
253 1892 318 1954 est,
340 1886 376 1943 ut
396 1895 513 1942 omnes
533 1885 635 1952 actus,
657 1881 727 1943 sive
745 1879 822 1943 certi
849 1880 917 1943 sive
936 1878 1118 1962 probabiles
1136 1878 1268 1942 dumta-

143 1996 216 2063 xat,
237 1984 380 2052 contenti
400 1985 461 2050 sub
490 1984 703 2068 amplitudine
731 1985 868 2071 alicujus
895 1986 1040 2051 formalis
1068 1985 1264 2070 objectl,.ad

144 2097 233 2161 illam
253 2094 419 2159 scientiam
440 2094 638 2177 pertineant,
656 2112 729 2176 quae
745 2114 785 2159 ex
802 2093 866 2159 isto
881 2095 1009 2179 obJecto
1027 2092 1265 2177 specificantur.

144 2203 238 2270 Unde
257 2202 289 2267 in
309 2200 397 2267 hunc
416 2216 550 2265 sensum
571 2199 698 2284 scripsit
718 2201 949 2285 Philosophus:
975 2202 1122 2289 Ejusdem
1138 2200 1268 2265 virtutib

142 2313 193 2375 est
208 2314 239 2374 el
255 2309 324 2373 veri
334 2312 371 2373 al
387 2306 568 2373 verisimilis
585 2306 813 2397 operalio.(2).·
826 2309 910 2393 Ergo
930 2328 995 2375 non
1020 2318 1128 2392 potest
1147 2308 1207 2373 dici
1227 2308 1268 2372 ad

145 2418 297 2501 logicam
317 2423 465 2482 utentem
483 2423 626 2498 spectare
639 2434 756 2482 omnes
771 2426 862 2483 actus
880 2417 1062 2501 probabiles
1076 2427 1266 2483 ceterarum

145 2524 352 2592 scientiarum
373 2522 404 2587 in
426 2541 635 2605 quacumque
655 2525 789 2589 materia
808 2522 873 2611 (3).

211 2632 317 2698 Tertia
334 2628 495 2696 sententia
513 2631 692 2695 multorum
708 2634 830 2697 nullam
845 2633 992 2717 agnoscit
1008 2632 1157 2717 logicam
1175 2640 1269 2697 uten-
1352 2657 1405 2701 aa

144 2752 212 2805 tem
245 2748 360 2824 praeter
383 2738 488 2814 illam,
514 2756 589 2820 quae
615 2738 739 2824 logicis
762 2740 931 2824 praeceptis
955 2740 1055 2807 utitur
1078 2739 1161 2806 circa
1189 2746 1267 2823 pro-

139 2848 246 2931 priam
277 2845 457 2942 moerium,
498 2863 618 2929 nempe
652 2847 732 2912 circa
770 2847 1013 2923 definitionem,
1052 2847 1262 2923 divisionem,

146 2953 485 3042 argumentationem,
503 2961 567 3018 etc.
583 2952 637 3040 (4)

213 3064 335 3142 Quarta
360 3060 521 3126 sententia
541 3061 615 3126 huic
645 3063 794 3146 opposita
814 3065 910 3131 docet
934 3064 1084 3148 logicam
1104 3070 1267 3138 utentem,
1379 3102 1388 3130 ι

146 3170 274 3258 proprie
294 3168 460 3252 loquendo
475 3185 546 3233 esse
565 3167 736 3235 dumtaxat
756 3151 861 3249 illam,
879 3191 952 3255 quae
972 3171 1084 3257 logicis
1100 3171 1270 3256 praeceptis

148 3279 249 3344 utitur
260 3277 293 3343 in
307 3289 395 3360 parte
408 3275 513 3358 topica
527 3287 557 3342 et
571 3277 759 3360 sophistica,
778 3298 844 3344 non
855 3298 933 3345 vero
947 3280 1048 3354 illam,
1065 3298 1140 3363 quae
1154 3277 1268 3345 iisdem

147 3388 249 3454 utitur
267 3385 300 3450 in
324 3392 413 3468 parte
436 3383 693 3451 demonstrativa
713 3387 765 3451 vel
782 3387 975 3472 judicativa,
997 3406 1115 3470 nempe
1133 3387 1270 3452 demon·

146 3495 280 3561 strando
297 3492 426 3576 regulas
443 3498 477 3554 et
491 3501 664 3575 praecepta.
683 3494 726 3559 lta
743 3493 997 3580 Complutenses
1012 3495 1094 3561 inter
1108 3493 1187 3560 alios
1200 3492 1265 3580 (5),
1362 3532 1366 3541 ·

147 3605 289 3668 Fonseca
308 3595 359 3686 (6)
378 3608 409 3664 et
432 3595 716 3666 Conimbricenses
739 3599 802 3690 (7).
825 3603 877 3670 lsti
898 3622 1016 3686 nempe
1041 3603 1155 3668 volunt
1175 3602 1270 3687 logi-

147 3731 218 3778 cam
238 3725 310 3774 esse
328 3708 502 3771 docentem
523 3719 671 3790 respectu
687 3710 789 3776 totius
802 3710 879 3777 artis
894 3711 1036 3796 logicae,
1056 3709 1132 3794 quia
1145 3709 1271 3794 praebet

113 3831 116 3836 “
146 3825 304 3907 praecepta
330 3824 362 3878 et
381 3813 508 3897 regulas
528 3813 560 3878 in
589 3823 657 3880 tota
682 3825 749 3882 arte
775 3817 971 3900 disserendi;
1003 3827 1151 3886 utentem
1185 3835 1266 3884 vero

148 4057 452 4074 w

61 4195 66 4204 ·
182 4171 221 4233 (ι)
259 4165 402 4236 Lossada,
419 4164 471 4222 loo.
488 4163 535 4224 cit.
554 4183 582 4221 n.
600 4177 674 4234 7·¹²·
692 4157 753 4217 Cir.
770 4157 912 4230 Arriaga,
924 4157 1014 4235 leg„
1030 4158 1106 4230 disp.
1122 4180 1153 4232 3.
1165 4173 1235 4220 sect.
1251 4183 1273 4223 r.

182 4263 223 4324 (a)
261 4255 324 4314 lib.
345 4265 382 4312 ιθ
396 4255 516 4314 Rhetor.
533 4255 569 4311 ad
588 4250 866 4318 Theodect.,cap.1.

182 4348 223 4420 (3)
262 4347 349 4404 Plura
364 4344 430 4402 vide
445 4343 524 4415 apud
541 4340 685 4408 lossada,
700 4340 755 4397 loc.
770 4337 832 4404 cit,
849 4357 879 4395 n.
898 4337 990 4396 12-18.

182 4441 222 4511 (4)
259 4435 346 4508 Apud
361 4433 499 4504 Lossada,
515 4432 569 4490 loe.
584 4430 631 4488 cit.
649 4449 681 4487 n.
698 4427 740 4485 18.

182 4531 221 4600 (5)
258 4527 396 4593 Dictaea,
411 4522 488 4593 disp.
506 4543 530 4589 r,
546 4540 575 4592 q.
587 4539 615 4593 4,
628 4539 657 4578 n.
678 4517 721 4592 38.

187 4617 226 4682 (6)
264 4613 403 4688 Melaph,
417 4611 467 4670 lib.
479 4632 506 4682 a,
521 4630 584 4681 cap.
599 4631 626 4683 3,
637 4629 666 4680 q.
682 4629 706 4677 1,
720 4618 789 4665 sect.
803 4606 829 4664 6.

187 4710 227 4777 (7)
264 4703 405 4774 maleel,
417 4711 520 4772 quaest.
533 4719 652 4772 prooem.
667 4717 696 4769 4.
711 4718 738 4754 a.
758 4717 787 4754 a.
