3492 5525
549 446 609 529 614
664 448 791 513 Locren
805 448 1035 524 Maron—Isiu.
1056 464 1125 527 rsa,
1141 449 1232 514 Dsse.
1248 463 1293 534 4.·
1309 449 1389 512 Cas».
1407 462 1478 511 aum

510 632 635 697 nurum
652 650 759 699 eorum
785 636 949 699 ouelonem
976 634 1139 701 scribendo
1163 632 1287 718 almund
1313 651 1434 699 errasse
1447 628 1636 719 firmissime

500 741 645 805 'credam
670 740 721 807 Ac
744 741 775 807 si
790 741 914 825 aliquid
932 742 968 806 in
984 742 1031 807 eis
1055 743 1210 824 offendero
1227 740 1363 817 Litteris,
1382 743 1466 826 quod
1489 739 1638 803 uideam

509 846 702 913 contrarium
720 848 865 931 veritati;
884 849 967 914 nibil
982 849 1073 915 aliud
1089 868 1183 934 quam
1203 852 1254 914 vel
1268 850 1448 915 mendosum
1464 864 1529 913 esse
1550 845 1636 910 codi-

509 972 589 1031 cem,
609 958 661 1021 vel
677 956 873 1039 interpretem
890 976 953 1023 nou
971 961 1145 1023 assecutum
1167 975 1248 1033 esse,
1272 959 1356 1041 quod
1371 956 1490 1021 dubim
1506 960 1565 1030 est,
1587 956 1639 1017 vel

510 1080 558 1127 me
576 1062 702 1129 minime
720 1063 925 1141 intellexisse,
944 1084 1009 1130 non
1024 1066 1187 1149 ambigam.
1208 1066 1300 1149 Aleos
1317 1068 1421 1130 autem
1438 1065 1483 1129 ita
1502 1065 1584 1146 tego,
1601 1065 1640 1124 ut

509 1171 703 1255 quantalibet
716 1172 882 1238 sanctitate
899 1174 1101 1257 doctrinaque
1111 1175 1331 1256 praepolleant,
1351 1190 1414 1237 non
1435 1172 1504 1236 ideo
1524 1187 1635 1235 verum

506 1282 629 1361 putem,
647 1278 721 1363 quia
733 1280 795 1362 ipsi
807 1280 850 1345 ito
860 1283 1040 1356 senserunt,
1055 1283 1111 1345 sed
1121 1280 1196 1365 quia
1207 1280 1285 1346 mibi
1300 1282 1353 1345 vel
1365 1288 1423 1362 per
1438 1278 1510 1344 illos
1525 1280 1636 1342 aucto

511 1405 562 1452 res
578 1386 760 1463 canonicos,
780 1389 831 1453 vel
850 1388 1009 1469 probabili
1024 1389 1162 1463 ratione,
1183 1390 1267 1471 quod
1290 1408 1311 1453 a
1333 1404 1407 1452 aero
1433 1406 1497 1451 non
1521 1387 1635 1451 abbor-

510 1497 599 1571 reot,
615 1496 804 1577 persuadere
825 1499 1009 1577 potuerunt.
1036 1497 1173 1572 Necte,
1201 1496 1247 1559 mi
1261 1497 1384 1581 frater,
1404 1494 1519 1560 sentire
1543 1494 1636 1560 aliud

510 1602 671 1669 existimo:
685 1609 836 1685 promet,
856 1603 1002 1687 inquam,
1021 1623 1085 1667 non
1104 1606 1133 1667 te
1150 1604 1288 1669 arbitror
1303 1604 1350 1668 sie
1366 1602 1431 1686 legi
1447 1605 1515 1667 beas
1537 1602 1635 1667 libros

511 1712 605 1788 velle,
641 1714 797 1795 trmquam
827 1711 1054 1792 Prophetarum
1080 1712 1132 1776 vel
1161 1713 1398 1793 Apostolorum,
1431 1712 1470 1775 de
1501 1728 1634 1794 quorum

510 1816 769 1903 scrr'plt's„quod
796 1820 883 1885 omni
908 1837 1013 1884 errore
1043 1821 1191 1895 careant,
1219 1818 1364 1883 dubitare
1392 1816 1545 1904 nqorium
1574 1821 1632 1881 est.

511 1926 605 1993 Absit
620 1926 674 1991 boc
690 1946 711 1991 a
724 1927 782 2009 pio
801 1925 973 1992 bumilitate
987 1926 1135 1992 etoeraci
1151 1928 1189 1991 de
1202 1926 1357 2007 temetipso
1370 1922 1581 2011 cogitatione(
1608 1921 1631 2009 ).

577 2033 615 2100 Et
642 2032 732 2098 alibi:
764 2033 870 2118 Neque
896 2034 980 2099 enim
1004 2034 1213 2118 quorumlibet
1238 2033 1465 2115 disputationes
1489 2032 1635 2117 quamvis

510 2139 730 2207 catholicorum
742 2144 775 2207 et
785 2142 984 2207 humatorum
998 2142 1154 2206 murinum
1172 2142 1259 2206 velut
1273 2140 1448 2221 scripturas
1464 2140 1634 2209 canonicas

511 2249 620 2315 babere
641 2249 799 2325 lebamus,
820 2248 958 2313 utuobis
975 2268 1038 2314 nou
1060 2250 1162 2324 liceat,
1184 2250 1274 2314 sabaa
1292 2248 1544 2333 honorificentia,
1564 2266 1634 2331 qua

511 2356 577 2422 illis
602 2356 730 2423 debetur
755 2356 944 2431 bominibus,
971 2356 1095 2441 aliquid
1121 2356 1154 2420 in
1181 2372 1288 2421 eorum
1315 2354 1441 2437 scriptis
1457 2355 1633 2437 improbare

510 2467 603 2548 atque
618 2470 776 2546 respuere,
792 2464 822 2529 si
825 2463 914 2547 forte
928 2463 1154 2540 invenerimus,
1165 2466 1249 2549 quod
1256 2463 1350 2528 aliter
1357 2463 1523 2538 senserint,
1538 2482 1632 2547 quam

510 2571 627 2637 veritas
640 2570 739 2649 babet,
753 2572 862 2636 divim
877 2572 1036 2658 amatorio
1052 2574 1105 2637 nel
1119 2572 1159 2637 ob
1176 2571 1250 2636 aliis
1263 2570 1420 2635 intellecta
1432 2572 1485 2635 vel
1494 2588 1516 2636 a
1528 2570 1629 2636 nobis.

515 2676 599 2743 Talis
617 2697 668 2763 ego
685 2696 754 2743 sum
772 2678 950 2762 inscriptis
970 2678 1123 2744 aliorum:
1142 2680 1219 2744 tales
1245 2679 1315 2743 volo
1340 2695 1404 2742 esse
1429 2677 1633 2743 intellectores

510 2804 646 2852 meorum
664 2783 728 2874 (2).

578 2894 685 2959 Videri
698 2895 794 2959 etiam
805 2903 915 2978 potest
929 2895 965 2961 S.
982 2894 1188 2960 Hieronimus
1202 2891 1266 2982 (3),
1277 2895 1403 2962 etinter
1416 2893 1630 2959 Scholasticos

510 3002 665 3070 Doctores
683 3003 837 3068 Albertus
856 3003 917 3077 M„
937 3002 1130 3068 Gullielmus
1149 3002 1353 3078 Parisiensis,
1375 3002 1408 3068 S.
1429 3003 1631 3067 Bonaventu·

510 3130 560 3185 ra,
583 3109 737 3196 AEgidius
758 3112 944 3185 Romanus,
965 3109 1124 3195 Rogerius
1147 3109 1246 3186 Raso,
1273 3109 1465 3186 Abulensis,
1496 3111 1542 3176 M.
1575 3109 1630 3173 Vi-

509 3217 625 3296 ctoria,
647 3219 802 3285 Melchior
822 3217 948 3294 Canus,
964 3218 1155 3285 Dominicus
1174 3218 1296 3294 Baiter,
1312 3217 1440 3284 Gabriel
1461 3218 1627 3302 vazquez,

512 3309 690 3412 Gregorius
713 3327 754 3391 de
778 3326 926 3393 Valentia
953 3323 1021 3414 (4),
1045 3326 1162 3409 aliique
1183 3326 1308 3392 summi
1331 3326 1408 3402 viri,
1428 3329 1484 3409 qui
1504 3336 1538 3391 et
1559 3345 1628 3392 ver-

510 3435 560 3502 bis
579 3446 611 3502 et
631 3435 783 3518 exemplo
802 3452 864 3499 suo
883 3435 931 3517 id,
948 3434 1038 3518 quod
1052 3433 1086 3498 in
1101 3434 1161 3499 hac
1180 3435 1279 3498 altera
1293 3432 1526 3518 propositionis
1540 3443 1628 3519 parte

509 3541 739 3609 contendimus
766 3543 947 3610 luculenter
967 3542 1160 3620 ostendunt;
1182 3551 1219 3606 ut
1239 3542 1273 3606 id
1293 3541 1401 3606 solum
1424 3541 1565 3608 sufficiat
1590 3542 1628 3606 ad

511 3650 701 3716 refellendas
720 3649 849 3715 illorum
869 3651 1066 3725 calumnias,
1080 3649 1135 3732 qui
1155 3649 1233 3715 nibil
1252 3648 1340 3715 aliud
1358 3648 1471 3714 vident
1488 3649 1521 3714 in
1540 3659 1630 3715 vete-

511 3758 600 3825 ribus
620 3756 823 3841 Philosophis
841 3775 879 3822 ac
897 3757 1073 3843 theologis
1092 3756 1152 3823 nisi
1171 3756 1322 3822 servilem
1341 3757 1536 3841 scriptorum
1558 3776 1630 3841 gre-

509 3885 604 3951 gem,
625 3865 776 3948 quicum
796 3865 829 3930 in
849 3864 948 3931 verba
966 3863 1111 3950 Magistri
1125 3865 1307 3949 jurassent,
1327 3863 1413 3930 illius
1437 3864 1627 3940 sententias,

510 3972 695 4058 posthabita
724 3971 868 4037 veritatis
900 3971 1126 4055 inquisitione,
1158 3969 1276 4037 clausis
1306 3971 1410 4038 oculis
1441 3971 1628 4057 ingentique

509 4081 650 4146 clamore
670 4087 928 4165 propugnarent.

544 4300 584 4362 (ι)
622 4292 654 4352 S.
671 4281 815 4366 August,
827 4292 922 4364 Epist.
937 4291 973 4350 82
987 4292 1042 4359 (nd
1065 4291 1112 4364 19)
1133 4293 1171 4350 ad
1186 4292 1320 4362 Hieron,
1341 4311 1404 4363 cap.
1428 4312 1450 4349 1.
1472 4311 1501 4350 n.
1517 4313 1549 4364 3.
1566 4293 1626 4351 Cir.

506 4383 593 4456 epist.
608 4405 642 4458 93
658 4383 711 4450 (ai.
726 4383 778 4455 48)
793 4383 831 4440 ad
850 4381 1047 4451 Vincentium,
1062 4402 1125 4454 cap.
1144 4401 1185 4448 10,
1197 4402 1227 4439 ιι.
1243 4399 1289 4454 35.

543 4475 583 4544 (a)
621 4471 715 4546 Epist.
735 4473 785 4545 148
799 4473 854 4537 (al.
873 4472 935 4543 ιιι)
949 4475 986 4529 ad
1001 4473 1206 4530 Fortunatian.
1227 4471 1290 4529 Cir.
1306 4471 1357 4528 lib.
1375 4493 1389 4543 3
1408 4473 1443 4529 de
1460 4471 1581 4540 Trium,
1599 4475 1627 4528 in

507 4565 644 4639 Prolog.,·
657 4565 692 4620 cle
706 4563 825 4630 Music,
842 4559 892 4618 lib.
911 4580 941 4634 5,
957 4581 1019 4632 cap.
1038 4580 1063 4632 ς.

543 4659 583 4725 (3)
621 4651 714 4724 Epist.
730 4653 767 4710 cui
784 4651 953 4726 Theopttt,
968 4651 1081 4709 advers.
1094 4650 1199 4720 Joann.
1216 4649 1482 4724 Hierowumitan.

543 4747 585 4816 (4)
622 4741 684 4802 Hos
696 4761 799 4801 omues
812 4759 902 4813 supra
915 4740 1020 4801 citatos
1033 4739 1100 4800 vide
1114 4739 1146 4800 in
1160 4739 1389 4811 introductione,
1404 4759 1488 4800 num.
1502 4759 1548 4814 75.
