3492 5525
540 373 599 440 790
660 355 784 422 Loorcx
798 357 1029 432 Maron-Lan.
1046 372 1117 435 ψ,
1134 357 1225 422 Drap.
1239 368 1283 421 a·
1298 357 1376 419 Car.
1394 371 1465 420 ψ

501 537 750 623 principiorum,
768 541 861 608 tertia
875 559 954 606 vero
968 559 987 605 e
1000 557 1161 607 converso
1173 540 1270 607 docet
1284 537 1394 606 statim
1408 547 1484 621 post
1496 538 1618 604 abstra-

500 653 570 710 ctas
588 644 725 729 species,
741 655 819 713 ante
833 665 967 736 omnem
983 665 1154 716 assensum
1169 646 1412 732 principiorum,
1429 644 1567 712 existere
1584 645 1616 712 in

502 760 614 818 mente
628 752 776 824 habitum
796 755 1003 824 eorumdem.

340 879 435 924 nivem
569 859 691 928 Verum
720 863 826 928 adhuc
852 862 1023 946 dupliciter
1045 862 1182 948 intelligi
1207 871 1240 930 et
1267 861 1386 946 exponi
1411 872 1522 946 posset
1549 863 1615 929 haec

293 949 479 1070 ''imffissd‘m
500 966 595 1034 tertia
611 969 772 1036 sententia
791 987 850 1053 pro
871 969 1009 1037 diversis
1026 968 1235 1055 opinionibus
1254 969 1336 1036 circa
1358 975 1509 1035 naturam
1528 968 1616 1036 habi-

287 1037 408 1080 mm
425 1037 487 1070 Μ’
499 1084 571 1141 tus:
591 1072 631 1163 α)
649 1075 692 1142 ita
712 1085 748 1142 ut
766 1077 895 1144 babitus
913 1077 1000 1143 aliud
1025 1096 1138 1144 revera
1155 1095 1221 1143 non
1240 1077 1283 1143 sit
1301 1086 1417 1161 praeter
1434 1075 1540 1160 ipsam
1559 1094 1617 1161 po·

500 1181 635 1248 tentiam
654 1181 883 1252 intellectivam
902 1183 1096 1252 instructam
1111 1184 1281 1269 speciebus
1299 1183 1570 1269 intelligibilibus,
1584 1197 1615 1252 et

499 1289 544 1356 sic
564 1291 717 1358 naturalis
736 1292 796 1369 sit,
816 1303 978 1375 quatenus
996 1292 1151 1376 importat
1168 1291 1347 1376 potentiam
1371 1291 1475 1376 ipsam
1493 1293 1616 1361 intelle

498 1397 639 1474 ctivam,
673 1399 852 1482 acquisitus
880 1408 992 1466 autern
1023 1400 1146 1468 ratione
1173 1399 1367 1484 specierum.
1402 1400 1441 1466 Et
1471 1399 1518 1464 sic
1547 1419 1614 1466 rem

500 1503 640 1589 explicat
659 1506 782 1574 Masius
801 1506 889 1591 apud
908 1508 1163 1592 complutenses
1180 1503 1232 1595 (r)
1250 1519 1284 1574 et
1307 1506 1394 1573 idem
1413 1507 1496 1574 forte
1514 1507 1616 1574 voluit

498 1609 675 1696 Capreolus
692 1609 757 1700 (2).
778 1612 818 1702 β)
833 1614 895 1680 Alii
920 1633 998 1680 vero
1017 1616 1133 1681 volunt
1150 1616 1183 1682 in
1206 1613 1371 1680 intellectu
1389 1613 1536 1698 possibili
1553 1623 1616 1680 sta·

498 1719 558 1786 tim
596 1721 736 1804 acceptis
767 1721 938 1806 speciebus
974 1723 1132 1806 pullulare
1167 1742 1204 1788 ac
1239 1723 1393 1788 resultare
1424 1723 1613 1804 qualitatem

499 1828 678 1910 quamdam
708 1828 910 1905 distinctam,
940 1830 1094 1913 illamque
1113 1849 1186 1896 esse
1213 1821 1388 1907 habitum,
1406 1830 1463 1913 qui
1482 1830 1616 1913 proinde

498 1934 622 2003 dicatur
651 1943 684 2000 et
710 1937 752 2005 sit
780 1938 952 2015 naturalis,
979 1939 1055 2022 quia
1084 1938 1156 2005 tluit
1184 1957 1240 2022 per
1262 1938 1400 2004 modurn
1425 1950 1549 2007 naturae
1575 1940 1617 2004 ad

499 2043 707 2126 praesentiam
720 2044 902 2128 specierum
913 2054 970 2111 aut
982 2047 1087 2130 posita
1100 2044 1213 2112 notitia
1225 2045 1458 2121 terminorum,
1471 2055 1503 2112 et
1517 2045 1616 2113 simul

496 2150 681 2234 acquisitus,
703 2149 779 2236 quia
793 2154 948 2219 resultare
964 2154 1076 2236 nequit
1095 2151 1155 2219 nisi
1171 2151 1415 2237 praesuppositis
1429 2152 1615 2239 speciebus,

498 2276 572 2341 quae
590 2266 676 2324 certe
694 2257 728 2324 in
749 2259 842 2326 nobis
858 2259 977 2326 innata
990 2279 1056 2326 non
1071 2270 1165 2336 sunt,
1185 2261 1243 2326 sed
1263 2259 1442 2326 ministerio
1455 2275 1616 2327 sensuum

497 2366 705 2448 acquiruntur
724 2385 782 2450 per
800 2367 955 2434 virtutem
974 2368 1158 2455 intellectus
1176 2367 1314 2453 agentis.
1335 2367 1429 2434 Unde
1448 2386 1618 2434 econver-
1734 2390 1735 2451 ἢ

496 2491 534 2538 so
554 2472 682 2539 babitus
700 2472 930 2559 principiorum
949 2475 981 2540 in
1001 2476 1125 2560 angelis
1144 2474 1275 2559 penitus
1290 2474 1444 2540 naturalis
1457 2476 1617 2558 est,quia

496 2579 664 2662 speciebus
692 2589 830 2648 utuntur
853 2583 960 2666 angeli
989 2582 1174 2648 naturaliter
1200 2581 1331 2658 infusis,
1358 2589 1391 2646 et
1408 2583 1448 2648 ab
1467 2581 1539 2666 ipsa
1563 2585 1617 2648 sui
1734 2596 1735 2601 ’

495 2688 657 2753 creatione
672 2687 837 2773 ingenitis.
859 2689 935 2754 Haec
956 2699 1006 2756 est
1023 2690 1184 2757 sententia
1200 2689 1361 2775 cajetani,
1381 2689 1519 2768 Nauali,
1542 2689 1619 2756 Fer·

496 2796 660 2873 rariensis,
681 2794 965 2881 Complutensium
986 2794 1038 2886 (3)
1055 2806 1088 2862 et
1106 2797 1255 2863 aliorum.

539 2919 617 2985 204.
664 2903 698 2969 ln
717 2904 778 2970 hac
796 2906 978 2987 quastione
1002 2904 1189 2989 investigari
1213 2911 1322 2989 potest
1348 2912 1382 2969 et
1409 2922 1461 2970 res
1488 2903 1558 2988 ipsa
1582 2914 1618 2971 et

495 3028 588 3076 mens
621 3009 766 3095 Angelici
794 3008 959 3086 Doctoris,
989 3028 1063 3095 quae
1091 3029 1157 3077 non
1186 3011 1265 3079 satis
1292 3010 1459 3097 perspicua
1486 3011 1618 3079 videtur
1733 3037 1734 3086 ι

492 3134 582 3193 esse,
603 3126 638 3182 ut
657 3119 765 3183 velex
783 3136 822 3183 eo
840 3127 984 3196 constat,
1005 3119 1096 3203 quod
1114 3119 1154 3185 ab
1182 3118 1260 3203 ipsis
1278 3117 1458 3187 Thomistis
1477 3118 1617 3187 diversi-
1733 3103 1734 3166 ἶ

494 3225 592 3291 mode
609 3224 817 3311 intelligatur.
1392 3280 1398 3289 .

280 3362 478 3423 uennannan..
558 3338 602 3399 Et
614 3338 705 3399 circa
717 3347 870 3400 mentem
883 3339 1021 3416 quidem
1035 3338 1235 3416 Aquinatie,
1251 3332 1404 3401 existimo
1418 3334 1528 3416 ipsum
1544 3352 1614 3401 non
1733 3391 1734 3410 ,

492 3438 661 3507 admisisse
680 3440 827 3505 habitum
847 3440 1078 3525 principiorum
1099 3459 1174 3512 vere
1200 3439 1361 3510 innatum.
1381 3440 1420 3507 Et
1439 3440 1520 3507 ratio
1545 3454 1612 3519 est,
1733 3438 1735 3476 r

491 3546 567 3629 quia
583 3564 670 3631 saepe
685 3547 894 3615 disertissime
913 3549 1006 3613 docet
1025 3547 1171 3613 habitum
1188 3547 1374 3633 hujusmodi
1387 3566 1458 3614 esse
1479 3556 1616 3615 natura·

492 3656 556 3719 lem
576 3656 747 3721 dumtaxat
765 3656 945 3722 secundum
965 3656 1207 3730 inchoationem,
1229 3674 1295 3722 non
1309 3676 1386 3722 vero
1403 3656 1544 3724 totaliter
1557 3660 1614 3723 vel

491 3762 672 3828 secundum
694 3762 921 3847 perfectionem
937 3770 970 3827 et
987 3764 1266 3847 complementum
1285 3759 1349 3850 (4).
1370 3764 1415 3829 lix
1432 3781 1500 3847 quo
1520 3764 1615 3829 facile

492 3878 580 3953 patet
600 3869 696 3934 etiam
723 3888 798 3933 vera
824 3869 1034 3954 intelligentia
1064 3888 1178 3937 eorum
1204 3871 1355 3937 omnium
1380 3872 1549 3946 locorum,
1576 3872 1614 3938 in

491 3976 611 4059 quibus
629 3976 665 4041 S.
686 3973 806 4042 Doctor
824 3978 1005 4043 naturalem
1025 3986 1121 4043 vocat
1138 3980 1207 4044 sive
1227 3977 1374 4045 habiturn
1401 3978 1470 4045 sive
1496 3978 1617 4064 cogni·

492 4204 743 4219 ῳ

524 4278 564 4349 (r)
602 4276 675 4337 ibid.
689 4297 719 4335 n.
742 4296 783 4335 ω.

524 4371 564 4434 (a)
602 4367 635 4426 ln
650 4378 691 4439 3.·
701 4386 730 4439 q.
747 4366 856 4439 proleg.
872 4365 904 4424 in
918 4386 1049 4440 respons.
1066 4368 1103 4427 ad
1119 4378 1180 4441 3.¹·
1192 4389 1254 4443 arg.
1269 4384 1363 4429 contr.
1379 4378 1432 4428 r.·
1442 4373 1574 4432 conclus.

525 4463 564 4529 (3)
602 4456 687 4515 Locis
701 4454 807 4515 citatis.

525 4550 565 4619 (4)
601 4546 1616 4627 videv.g.1.2,q.sca.13q.63,a.133.⁰dist.q.33,q.=,

488 4648 543 4695 art.
560 4656 586 4695 a.
602 4635 690 4695 solut.
704 4635 750 4693 vel
761 4635 975 4706 quaestiuncula
993 4650 1029 4695 r.·
