3492 5525
228 398 342 463 Anno.
359 410 417 481 3³¹·
432 396 553 463 Urnun
566 411 745 472 osracrun
759 395 896 463 Lootcrn
908 396 985 462 einr
998 413 1062 461 nes
1096 412 1172 479 ¹1²3

86 582 270 651 secundum
289 600 362 649 esse
384 581 616 659 intentionale,
644 584 696 650 vel
716 582 868 650 secunde
896 580 1095 651 intentiones
1123 579 1214 666 obje-

85 692 181 757 ctivae
206 690 240 757 in
267 701 439 768 concreto,
471 710 548 758 nam
578 691 649 758 haec
675 690 787 758 omnia
805 689 894 757 idem
923 680 1126 777 significant.
1145 688 1213 757 sint

86 798 222 866 formale
236 798 403 885 objectum
418 799 564 886 Logicae.
584 800 702 869 saltem
717 798 867 884 partiale.

154 905 334 975 Affirmant
359 906 495 992 quidam
523 904 587 997 (r),
609 915 733 994 negant
759 914 873 975 tamen
898 905 1121 975 communiter
1142 902 1213 971 Au·

84 1025 194 1083 ctores
213 1016 316 1083 nostri
336 1011 402 1104 (2).

133 1172 211 1263 346.
255 1176 465 1245 Pnorosrrm.
511 1182 583 1245 Res
591 1180 783 1247 secundum
797 1199 878 1245 esse
890 1180 1132 1252 intentionale,
1148 1196 1212 1243 seu

83 1288 250 1353 secundae
268 1290 478 1352 intentiones
496 1289 678 1369 objectivae
695 1290 732 1353 in
746 1298 918 1365 concreto,
935 1306 1006 1353 non
1020 1295 1104 1353 sunt
1120 1287 1213 1367 obie-

83 1406 181 1461 ctum
194 1400 339 1462 formale
357 1398 510 1479 Logicae.

129 1560 299 1623 Prob.1⁰
345 1556 388 1621 Ut
397 1554 567 1621 secundae
559 1553 759 1622 intentiones
769 1552 960 1641 objectiva
951 1574 985 1620 rn
994 1563 1149 1621 concreto
1159 1572 1211 1621 es-
1233 1584 1279 1632 g..
1293 1600 1361 1633 m„
1346 1584 1392 1633 ..a
1378 1603 1416 1633 m

82 1671 158 1729 sent
176 1662 341 1748 objectum
361 1664 496 1761 formale
511 1662 650 1747 Logicae,
671 1662 804 1729 deberet
813 1664 884 1729 haec
898 1681 1056 1747 resprcere
1068 1662 1211 1729 sormalr
1223 1672 1289 1706 “⁸⁸¹
1282 1659 1327 1704 ⁵¹¹st
1328 1660 1390 1706 ⁰²³⁰*
1392 1660 1426 1704 ¹¹⁸

81 1779 132 1837 ter
151 1771 183 1836 in
203 1770 319 1836 illisv.¹
325 1790 360 1855 g.
377 1751 410 1835 in
423 1789 547 1854 genere,
559 1778 615 1836 aut
629 1789 662 1835 m
673 1772 785 1852 specte
803 1778 920 1855 praeter
933 1768 1209 1854 formam,1psum
1268 1802 1318 1859 q
1269 1741 1379 1848 ”⁰⁰2⁰ss

81 1878 270 1963 subjectum
293 1896 352 1945 seu
371 1876 541 1943 materiam
564 1876 707 1944 concreti
736 1878 835 1945 illius.
867 1877 969 1962 Atqui
1001 1877 1119 1964 logica
1141 1896 1209 1943 non
1229 1872 1322 1921 ‘⁰¹⁰¹ss
1327 1874 1393 1931 Atti
1374 1890 1422 1921 ¹⁸·

80 1986 213 2070 respicit
231 1987 408 2055 formaliter
421 1986 605 2071 subjectum
616 1986 745 2052 illarum
760 1986 1000 2063 intentionum,
1018 2006 1051 2053 v.
1063 2006 1099 2073 g.
1119 1989 1211 2053 nator·

79 2112 153 2159 ram
179 2094 345 2171 animalis,
370 2094 404 2160 in
427 2113 566 2180 genere,
587 2096 639 2161 vel
665 2096 814 2162 naturam
840 2093 992 2170 bominis,
1026 2092 1060 2159 in
1085 2095 1207 2179 specie.

82 2202 214 2287 Ergo...

151 2314 253 2379 Prob.
275 2315 404 2380 Minor.
429 2309 556 2377 Natura
576 2309 728 2377 animaris
746 2330 779 2377 r.
800 2330 835 2395 g.
863 2311 916 2377 vel
939 2313 1058 2377 natura
1076 2310 1211 2376 bominis

80 2437 152 2485 non
166 2418 335 2504 attingitur
354 2438 372 2483 a
393 2418 510 2505 logica
522 2424 655 2504 propter
673 2436 722 2487 se.
743 2418 828 2504 Ergo
847 2436 956 2503 neque
972 2417 1152 2485 formaliter
1168 2418 1210 2485 ab
1283 2459 1285 2462 -

80 2548 122 2593 ea
142 2526 324 2610 respicitur.

149 2632 392 2719 Consequentia
408 2634 496 2701 bona
514 2641 584 2719 est;
604 2633 800 2700 antecedens
818 2652 897 2700 vero
916 2634 1086 2720 probatur.

151 2743 195 2810 Ut
213 2762 231 2808 a
250 2742 367 2829 Logica
385 2742 600 2828 attingeretur
617 2760 676 2828 per
694 2760 730 2809 se
759 2750 877 2810 natura
895 2742 1045 2810 animalis
1070 2742 1124 2810 vel
1149 2742 1210 2809 ho·

77 2851 199 2927 minis,
218 2851 352 2918 deberet
369 2851 488 2918 habere
506 2851 649 2934 aliquam
679 2849 928 2929 formalitatem,
957 2870 1035 2936 quae
1052 2851 1095 2917 sit
1113 2853 1211 2918 moti-

76 2979 165 3026 vum
183 2978 286 3045 capax
310 2959 424 3044 logicae
448 2957 730 3026 considerationis.
752 2957 797 3025 At
823 2961 947 3025 nullam
973 2959 1072 3025 habet
1094 2959 1212 3045 hujus·

75 3066 174 3134 modi
194 3066 438 3134 formalitatem.
460 3067 621 3144 Qraenam
642 3066 748 3143 enim,
761 3083 901 3152 quaeso,
921 3067 974 3133 illa
1000 3066 1072 3135 est?
1090 3065 1211 3134 Dicunt

74 3174 256 3242 adversarii
276 3185 425 3265 naturam
444 3175 593 3241 animalis
613 3176 664 3242 vel
683 3173 828 3242 hominis
852 3174 972 3241 habere
998 3174 1210 3243 intrinsecam

74 3283 311 3369 capacitatem,
332 3294 370 3351 ut
384 3282 556 3350 artificiose
566 3291 801 3368 cognoscatur,
818 3290 851 3348 et
865 3284 928 3349 hoc
938 3300 1012 3349 esse
1030 3283 1209 3361 motivum,

73 3411 139 3458 cur
159 3410 177 3456 a
197 3390 313 3476 logica
330 3390 509 3475 attingatur
527 3393 578 3456 vel
597 3390 832 3457 consideretur.
854 3391 956 3475 Atqui
972 3391 1136 3477 capacitas
1151 3393 1212 3458 lur-

68 3498 226 3588 jusmodi
245 3515 312 3564 non
330 3506 381 3564 est
397 3497 564 3565 sufficiens
579 3497 754 3566 motivum.
772 3497 893 3584 Primo,
910 3499 988 3584 quia
999 3499 1074 3567 talis
1088 3499 1213 3586 capaci-

72 3619 131 3674 tas
152 3604 310 3690 reperitur
342 3607 374 3672 in
404 3606 562 3673 omnibus
590 3617 623 3674 et
651 3606 788 3692 singulis
816 3607 1067 3675 formalitatibus
1101 3626 1211 3674 rerum

71 3713 233 3784 omnium
253 3713 475 3798 possibilium,
496 3716 600 3781 immo
618 3724 652 3781 et
669 3715 940 3800 impossibilium:
962 3735 1064 3801 quare
1084 3716 1211 3803 Logicae
1251 3723 1260 3740 ⁶

71 3823 249 3911 agendum
269 3823 352 3890 foret
379 3823 420 3889 de
439 3823 609 3890 omnibus·
623 3841 757 3908 prorsus
777 3825 876 3891 rebus
895 3844 933 3891 ac
961 3825 1212 3892 formalitatibus

71 3935 230 4010 illarum,
251 3929 285 3996 id
303 3931 394 4016 quod
413 3931 565 4016 logicam
583 3932 799 4000 contunderet
814 3951 891 4000 cum
907 3932 1041 4018 reliquis
1056 3933 1212 4001 omnibus

69 4039 238 4110 scientiis.
264 4037 389 4106 Deinde
406 4037 565 4125 capacitas
583 4040 637 4106 illa
655 4051 706 4108 est
724 4039 938 4127 praedicatum
961 4040 1209 4127 transcendens,

70 4145 319 4226 necessarium,
340 4165 409 4214 non
422 4147 545 4226 tactile,
567 4167 628 4216 nec
644 4148 821 4236 dirigibile,
838 4168 900 4217 nec
914 4150 1064 4235 pendens
1077 4150 1120 4217 ab
1135 4148 1212 4217 ullis

69 4255 206 4344 regulis
223 4254 313 4324 artis.
334 4254 436 4340 Atqui
451 4256 566 4341 nequit
586 4275 658 4324 esse
677 4258 869 4343 hujusmodi
884 4258 1052 4346 objectum
1068 4259 1210 4346 logica,

67 4367 206 4453 quippe
229 4383 320 4448 quae,
352 4363 529 4432 fatentibus
556 4365 655 4432 etiam
685 4365 894 4446 adversariis,
924 4375 981 4435 aut
999 4376 1051 4436 est
1077 4366 1213 4436 scientia

76 4542 344 4560 ρ*

112 4622 160 4686 (r)
197 4617 286 4690 Apud
300 4613 440 4688 Lossoda
456 4615 579 4692 logica,
594 4627 681 4678 tract.
699 4637 724 4689 r,
736 4615 852 4692 diepa,
866 4637 931 4692 cop.
943 4617 1015 4691 6.n.
1034 4637 1059 4680 r.

110 4709 162 4782 (α)
197 4705 286 4780 Apud
301 4705 438 4780 Loseod„
450 4705 502 4768 loc.
517 4727 588 4780 nup.
605 4705 655 4769 cit.
