3492 5525
555 464 631 544 ¹⁰⁶4
748 460 876 527 Loorcx
897 462 1124 537 Maiora-tre.
1148 470 1220 539 arv,
1237 462 1326 527 Drsv.
1341 472 1391 543 ῳ

511 651 631 722 tatem,
647 647 771 713 eadem
787 646 926 731 probant
944 648 1043 715 etiam
1063 648 1269 715 veracitatem
1289 645 1422 713 aliarum
1439 645 1625 711 facultatum

512 765 661 839 respectu
679 754 883 839 propriorum
901 756 1115 841 objectorum.

578 861 675 929 Addo
700 872 855 946 praeterea
883 880 1000 947 parum
1019 864 1172 950 prodesse
1196 864 1301 929 solam
1319 861 1526 929 veracitatem
1552 876 1629 925 con-

512 969 654 1059 scientiae
672 970 713 1035 ad
727 970 901 1037 vitandum
925 970 1179 1054 scepticismum.
1212 969 1415 1037 Conscientia
1435 968 1525 1035 enim
1554 968 1628 1031 affe

512 1078 636 1144 ctiones
658 1078 829 1145 dumtaxat
847 1086 880 1143 et
903 1080 1119 1163 phaenomena
1143 1078 1262 1165 proprii
1278 1076 1413 1162 subjecti
1433 1078 1541 1157 refert;
1564 1093 1627 1140 non

512 1195 622 1252 tamen
650 1186 692 1251 ad
709 1185 814 1269 ipsam
833 1194 959 1269 spectat
973 1186 1125 1269 -judicare
1146 1189 1186 1253 de
1215 1185 1376 1272 objectivo
1402 1183 1628 1267 cognitionum

514 1301 698 1358 nostrarum
718 1293 841 1358 valore.
860 1292 936 1359 Sola
958 1313 1036 1379 ergo
1056 1294 1226 1361 veracitate
1248 1290 1455 1359 conscientiae
1473 1291 1626 1363 admissa,

513 1400 638 1465 nullum
653 1409 798 1487 remanet
811 1400 1085 1478 instrumentum,
1103 1420 1169 1486 quo
1182 1399 1423 1485 scepticismum
1439 1416 1628 1470 caveamus.

512 1508 627 1573 saltem
643 1517 804 1591 quantum
823 1508 939 1574 attinet
958 1510 1106 1576 ordinem
1125 1509 1324 1594 objectivum
1344 1516 1376 1574 et
1400 1509 1517 1573 realem
1544 1508 1632 1571 valo

512 1634 581 1681 rem
601 1616 827 1701 cognitionum
847 1624 1047 1685 nostrarum.

556 1729 659 1791 Dices
683 1731 731 1790 2.⁰
775 1725 850 1790 Non
870 1732 953 1789 recte
973 1704 1164 1810 reprehendi
1183 1725 1217 1790 in
1238 1724 1383 1790 Cartesio
1402 1724 1447 1801 id,
1473 1724 1566 1807 quod
1586 1741 1632 1787 re

511 1832 673 1897 centiores
692 1834 815 1915 passim
835 1840 995 1907 auctores,
1019 1833 1150 1899 nemine
1172 1835 1377 1908 reclamante,
1406 1832 1540 1898 faciunt.
1566 1831 1632 1896 Cur

512 1940 601 2004 enirn
630 1940 838 2006 veracitatem
870 1942 1077 2007 facultatum.
1100 1940 1395 2026 cognoscitivarum
1428 1938 1631 2024 probandam
1725 1972 1726 1977 =

513 2048 565 2111 vel
585 2046 811 2131 explicandam
826 2048 1026 2133 suscipiunt,
1044 2048 1105 2115 nisi
1130 2047 1205 2131 quia
1227 2049 1375 2113 eamdem
1392 2048 1479 2133 prius
1495 2046 1630 2113 dubiam

512 2154 774 2239 supposuerant?
1196 2234 1199 2238 Ι

579 2266 799 2344 Respondeo,
845 2263 1050 2329 veracitatem
1089 2264 1276 2330 facultatum
1317 2262 1629 2347 cognoscitivarum‚

477 2357 481 2363 ¹
512 2370 627 2435 saltem
646 2371 845 2446 intellectus,
866 2389 908 2436 ne
927 2371 1109 2438 methodice
1128 2362 1278 2454 quidem,
1301 2370 1426 2454 proprie
1449 2370 1629 2453 loquendo,

512 2456 634 2562 ambigi
654 2496 766 2561 posse;
790 2488 961 2564 propterea
979 2480 1068 2562 quod
1098 2478 1277 2545 necessaria
1296 2496 1428 2563 prorsus
1445 2479 1487 2544 sit
1506 2478 1632 2543 intelle-

512 2585 598 2650 ctiva
623 2586 758 2652 facultas
777 2587 817 2650 ad
836 2605 970 2651 omnem
999 2585 1274 2653 ratiocinationem
1305 2593 1337 2649 et
1362 2586 1628 2669 explicationem,

514 2695 600 2759 unde
614 2694 814 2762 innotescere
834 2694 928 2762 nobis
947 2690 1113 2780 quidpiam
1130 2694 1244 2779 possit.
1263 2692 1349 2759 Nam
1366 2694 1426 2759 nisi
1441 2712 1538 2759 verax
1554 2713 1632 2778 sup

512 2809 653 2886 ponatur
668 2803 848 2868 intellectus
868 2813 980 2869 natura
1002 2821 1073 2878 sua,
1094 2803 1172 2869 nulli
1191 2801 1354 2872 ratiocinio
1369 2803 1514 2887 eiusdem
1529 2803 1631 2868 fidere

514 2908 708 2998 poterimus,
739 2929 798 2975 nec
816 2929 962 2994 unquam
982 2910 1117 2995 proinde
1141 2911 1180 2976 ad
1199 2911 1425 2977 certitudinem
1445 2909 1628 2994 pervenire.

513 3016 623 3102 ltaque
633 3035 708 3082 cum
720 3004 826 3085 caeteri
841 3017 1027 3102 Philosophi
1038 3020 1078 3084 ad
1089 3018 1292 3084 veracitatem
1305 3019 1495 3086 facultatum
1506 3036 1632 3104 cogno

512 3124 699 3192 scitivarum
737 3125 856 3191 rellexe
884 3126 1152 3192 considerandam
1185 3145 1220 3192 se
1246 3113 1460 3201 convertunt,
1492 3126 1631 3191 minime

513 3242 648 3298 censent
666 3233 869 3300 facultatibus
888 3234 956 3300 suis
974 3234 1068 3299 licere
1086 3235 1145 3300 sibi
1165 3235 1329 3311 diffidere,
1349 3234 1407 3299 sed
1422 3235 1517 3318 plane
1536 3233 1631 3300 intel·

513 3339 634 3424 figunt,
670 3340 768 3406 etiam
796 3340 828 3405 in
853 3340 908 3407 illo
932 3342 1002 3425 ipso
1037 3340 1186 3408 examine
1211 3341 1369 3426 judicium
1401 3340 1527 3405 illarum
1559 3359 1631 3406 esse

514 3448 725 3514 audiendum.
747 3449 888 3532 ldeoque
912 3450 1039 3534 proprie
1065 3467 1132 3517 non
1162 3449 1328 3525 dubitant,
1356 3467 1397 3514 ne
1420 3448 1632 3534 hypothetice

513 3555 645 3640 quidem
665 3565 720 3620 aut
735 3557 917 3622 methodice
935 3558 976 3623 de
995 3557 1165 3624 veracitate
1185 3558 1372 3624 facultatum
1392 3557 1631 3640 cognoscitiva·

514 3682 599 3738 rum,
619 3666 676 3729 sed
696 3665 846 3730 umbram
862 3665 1040 3747 quamdam
1060 3666 1230 3730 dumtaxat
1248 3673 1281 3729 et
1301 3665 1509 3730 simulacrum
1539 3663 1633 3730 dubii

512 3783 682 3848 exercent,
713 3781 882 3857 propterea
907 3774 996 3855 quod
1024 3773 1142 3839 reflexa
1175 3775 1226 3838 illa
1255 3771 1468 3875 consideratio
1500 3771 1532 3836 in
1565 3769 1634 3836 aliis

515 3880 659 3946 materiis
683 3881 768 3946 solet
787 3890 842 3947 aut
860 3888 947 3946 certe
971 3889 1079 3964 potest
1106 3879 1241 3964 impune
1258 3881 1431 3965 conjuncta
1456 3896 1528 3944 esse
1554 3898 1633 3945 curn
1725 3891 1726 3894 ’

514 3979 699 4053 methodica
724 3987 937 4054 dubitatione.
960 3989 994 4054 ld
1012 4001 1123 4056 tamen
1145 3987 1214 4053 heri
1238 3990 1334 4053 relate
1353 3988 1394 4052 ad
1422 3987 1632 4053 veracitatem

513 4097 704 4161 facultatum
739 4103 923 4160 nostrarum
957 4098 1086 4181 nequit,
1114 4095 1190 4179 quia
1216 4095 1325 4161 omnis
1350 4094 1569 4161 consideratio
1599 4105 1636 4161 ut

513 4204 618 4269 valeat
644 4202 829 4288 quidpiam,
856 4203 1062 4270 veracitatem
1091 4202 1247 4287 potentiae
1270 4202 1371 4286 ipsius
1396 4203 1635 4269 considerantis

513 4311 663 4393 requirit,
684 4331 702 4374 a
721 4328 786 4393 qua
813 4309 948 4394 proinde
972 4309 1028 4393 qui
1057 4309 1249 4395 prescindlt,
1276 4329 1347 4375 earn
1375 4311 1487 4374 falsam
1507 4327 1636 4396 suppo-

513 4419 633 4494 nendo,
650 4418 737 4482 idem
753 4419 828 4484 facit
842 4437 878 4482 ac
893 4417 956 4493 ille,
972 4419 1028 4501 qui
1043 4419 1082 4484 ad
1099 4417 1214 4484 melius
1228 4416 1494 4483 considerandam
1510 4421 1634 4500 aptitu-

511 4526 621 4590 dinem
638 4525 776 4589 oculiad
791 4525 970 4590 videndum
982 4576 989 4602 ‚
1001 4526 1219 4592 claudendum
1233 4525 1323 4590 illum
1343 4542 1414 4590 esse
1428 4525 1632 4592 decerneret.

554 4639 658 4699 Dices
677 4631 730 4700 3.⁰
778 4631 813 4698 S.
835 4633 1042 4718 Augustinus
1060 4652 1127 4700 non
1146 4652 1212 4698 uno
1232 4632 1264 4697 in
1283 4633 1354 4697 loco
1374 4649 1415 4697 ex
1432 4632 1633 4716 cogitatione

511 4748 610 4822 atque
627 4739 724 4804 etiam
744 4759 784 4804 ex
804 4741 871 4822 ipsa
890 4738 1080 4823 deceptione
1098 4739 1220 4824 colligit
1239 4739 1443 4805 existentiam
1464 4741 1632 4823 propriam
