3492 5525
358 385 362 408 1

329 424 407 487 Car.
423 438 506 489 aum
527 425 578 487 De
598 426 819 488 DUBIT'ATIQNE
840 424 999 489 erar-rso
1112 434 1189 507 1059

104 602 216 679 Rati0,
244 624 302 670 cur
328 606 368 671 de
397 606 457 671 hac
476 607 579 690 prima
597 606 731 673 veritate
758 626 822 672 non
851 608 973 693 possim
994 607 1157 681 dubitare,
1179 614 1228 671 est
1255 618 1370 667 niteant
1386 625 1430 669 en-

104 712 196 793 quod
213 712 301 776 illam
319 714 404 779 clare
416 718 448 777 et
461 703 607 779 distincte
622 714 803 796 percipiam.
817 716 903 800 'Ergo
922 715 1080 799 quidquid
1095 716 1159 780 clar
1196 722 1230 780 et
1260 695 1420 813 suffiri.

103 818 255 884 distincte
285 820 476 904 percipitur,
505 831 677 904 tamquam
706 823 914 889 verissimum
943 733 1228 904 certissimumiue
1261 847 1262 856 ¹

103 925 292 991 habendum
311 939 360 993 est
378 925 442 1015 (ι).
456 928 510 993 'En
524 929 768 995 celeberrimum
789 930 951 996 criterium
972 928 1120 997 Cartesii.

170 1032 294 1099 Verum
322 1020 471 1120 objicieS,
495 1035 659 1101 criterium
680 1037 742 1101 ltoc
772 1056 838 1103 non
865 1038 990 1113 valere,
1020 1036 1097 1120 quia
1124 1037 1227 1102 multa

102 1158 237 1223 quoque
262 1140 324 1207 alia
341 1142 425 1208 clare
449 1163 485 1208 ac
513 1142 665 1209 distincte
691 1164 710 1209 a
739 1145 836 1210 nobis
852 1146 1000 1231 cognita,
1028 1145 1060 1213 in
1088 1144 1226 1209 dubium

103 1248 347 1325 revocavimus,
378 1251 586 1335 potissimum
617 1252 693 1335 quia
719 1254 801 1319 forte
820 1252 925 1327 Deus,
949 1254 1083 1318 Creator
1101 1261 1229 1329 noster,

102 1355 228 1421 dederit
247 1358 342 1423 nobis
357 1360 525 1426 facultates
545 1369 659 1425 natura
673 1379 732 1426 sua
750 1360 897 1426 fallibiles
915 1360 1013 1425 etiam
1028 1358 1061 1424 in
1076 1359 1131 1435 iis,
1152 1378 1226 1443 quae

101 1463 282 1529 clarissime
300 1465 613 1550 distinctissimeque
632 1454 853 1551 percipiuntur
868 1463 932 1554 (2).
949 1468 1025 1533 Haec
1036 1476 1147 1533 tamen
1166 1466 1230 1531 dif-

102 1569 231 1636 ficultas
250 1572 339 1637 facile
358 1573 546 1657 dissipatur,
567 1582 699 1639 ostensa
717 1574 890 1640 existentia
908 1582 941 1639 et
961 1574 1133 1639 veracitate
1152 1570 1221 1642 Dei.

169 1677 253 1744 Sane
271 1679 358 1746 Deus
376 1681 604 1748 veracissimus
618 1665 738 1748 existit.
763 1684 846 1748 Nam
866 1664 922 1747 est*
936 1682 968 1747 in
984 1702 1037 1746 me
1052 1680 1124 1747 idea
1138 1679 1223 1747 entis
1290 1683 1371 1769 ,Vela
1407 1758 1412 1771 ⁸

99 1784 234 1863 infiniti,
255 1788 384 1864 aeterni,
397 1790 627 1865 immutabilis,
644 1790 910 1874 independentis,
926 1808 1058 1855 summe
1077 1788 1220 1873 perfecti.
1249 1752 1426 1874 ssssffmffl

100 1892 202 1974 Atqui
229 1896 298 1959 haec
324 1894 395 1960 idea
424 1895 605 1962 necessario
634 1899 777 1981 postulat
805 1896 983 1964 realitatem
1013 1897 1063 1963 sui
1091 1895 1220 1981 objecti.
1276 1900 1391 1982 veracitate

99 2001 184 2064 Nam
211 2001 281 2066 haec
308 2001 378 2067 idea
412 2022 544 2069 causam
573 2002 716 2087 aliquam
748 2004 882 2081 habeat,
912 2012 1053 2088 oportet,
1083 2022 1223 2087 eamque
1314 1969 1362 2015 Μ’

99 2126 231 2174 summe
250 2112 444 2193 perfectam,
467 2112 632 2195 siquidem
650 2113 784 2177 effectus
798 2131 928 2177 causam
946 2111 1222 2196 proportionatam

98 2218 261 2299 postulat,
283 2228 382 2300 atque
402 2220 483 2284 adeo
501 2219 573 2284 idea
590 2219 677 2285 entis
694 2219 828 2295 infiniti,
850 2219 978 2295 aeterni,
1000 2237 1133 2285 summe
1153 2237 1224 2301 per-

98 2324 173 2388 fecti
193 2344 265 2389 non.
278 2326 408 2392 aliunde
426 2326 549 2393 causari
566 2335 691 2409 potest,
708 2315 807 2411 quam
824 2326 865 2391 ab
879 2338 955 2393 ente
969 2326 1113 2404 infinito,
1131 2334 1223 2417 aeter-

98 2450 161 2507 no,
191 2451 323 2499 summe
349 2436 505 2519 perfecto.
535 2432 606 2515 Jarn
635 2454 713 2501 vero
741 2454 800 2500 ens
824 2435 1014 2520 hujusmodi
1043 2433 1131 2499 Deus
1158 2444 1220 2501 est.

98 2541 183 2624 Ergo
220 2541 306 2607 Deus
335 2541 445 2608 existit
482 2561 589 2607 revera
628 2542 882 2627 perfectissimus
915 2541 1219 2625 veracissimusque,

97 2648 155 2731 qui
176 2649 310 2731 proinde
330 2667 396 2714 non
416 2650 523 2733 potuit
541 2649 620 2714 mihi
640 2651 809 2715 facultates
828 2650 1043 2734 deceptrices,
1071 2650 1168 2713 etiam
1188 2649 1221 2713 in

97 2756 197 2822 rebus
224 2758 307 2821 clare
337 2778 373 2822 ac
401 2756 552 2824 distincte
575 2758 750 2842 perceptis,
781 2756 886 2842 largiri
914 2753 977 2845 (3).
1007 2757 1158 2836 Quodsi
1189 2756 1220 2822 in

97 2865 196 2929 rebus
214 2866 298 2928 clare
312 2885 348 2930 ac
369 2866 518 2930 distincte
538 2867 696 2950 perceptis
715 2865 955 2949 deciperemur,
984 2867 1015 2930 in
1037 2866 1142 2930 Deum
1172 2884 1222 2930 re-

97 2973 285 3038 fundendus
314 2981 401 3039 esset
431 2992 519 3038 error
547 2983 672 3049 noster,
703 2981 817 3058 utpote
845 2973 902 3057 qui
936 2975 1047 3038 lumen
1077 2972 1222 3039 naturale
1291 2988 1292 2997 ¹

97 3080 242 3146 dedisset
267 3081 407 3148 fallibile:
423 3082 460 3145 ln
481 3081 666 3166 judicandis
684 3100 763 3166 ergo
781 3083 865 3146 clare
884 3100 921 3145 ac
943 3080 1094 3146 distincte
1113 3099 1223 3164 perce-

65 3235 70 3245 .
96 3189 162 3272 ptis
188 3207 276 3254 error
297 3207 370 3254 esse
389 3189 521 3271 nequit,
547 3190 604 3254 sed
628 3207 752 3254 errores
778 3207 911 3272 semper
934 3189 1102 3265 accidunt,
1123 3207 1222 3254 exeo

95 3298 187 3380 quod
202 3297 389 3381 judicemus
408 3306 531 3362 temere
550 3316 587 3361 ac
601 3296 836 3381 praecipitanter
850 3296 891 3360 de
906 3296 960 3373 iis,
982 3314 1057 3380 quae
1072 3297 1220 3363 nondum

94 3403 175 3471 satis
194 3404 414 3488 cognovimus
431 3401 495 3488 (4).
581 3498 586 3508 Ι

132 3638 175 3708 (ι)
212 3635 312 3694 Medii.
330 3642 380 3709 3³,
396 3636 482 3707 paulo
497 3649 563 3708 post
577 3635 642 3694 init.

132 3735 173 3796 (2)
210 3728 311 3785 Medii.
330 3738 378 3796 3.¹,
395 3726 481 3797 paulo
497 3738 562 3798 post
576 3726 642 3784 init.

130 3825 172 3891 (3l
208 3817 284 3874 Vide
299 3815 412 3874 Cartes.
429 3815 490 3874 haec
506 3815 653 3873 fusissime
665 3830 855 3886 exponentem
871 3815 902 3874 in
916 3816 1015 3874 Medii.
1031 3828 1081 3889 3³,
1096 3829 1125 3876 et
1137 3817 1222 3876 initio

92 3910 198 3966 Medii.
211 3920 264 3981 4²
286 3905 348 3964 Cir.
362 3907 398 3962 de
417 3905 591 3979 Principiis,
607 3905 693 3976 prim.
710 3919 794 3978 part,
812 3925 842 3964 n.
863 3925 909 3978 14,
926 3925 1007 3976 seqq.

130 4002 171 4069 (4)
208 3997 252 4053 De
264 3996 411 4068 Princip„
427 4006 502 4067 part.
522 4007 574 4063 1.¹,
592 4015 674 4071 num.
697 4016 746 4070 29,
768 4015 819 4068 30,
835 4013 883 4068 33,
905 4014 943 4068 43
963 4007 993 4053 et
1012 4015 1057 4068 44.
1075 3995 1221 4054 Caeterum

91 4085 306 4162 perceptionem
326 4084 432 4143 claram
451 4096 480 4141 et
500 4083 672 4142 distinctam
682 4084 722 4142 ita
743 4085 869 4143 declarat
885 4083 1049 4143 Cartesius:
1061 4083 1083 4156 J
1089 4085 1095 4108 '
1108 4085 1222 4158 appelle
1304 4087 1310 4092 '

89 4180 185 4238 clairc
198 4177 271 4235 celle
283 4177 334 4249 qui
349 4184 393 4232 esf
413 4182 543 4247 presente
557 4183 585 4232 ei
598 4175 747 4245 manistrste
764 4183 782 4232 ὰ
797 4196 836 4232 un
849 4175 925 4250 sprif
942 4176 1071 4243 aifenfifi·
1087 4175 1121 4232 de
1135 4179 1223 4232 mimo

90 4274 148 4344 qu‘e
162 4287 234 4324 nous
253 4268 350 4324 disens
363 4264 430 4322 voir
450 4266 618 4322 clairemanf
635 4266 677 4321 l'es
697 4265 803 4340 objcts,
824 4263 928 4337 lorsqu*
951 4273 1029 4322 itant
1050 4271 1182 4339 presente
1203 4271 1222 4322 ὰ

90 4379 145 4416 nos
160 4377 243 4432 yenx
256 4356 294 4412 ils
314 4357 449 4428 egissent
466 4375 548 4412 assez
562 4359 627 4424 sori
645 4375 698 4429 sur
712 4374 785 4423 eux,
801 4365 829 4412 el
850 4355 903 4428 qn'·
916 4356 956 4412 ils
975 4363 1041 4412 sont
1055 4355 1184 4428 disparis
1203 4361 1222 4410 d

90 4451 134 4506 les
150 4447 301 4520 reperiar:
317 4453 346 4502 ef
359 4445 512 4513 distincte,
528 4445 600 4501 celle
614 4445 665 4517 qui
679 4453 723 4502 esf
737 4445 881 4501 tellement
895 4445 1007 4519 precise
1025 4453 1053 4501 ef
1070 4445 1223 4514 diffieranfe

89 4540 126 4595 de
139 4545 232 4594 toules
248 4538 289 4593 ies
304 4543 413 4603 autres,
428 4533 473 4606 qu*
485 4535 542 4592 elle
555 4554 591 4591 ne
604 4535 757 4608 comprend
769 4554 805 4592 en
818 4535 864 4591 soi
874 4554 926 4608 que
940 4552 971 4590 ce
986 4535 1037 4608 qni
1051 4534 1149 4608 parcit
1162 4555 1223 4591 mc-

90 4628 276 4697 nisestement
296 4625 408 4682 dceiui
420 4624 472 4696 qui
486 4624 515 4682 ia
530 4624 678 4682 considere
695 4642 802 4683 comme
815 4622 927 4693 ilsaut.
947 4625 991 4682 De
1005 4624 1151 4698 Princip„
1166 4623 1220 4682 loc.

88 4719 141 4780 cit.
158 4737 187 4774 n·
203 4733 248 4789 45.
