3492 5525
564 446 640 495 1110
673 432 801 499 Locren
812 432 1046 507 Maron-lun.
1063 448 1134 509 ψ,
1150 435 1242 498 Drsr.
1256 434 1302 498 6.·
1316 434 1396 496 Car.
1413 452 1485 495 am

520 624 631 681 autern
651 614 788 697 sufficit,
818 623 855 681 ut
882 616 999 701 Loglca
1018 617 1061 683 sit
1080 617 1234 701 practica;
1264 617 1348 683 sicut
1365 616 1503 701 practica
1521 614 1628 679 estin
1715 603 1717 746 ἱ

523 722 649 789 stitutio
667 722 837 809 signorum
868 723 910 790 ad
939 724 1114 808 placitum,
1135 725 1208 791 licet
1235 743 1348 791 eorum
1376 725 1481 789 lorma
1508 722 1550 788 sit
1574 740 1629 787 ens

522 828 665 913 rationis,
682 832 769 915 apud
796 831 1003 914 Thomistas;
1030 840 1064 897 et
1081 832 1164 899 sicut
1183 831 1320 916 practica
1342 850 1415 897 esse
1437 838 1546 915 potest
1561 848 1631 913 cog·

520 936 601 1004 nitio
619 937 768 1025 dirigens
782 939 824 1005 ad
843 956 958 1023 puram
978 939 1191 1006 omissionem
1209 938 1371 1006 liberam»
1389 936 1403 1027 (
1429 935 1453 1026 ).

586 1044 678 1113 Plura
695 1045 822 1114 dabunt
842 1047 983 1113 Lossada
1001 1056 1034 1112 et
1054 1054 1201 1114 auctores
1219 1047 1317 1113 citati.

930 1381 1132 1469 CAPUT
1160 1382 1212 1469 ll.

670 1584 773 1646 DE
797 1582 1141 1647 ommno
1169 1583 1478 1650 nooman.

583 1794 733 1873 Quaestio
753 1799 821 1862 haec
841 1806 892 1863 est
907 1816 972 1862 una
989 1766 1031 1864 eir
1047 1796 1310 1882 implicatissimis
1323 1797 1357 1863 in
1370 1798 1502 1883 Logica,
1521 1797 1626 1881 inqua
1715 1813 1717 1820 ·

515 1905 569 1971 vix
589 1902 755 1989 quidpiam
775 1913 863 1970 certo
882 1904 1007 1971 definiri
1027 1914 1150 1991 potest.
1170 1907 1280 1989 ltaque
1299 1906 1439 1972 breviter
1456 1907 1545 1972 illam
1567 1914 1626 1970 tra

514 2010 691 2087 clabimus,
726 2012 832 2078 relatis
860 2012 997 2079 diversis
1029 2012 1300 2098 Philosophorum
1327 2012 1517 2085 sententiis.
1552 2012 1626 2096 quid

515 2118 610 2186 nobis
624 2118 832 2187 verisimilius
842 2119 1001 2195 videatur,
1017 2120 1201 2205 aperiendo.
1218 2120 1419 2189 Revocandae
1427 2129 1539 2186 autem
1553 2128 1625 2186 sunl

514 2226 547 2292 in
567 2227 778 2305 memoriam,
808 2245 891 2313 quas
910 2227 983 2293 alibi
1010 2226 1218 2303 tradidimus,
1242 2227 1358 2314 objecti
1382 2228 1471 2294 notio
1495 2238 1529 2293 et
1546 2228 1626 2293 dhri-

514 2352 634 2403 srones.

897 2598 1197 2674 ARTICULUS
1219 2600 1248 2673 Ι.
1334 2678 1338 2688 ,

606 2769 771 2833 Utrum
789 2781 927 2832 voces
945 2768 1037 2831 sint
1053 2766 1282 2848 objectum
1298 2768 1540 2848 proprium

688 2875 858 2940 directe
877 2891 932 2939 ao
947 2891 1034 2956 por
1051 2891 1102 2938 se
1119 2875 1456 2940 consideratum

957 3001 987 3046 a
1006 2983 1184 3060 Logioa.

304 3219 492 3273 ramumque
558 3213 637 3282 337.
685 3187 818 3264 Omissa
840 3196 993 3281 opinione
1016 3205 1162 3263 veterum
1183 3199 1251 3282 jam
1268 3195 1429 3272 obsoleta,
1449 3197 1624 3263 dicentium

344 3292 449 3339 ΜΨ·
512 3323 610 3371 voces
622 3323 695 3370 esse
712 3305 877 3390 objectum
892 3304 1099 3387 adaequatum
1114 3302 1252 3388 Logicae,
1269 3304 1439 3387 quaeritur,
1455 3321 1496 3368 an
1509 3303 1624 3370 saltem

346 3395 347 3400 ἵ
511 3411 577 3478 sint
595 3411 759 3497 objectum
780 3411 923 3497 partiale.
945 3410 1053 3493 Atque
1071 3411 1114 3476 ita
1133 3429 1241 3476 revera
1259 3411 1432 3476 dicendum
1448 3428 1520 3477 esse
1538 3410 1626 3475 vide-

510 3518 613 3594 bitur,
645 3519 673 3585 si
703 3520 735 3585 in
763 3518 957 3585 memoriam
986 3525 1177 3584 revocentur
1198 3537 1252 3593 ea,
1283 3535 1356 3602 quae
1387 3517 1532 3602 disputat
1555 3517 1626 3583 Ari·
1715 3540 1717 3543 ·

510 3627 660 3703 stoteles,
692 3634 725 3690 et
753 3643 829 3691 cum
859 3644 901 3691 eo
928 3623 1039 3708 reliqui
1067 3624 1267 3709 Philosophi,
1296 3625 1337 3690 de
1361 3625 1500 3702 nomine,
1518 3627 1623 3698 verbu

509 3732 664 3811 oratione,
695 3734 736 3798 de
763 3732 906 3798 univocis
924 3740 957 3796 et
982 3731 1163 3817 aequivocis,
1191 3730 1232 3796 de
1255 3731 1460 3813 suppositam
1486 3741 1552 3798 etc.
1582 3732 1625 3797 At

358 3861 434 3910 stan·
510 3839 666 3924 quoniam
683 3840 855 3924 multiplex
869 3849 919 3906 est
933 3839 1115 3924 obJectum,
1130 3839 1347 3905 controversia
1360 3857 1503 3922 praesens
1514 3841 1623 3906 solum

327 3934 464 3990 ³⁰²⁸¹³⁰⁰¹P
509 3947 684 4032 investigat
716 3947 901 4033 objectum,
922 3947 1011 4032 quod
1038 3945 1148 4012 dicunt
1167 3947 1274 4029 plures
1298 3947 1428 4025 formale
1452 3947 1554 4031 quod,
1573 3947 1624 4012 alii

507 4073 587 4121 vero
607 4055 772 4122 materiale
785 4055 964 4138 proprium,
985 4055 1064 4120 illud
1082 4073 1199 4138 nempe
1217 4054 1304 4137 quod
1321 4071 1476 4137 expresse
1495 4053 1626 4139 attingi·

508 4172 562 4231 tur
573 4183 614 4229 ex
630 4162 767 4248 propriis
781 4162 921 4245 meriu's;
937 4171 968 4227 et
981 4162 1014 4234 in
1029 4164 1091 4228 hoc
1104 4178 1200 4228 sensu
1220 4163 1372 4232 volumus
1394 4160 1495 4237 scire,
1511 4172 1622 4227 utrum

507 4288 621 4346 voces,
643 4269 821 4355 dequibus
840 4277 927 4335 certe
940 4269 1006 4354 agit
1020 4268 1151 4354 logica,
1170 4269 1235 4334 sint
1248 4266 1429 4352 objectum,
1449 4269 1542 4352 quod
1555 4268 1625 4353 ipsa

508 4379 693 4445 consideret
722 4377 857 4455 directe,
889 4395 930 4443 an
958 4394 1036 4444 vero
1061 4382 1192 4462 propter
1220 4375 1322 4452 aliud,
1353 4375 1394 4440 ad
1420 4375 1514 4460 quod
1540 4374 1626 4442 dicat

543 4723 583 4785 (r)
621 4719 760 4786 Loasada,
778 4719 832 4778 loo.
847 4715 908 4784 cit..
925 4738 955 4779 u.
971 4719 1016 4778 ao.
