3492 5525
305 435 421 504 Anne.
436 450 497 523 4¹²·
511 434 700 515 Quaccuau
713 456 764 502 sir
777 454 950 512 oancrun
965 452 1129 503 screnrrre
1172 454 1235 520 9¹9

148 619 322 687 coloratus.
349 619 388 685 Et
416 620 591 705 querenti,
620 638 679 687 cur
706 618 801 687 firma
828 619 895 689 tide
918 620 1048 689 credam
1078 620 1272 707 mysterium

148 724 248 798 Smae.
267 726 444 804 Trinitatis,
464 727 664 811 respondeo,
679 728 755 813 quio
778 726 866 794 Deus
879 745 978 795 verax
991 728 1024 795 id
1038 727 1192 795 revelavit
1208 727 1270 818 (ι).

215 832 310 901 Ratio
336 836 433 922 hujus
460 833 572 920 primae
597 836 766 903 divisionis
792 836 825 902 in
854 834 1020 921 objectum
1046 835 1212 903 materiale
1240 846 1273 903 et

149 942 286 1009 iormale
304 951 371 1019 est,
392 943 469 1026 quia
491 944 606 1013 eadem
626 962 678 1015 res
702 952 811 1027 potest
829 962 902 1011 esse
920 942 1119 1019 indifferens,
1137 952 1174 1011 ut
1192 944 1273 1011 adi-

148 1049 251 1117 versis
264 1049 406 1119 scientiis
425 1051 528 1136 possit
546 1051 741 1121 considerari
755 1052 939 1120 secundum
958 1051 1104 1119 diversas
1118 1052 1269 1119 rationes.

149 1156 242 1225 Unde
268 1158 352 1225 sicut
373 1158 406 1227 in
425 1159 617 1243 corporibus
635 1168 669 1225 et
687 1158 848 1228 arteiactis
875 1158 955 1228 illud
978 1158 1094 1235 d‘uitur
1122 1160 1269 1235 materia,

147 1266 238 1349 quod
256 1285 435 1335 commune
459 1285 531 1333 esse
550 1275 660 1351 potest
687 1266 851 1351 pluribus,
882 1266 1092 1351 diversasque
1110 1265 1272 1352 suscipere

147 1374 272 1456 species
290 1392 349 1458 pro
379 1374 534 1441 varietate
552 1376 752 1451 formarum,
773 1375 974 1441 formavere
993 1374 1037 1451 id,
1059 1374 1149 1457 quod
1168 1382 1273 1463 male·

147 1480 228 1547 riam
246 1482 418 1559 contrahit,
439 1500 476 1549 ac
489 1482 684 1549 determinat
703 1482 743 1549 ad
757 1490 878 1548 certam
899 1482 1040 1566 aliquam
1055 1482 1213 1567 speciem;
1229 1483 1272 1549 ita

146 1587 245 1653 etiam
265 1588 309 1665 id,
329 1591 420 1673 quod
444 1591 625 1657 secundum
655 1591 737 1657 hanc
750 1592 811 1656 uel
831 1590 920 1657 iliam
935 1590 1095 1657 rationem
1115 1598 1272 1657 tractatur

146 1695 181 1761 in
200 1696 344 1774 scientia,
369 1698 485 1764 dicitur
503 1698 670 1784 objectum
690 1699 760 1781 ejus
774 1697 955 1773 materiale,
977 1699 1113 1763 formale
1131 1716 1209 1763 vero
1222 1705 1272 1764 est

146 1804 199 1870 iila
217 1804 310 1881 ratio,
330 1819 389 1888 per
410 1825 510 1888 quarn
531 1818 563 1873 et
582 1814 715 1890 propter
734 1824 836 1888 quam
856 1824 907 1871 res
922 1804 1092 1889 attingitur
1107 1806 1147 1870 ab
1166 1806 1273 1888 aliqua

145 1910 290 1979 scientia.
315 1912 366 1978 Sic
389 1931 509 1997 corpus
528 1915 709 1979 humanum
728 1922 780 1979 est
798 1914 962 1998 objectum
983 1913 1147 1981 materiale
1166 1913 1273 1979 Philo-

146 2020 270 2103 sophiae
285 2021 438 2087 naturalis
458 2028 492 2086 et
509 2020 690 2096 Medicinae,
711 2019 927 2104 Philosophiae
946 2020 1079 2103 quidem
1100 2029 1197 2105 prout
1216 2038 1273 2085 na-

147 2127 267 2203 turale,
298 2127 466 2195 Medicinae
497 2146 574 2193 vero
604 2137 700 2212 prout
722 2128 886 2204 sanabile,
919 2134 1097 2212 possetque
1125 2126 1272 2195 similiter

146 2233 341 2301 considerari
358 2255 378 2299 a
396 2235 551 2312 Mathesi,
580 2243 744 2319 quatenus
770 2243 932 2318 quantum
960 2245 1022 2300 est:
1048 2234 1145 2300 simili
1171 2234 1271 2301 modo

148 2360 285 2426 pomurn
305 2343 412 2426 potest
430 2360 505 2409 esse
522 2344 687 2427 objectum
712 2342 877 2409 materiale
905 2341 1011 2419 visus,
1034 2350 1131 2427 prout
1148 2344 1273 2409 colora-

148 2458 232 2532 tum;
265 2442 406 2536 gustus,¹
421 2458 519 2533 prout
546 2449 710 2534 sapidum,
738 2451 894 2517 odoratus
927 2459 1024 2536 prout
1057 2449 1267 2533 oderiferum3

147 2558 277 2624 auditus
296 2566 393 2641 prout
410 2576 587 2640 sonorum;
616 2566 737 2634 tactus,
768 2566 865 2641 prout
887 2540 1085 2745 durff
1101 2556 1268 2625 resistens.

148 2664 275 2731 Omnes
294 2684 371 2730 vero
389 2664 459 2733 istae
472 2666 630 2741 rationes,
650 2684 725 2749 quae
744 2667 832 2733 velut
846 2666 949 2732 totide
997 2663 1118 2733 'ormae
1142 2676 1271 2732 contra·

147 2773 230 2839 hunt
247 2791 426 2840 commune
449 2774 529 2840 illud
547 2775 712 2860 objectum
732 2775 896 2842 materiale
915 2773 955 2842 ad
975 2774 1133 2860 peculiare
1160 2776 1271 2860 cujus-

146 2899 211 2964 que
229 2882 372 2948 scientiae
391 2883 440 2949 vei
460 2890 564 2958 actus,
580 2881 785 2948 constituunt
798 2881 965 2966 objectum
985 2883 1131 2948 formale.

216 2989 378 3056 Caeterum
400 3007 533 3058 necesse
552 3007 618 3056 non
638 3001 687 3058 est
706 2988 873 3075 objectum
895 2988 1062 3055 materiale·
1078 3006 1115 3055 ac
1133 2990 1271 3058 formale

148 3097 274 3164 realiter
302 3095 480 3182 distingui,
506 3095 659 3182 quamvis
685 3114 775 3181 saepe
801 3095 845 3163 ita
870 3114 981 3164 revera
1008 3096 1267 3182 distinguuntur;

148 3223 224 3271 nam
245 3203 323 3271 nihil
342 3213 432 3272 vetat
450 3214 483 3270 et
506 3223 595 3280 rem,
615 3222 690 3287 quae
718 3203 887 3289 attingitur
914 3211 960 3294 et¹
976 3204 1216 3282 consideratur,
1237 3213 1271 3270 et

148 3313 324 3389 rationem,
354 3323 610 3398 propterquam
638 3313 825 3396 attingitur,
846 3329 951 3379 unum
981 3311 1137 3395 idemque
1165 3311 1271 3396 reipsa

147 3439 230 3487 esse.
252 3419 305 3486 Sic
323 3420 433 3486 evenit
451 3438 485 3486 v.
505 3439 540 3504 g.
561 3419 595 3486 in
612 3437 749 3488 assensu
765 3418 946 3503 primorum
966 3418 1217 3504 principiorum,
1238 3427 1271 3485 et

147 3528 180 3593 in
200 3527 325 3594 visione
343 3527 462 3592 divinae
481 3527 648 3602 essentiae,
669 3526 702 3592 in
730 3527 850 3610 quibus
875 3536 907 3592 et
934 3526 1095 3594 terminus
1122 3538 1214 3594 actus
1237 3537 1270 3594 et

148 3634 229 3702 ratio
247 3643 498 3720 propterquam
517 3634 705 3720 attingitur,
724 3633 834 3718 quoad
853 3651 921 3700 rem
941 3634 1045 3719 ipsam
1072 3653 1139 3702 non
1156 3633 1271 3702 distin·

147 3751 307 3830 guuntur.

215 3849 391 3936 Objectum
407 3849 545 3914 formale
558 3848 713 3916 dividitur
730 3849 763 3916 in
781 3848 986 3916 intriruecum
1000 3859 1032 3916 et
1044 3849 1267 3916 extrinsecum.
1283 3841 1485 3961 ‘offiffim

150 3957 362 4025 intrinsecum
383 3964 445 4032 est,
465 3957 557 4040 quod
581 3955 771 4023 immediate
798 3956 952 4025 terminat
977 3966 1104 4034 actum,
1126 3965 1162 4022 ut
1181 3959 1271 4024 color
1296 3987 1319 4032 1„
1330 3987 1473 4032 ,wrm

149 4085 183 4132 v.
213 4085 248 4147 g.
276 4074 424 4149 respectu
450 4064 551 4130 visus.
571 4063 795 4130 Extrinsecum
818 4073 885 4141 est,
911 4067 1001 4148 quod
1025 4083 1091 4130 non
1116 4065 1270 4131 terminat
1291 4059 1475 4106 ‘²““⁵¹²”‘¹¹¹²¹·

149 4181 278 4247 actum,
298 4172 349 4237 cui
364 4179 587 4256 comparatur,
607 4172 664 4238 sed
683 4173 783 4237 alium
803 4173 1058 4256 precedentem,
1079 4192 1098 4238 a
1115 4191 1183 4257 quo
1201 4173 1271 4257 ipse

150 4281 252 4347 oritur
272 4281 322 4344 vel
341 4277 586 4346 determinatur.
608 4278 661 4344 Sic
679 4280 845 4364 objectum
869 4277 1111 4364 praemissarum
1134 4288 1185 4346 est
1208 4280 1272 4348 ior·
1298 4343 1300 4347 .

152 4389 239 4453 male
256 4385 476 4455 extrinsecum
496 4395 646 4472 respectu
664 4385 881 4455 conclusionis
900 4387 933 4456 in
952 4387 1113 4456 sententia
1140 4405 1269 4466 eorum,

186 4723 234 4793 (ι)’
265 4725 405 4795 Lossada,
419 4725 539 4800 Logia,
558 4738 642 4784 tract.
661 4745 686 4795 1,
699 4733 829 4799 promi..
848 4725 926 4798 disp.
940 4745 967 4795 a,
982 4745 1045 4798 cap.
1063 4745 1128 4797 r,n.
1146 4743 1172 4800 5,
1190 4727 1219 4786 6.
