3492 5525
389 451 508 532 Aramo.
530 462 590 511 aar·
610 448 662 512 Dr:
682 466 816 537 vasone
836 466 1026 513 sssrrnrorur
1166 446 1223 509 tur

136 633 205 709 illi,
224 633 280 716 qui
296 642 402 699 artem
422 642 478 698 aut
501 630 670 700 scientiam
690 630 832 715 aliquam
853 650 920 697 non
939 632 1096 707 calleant,
1117 630 1216 695 rudes
1232 629 1266 694 in
1329 626 1333 633 ’

136 741 197 805 illa
219 750 411 823 censentur;
432 742 503 807 sive
521 741 598 807 alias
625 741 792 817 noverint,
814 740 884 807 sive
907 740 1026 807 nullas.
1051 740 1198 822 itemque
1214 754 1268 803 sa-

134 847 259 931 pientes
277 867 314 914 ac
331 849 415 914 docti
432 848 658 934 intelliguntur
676 846 826 923 relative,
842 847 996 913 nimirum
1016 831 1074 921 iili,
1087 844 1144 930 qui
1162 852 1266 911 artem

142 956 197 1021 vel
211 955 394 1033 scientiam,
411 956 493 1023 circa
508 975 608 1041 quam
624 966 773 1023 versatur
785 955 1032 1031 testimonium,
1047 962 1266 1039 cognoscunt,

141 1062 221 1129 licet
238 1062 372 1129 aliarum
392 1065 474 1130 sorte
492 1082 779 1148 quarumcumque
794 1064 860 1129 sint
877 1062 994 1148 ignari.

193 1170 245 1237 a.'
292 1169 415 1238 Dicitur
442 1172 474 1237 in
504 1171 607 1256 prima
631 1171 863 1257 propositionis
893 1178 1006 1255 parte,
1040 1169 1269 1238 testimonium

143 1278 285 1343 aliorum
313 1296 401 1364 saepe
432 1278 593 1346 motivum
623 1280 767 1364 praebere
795 1279 964 1365 prudentis
996 1296 1161 1345 assensus.
1194 1280 1270 1345 Non

143 1386 236 1451 enirn
255 1387 485 1454 contendimus
496 1388 640 1473 cujusvis
659 1387 859 1465 testimonio,
875 1387 1071 1453 sententiam
1088 1388 1138 1452 vel
1152 1386 1273 1453 doctri·
1356 1471 1359 1475 Α

143 1511 225 1559 narn
241 1492 381 1577 aliquam
404 1496 628 1579 proponentis,
644 1494 729 1562 credi
743 1495 1048 1580 prudenterposse,
1068 1495 1126 1561 sed
1140 1495 1270 1561 illorum

142 1600 337 1679 dumtaxat,
367 1602 423 1685 qui
452 1604 678 1669 auctoritatem
707 1602 848 1669 habeant
877 1603 918 1668 ad
944 1602 1125 1668 faciendam
1155 1602 1269 1668 tidem.

143 1706 332 1775 Auctoritas
351 1728 429 1775 vero
448 1711 535 1776 nulla
554 1724 621 1787 est,
641 1711 773 1795 quando
791 1711 910 1777 idonea
936 1711 1056 1777 desunt
1073 1709 1216 1777 scientiae
1235 1728 1272 1775 ac

142 1816 329 1883 veracitatis
344 1817 460 1883 indicia
477 1816 509 1882 in
530 1820 674 1885 lavorem'
694 1817 855 1891 testantis.
985 1888 989 1897 ,

150 1960 157 1971 ·
218 1930 384 1993 Probatur
397 1932 470 2009 J'am
489 1933 601 2009 prima
617 1950 710 2010 pars.
736 1925 861 1995 Etenim
880 1944 968 2010 saepe
986 1934 1107 2011 praesto
1125 1932 1205 1991 sunt
1223 1924 1272 1989 in·
1306 1952 1466 2002 navemn„

143 2032 248 2107 dicia,
268 2033 356 2100 unde
374 2034 509 2101 testium
525 2034 658 2101 scientia
677 2046 709 2101 et
732 2036 888 2101 veracitas
908 2034 1085 2119 prudenter
1098 2033 1272 2118 probabili·
1307 2023 1475 2142 ⁶⁰‘“,³,¹3,}¹‘¹''⁰

143 2158 216 2223 que
233 2142 417 2226 conjectura
433 2142 611 2227 colligitur,
638 2142 920 2227 quemadmodum
946 2160 1049 2226 nuper
1072 2142 1269 2207 declaratum
1284 2111 1392 2223 „sinai
1404 2112 1488 2215 ῗοωι

125 2255 216 2328 .est;
234 2248 460 2314 testimonium
481 2268 559 2315 vero
578 2250 741 2333 prolatum
765 2250 806 2315 ab
829 2250 1017 2335 hujusmodi
1039 2249 1179 2317 testibus
1198 2268 1273 2334 pro-
1336 2240 1442 2295 ⁹¹¹¹‘1‘¹²⁸·

144 2357 237 2420 secto
255 2356 417 2421 motivum
436 2357 605 2423 constituit
624 2356 831 2441 probabiliter
850 2358 1049 2441 persuadens
1070 2357 1113 2422 rei
1136 2365 1272 2423 narratae

145 2462 332 2529 veritatem.
354 2462 454 2549 Atqui
476 2464 637 2531 motivum
666 2464 876 2548 probabiliter
904 2464 1103 2550 persuadens
1124 2464 1275 2532 enuntia·

144 2570 223 2636 bilis
241 2572 382 2656 cujusvis
401 2573 572 2638 veritatem
589 2572 701 2656 nequit
715 2592 782 2637 non
804 2573 1002 2657 prudentem
1017 2573 1152 2657 gignere
1164 2591 1274 2639 assen-

144 2696 244 2755 sum,
265 2698 300 2743 ac
320 2698 470 2744 normam
490 2680 651 2745 sentiendi
671 2680 871 2766 probabilem
901 2682 1122 2766 suppeditare.
1147 2681 1273 2767 Ergo...

219 2788 449 2856 confirmatur
475 2809 515 2854 ex
540 2789 708 2876 communi
728 2790 878 2854 omnium
903 2808 1002 2855 sensu
1022 2790 1207 2874 agendique
1226 2809 1275 2855 ra·
1310 2815 1467 2862 nunninae

144 2896 256 2960 tione:
278 2896 365 2961 unde
384 2896 464 2962 illud
483 2895 629 2963 manavit
644 2897 796 2962 effatum:
817 2897 936 2962 Parilis
951 2897 986 2961 in
1000 2900 1070 2962 arte
1086 2900 1275 2963 creandum
1294 2886 1481 2947 ff‘ifldufflff‘·
1577 2955 1581 2962 .

144 3007 208 3070 esi.
225 3002 398 3069 Caeterum.

218 3119 421 3180 Humanum
438 3117 676 3180 testimonium
699 3115 888 3180 doctrinale
914 3117 1049 3196 nequit,
1069 3119 1274 3211 plerumque
1307 3149 1468 3197 pamm„

146 3227 291 3299 saltem,
312 3227 452 3304 gignere
469 3225 727 3288 certitudinem:
758 3221 834 3304 quia
861 3219 990 3285 difficile
1019 3219 1198 3287 admodum
1223 3229 1274 3291 est
1326 3221 1451 3306 humfffl‘

146 3327 319 3396 scientiam
349 3347 385 3393 ac
410 3327 580 3393 veritatem
610 3327 745 3393 testium
775 3339 864 3394 certo
892 3328 1113 3403 innotescere,
1145 3328 1273 3394 etiamsi
1319 3294 1459 3421 ,ffffiffi

146 3453 271 3502 omnes
285 3434 497 3510 convenirent
510 3434 544 3500 in
556 3433 663 3518 aliqua
677 3454 710 3502 re
725 3436 916 3502 asserenda:
933 3445 1032 3520 atque
1046 3435 1119 3502 ideo
1137 3436 1170 3501 in
1189 3436 1274 3502 thesi
1305 3436 1469 3483 “studim

146 3543 386 3629 tantummodo
411 3543 565 3608 asseritur
591 3543 822 3609 testimonium
847 3562 998 3610 normam
1029 3543 1172 3628 praebere
1199 3560 1275 3610 sen-

147 3649 253 3717 tiendi
272 3650 471 3744 probabilem
496 3647 559 3738 (1).
585 3650 805 3718 Nihilominus
831 3671 898 3717 non
918 3659 1081 3737 repugnat
1106 3652 1139 3717 in
1163 3650 1275 3735 aliquo

146 3775 230 3826 casu
254 3777 294 3824 ex
314 3758 529 3842 peculiaribus
551 3757 711 3842 adjunctis
729 3758 858 3825 tirmam
885 3759 985 3826 tidem
1005 3761 1108 3825 iacere
1127 3759 1277 3826 testimo-

148 3865 245 3934 nium
281 3865 378 3930 etiam
411 3863 600 3948 doctrinale.
636 3865 688 3932 Sic
721 3867 747 3932 si
781 3867 855 3951 quis
888 3876 1094 3953 perspectam
1127 3867 1276 3933 habuerit
1374 3899 1384 3910 ,

148 3974 297 4041 indolem
326 3973 534 4039 scientiarum
555 3973 859 4040 Mathematicarum
881 3976 1143 4058 methodumque
1160 3975 1194 4040 in
1213 3975 1275 4042 illis

148 4081 297 4148 adhiberi
325 4083 473 4158 solitam,
503 4080 591 4146 haud
614 4099 700 4166 aegre
728 4082 909 4149 adducetur
937 4083 979 4148 ad
1009 4082 1275 4168 amplectendum

147 4189 335 4256 certissimo
363 4207 497 4254 assensu
525 4191 711 4268 theorema,
745 4191 835 4274 quod
860 4211 879 4256 a
908 4190 1057 4274 pluribus
1087 4190 1276 4258 auctoribus

148 4297 362 4365 enuntiatum
380 4295 512 4374 viderit,
534 4297 578 4363 ob
596 4299 704 4364 solum
725 4299 918 4364 eorumdem
937 4297 1180 4365 testimonium.

190 4475 231 4546 (¹)
266 4475 411 4534 Nolumus
421 4476 497 4533 hanc
507 4474 668 4534 doctrinam
683 4477 837 4535 extendere
850 4475 888 4534 ad
900 4496 1077 4535 consensum
1092 4476 1214 4536 Petrum
1225 4489 1279 4535 aut

144 4563 367 4638 Theologorum
382 4563 412 4622 in
429 4585 461 4622 re
475 4563 605 4623 divinam
622 4565 708 4624 fidem
722 4565 768 4624 vel
783 4587 879 4625 mores
892 4580 1052 4639 spectante.
1073 4565 1278 4639 supponimus

143 4653 231 4715 enim
245 4675 279 4711 ex
293 4653 452 4728 Theologia
466 4675 643 4714 consensum
659 4655 827 4728 hujusmodi
842 4677 906 4716 esse
917 4671 1028 4716 certum
1039 4656 1171 4716 veritatis
1185 4677 1278 4734 ergu-

145 4756 297 4806 mentum.
