3492 5525
453 536 458 550 ,
544 459 601 526 168
735 461 859 526 Locren
880 459 1126 524 Milton—Dise.
1152 469 1194 522 1.·
1213 457 1293 524 Cen.
1316 472 1387 541 νη

326 673 458 726 mmmm,
567 641 707 710 Demum
726 640 906 708 differentia
931 639 1080 725 specifica
1096 648 1148 705 est
1172 647 1333 721 suprema,
1353 637 1455 703 medab
1473 639 1523 702 vel
1549 638 1621 724 infi·
1729 600 1731 627 ’

286 763 314 830 3¹¹
355 761 398 830 ¹3¹⁸·
414 745 486 792 ‘⁰⁶⁶³‘
499 767 567 825 nea,
587 757 747 833 quatenus
766 749 919 835 adjuncta
935 748 1109 834 generibus
1122 747 1242 814 conflet
1261 746 1403 831 speciem
1417 764 1618 830 supremam,

327 829 347 864 οἳ
361 819 446 864 reema.
501 857 641 922 mediam
662 865 694 922 et
711 857 872 926 infimam.

331 997 437 1042 mm,
545 959 600 1044 46.
650 965 748 1030 Paulo
772 966 862 1030 aliter
888 963 1001 1030 desinit
1025 983 1147 1048 genus,
1176 962 1319 1048 speciem
1344 981 1380 1027 ac
1406 961 1619 1028 differentiam

313 1066 462 1166 lngissgss‘ffi*
500 1071 698 1158 Porphyrius
717 1069 781 1159 (r).
806 1071 919 1138 Genus
938 1091 1057 1156 nempe
1075 1080 1125 1137 est
1143 1071 1179 1136 id
1188 1122 1195 1148 ,
1214 1071 1299 1154 quod
1309 1073 1349 1134 de
1360 1067 1509 1151 pluribus
1524 1070 1622 1151 specie

308 1207 334 1237 ιι
346 1190 464 1248 Ponhnio
499 1177 711 1262 differentibus
729 1180 976 1261 predicaturin
1000 1178 1094 1263 quid,
1114 1187 1152 1244 ut
1174 1177 1298 1244 animi
1314 1184 1463 1261 respectu
1481 1176 1622 1244 bominis

316 1262 459 1316 ‘¹‘⁶'¹¹‘¹²¹””'
500 1295 533 1351 et
551 1286 771 1370 equivocus
790 1297 938 1372 respectu
957 1287 1148 1352 eorumdem
1168 1295 1201 1350 et
1219 1287 1337 1370 plantae
1355 1281 1419 1372 (a).

566 1393 694 1480 Species
708 1395 880 1479 dupliciter
897 1393 1034 1461 describi
1054 1403 1162 1478 potest
1181 1413 1223 1459 ex
1248 1393 1446 1479 Porphyrio‚
1471 1393 1523 1458 vel
1542 1409 1623 1476 qua·

499 1510 595 1567 tenus
615 1501 647 1566 in
660 1501 886 1586 *propositione
902 1501 1085 1589 mdjicibilis
1097 1509 1166 1578 est,
1185 1519 1245 1566 seu
1266 1518 1323 1584 per
1339 1501 1489 1566 ordinem
1508 1500 1549 1565 ad
1566 1518 1624 1585 ge-

500 1626 580 1685 nus,
601 1610 690 1692 quod
710 1609 750 1675 de
769 1609 840 1694 ipsa
858 1610 1066 1694 praedicatur3
1082 1611 1133 1675 vel
1153 1619 1316 1693 quatenus
1327 1607 1541 1689 praeciditis
1558 1616 1621 1684 est,

499 1735 557 1782 seu
577 1735 633 1799 per
651 1716 799 1782 ordinem
819 1718 860 1782 ad
878 1717 1045 1783 individua
1065 1717 1107 1782 de
1126 1716 1247 1800 quibus
1265 1715 1390 1798 species
1416 1714 1621 1799 praedicatur.
1729 1730 1731 1785 ὲ

500 1811 672 1899 Quatenus
691 1843 770 1910 ergo
789 1823 978 1908 subjicibilis
993 1833 1060 1901 est,
1081 1822 1206 1907 species
1228 1822 1383 1888 definitur
1400 1823 1433 1888 id
1445 1824 1529 1907 quod
1550 1823 1625 1888 sub·

497 1931 607 2010 {einr
624 1931 747 2014 generi,
774 1934 806 1996 el
820 1933 859 1997 de
877 1950 938 2016 quo
951 1951 1050 2015 genus
1062 1931 1254 2013 prodeatur
1266 1936 1304 1996 in
1321 1936 1403 2014 quid
1424 1927 1485 2017 (3).
1505 1931 1539 1996 ln
1558 1948 1624 2013 qua

500 2036 716 2104 declaratione
748 2038 858 2104 omnia
885 2041 979 2123 plana
1004 2046 1096 2105 sunt.
1124 2037 1162 2103 Et
1187 2057 1390 2121 quamquam
1415 2037 1526 2104 videas
1548 2057 1626 2122 spe-
1729 2076 1730 2121 3

500 2145 582 2211 ciem
598 2144 733 2212 describi
747 2165 805 2229 per
817 2165 940 2232 genus,
956 2165 1032 2212 cum
1048 2164 1154 2230 nuper
1167 2162 1274 2231 genus
1287 2145 1396 2229 ipsum
1409 2165 1467 2229 per
1479 2147 1623 2230 speciem

384 2252 390 2262 ‘
501 2252 697 2336 explicatum
716 2254 829 2330 luerit,
851 2254 884 2319 id
903 2254 955 2320 hic
971 2254 1089 2320 vitium
1107 2272 1179 2318 esse
1194 2252 1330 2345 minime
1350 2261 1533 2337 reputatur3
1551 2273 1627 2338 pro·
1729 2242 1730 2289 ³

501 2368 611 2443 pterea
630 2360 721 2443 quod
739 2379 845 2447 genus
869 2371 901 2428 et
927 2362 1052 2446 species
1079 2361 1211 2426 relativa
1237 2359 1318 2441 sint3
1341 2360 1473 2427 relativa
1498 2371 1623 2440 autem,

501 2467 785 2552 quemadmodum
805 2487 878 2536 esse
901 2470 1042 2534 alterurn
1068 2469 1138 2533 sine
1156 2469 1258 2532 altero
1284 2477 1471 2556 nequeunt,
1501 2470 1546 2535 sic
1565 2489 1625 2536 nec

499 2573 656 2660 cognosci
676 2594 734 2641 nec
754 2574 880 2642 definiri
895 2587 993 2660 prout
1007 2577 1082 2641 talia
1100 2572 1164 2663 (4).
1180 2573 1262 2641 Rem
1282 2585 1394 2641 tamen
1414 2576 1518 2660 ipsam
1533 2579 1626 2644 facile

500 2682 678 2768 intelliges,
704 2682 730 2748 si
750 2683 918 2759 advertas,
939 2683 1073 2767 quando
1095 2683 1170 2748 duae
1196 2681 1336 2748 rationes
1359 2683 1559 2750 universales
1580 2687 1625 2781 ita
1729 2767 1730 2788 Χ

500 2808 536 2855 se
556 2796 672 2856 mutuo
695 2790 887 2875 respiciunt,
919 2801 957 2857 ut
975 2811 1040 2856 una
1065 2791 1161 2855 latius
1180 2798 1289 2874 pateat
1312 2793 1429 2869 altera,
1453 2794 1562 2876 deque
1587 2814 1628 2859 ea

501 2898 605 2980 possit
621 2898 784 2981 praedican’
800 2898 834 2963 in
852 2899 948 2983 quid,
965 2886 1104 2983 primam
1123 2914 1196 2965 esse
1214 2916 1322 2982 genus
1339 2907 1373 2964 et
1385 2900 1520 2967 alteram
1540 2902 1630 2988 ejus-

500 3004 577 3071 dem
593 3005 751 3088 speciem.

509 3111 511 3117 “
568 3107 721 3177 Secundo
739 3112 880 3196 species,
897 3122 994 3196 prout
1013 3112 1224 3196 praedicabilis
1238 3121 1305 3196 est,
1325 3113 1478 3181 definitur
1489 3116 1527 3181 id
1541 3118 1630 3201 quod

499 3220 540 3284 de
552 3218 699 3301 pluribus
715 3238 845 3285 nuntero
861 3220 1091 3303 differentibus,
1104 3239 1159 3286 seu
1177 3220 1369 3298 individuis,
1385 3223 1580 3304 praedt'cabcr
1590 3225 1629 3290 r’n
1729 3234 1731 3239 ’

499 3326 578 3411 pmii
594 3323 658 3414 (5).
676 3326 760 3403 Quae
777 3326 940 3404 delinitio,
960 3336 997 3393 ut
1014 3336 1105 3393 notat
1119 3328 1258 3412 ipsemet
1272 3330 1486 3416 Porphyrius,
1503 3331 1630 3398 infimae

500 3435 671 3500 dumtaxat
693 3435 808 3519 speciei
833 3436 959 3519 proprie
983 3436 1154 3518 convenit3
1182 3438 1251 3502 baec
1277 3437 1364 3503 enim
1388 3440 1458 3503 sola
1482 3439 1523 3503 de
1546 3440 1631 3509 solis

399 3617 402 3624 ,
501 3540 675 3609 individuis
694 3542 859 3625 praedicari
878 3550 987 3626 potest
1004 3543 1037 3608 in
1056 3543 1147 3626 quid.

535 3760 576 3822 (1)
612 3757 733 3831 Isagop.
748 3774 811 3825 cap.
830 3764 888 3813 r.¹¹

536 3849 577 3911 (a)
613 3844 737 3919 Egregie
762 3843 963 3903 definitionem
986 3844 1062 3902 hanc
1077 3859 1226 3917 exponunt
1239 3866 1273 3905 ac
1295 3859 1415 3905 tuentur
1431 3847 1633 3922 Conimbric.,

500 3948 563 3995 tum
578 3934 609 3993 in
621 3935 785 3995 Commenlo
800 3942 898 3991 textus
921 3934 1079 4009 Porphyr„
1098 3948 1161 3992 tum
1177 3934 1207 3993 in
1221 3935 1331 4006 adjecta
1345 3939 1505 4010 questione
1519 3939 1633 4011 prima.

535 4030 575 4097 (3)
614 4024 687 4083 Bina
702 4024 830 4082 membra
845 4023 934 4095 hujus
948 4023 1128 4082 definitionis
1141 4024 1221 4094 uelut
1234 4025 1355 4085 totidem
1370 4026 1501 4086 diversas
1513 4028 1635 4089 defini-

500 4113 594 4172 tiones
607 4112 753 4185 accipiunt
766 4112 955 4182 Ammonius,
969 4113 1105 4171 Albertus
1118 4112 1172 4184 M,
1186 4113 1345 4184 Caietanus
1355 4116 1464 4188 aliique
1474 4118 1553 4190 apud
1568 4119 1639 4181 Co·

500 4202 632 4262 nimbric.
649 4202 692 4270 (in
709 4202 900 4261 commentar.
925 4203 1015 4277 liujus
1040 4212 1137 4260 textus
1151 4204 1311 4279 Porphyr.)
1324 4204 1364 4263 lli
1385 4218 1484 4266 nmen
1505 4208 1573 4267 DD.
1599 4228 1640 4273 et

500 4292 626 4359 Rubius,
644 4292 766 4350 Maurus
779 4292 905 4373 (Quest.
922 4292 1029 4367 philos.
1055 4305 1138 4362 tom,
1154 4307 1259 4364 quaeet.
1276 4295 1323 4367 37)
1336 4294 1428 4354 etalii
1448 4316 1537 4356 unam
1552 4312 1640 4359 tan-

499 4395 561 4439 tum
578 4382 720 4454 integram
736 4380 935 4440 definitionem
948 4380 1084 4440 omnibus
1098 4381 1155 4440 illis
1168 4383 1266 4441 verbis
1283 4383 1452 4445 existimant
1468 4388 1639 4452 contineri:

496 4472 587 4543 idque
599 4471 684 4530 valde
697 4470 844 4543 probabile
856 4470 973 4529 videtur
984 4471 1096 4529 Toleto.

533 4562 575 4634 (4)
610 4558 679 4619 Vid.
692 4558 869 4618 Conimbric.
881 4561 935 4618 loc.
947 4559 1009 4630 cit..
1023 4580 1052 4632 q.
1067 4581 1091 4630 r,
1102 4580 1130 4619 a.
1146 4582 1183 4631 r.,
1195 4561 1643 4637 ubihaealiaequedifficultates

497 4650 614 4728 egregie
625 4650 839 4711 dissolvuntur.

532 4747 573 4815 (5)
609 4738 846 4801 conimbrieib.
