3492 5525
548 479 607 528 200
735 463 861 528 Loorcx
880 462 1133 528 Minoa-Drse.
1160 476 1201 528 r.·
1222 437 1301 527 er'.
1327 478 1396 546 prm
1458 509 1461 516 .

336 674 457 723 aunem
552 641 609 711 66.
654 645 819 714 Restrr'ctio
836 645 925 711 enlm
945 653 996 712 est
1011 643 1190 714 contractio
1206 645 1338 712 termini
1357 666 1376 712 a
1394 645 1497 716 latiori
1514 646 1556 713 ad
1570 667 1627 713 an-

507 753 688 839 gustiorem
703 751 940 838 acceptionem.
958 753 1010 820 V.·
1021 773 1056 839 g.
1071 754 1158 820 torno
1168 755 1280 841 justus
1296 757 1344 820 est
1349 753 1445 840 filius
1459 755 1522 820 Det
1535 759 1628 840 atque
1720 737 1721 756 ¹

508 861 606 928 bures
626 861 712 928 caeti:
736 879 804 946 quo
828 861 861 926 in
880 862 1032 945 exemplo
1054 859 1215 928 terminus
1228 860 1316 926 horno
1341 879 1407 927 non
1432 862 1573 930 sumitur
1595 863 1626 928 in

510 977 578 1034 tota
604 987 664 1034 sua
689 969 897 1042 extensione,
923 968 981 1034 sed
1007 969 1048 1034 ad
1068 968 1175 1054 justos
1199 969 1431 1035 tantummodo
1448 978 1625 1035 coercetur.

385 1131 414 1160 u„
509 1074 773 1152 Quatuormodis
782 1074 851 1140 fleri
861 1075 1019 1142 restrictio
1029 1084 1150 1160 potest:
1161 1075 1193 1160 α)
1207 1095 1265 1160 per
1277 1076 1433 1162 adjectam
1447 1077 1626 1144 orationem
1721 1143 1722 1152 ,

328 1205 351 1236 m
383 1183 461 1266 'Qui
510 1183 650 1259 relativi,
670 1194 708 1250 ut
723 1184 810 1250 bomo
826 1183 999 1268 quentari
1009 1183 1186 1252 vrilrsn....:
1204 1181 1242 1270 β)
1263 1201 1320 1268 per
1338 1183 1523 1268 appositum
1543 1183 1629 1268 adje-

429 1284 436 1299 ‘
509 1289 634 1357 ctivum
645 1309 785 1369 nomen,
798 1303 835 1358 ut
848 1291 1263 1377 bomosortisnonpaeetad
1279 1290 1410 1356 hostium
1421 1291 1577 1357 iusursus:
1594 1287 1630 1383 γ)

511 1417 569 1484 per
586 1417 698 1464 casum
718 1397 909 1483 obliquum:
931 1418 964 1464 v.
990 1403 1024 1483 g.
1046 1396 1147 1464 Filius
1165 1396 1319 1480 Philippi,
1340 1395 1518 1466 maximam
1537 1403 1630 1463 terrae

511 1515 637 1590 partem
655 1504 793 1591 imperio
811 1525 872 1572 suo
892 1505 1092 1592 subjugavit:
1111 1499 1149 1591 ὅ)
1167 1523 1225 1589 per
1243 1503 1480 1590 appositionem
1500 1503 1631 1572 alterius

511 1611 709 1681 substantivi
724 1613 883 1688 nominis,
899 1621 937 1679 ut
949 1613 1116 1694 Apostolrer
1133 1612 1255 1678 Paulus
1272 1613 1411 1678 Romam
1426 1613 1528 1681 venit.
1722 1593 1723 1606 ¹

577 1720 667 1787 Modi
680 1732 766 1787 reete
780 1719 1059 1806 argumentandia
1073 1713 1271 1786 restrictione
1285 1718 1365 1786 satis
1373 1718 1491 1804 cuique
1506 1726 1630 1805 patent,

513 1825 679 1911 viderique
694 1835 833 1912 possunt
851 1824 936 1911 apud
956 1827 1098 1894 Lossada
1114 1821 1167 1914 (r)
1185 1836 1218 1892 et
1232 1825 1323 1896 alios.

579 1934 756 2019 Ampliatio
780 1951 859 2019 ergo
884 1951 959 2017 quae
983 1933 1174 2001 restrictioni
1197 1931 1390 2017 opponitur,
1417 1942 1467 2000 est
1490 1935 1632 2019 acceptio

452 2069 457 2078 ·
512 2040 644 2110 termini
662 2042 695 2107 in
714 2039 841 2126 largiori
859 2039 1111 2126 significatione;
1133 2040 1224 2106 velut
1242 2039 1268 2106 si
1287 2040 1394 2106 Deum
1414 2042 1557 2125 appelles
1581 2055 1636 2108 ra-

513 2150 672 2216 tionalem.
690 2147 775 2214 Cum
796 2148 883 2215 enim
909 2148 1062 2214 rationale
1087 2148 1236 2214 insensu
1263 2129 1353 2214 vocis
1381 2148 1512 2232 proprio
1535 2158 1568 2215 et
1586 2168 1635 2215 re·

514 2257 625 2324 stricto
644 2257 730 2324 idem
750 2265 847 2322 sonet
872 2253 1152 2342 aerumnarum,
1179 2255 1220 2320 de
1246 2254 1314 2319 Deo
1339 2253 1502 2338 praedicari
1522 2254 1635 2340 nequit

515 2364 577 2432 nisi
594 2383 652 2450 per
665 2363 908 2448 ampliationem
918 2381 984 2429 vox
1000 2361 1053 2428 illa
1064 2360 1207 2446 capiatur
1221 2363 1262 2428 ad
1274 2361 1522 2448 exprimendam
1535 2383 1636 2448 gene·

515 2471 609 2540 ratim
629 2470 883 2538 intellectionem
898 2466 962 2558 (2).

595 2646 614 2740 5
638 2631 788 2716 lV.-De
810 2663 1031 2724 autrannus,
1057 2645 1272 2714 Drnruunoua
1294 2665 1334 2714 ac
1356 2648 1558 2716 Renorroue.
1664 2665 1668 2678 ·

415 2852 420 2862 .
560 2792 616 2880 67.
663 2794 825 2860 Alr‘errotio
842 2801 894 2860 est
911 2792 1076 2860 distractio
1100 2793 1230 2859 termini
1254 2778 1272 2857 a
1295 2793 1423 2877 propria
1447 2794 1480 2859 in
1499 2793 1636 2861 alienam

434 2918 440 2931 ·
516 2900 801 2989 significationem.
831 2900 873 2967 V.
903 2921 938 2985 g.
969 2901 1075 2984 Equus
1097 2916 1293 2991 nannoxeus
1318 2900 1466 2967 venditur
1493 2920 1514 2967 a
1545 2902 1639 2966 Petro

517 3010 596 3077 Vidi
607 3010 759 3076 bominem
771 3024 904 3075 prerun.

371 3132 471 3184 mue,
562 3115 619 3186 68.
666 3116 842 3183 Diminutio
859 3122 911 3181 est
929 3126 1009 3183 usus
1022 3114 1153 3182 termini
1168 3114 1209 3180 ad
1224 3113 1469 3200 significandam
1486 3134 1554 3182 rem
1571 3134 1638 3183 non

519 3224 688 3299 absolute,
707 3222 766 3289 sed
784 3223 967 3289 secundum
987 3221 1083 3305 quid,
1110 3222 1143 3288 id
1166 3230 1216 3287 est
1234 3222 1275 3289 ad
1300 3219 1545 3311 significandam
1569 3241 1638 3290 rern
1725 3282 1726 3315 p

521 3332 705 3399 secundum
725 3340 851 3415 partem
871 3330 1055 3397 dumtaxat:
1077 3337 1114 3395 ut
1127 3329 1154 3395 si
1168 3328 1304 3396 dicatur:
1325 3328 1471 3412 AEtlnbps
1486 3333 1533 3397 est
1548 3332 1641 3397 albus

520 3440 756 3526 quodnam.
1725 3422 1726 3459 ³

588 3545 711 3612 Reduci
738 3552 847 3630 potest
874 3544 965 3610 facile
993 3544 1034 3609 ad
1067 3543 1323 3619 restrictionem,
1354 3542 1639 3627 quemadmodum

523 3664 615 3722 notat
628 3653 664 3719 P.
681 3652 872 3719 Dominicus
886 3650 985 3717 Sotus
999 3647 1070 3739 (3);
1091 3669 1157 3718 non
1181 3650 1269 3717 enirn
1293 3650 1422 3717 dillerre
1443 3651 1534 3718 aliter
1552 3650 1643 3718 vide-

522 3772 593 3838 tur,
624 3761 684 3828 nisi
711 3760 802 3844 quod
835 3758 991 3826 restrictio
1018 3767 1068 3825 est
1095 3757 1273 3825 contractio
1299 3759 1431 3825 termini
1457 3760 1640 3827 secundum

468 3881 473 3892 ·
522 3868 770 3943 extensionem,
789 3866 964 3934 diminutio
982 3878 1092 3935 autem
1113 3864 1222 3951 potius
1236 3867 1417 3932 secundum
1431 3869 1645 3951 comprehen-

523 3976 651 4043 sionem
670 3970 736 4063 (4),

569 4078 625 4169 69.
672 4080 811 4149 Remotio
833 4080 970 4147 demum
990 4086 1040 4145 est
1057 4076 1204 4146 avocatio
1223 4076 1352 4145 termini
1371 4098 1389 4144 a
1407 4078 1644 4165 significatione

524 4188 618 4256 realis
636 4188 721 4255 entis
738 4190 780 4254 ad
799 4186 1069 4274 significationem
1084 4187 1169 4255 entis
1182 4184 1393 4271 impossibilis
1409 4194 1443 4252 et
1456 4186 1641 4265 chimerici,

559 4390 601 4455 (ι)
638 4386 707 4444 Luc.
720 4384 769 4444 eit.
784 4403 813 4441 n.
827 4404 855 4455 9.
1079 4460 1081 4463 Ι

560 4480 601 4543 (a)
636 4473 713 4532 Vide
725 4473 759 4531 P.
776 4470 859 4545 Sylr.
872 4470 980 4542 Mauri,
996 4470 1167 4543 summula,
1180 4490 1242 4543 eep.
1259 4469 1304 4529 28.

560 4569 603 4637 (3)
639 4562 706 4622 Lib.
721 4582 749 4620 a.
761 4560 904 4621 Summael.
920 4580 983 4633 esp.
1002 4560 1126 4631 13‚leet.
1140 4581 1173 4633 3,
1188 4561 1295 4619 Notat.
1309 4559 1338 4619 8.

560 4658 602 4727 (4)
639 4652 715 4711 Fuse
727 4651 765 4709 de
778 4650 825 4709 his
840 4650 874 4708 P.
891 4650 1032 4717 Fonseee,
1048 4648 1098 4709 lib.
1113 4648 1141 4707 8.
1159 4650 1252 4709 instit.
1268 4650 1460 4720 dialecticen,
1471 4664 1501 4711 et
1512 4650 1644 4713 Losseda

526 4742 670 4805 Sammaei.
685 4740 762 4812 disp.
780 4758 810 4813 ς,
825 4759 888 4811 eep.
903 4760 930 4813 4.
