3492 5525
298 377 415 443 Anne.
431 392 492 460 4¹³·
505 376 629 443 Urnun
640 396 775 454 oancr.
791 379 929 445 [ocreae
941 398 994 445 scr
1008 397 1072 446 nus
1085 398 1158 445 rear.
1186 384 1263 464 irqq

247 561 393 645 Denique
421 562 593 647 probatur,
620 560 694 646 quia
722 561 860 647 singulae
890 572 957 631 tres
981 564 1188 648 operationes
1206 580 1302 634 suam

180 670 303 736 habent
329 668 531 736 scibilitatem
561 670 723 755 propriam
753 689 791 737 ac
817 670 1089 757 dirigibilitatem,
1114 680 1148 737 et
1165 670 1303 757 singulae

181 795 222 842 ne
240 790 365 854 errent,
385 768 544 844 distinctis
562 787 661 863 egent
680 778 801 863 regulis
815 796 853 845 ac
871 777 1063 846 directione.
1083 778 1167 866 Ergo
1185 796 1304 845 omnes

179 896 246 953 tres
265 882 470 970 operationes
488 884 670 952 secundum
690 886 853 971 propriam
872 887 1099 976 rectitudinem
1118 895 1198 954 sunt
1215 886 1306 973 obje-

180 998 272 1059 ctum
291 994 426 1059 lormale
445 992 585 1078 Logicae.

249 1100 367 1168 Antec.
393 1100 617 1168 satisridetur
635 1109 745 1185 patere
771 1102 882 1186 quoad
900 1108 978 1168 2⁸⁰¹
998 1110 1032 1167 et
1050 1108 1126 1188 3.⁸¹¹¹
1145 1102 1306 1185 operatio·

181 1227 278 1286 nem,
297 1227 335 1275 ac
348 1209 503 1293 probatur
515 1210 685 1276 manifeste
703 1230 743 1276 ex
761 1208 812 1289 iis,
834 1229 910 1294 quae
921 1209 1079 1294 disputari
1097 1210 1204 1275 solent
1222 1207 1306 1276 circa

181 1317 268 1393 illas,
282 1334 319 1382 ac
338 1317 546 1399 potissimum
557 1337 598 1383 ex
617 1319 737 1403 regulis
755 1319 1025 1395 conversionum,
1041 1316 1303 1403 oppositionum,

182 1424 451 1510 syllogismorum
471 1434 534 1492 etc.

249 1531 406 1599 Probatur
433 1542 543 1599 autem
572 1532 738 1617 speciatim
768 1534 809 1598 de
837 1518 943 1619 prima
965 1532 1155 1618 operatione
1174 1539 1305 1617 propter

182 1638 272 1717 illos,
289 1638 345 1723 qui
364 1659 436 1705 eam
461 1640 639 1746 excludunt
663 1661 681 1706 a
700 1641 844 1707 formalis
863 1641 980 1726 objecti
1004 1640 1141 1707 ratione.
1161 1640 1305 1705 Eatenus

181 1746 288 1831 prima
310 1748 432 1813 mentis
450 1747 594 1833 operatio
620 1766 685 1813 non
705 1750 787 1814 soret
810 1750 946 1815 lormale
969 1748 1137 1834 objectum
1164 1745 1302 1832 logice,

182 1862 346 1939 quatenus
365 1873 431 1921 non
451 1866 563 1941 posset
588 1857 707 1942 regulis
732 1865 765 1921 et
794 1864 862 1922 arte
882 1856 989 1941 dirigi.
1008 1855 1110 1940 Atqui
1138 1856 1217 1921 salsa
1236 1855 1305 1920 haec

182 1960 263 2029 ratio
282 1971 344 2029 est.

249 2068 335 2136 Sane
363 2078 401 2137 ut
417 2071 562 2157 operatio
589 2080 658 2139 arte
686 2070 859 2157 dirigatur,
886 2068 1059 2154 requiritur
1091 2069 1181 2153 quod
1207 2067 1304 2135 variis

182 2177 308 2254 modis,
328 2177 412 2244 bene
431 2188 463 2245 et
482 2180 580 2255 male,
601 2178 670 2245 elici
689 2180 808 2264 possit,
829 2197 866 2245 ac
884 2177 1020 2262 proinde
1038 2178 1073 2243 in
1091 2196 1129 2242 ea
1147 2175 1305 2242 elicienda

182 2286 285 2369 possit
313 2304 414 2371 agens
442 2284 598 2352 rationale
625 2305 741 2363 errare,
763 2296 861 2370 atque
885 2306 903 2351 a
931 2285 997 2351 srne
1030 2303 1092 2351 suo
1119 2284 1303 2350 deflectere.

183 2392 285 2477 Atqui
313 2394 387 2461 talis
405 2402 455 2460 est
474 2395 578 2479 prima
607 2396 727 2463 mentis
754 2394 911 2479 operatio.
942 2392 1027 2459 Nam
1055 2391 1160 2477 prima
1186 2392 1307 2460 mentis

182 2500 327 2585 operatio
346 2502 396 2568 vel
415 2510 465 2568 est
483 2504 652 2587 complexa
671 2504 722 2569 vel
742 2503 959 2586 incomplexa.
992 2502 1030 2567 Et
1048 2501 1080 2566 in
1101 2501 1308 2585 incomplexa

183 2627 287 2674 errare
316 2626 413 2694 posse
442 2610 610 2676 hominem
643 2610 813 2679 manifeste
847 2609 964 2695 probat
992 2607 1151 2684 definitio,
1181 2608 1213 2673 in
1242 2627 1308 2693 qua

183 2717 352 2784 formanda
371 2725 480 2802 potest
498 2718 680 2786 intellectus
698 2736 815 2795 errare,
838 2738 875 2786 ac
893 2735 990 2804 porro
1008 2716 1189 2802 saepissime
1208 2724 1305 2792 errat,

182 2833 221 2890 ut
252 2833 341 2909 patet
376 2823 589 2911 experientia,
620 2827 671 2892 vel
695 2826 879 2892 adhibendo
905 2843 1017 2912 genus
1054 2832 1219 2892 remotum
1248 2840 1307 2908 pro

183 2930 346 3015 proximo,
376 2931 524 2999 accidens
551 2935 622 2999 loco
649 2933 838 3000 differentiae
865 2933 1047 2999 essentialis
1075 2951 1112 2998 ac
1132 2930 1305 3016 specificae,

93 3055 99 3064 ·
183 3040 235 3105 vel
262 3040 412 3107 addendo
440 3039 656 3124 superfluum,
678 3043 728 3108 vel
756 3042 956 3107 detrahendo
987 3039 1221 3120 necessarium,
1254 3040 1307 3105 vel

183 3146 282 3213 etiam
298 3149 482 3232 copulando
496 3149 580 3215 inter
598 3167 634 3214 se
653 3149 823 3234 praedicata
842 3147 1106 3216 contradictoria.

250 3256 318 3322 Nec
332 3256 420 3322 dicas
433 3276 509 3323 cum
524 3256 671 3322 llurtado
686 3257 836 3341 logicam
852 3257 962 3323 solum
977 3273 1073 3342 agere
1088 3255 1130 3321 de
1145 3253 1307 3321 delinitio-

185 3382 226 3428 ne
244 3363 277 3429 in
295 3364 409 3430 ordine
427 3364 468 3430 ad
486 3364 657 3448 iudicium,
679 3365 711 3431 in
727 3383 794 3448 quo
810 3363 961 3430 Definitio
981 3362 1191 3447 praedicetur,
1209 3370 1308 3445 atque

184 3473 267 3538 adeo
286 3471 414 3538 nonnisi
443 3483 539 3556 prout
557 3480 607 3540 est
626 3491 699 3557 pars
726 3472 970 3558 propositionis.
998 3472 1083 3538 Nam
1108 3471 1183 3537 licet
1202 3470 1306 3556 prima

185 3579 329 3662 operatio
343 3580 385 3646 ad
402 3580 578 3646 secundam
597 3579 777 3657 ordinetur,
800 3581 885 3648 sicut
902 3579 1001 3646 etiam
1021 3578 1165 3646 secunda
1183 3579 1225 3644 ad
1243 3589 1310 3646 ter-

184 3687 277 3764 tiam,
302 3697 411 3754 tamen
431 3706 524 3754 suam
553 3689 695 3773 postulat
726 3689 888 3773 propriam
918 3687 1166 3772 perlectionem,
1194 3705 1213 3752 a
1243 3703 1308 3768 qua

171 3793 321 3884 ,deficere
348 3803 457 3880 potest
483 3814 526 3862 ex
555 3796 683 3862 defectu
713 3794 912 3863 directionis.
947 3794 1037 3860 Sicut
1069 3794 1167 3860 etiam
1202 3801 1309 3878 partes

184 3902 356 3988 cujuslibet
369 3903 522 3980 artesacti,
538 3903 664 3968 etiamsi
680 3903 721 3968 ad
735 3910 843 3971 totum
868 3902 1079 3969 conflandum
1100 3899 1306 3979 ordinentur,

184 4027 279 4075 suam
299 4009 510 4076 directionem
531 4011 724 4094 peculiarem
736 4011 915 4096 postulant,
933 4021 969 4077 ut
984 4009 1105 4076 affabre
1119 4018 1310 4076 construan-

184 4127 250 4182 tur.
272 4117 378 4194 Qrare
397 4118 493 4184 docet
519 4117 554 4184 S.
580 4115 724 4186 Thomas
752 4119 784 4184 in
815 4118 1039 4185 definitionem
1070 4116 1184 4182 cadere
1212 4135 1309 4202 posse

183 4224 357 4290 falsitatem
378 4225 520 4311 aliquam
536 4223 696 4312 (intellige
710 4226 916 4303 inchoatam,
931 4225 1103 4291 radicalem
1118 4242 1177 4291 seu
1192 4221 1311 4291 virtua-

185 4331 263 4408 lem,
284 4350 359 4416 quae
378 4333 476 4399 etiam
504 4341 595 4400 extra
617 4332 777 4419 judicium
807 4333 936 4418 reperiri
962 4330 1085 4422 potest)
1104 4351 1172 4399 non
1200 4333 1307 4399 solum

183 4442 353 4506 secundum
370 4443 453 4526 quod
464 4441 637 4507 intellectus
649 4441 870 4527 definitionem,
887 4442 982 4508 unius
999 4440 1259 4518 enuntianti,
1274 4443 1313 4506 rtt

183 4547 215 4615 si
235 4539 447 4634 definitionem
464 4548 578 4614 circuli
602 4548 751 4614 attribuit
775 4549 905 4630 bomini,
934 4550 990 4616 sed
1015 4549 1110 4615 etiam
1140 4549 1311 4637 secundum

183 4657 269 4742 quod
280 4659 387 4740 partes
399 4655 590 4741 definitionis
602 4656 760 4738 componit
774 4657 817 4723 ad
834 4657 1062 4742 inviamque
1077 4657 1177 4726 simul
1196 4656 1313 4724 socr'ari
