3492 5525
547 481 610 565 986
649 482 771 579 Loorcx
787 480 1019 557 Maron—Lm.
1038 494 1110 559 2.¹¹·,
1128 476 1218 545 Drs'n.
1235 496 1279 567 4·
1295 480 1374 547 Car.
1393 496 1464 566 3³¹²

563 668 609 733 En
627 667 822 734 sententiam
842 667 1106 733 communiorem
1126 666 1209 734 inter
1222 668 1409 735 Thomistas
1426 686 1505 735 cum
1531 666 1627 750 Caje-

496 785 575 843 lano
592 772 657 865 (r),
682 774 811 841 Modina
838 771 902 863 (2),
933 772 1104 841 Dominico
1133 775 1214 841 Soto
1241 772 1306 863 (3),
1336 774 1531 841 Ferrariensi
1561 770 1626 859 (4).

499 882 790 967 Complutensibus
807 878 872 969 (5),
888 882 1010 963 joanne
1029 902 1047 947 a
1066 882 1101 948 S.
1122 882 1250 949 Thoma
1268 881 1331 972 (6),
1351 882 1474 949 Cosma
1493 884 1537 948 de
1553 882 1629 947 Ler-

497 1010 552 1057 ma
579 988 644 1079 (7),
673 988 824 1073 aliisque,
856 990 977 1075 quibus
1005 990 1245 1075 adstipulantur
1269 1012 1288 1056 e
1319 1000 1428 1056 nostra
1458 990 1628 1055 societate

497 1098 649 1182 Vazqucz
666 1095 731 1186 (8),
753 1096 901 1162 Valentia
920 1090 984 1185 (9),
1006 1096 1097 1163 Salas
1115 1094 1201 1183 (ιο),
1219 1098 1435 1163 Alamannius
1447 1094 1479 1185 (ι
1493 1096 1540 1183 ι),
1562 1097 1629 1163 Ru·

496 1202 673 1293 bius(12),
693 1217 726 1271 et
744 1200 968 1293 Quiros(13).
988 1202 1173 1289 Eademque
1194 1214 1326 1290 putatur
1344 1224 1417 1272 esse
1437 1222 1540 1271 mens
1560 1205 1629 1269 An-

496 1312 590 1403 gelici
609 1310 759 1379 Doctoris
776 1308 864 1404 (14).

564 1420 727 1488 Caeterum
741 1439 807 1488 non
821 1439 889 1486 uno
901 1418 1001 1486 modo
1013 1420 1182 1487 sententiae
1195 1420 1294 1506 hujus
1306 1420 1431 1507 patroni
1442 1420 1626 1505 explicam.

496 1528 666 1615 quomodo
685 1528 815 1595 habitus
834 1529 886 1594 ille
905 1527 1044 1613 simplex
1063 1546 1120 1613 per
1143 1529 1281 1613 primam
1302 1528 1625 1594 demonstrationem
1723 1557 1724 1572 ι

322 1658 446 1689 wew-
496 1643 688 1723 generatuS,
709 1636 749 1701 ad
769 1635 847 1701 alias
865 1635 1091 1702 conclusiones
1110 1636 1315 1702 extendatur.
1336 1637 1421 1701 Nam
1440 1634 1589 1715 loannes
1609 1654 1626 1699 a

497 1744 534 1811 S.
553 1744 681 1811 Thoma
699 1739 785 1832 (,15),
807 1753 839 1809 et
859 1742 998 1809 Cosmas
1018 1744 1059 1807 de
1079 1744 1192 1809 Lerma
1209 1740 1284 1832 (16)
1303 1752 1450 1819 censent,
1474 1744 1626 1809 habiturn
1724 1800 1725 1835 ,

497 1850 606 1937 pertici
626 1860 658 1916 ct
676 1850 807 1917 extendi
826 1852 867 1917 ad
887 1868 988 1917 novas
1003 1850 1227 1918 conclusiones
1242 1870 1308 1918 non
1328 1870 1385 1935 per
1397 1852 1626 1935 receptionem
1724 1836 1725 1865 l

497 1960 633 2045 alicujus
652 1976 747 2025 novae
767 1960 881 2025 lormae
903 1958 1003 2035 inse,
1024 1976 1139 2025 verum
1155 1977 1212 2043 per
1230 1960 1483 2043 applicationem
1502 1978 1627 2025 novam

498 2066 737 2153 praeexistentis
759 2068 801 2133 ad
822 2086 942 2133 novam
968 2067 1136 2132 materiam
1147 2084 1165 2149 ;,
1184 2067 1285 2151 «quia
1308 2068 1348 2132 de
1366 2086 1401 2132 se
1421 2068 1475 2134 ille
1495 2068 1630 2133 habitus
1724 2130 1725 2133 ,

497 2186 531 2244 et
549 2176 652 2240 lorma
672 2174 884 2259 praeexistens
904 2174 1066 2241 inclinatio
1085 2183 1135 2240 est
1154 2175 1193 2241 ad
1213 2174 1340 2251 omnia,
1362 2194 1436 2259 quae
1450 2176 1631 2241 continen-

498 2294 551 2349 tur
568 2285 632 2349 sub
650 2300 712 2349 suo
731 2282 862 2367 objecto
881 2283 1019 2348 formali.
1040 2281 1138 2359 Quod
1166 2282 1244 2347 vero
1272 2284 1420 2367 proxime
1437 2292 1472 2348 et
1492 2284 1525 2349 in
1553 2296 1629 2349 actu

498 2391 631 2457 inclinet
649 2392 689 2457 ad
708 2392 807 2456 talem
827 2398 878 2455 vel
897 2391 996 2455 talem
1017 2390 1202 2466 materiam,
1219 2408 1285 2457 non
1299 2410 1341 2457 ex
1358 2392 1490 2457 deiectu
1510 2392 1630 2457 lormae

498 2499 700 2576 inclinantis,
730 2498 788 2564 sed
815 2516 856 2564 ex
884 2497 1010 2563 deiectu
1039 2498 1180 2563 materiae
1206 2498 1257 2563 vel
1282 2498 1435 2583 subjecti,
1457 2510 1631 2582 quatenus

499 2606 646 2675 nondum
676 2605 773 2671 haber
801 2605 927 2689 species
958 2605 1176 2681 coordinatus,
1208 2624 1267 2671 nee
1294 2625 1335 2671 ex
1365 2615 1455 2690 parte
1486 2606 1632 2691 subjecti

498 2714 705 2791 exercitium,
735 2714 825 2798 quod
853 2712 991 2798 pertinet
1021 2713 1061 2778 ad
1089 2712 1338 2798 applicationem
1365 2714 1520 2800 subjecti,
1556 2715 1632 2781 sine

498 2843 562 2908 qua
589 2825 693 2889 forma
719 2822 787 2904 ipsa
815 2839 881 2887 non
910 2820 1107 2887 sufficienter
1131 2821 1289 2906 applicata
1316 2831 1384 2897 est,
1414 2841 1474 2886 nec
1499 2823 1634 2906 species

498 2931 559 2998 illae
579 2931 777 2998 sufficienter
793 2929 966 3004 ordinatae,
988 2938 1024 2994 ut
1042 2927 1111 3013 ipse
1132 2928 1261 2995 habitus
1277 2929 1392 3012 aequali
1408 2929 1566 2995 facilitate
1588 2950 1630 2996 ex
1724 2915 1725 2921 ¹

498 3050 587 3126 parte
613 3039 748 3123 subjecti
776 3036 930 3102 inclinare
949 3034 1053 3120 possit
1072 3035 1104 3101 in
1128 3036 1210 3104 illas.
1240 3037 1338 3115 Quod
1358 3038 1513 3121 exemplo
1532 3037 1627 3112 fidei,

498 3150 538 3213 de
558 3165 645 3214 novo
672 3146 856 3212 inclinantis
876 3146 908 3210 in
929 3163 1014 3210 nova
1033 3144 1194 3209 credibilia
1219 3145 1259 3211 ab
1283 3144 1424 3211 Ecclesia
1442 3147 1627 3229 proposita,

488 3255 539 3350 ,ad
557 3273 632 3339 quae
651 3263 745 3320 antea
765 3271 831 3319 non
849 3252 1040 3328 inclinabat,
1063 3251 1234 3319 manifeste
1255 3259 1467 3320 monstratur:
1486 3261 1521 3318 et
1535 3255 1631 3320 sirni-

532 3439 573 3500 (ι)
610 3433 643 3490 ln
656 3453 719 3504 esp.
735 3451 780 3500 aa.
790 3428 841 3488 lib.
859 3439 899 3488 ιθ
912 3429 1083 3497 Posterior.,·
1098 3420 1128 3486 et
1145 3417 1210 3486 rssa.
1227 3447 1257 3500 q.
1275 3446 1318 3502 ς),
1333 3441 1388 3487 art.
1404 3449 1434 3501 4.

534 3529 574 3591 (a)
611 3523 645 3582 ln
662 3543 685 3580 ι.
702 3541 729 3580 a.
744 3539 774 3592 q.
792 3539 840 3594 54,
855 3541 881 3578 a.
902 3538 930 3593 4.

535 3620 575 3683 (ι)
611 3613 750 3681 Dialect,
772 3625 874 3682 quaest.
892 3632 917 3684 3.
935 3619 1052 3684 prooem.

534 3703 575 3776 (4)
613 3699 645 3760 ln
659 3701 709 3758 lib.
728 3709 786 3760 ι.““
800 3699 911 3758 Contra
922 3699 1017 3766 Geni„
1033 3719 1095 3770 cap.
1115 3699 1156 3770 56.

535 3797 576 3865 (ς)
614 3788 968 3868 togrc.,diap.19,q.4.

488 3893 493 3900 ’
535 3883 577 3948 (6)
612 3883 701 3957 λος..
715 3899 746 3952 q.
762 3899 850 3952 apt.
865 3899 892 3937 2.

535 3971 578 4044 tr)
613 3973 698 4046 mg,
713 3989 744 4042 a·
760 3976 909 4043 airm-

535 4062 576 4126 (8l
613 4060 646 4118 ln
667 4081 690 4118 ι.
707 4080 733 4126 a,
751 4058 829 4130 disp.
844 4058 890 4115 80.

536 4155 576 4225 (9)
612 4149 790 4218 Comment,
805 4147 861 4206 vol.
883 4167 909 4210 2,
925 4144 1000 4218 disp.
1016 4168 1045 4220 4,
1061 4167 1090 4219 q.
1105 4147 1132 4218 6,
1152 4161 1252 4220 punct.
1270 4169 1294 4220 3.

536 4247 594 4309 (ιο)
631 4239 741 4310 Quaest.
759 4257 802 4312 52,
819 4249 901 4295 tract.
922 4255 963 4306 ιο,
979 4235 1055 4308 disp.
1071 4255 1095 4308 ς,
1112 4249 1180 4296 sect.
1197 4257 1220 4295 1.

536 4333 595 4398 (ιι)
632 4329 731 4388 Summ
750 4327 875 4396 Psilos,
891 4325 977 4397 prim.
994 4337 1069 4398 part.
1090 4347 1118 4398 q.
1133 4347 1177 4399 31,
1190 4348 1217 4385 a.
1234 4347 1260 4384 a.

535 4424 595 4487 (ra)
630 4417 1026 4493 Log.,quaeat..r.Prooem.

537 4509 596 4581 (ις)
631 4509 719 4567 Curs.
734 4507 859 4575 Pteros,
876 4518 960 4576 tuci.
980 4525 1006 4576 a,
1021 4503 1097 4577 disp.
1116 4526 1157 4578 14.
1173 4519 1242 4566 sect.
1257 4525 1284 4566 a.

535 4599 595 4670 (14)
634 4618 658 4654 1.
678 4617 704 4655 2.
720 4615 750 4668 q.
769 4613 812 4667 54,
826 4616 854 4653 a.
869 4615 898 4668 4,
915 4615 1004 4666 corp„
1019 4607 1048 4653 et
1062 4594 1099 4652 ad
1116 4605 1177 4668 3³¹

536 4691 594 4756 (ις)
631 4685 700 4744 Loc.
718 4684 767 4744 cit.
784 4683 815 4742 in
832 4703 962 4756 respons.
979 4683 1016 4742 ud
1032 4683 1200 4758 Confirmat.
1218 4685 1338 4744 secundi
1348 4705 1471 4762 argum.

538 4777 597 4844 (16)
634 4773 707 4834 lbid.
723 4772 754 4832 in
771 4793 901 4846 respons.
917 4772 955 4831 ad
968 4771 1136 4847 Confirmat.
1153 4773 1265 4850 Objccl.
1281 4765 1330 4834 a&
