3492 5525
1376 253 1384 283 l

585 411 665 493 1076
698 410 824 477 merca
836 407 1065 487 Maron-lna
1083 431 1154 490 μ’,
1170 414 1261 480 Drsn.
1277 416 1323 480 6.·
1338 416 1416 481 Crto.
1438 434 1506 482 ψ

539 598 624 664 llexa
641 601 683 666 de
701 600 836 668 artificio
855 602 976 686 logico,
998 610 1034 668 ut
1051 601 1118 666 tali.
1142 600 1186 666 At
1204 609 1313 685 potest
1340 603 1472 685 adjutus
1496 601 1637 687 principiis

539 720 572 775 et
589 710 759 793 speciebus
776 710 999 787 evidentibus,
1015 710 1174 776 conficere
1191 710 1393 786 discursum,
1409 728 1478 792 quo
1492 710 1637 775 evidenter

538 816 750 885 convincatur
767 818 809 883 de
828 820 961 884 veritate
979 829 1013 885 et
1030 820 1234 885 connexione
1252 818 1388 902 objecti:
1416 818 1474 900 qui
1493 816 1638 882 discursus

538 943 596 1007 per
613 926 758 1009 seipsum
778 927 916 992 exercite
936 926 1039 992 reddit
1057 927 1257 993 intellectum
1271 944 1426 993 securum
1440 926 1482 989 de
1496 944 1552 999 eo,
1566 926 1638 1007 quod

537 1032 588 1097 hic
606 1045 638 1099 et
658 1052 745 1099 nunc
763 1036 809 1100 ita
824 1035 1003 1101 discurrere
1022 1034 1149 1109 debeat,
1171 1044 1205 1099 et
1222 1036 1306 1099 bene
1324 1034 1494 1101 discurrat.
1515 1034 1638 1109 Quodsi

537 1139 670 1206 reflexio
687 1142 793 1225 aliqua
812 1142 938 1226 signata
958 1152 990 1206 et
1008 1161 1160 1226 expressa
1181 1143 1364 1225 requiratur
1391 1140 1533 1206 sufficiet
1559 1160 1640 1223 expe-

536 1246 731 1325 rimentalis,
751 1260 784 1314 et
802 1249 965 1334 attingens
979 1250 1293 1315 demonstrationem
1311 1258 1520 1333 presentem,
1541 1258 1573 1311 et
1586 1268 1638 1311 non

519 1340 598 1419 'sub
616 1358 750 1421 nomine
766 1357 1053 1433 demonstrationis,
1076 1358 1134 1423 sod
1152 1358 1215 1423 sub
1236 1357 1368 1422 nomine
1385 1357 1547 1421 discursus
1559 1358 1639 1437 pune

532 1463 755 1529 convincentis
794 1462 870 1551 (t).
901 1465 1010 1542 Quare
1036 1466 1167 1549 ignarus
1205 1465 1329 1548 Logicae
1363 1482 1427 1529 non
1458 1464 1565 1549 zlrabet
1596 1471 1640 1527 de

533 1572 804 1637 monstrationem
823 1571 1080 1647 inadvertenter‚
1111 1571 1186 1655 quia
1209 1571 1348 1636 advertit
1375 1590 1410 1635 se
1435 1570 1597 1643 convinci,
1615 1584 1639 1633 et

451 1701 457 1713 ·
532 1696 600 1743 rem
620 1679 710 1743 aliter
736 1698 809 1745 esse
837 1698 902 1744 non
928 1696 1036 1763 posse;
1064 1698 1124 1744 nec
1142 1680 1268 1763 proprie
1295 1699 1314 1742 a
1340 1697 1431 1753 casu,
1460 1680 1538 1761 quia
1564 1679 1638 1742 illam

531 1788 683 1869 quaesivit
707 1786 825 1852 ductus
851 1788 964 1870 primis
992 1782 1152 1871 principiis
1177 1800 1211 1853 et
1239 1787 1344 1852 nativa
1374 1786 1591 1870 propensione
1613 1786 1638 1849 in

531 1914 663 1976 verum3
685 1914 746 1960 nec
761 1914 840 1979 pure
855 1894 1076 1969 materialiter,
1093 1895 1169 1977 quia
1183 1904 1328 1978 penetrat
1344 1892 1410 1959 vim
1426 1905 1458 1957 et
1472 1894 1638 1959 efficaciam

529 2002 614 2067 illius
631 2002 673 2066 ad
690 2002 969 2076 convincendum,
997 2013 1068 2068 turn
1088 2001 1244 2077 exercite,
1263 2013 1335 2068 tum
1357 2022 1414 2085 per
1439 2002 1638 2067 rellexionem

530 2108 656 2193 Logicae
676 2109 845 2186 naturalis,
865 2120 899 2174 et
926 2106 997 2175 ideo
1016 2109 1114 2174 talem
1134 2109 1316 2173 discursum
1335 2109 1396 2173 scit
1416 2110 1563 2193 praelerre
1581 2110 1640 2174 aliis

528 2215 669 2282 incertis.
687 2218 781 2283 Unde
801 2228 1029 2300 retorquentur
1043 2214 1224 2302 exempla(
1247 2214 1273 2301 ).

571 2331 679 2407 Objic.
705 2324 759 2393 3.⁰
805 2324 879 2389 Non
909 2324 1045 2389 habetur
1072 2322 1221 2398 scientia,
1245 2323 1304 2389 nisi
1323 2324 1508 2389 intellectus
1527 2344 1639 2409 cogno

527 2444 594 2498 scat
610 2452 677 2497 rem
698 2452 754 2517 per
772 2450 921 2506 causam,
944 2434 1004 2497 hoc
1022 2440 1088 2507 est,
1111 2430 1171 2496 nisi
1192 2432 1348 2495 rationem
1374 2432 1505 2495 reddere
1529 2435 1636 2502 valeat,

525 2558 584 2605 cur
595 2542 649 2605 tali
669 2541 796 2625 objecto
813 2539 949 2604 tirmiter
968 2538 1177 2613 assentiatur,
1194 2548 1226 2603 et
1236 2557 1294 2603 cur
1308 2560 1326 2602 a
1341 2540 1394 2603 tali
1410 2538 1556 2605 discursu
1566 2560 1636 2605 con-

526 2646 687 2727 vincatur3
706 2648 851 2729 itemque
871 2646 932 2711 nisi
951 2647 1194 2711 conclusionem
1214 2646 1293 2711 sciat
1313 2648 1474 2711 resolvere
1488 2649 1521 2712 in
1541 2650 1637 2731 prima

524 2753 690 2838 principia.
708 2753 753 2818 At
770 2775 807 2818 ea
826 2754 906 2819 ratio
925 2753 1013 2818 reddi
1031 2772 1095 2818 non
1118 2763 1241 2838 potest,
1265 2773 1324 2819 nec
1339 2775 1375 2818 ea
1392 2756 1547 2822 resolutio
1561 2755 1636 2822 fieri,

523 2863 584 2928 nisi
603 2865 699 2928 detur
716 2861 860 2947 cognitio
880 2861 996 2926 reflexa
1017 2880 1211 2945 comparans
1230 2861 1543 2928 demonstrationem
1564 2883 1637 2930 curn

523 2973 642 3056 regulis
663 2971 800 3055 Logicae.
823 2971 906 3054 Ergo
925 2969 989 3058 (3).

588 3085 692 3161 Reap.
708 3097 795 3143 conc.
817 3077 930 3162 Major.
953 3079 1088 3146 inrecto
1108 3097 1206 3143 sensu
1221 3079 1432 3143 intellectam.

587 3185 668 3268 Neg.
688 3188 785 3251 etiam
802 3185 933 3259 Minor„
955 3205 1069 3268 resque
1090 3186 1166 3251 satis
1186 3195 1273 3269 patet
1292 3205 1332 3250 ex
1346 3180 1439 3251 dictis¹
1454 3183 1518 3273 (4).

478 3333 485 3344 ·
564 3300 671 3376 Objic.
694 3293 747 3375 4⁰
794 3293 1062 3358 «Demonstratio
1081 3293 1254 3359 scientifica
1269 3305 1318 3359 est
1335 3295 1510 3358 formaliter
1525 3298 1611 3360 artes
1627 3333 1638 3342 -

518 3412 622 3466 ctum.
653 3401 718 3466 Sed
745 3403 953 3476 artetactum,
988 3413 1023 3466 ut
1051 3420 1091 3466 ex
1123 3403 1267 3499 terminis
1301 3401 1419 3484 liquet,
1456 3405 1638 3468 necessario

518 3510 639 3592 pendet
653 3508 694 3574 ab
712 3518 797 3585 arte,
819 3517 852 3572 et
869 3528 906 3573 ea
926 3509 1084 3592 dirigente
1103 3508 1151 3573 stt.
1176 3509 1258 3592 Ergo
1282 3509 1518 3576 demonstratio
1536 3512 1640 3576 scien-

517 3616 602 3681 tifica
623 3616 805 3682 necessario
826 3615 947 3700 pendet
966 3617 1006 3680 ab
1025 3625 1093 3680 arte
1115 3617 1239 3700 logicas
1260 3613 1325 3702 (5).

516 3745 522 3752 ·
584 3733 688 3807 Reap.
713 3725 787 3789 dist.
810 3726 924 3808 Major.
946 3723 1162 3790 Demostratio
1183 3733 1232 3788 est
1251 3724 1426 3789 formaliter
1446 3727 1640 3793 artelactum

516 3833 548 3898 in
568 3846 641 3899 actu
662 3833 785 3915 primo,
807 3851 865 3897 seu
893 3851 975 3916 opus
993 3850 1107 3914 capax,
1134 3842 1169 3896 ut
1195 3831 1249 3896 frat
1275 3831 1316 3896 ab
1335 3845 1419 3908 arte,
1447 3834 1639 3918 habensque

515 3940 724 4005 intrinsecam
752 3939 978 4004 rectitudinem
999 3949 1031 4002 et
1050 3938 1299 4021 perlectionem,
1329 3958 1429 4021 quam
1450 3957 1565 4024 posset
1591 3961 1640 4008 ars

515 4047 698 4120 intendere,
732 4065 839 4122 conc„
871 4057 921 4112 est
952 4048 1142 4111 artesactum
1174 4046 1205 4109 in
1239 4056 1311 4110 actu
1343 4049 1490 4113 secundo
1512 4051 1574 4128 ita,
1606 4061 1641 4115 ut

515 4165 655 4236 nequeat
673 4153 742 4218 steri
760 4153 820 4219 nisi
840 4173 881 4218 ex
900 4154 1075 4219 directione
1094 4153 1188 4230 artis,
1204 4171 1275 4236 neg.

546 4351 587 4418 (r)
625 4348 764 4418 loesada,
781 4347 834 4414 loc.
849 4347 910 4417 cin,
925 4368 953 4406 n.
970 4367 1016 4420 24.

545 4441 586 4508 (a)
624 4438 698 4496 Vide
712 4439 826 4506 Lossa.,
847 4436 931 4506 ibid,
948 4458 977 4495 n.
995 4457 1038 4510 25.

545 4529 586 4598 (3)
623 4528 710 4598 Apud
722 4527 850 4586 Lossada
866 4528 904 4584 ib.
917 4548 946 4584 n.
964 4547 1008 4599 23,
1029 4525 1165 4602 Confirm.

544 4611 585 4690 (45
623 4618 711 4674 Plura
726 4619 803 4690 apud
814 4617 955 4685 Losaadu,
972 4636 1001 4674 n.
1014 4617 1058 4674 26.

542 4708 585 4782 (ς)
620 4707 857 4786 ApudLoeoada,
870 4707 909 4766 ib.
927 4725 957 4768 n.
975 4723 1021 4781 27.
