3492 5525
137 132 305 218 ligentias,
326 133 500 198 increatam
525 142 558 199 et
574 143 716 215 creatas;
742 132 898 199 naturalis
926 141 1037 203 autem
1058 130 1264 216 Philosophia

139 241 333 306 materiales

205 348 327 413 Deinde
356 347 511 413 Mathesis
545 347 622 413 nihil
650 348 738 413 aliud
765 350 948 415 considerat
982 346 1041 413 nisi
1070 345 1261 413 affectiones

138 454 421 541 proprietatesque
439 456 647 538 quantitatis3
669 454 877 541 Philosophia
896 474 974 521 vero
994 454 1149 520 naturalis
1166 454 1263 518 etiarn

137 571 255 629 tractat
275 564 491 645 phaenomena
506 564 597 639 vitae,
618 561 687 628 sive
706 564 899 647 vegetativae
914 564 947 630 in
963 562 1080 648 plantis
1099 562 1166 627 sive
1190 579 1265 626 sen·

137 668 241 736 sitivae
257 670 289 736 in
308 669 520 746 animalibus,
540 670 609 735 sive
629 671 727 736 etiam
747 669 951 737 intellectivae
970 670 1168 745 in'homine,
1189 687 1264 751 quae

140 780 240 862 longe
259 779 440 853 excellunt,
456 788 493 843 ut
510 786 615 862 patet,
641 777 679 843 iis
693 778 864 855 omnibus,
893 796 968 862 quae
985 777 1201 861 quantitatem
1217 794 1266 840 re-

141 885 299 971 spiciunt3
321 886 540 971 Metaphysica
558 886 699 968 denique
723 884 862 952 rationes
881 881 1052 953 dumtaxat
1070 883 1266 950 immateria-

140 994 188 1057 les
207 1004 360 1059 sectalur.
382 993 464 1057 ilinc
482 992 704 1077 Metaphysica
731 994 773 1058 ob
793 1011 887 1058 suam
918 992 1136 1077 praestantiam
1161 990 1267 1073 prima

138 1100 337 1181 Philosophia
355 1120 373 1164 a
394 1099 557 1165 veteribus
577 1113 691 1167 vocata
709 1111 775 1182 est;
797 1111 829 1166 et
857 1099 1048 1167 Aristoteles
1072 1098 1217 1183 scripsit,
1238 1097 1264 1164 si

140 1208 331 1273 substantiae
358 1216 514 1291 separatae
543 1226 607 1273 non
639 1208 809 1283 darentur,
840 1208 1009 1294 Physicam
1038 1208 1105 1272 iore
1129 1206 1267 1288 primam

140 1314 366 1396 Philosophiam
378 1312 441 1401 (1),
457 1334 497 1379 ex
516 1334 584 1397 quo
603 1316 698 1399 plane
712 1315 860 1398 sequitur
880 1334 920 1381 ex
936 1325 1048 1380 mente
1064 1312 1264 1396 Philosophi,

142 1424 225 1487 hanc
244 1420 412 1488 scientiam
433 1422 620 1506 proximum
641 1433 715 1507 post
740 1422 996 1509 Metaphysicam
1020 1431 1130 1487 tenere
1157 1424 1265 1486 locum

106 1617 111 1623 .
140 1530 309 1613 dignitatis
325 1530 408 1595 inter
427 1530 590 1596 scientias.

186 1643 290 1704 Dices
311 1644 359 1704 r.⁰
403 1636 590 1704 Praestantia
608 1639 751 1704 scientiae
772 1657 837 1704 non
852 1658 893 1703 ex
907 1632 1036 1723 objecto
1051 1636 1158 1703 solum
1177 1634 1266 1701 colli-

140 1746 250 1829 genda
269 1756 335 1820 est,
356 1746 413 1809 sed
433 1745 530 1809 etiam
551 1764 591 1811 ex
609 1746 813 1811 certitudine.
836 1743 936 1829 Atqui
956 1744 1186 1830 Metaphysicae
1206 1744 1265 1808 rni-

142 1852 232 1944 nima
249 1852 400 1917 omnium
421 1863 471 1918 est
487 1853 662 1928 certitudo,
684 1854 786 1939 major
800 1852 962 1940 Physicae,
985 1860 1017 1917 et
1037 1852 1178 1916 maxima
1198 1851 1266 1915 Ma-

142 1958 339 2025 thematicae.
360 1960 487 2045 Ergo...
1122 2024 1124 2029 .

210 2075 315 2149 Resp.
335 2064 525 2151 Specihcam
545 2069 703 2134 rationem
732 2068 873 2133 scientiae
898 2066 1027 2134 desumi
1053 2086 1093 2133 ex
1123 2068 1263 2151 objecto:
1289 2090 1294 2101 ·

141 2192 243 2257 quare
262 2175 349 2239 illam
370 2192 442 2240 esse
461 2175 729 2259 perfectissimam
749 2177 892 2260 speciem
912 2176 1073 2251 scientiae,
1093 2177 1266 2261 cujusna-

143 2281 338 2349 bilissimum
359 2291 409 2348 est
431 2284 614 2367 objectum;
643 2286 745 2370 major
771 2302 848 2349 vero
871 2291 929 2350 aut
956 2283 1063 2350 minor
1091 2282 1263 2357 certitudo,

143 2390 352 2474 potissimum
368 2390 394 2456 si
414 2410 523 2455 sermo
542 2390 583 2457 sit
598 2392 638 2456 de
656 2391 834 2475 subjectiva
854 2400 887 2456 et
909 2394 1007 2457 relate
1026 2390 1066 2455 ad
1087 2408 1164 2466 nos,
1186 2404 1268 2473 prae-

142 2499 249 2562 valere
265 2498 376 2581 nequit
394 2518 492 2581 supra
505 2499 624 2582 obiecti
643 2500 877 2583 praestantiam.
901 2500 986 2564 Cum
1002 2518 1081 2582 ergo
1097 2498 1267 2583 Metaphy-

142 2606 209 2672 sica
223 2605 387 2689 objectum
403 2604 713 2672 excellentissimum
726 2606 877 2673 omnium
890 2606 1146 2689 contempletur,
1164 2604 1267 2670 immo

141 2725 178 2780 et
196 2713 421 2781 certitudinem
441 2714 634 2800 objectivam
654 2733 821 2782 summam
851 2713 969 2782 habeat
996 2700 1177 2782 secundum
1206 2711 1268 2779 sei·

142 2841 251 2907 psam,
272 2823 346 2889 licet
364 2822 577 2907 subjectivum
592 2823 726 2906 quidem
743 2822 903 2890 minorem
924 2821 1042 2888 habeat
1060 2821 1269 2902 obimbecil·

141 2932 266 2996 litatem
287 2929 406 3014 ingenii
427 2931 544 3006 nostri,
566 2949 733 2996 summam
753 2949 886 3014 quoque
902 2931 1038 2996 retinere
1051 2929 1135 2996 inter
1149 2948 1268 2996 omnes

143 3041 307 3103 humanas
325 3037 474 3104 scientias
493 3038 686 3122 dignitatem
701 3039 839 3104 dicenda
858 3047 921 3104 est.

203 3145 370 3229 ,Apposite
396 3147 590 3229 Angelicus:
619 3146 710 3210 Sicut
734 3147 938 3229 Philosophus
964 3146 1057 3222 dicit,
1082 3145 1116 3210 in
1151 3152 1198 3210 r.⁰
1224 3149 1268 3212 de

142 3259 273 3321 Anima
289 3252 388 3339 (text.
414 3252 460 3340 t.)
477 3272 542 3318 una
560 3254 671 3320 notitr'a
684 3255 852 3340 Μανίαν
868 3253 978 3330 alleri,
999 3257 1058 3318 out
1078 3272 1117 3319 ex
1134 3254 1269 3338 eo'quod

141 3364 191 3427 esi
206 3360 410 3436 nobiliorum,
429 3365 623 3442 autproptcr
640 3362 872 3428 certitudinem.
887 3362 925 3429 Si
937 3362 1036 3446 igitur
1048 3363 1188 3448 subjecta
1205 3359 1272 3426 sint

142 3468 279 3551 aqualia
297 3468 332 3532 in
350 3468 483 3534 bonitate
500 3473 534 3533 et
545 3470 722 3544 nobilitate,
742 3471 801 3536 illa
818 3489 888 3554 quae
904 3473 953 3536 est
967 3470 1098 3546 certior,
1118 3468 1183 3536 erit
1202 3487 1269 3534 nra·

135 3580 197 3664 jor
213 3576 326 3640 virtus.
347 3576 410 3641 Sed
426 3576 496 3652 illa,
511 3595 582 3660 quae
599 3579 762 3642 ariminus
778 3581 864 3643 certa
875 3580 914 3642 de
927 3577 1090 3643 altioribus
1100 3581 1133 3642 ct
1143 3575 1270 3664 mojori-

143 3685 218 3758 bur,
243 3683 415 3767 praefertur
431 3685 476 3760 ei,
497 3702 566 3768 quo
588 3687 639 3749 est
662 3685 762 3768 magis
788 3690 873 3750 certa
886 3687 924 3750 de
939 3683 1142 3770 inferioribus
1164 3685 1267 3751 rebus.

145 3789 238 3856 Unde
251 3791 454 3872 Philosophus
466 3793 547 3857 aicit
556 3792 592 3856 in
605 3792 659 3860 2.⁰
675 3797 719 3860 de
732 3799 830 3862 Coelo
843 3790 940 3880 (text.
957 3789 1016 3881 60)
1028 3796 1111 3878 quod
1122 3810 1269 3878 mgnum

142 3901 194 3963 cst
212 3899 336 3983 aliquid
350 3901 389 3963 de
406 3899 500 3965 rebus
516 3901 692 3966 caelestibus
705 3909 795 3984 posse
812 3920 992 3986 cognoscere
1010 3901 1105 3969 etiam
1125 3901 1224 3968 dehili
1239 3901 1273 3966 et

144 4238 155 4297 1
182 4154 222 4215 (r)
259 4148 324 4296 Ihib.
352 4151 409 4220 6.·,
439 4166 501 4222 cap.
532 4169 561 4216 r,
590 4163 660 4211 text.
689 4151 806 4211 Comm.
836 4171 862 4223 3.
891 4149 967 4209 Vide
992 4147 1060 4210 ibid.
1090 4149 1123 4210 S.
1151 4151 1268 4223 Thom,
1319 4223 1322 4230 Ι

156 4251 211 4298 ect.
228 4259 256 4310 1,
293 4260 323 4297 n.
