3492 5525
384 493 500 557 Anrrc.
525 503 584 554 υ·
601 489 657 554 De
678 487 933 554 Enrnmemre
1121 487 1178 571 367

93 673 274 740 recentium
285 671 715 762 Logicorum(1).Doctrina
727 692 804 739 vero
815 673 918 757 ipsius
931 675 1001 739 haec
1012 681 1073 738 est:
1097 671 1219 756 r.’pro

92 783 371 849 certosecundum
383 783 591 850 Alistotelem
603 777 789 847 habendum
801 801 871 848 esse
884 783 1218 868 «enthymemamon

92 907 188 956 secus
205 909 243 954 ac
265 891 516 977 syllogismum,
547 908 587 955 ex
611 888 716 954 tribus
740 888 1022 954 enuntiationibus
1048 885 1218 970 componi,

92 999 152 1062 sed
171 998 212 1062 ab
231 999 293 1064 hoc
307 997 537 1074 discriminari,
555 997 676 1080 quoda
695 995 925 1062 verisimilibus
938 1005 1001 1063 eta
1017 993 1133 1078 signis,
1154 1009 1220 1058 non

92 1123 172 1170 vero
191 1124 209 1170 a
232 1105 395 1190 principiis
409 1106 452 1171 rei
471 1103 622 1190 propriis,
642 1103 890 1170 conclusionem
919 1101 1054 1184 elicit»;
1077 1119 1137 1186 pro
1155 1117 1221 1182 qua

92 1212 241 1280 doctrina
265 1215 374 1279 laudat
393 1213 630 1298 Philosophum
644 1209 709 1300 (a).
732 1225 780 1278 2.⁰
798 1213 895 1278 docet
916 1208 1157 1277 enuntiationes
1179 1225 1220 1272 ex

92 1321 317 1387 rerislmilrbus
335 1323 367 1387 el
388 1321 490 1405 signis
510 1339 584 1392 ,non
610 1337 683 1386 esse
701 1319 838 1385 omnino
856 1330 981 1395 certas,
999 1318 1059 1383 sed
1090 1315 1221 1383 contin-

93 1439 212 1514 gentes
228 1429 278 1494 vel
298 1428 493 1514 probabiles.
512 1435 563 1514 3.⁰
577 1427 671 1494 Unde
690 1426 812 1513 colligit
828 1428 1069 1513 «enthymema
1086 1445 1106 1489 a
1120 1425 1222 1510 syllo-

94 1537 204 1620 gismo
229 1534 339 1602 stricte
364 1536 453 1602 dicto
478 1553 545 1602 non
571 1535 698 1601 differre
724 1533 847 1599 ratione
867 1535 992 1616 forme,
1013 1533 1074 1600 sed
1099 1531 1222 1596 ratione

93 1643 249 1720 materie,
271 1643 348 1726 quia
371 1643 585 1728 syllogismus
608 1641 735 1726 proprie
759 1641 882 1717 dictur,
902 1641 971 1707 sive
990 1637 1234 1720 demonstrati·v

94 1769 176 1827 uus,
198 1770 216 1817 a
236 1751 398 1835 principiis
418 1751 606 1817 necessariis
624 1749 853 1834 proficiscitur,
875 1767 911 1836 ac
934 1747 1070 1834 proinde
1090 1747 1223 1812 conclu·

94 1861 224 1924 sionem
243 1867 363 1924 certam
385 1858 502 1941 habet;
524 1857 582 1924 sed
597 1859 828 1944 enthymema,
848 1873 926 1922 cum
947 1854 1223 1940 exprobabilibus

94 1965 375 2032 enuntiationibus
392 1965 567 2043 confletur,
584 1965 784 2050 probabilem
800 1963 1042 2030 conclusionem
1058 1947 1152 2048 parit.
1170 1969 1222 2043 4⁰

93 2073 205 2149 Quare
217 2074 387 2158 licetsaepe
401 2072 433 2138 in
449 2075 694 2160 enthymemate
713 2072 818 2156 aliqua
837 2071 1017 2138 enuntiatio
1035 2071 1219 2144 omittatur,

94 2189 132 2248 ut
151 2180 220 2265 ipse
239 2179 428 2246 Aristoteles
447 2181 584 2246 aduertit
597 2177 663 2268 (3),
684 2179 716 2245 id
737 2197 802 2245 non
822 2179 897 2245 oriri
910 2197 952 2245 ex
971 2186 1085 2244 natura
1103 2177 1221 2262 enthy-

94 2289 265 2366 mematiS,
295 2287 433 2372 ideoque
463 2287 654 2354 Aristoteles
685 2289 899 2373 enthymema
929 2304 1063 2370 quoque
1095 2285 1222 2349 vocavit

92 2396 308 2479 syllogismum
331 2395 502 2461 orantium
519 2394 587 2481 (4);
613 2394 695 2460 adde
714 2396 803 2477 quod
828 2394 903 2460 alibi
927 2394 1149 2477 Philosophus·
1163 2410 1222 2456 vo·

93 2502 182 2570 cavit
200 2503 412 2588 enthymema
430 2503 642 2586 syllogismum
663 2500 725 2589 (5).

165 2609 255 2676 lianc
279 2611 475 2676 sententiam
503 2611 629 2676 dudum
659 2609 694 2675 Ρ.
716 2609 882 2695 Sylvester
899 2607 1032 2675 Maurus
1064 2608 1221 2676 tribuerat

89 2717 179 2801 Julio
197 2718 289 2784 Paeio
309 2715 373 2807 (6).

166 2825 289 2891 Verum
312 2845 391 2910 pace
410 2828 491 2893 tanti
515 2826 691 2911 scriptoris,
712 2842 831 2891 censeo
851 2825 948 2892 nimis
967 2842 1113 2908 praeceps
1132 2844 1223 2890 com·

95 2936 260 3019 munique
299 2935 567 3019 philosophorum
596 2934 707 3000 sensui
737 2933 933 2999 contrarium
960 2952 1032 2999 esse
1056 2932 1216 3018 judicium

95 3042 244 3127 Cajetani
273 3040 501 3109 Sanseverino.
531 3040 700 3125 Quidquid
732 3042 820 3106 enim
854 3039 896 3107 sit
925 3041 967 3105 de
999 3060 1076 3107 vera
1108 3048 1233 3108 mente,

131 3262 184 3329 (ι),
212 3256 361 3314 Elementa
374 3256 488 3314 Philas.
504 3255 681 3313 christetem
693 3254 812 3327 antiqua
823 3262 850 3311 el
872 3274 948 3313 noue
961 3260 1143 3328 comparata,
1163 3254 1221 3313 voi.

101 3370 127 3417 r,
143 3348 249 3421 Logic.
268 3365 299 3405 n.
319 3365 382 3419 147,
399 3366 464 3418 pag.
477 3366 522 3419 77,
537 3344 659 3417 Neapoli
677 3344 754 3417 1864.

133 3440 176 3503 (ι)
214 3435 278 3494 Lib.
295 3456 322 3503 a,
339 3436 437 3493 Prior.
469 3436 608 3508 cnalylic.
623 3453 686 3505 cap.
702 3454 746 3503 23,
762 3432 846 3499 (alins
860 3454 894 3507 ²7
917 3434 963 3492 vel
976 3439 1033 3507 29).
1050 3432 1112 3492 etr.
1134 3434 1222 3493 ctiam

96 3528 149 3585 lib.
171 3547 198 3600 1.¹
209 3526 391 3584 Rethorr'cor.
409 3544 470 3596 cap.
483 3544 510 3581 2.

135 3622 177 3687 (3)
215 3616 337 3675 Rethor.
350 3613 400 3673 lib.
419 3634 519 3686 μαψ.
535 3635 560 3672 a.

134 3706 180 3777 (4)
217 3704 257 3762 ld.
275 3703 345 3762 ibid.

135 3799 178 3867 (5)
215 3794 280 3853 Lib.
299 3794 460 3853 1:0P0sur.
476 3814 536 3865 cap.
568 3813 597 3862 r,
613 3793 664 3851 ubi
679 3792 746 3851 vide
770 3792 1038 3865 Commentatores3
1063 3794 1096 3853 S.
1118 3793 1223 3854 Thom.

94 3885 164 3953 (ibi.
180 3882 244 3941 ieet.
263 3905 287 3941 r.
308 3884 371 3955 fin);
383 3874 526 3941 Dominio.
539 3882 622 3951 Sot03
637 3884 755 3941 Petrum
773 3883 911 3953 Ponseca,
923 3882 1018 3943 instit.
1033 3885 1135 3943 dielel.
1151 3884 1228 3943 libo

91 3994 161 4046 cap.
180 3974 231 4045 363
245 3972 394 4041 Toletum,
410 3972 526 4041 Mauri,
540 3987 569 4030 et
582 3971 761 4032 Conimbrie.
779 3972 811 4030 in
825 3972 876 4029 lib.
893 3984 940 4031 ι’·
962 3974 1064 4032 Prior.
1096 3974 1127 4032 in
1146 3974 1227 4033 brevi

93 4063 225 4122 Summa
238 4061 329 4121 totius
340 4061 420 4131 libri,
434 4062 485 4119 ubi
500 4082 583 4120 mens
597 4061 762 4123 Aristotelis
776 4063 830 4122 hac
845 4083 935 4135 super
948 4084 981 4121 rc
1004 4064 1171 4136 exponitur.

134 4154 180 4223 (6)
215 4153 374 4211 «Auctores
392 4153 468 4209 salis
484 4153 671 4209 communiter
692 4152 794 4211 dicunt
815 4154 1004 4226 enthymema
1022 4174 1085 4213 esee
1103 4154 1227 4227 syllogi⁴

92 4262 198 4303 smum
212 4240 427 4315 imperfectum,
444 4241 513 4313 quia
530 4242 632 4302 reticet
643 4242 764 4301 alteram
779 4262 813 4301 ex
829 4243 999 4314 praemissis.
1009 4242 1120 4301 Verum
1130 4244 1227 4321 Julius

95 4332 208 4393 Pacius
228 4332 258 4414 in
270 4331 481 4391 commentario
496 4330 585 4402 hujus
607 4332 661 4390 loci
683 4350 744 4405 cap.
761 4322 875 4391 xxvll
895 4332 1025 4391 ostendit
1039 4354 1100 4391 non
1114 4333 1227 4405 requiri

92 4425 136 4483 ad
150 4423 356 4496 enthymema,
372 4434 406 4479 ut
419 4420 537 4480 omittat
550 4422 673 4479 alteram
687 4442 721 4480 ex
740 4422 915 4495 praemissis,
936 4422 987 4481 sed
1007 4440 1123 4482 omnem
1138 4423 1228 4497 syllo-

94 4515 231 4589 gismum
246 4524 427 4571 constantem
442 4532 477 4569 ex
490 4510 701 4573 verisimilibus
714 4532 747 4570 ue
767 4512 878 4585 signis,
897 4531 952 4571 aeu
970 4512 1090 4571 reticeat
1103 4515 1227 4572 alterum

93 4604 293 4679 premissam,
308 4620 360 4661 acu
374 4601 518 4673 exprimat
531 4616 699 4673 utramque,
716 4602 797 4673 iuxta
806 4602 969 4661 doctrinam
983 4603 1151 4662 Aristotelis
1165 4622 1229 4661 esse

94 4694 321 4767 enthymema.»
343 4690 470 4765 Sylrcst.
487 4690 595 4750 Mauri.
611 4692 736 4751 Aristol.
756 4691 857 4767 Opera
871 4694 984 4764 omnia,
1004 4706 1076 4754 tom.
1101 4715 1125 4767 r,
1145 4693 1228 4753 liba

95 4786 215 4856 Prion,
229 4802 294 4854 cap.
311 4800 355 4854 34.
718 4782 721 4791 ’
