3492 5525
325 412 401 497 1178
615 404 619 410 ’
829 414 933 477 luni-:x
954 400 1075 481 99999

316 596 405 655 cisiva
437 597 544 656 mentis
574 598 627 671 697
662 616 756 669 seqq.:
793 593 926 655 doctriua

318 684 351 742 S.
367 684 487 744 Thomae
498 686 574 743 cirea
587 685 751 745 universale
763 704 817 759 7⁰0
829 703 923 757 seqq.:

317 776 472 835 abstractio
494 775 702 835 universalium
728 794 788 835 non
804 772 926 835 999199

316 864 411 935 malis,
428 866 479 925 sed
498 864 595 925 totalis
613 885 676 939 7999
689 865 726 924 96
744 864 925 925 constituen-

314 954 386 1012 dum
401 952 565 1029 universale
580 973 638 1014 non
650 953 809 1025 requiritur
825 952 924 1013 unitas

315 1046 379 1103 sicta
394 1064 445 1119 7⁰3
458 1064 551 1118 seqq.:
566 1064 654 1104 causa
668 1042 795 1103 efficiens
809 1044 925 1103 univer·

315 1134 420 1195 salium
429 1149 474 1195 est
488 1134 651 1193 intellectus
662 1155 712 1211 7¹¹
729 1154 822 1207 seqq.:
836 1132 925 1193 varios

313 1224 466 1296 opiniones
479 1224 552 1285 circa
565 1240 674 1296 actum,
687 1243 746 1298 quo
758 1222 924 1295 universale

315 1312 437 1373 efficitur
446 1336 509 1388 713:
520 1315 556 1373 ad
569 1314 733 1375 universale
743 1313 920 1380 absolutum,

318 1403 494 1476 completum
517 1418 615 1464 tamen
638 1426 671 1465 ac
694 1404 756 1464 reri
782 1403 920 1474 nominis,

314 1493 480 1552 habendum
508 1494 614 1555 sufficit
639 1493 795 1555 abstractio
814 1496 878 1569 716,
893 1509 924 1555 et

313 1584 491 1656 probabilius
504 1584 660 1646 abstractio
677 1586 841 1647 intellectus
855 1606 923 1660 pos·

313 1672 483 1748 sititis-118:
500 1674 537 1732 ad
550 1675 715 1735 universale
732 1666 831 1735 autem
847 1676 922 1737 rela-

313 1762 407 1820 tivum
422 1782 455 1821 ac
470 1762 574 1821 retlcxe
585 1762 745 1839 cognitum,
759 1764 922 1836 requiritur

313 1850 490 1923 comparatio
504 1870 566 1925 pro:
582 1872 619 1913 an
639 1853 803 1913 universale
816 1852 854 1913 sit
867 1876 921 1915 ens

312 1940 919 2014 9969919799999991999999919999911999

193 2090 196 2093 .
312 2049 364 2105 797
386 2050 480 2103 seqq..
499 2043 545 2089 est
564 2033 708 2103 obiectum
730 2031 917 2092 scientiarum

312 2140 376 2194 797,
412 2122 477 2195 679,
511 2120 685 2195 principium
721 2120 918 2195 singularium

290 2289 293 2295 Ι
311 2232 374 2285 797,
403 2212 485 2285 prius
503 2226 536 2272 ct
552 2212 697 2285 posterius
719 2212 919 2287 singularibus

273 2344 275 2349 .
311 2304 368 2361 sub
380 2301 496 2361 diverso
510 2316 642 2374 respectu
656 2322 718 2377 797,
739 2301 918 2363 immateria-

310 2389 347 2458 le,
364 2389 569 2463 ingenerabile,
585 2390 802 2463 incorruptibile
822 2394 875 2467 728
888 2406 919 2451 et

309 2478 372 2551 678,
388 2499 421 2537 99
441 2478 620 2551 praedicabile
639 2481 702 2554 728:
724 2472 918 2541 divisio'uni-

308 2567 465 2627 sersalium
480 2568 510 2627 in
519 2568 652 2642 quinque
663 2569 853 2643 predicabilis
864 2590 918 2646 734

310 2674 392 2729 seqq.

273 2745 475 2804 univocum
495 2768 554 2821 129.

273 2835 555 2910 Usuaquid1093.

176 3083 179 3089 Ι
276 2942 535 3080 Valentlaffle)
551 3013 712 3090 Gregorius
726 3037 770 3090 79.

272 3103 439 3176 vazquez
451 3103 568 3163 Gabriel
583 3127 629 3178 79.

272 3193 500 3260 valantinus,
514 3195 666 3268 gnosticas
673 3196 720 3270 46.

272 3283 432 3340 Verbum
465 3283 658 3342 intellectuale
685 3284 732 3343 rel
758 3298 915 3357 conceptus

308 3373 415 3433 mentis
438 3393 496 3432 sao:
511 3373 633 3433 verbum
648 3373 678 3432 in
698 3373 828 3433 oratione
842 3374 913 3447 quid

306 3483 356 3532 231
380 3482 473 3536 seqq.:
497 3449 618 3522 verbuni
644 3463 861 3524 substantivum
885 3476 915 3525 et

307 3552 480 3620 adjectivum
495 3572 560 3627 234.
746 3589 747 3594 κ

270 3641 418 3701 Veritas
440 3641 511 3715 quid
526 3655 554 3702 et
566 3643 726 3717 quotuplex
733 3657 796 3718 402:
809 3642 915 3721 veritas

303 3730 489 3805 cognitionis,
515 3751 613 3791 rerum
632 3745 662 3792 et
683 3732 828 3794 sermonis
849 3752 914 3808 403,

305 3821 413 3879 veritas
427 3819 572 3880 sermonis
586 3821 695 3895 duplex
707 3841 771 3897 403:
791 3823 853 3882 sola
865 3843 916 3882 ve·

305 3907 376 3966 ritas
390 3907 422 3968 19
434 3910 645 3982 cognoaeendo,
657 3930 723 3984 quae
737 3909 830 3984 logica
842 3911 914 3970 dici·

305 4013 364 4072 tur,
379 4013 519 4060 tractatur
529 4001 576 4060 hic
589 4021 652 4075 404:
661 4002 733 4074 quid
741 4002 834 4076 logica
841 4002 915 4061 veri·

305 4104 350 4149 tas
363 4108 418 4164 404
431 4108 524 4163 seqq.:
541 4109 579 4149 an
605 4090 742 4164 importet
761 4091 915 4152 conformi·

305 4192 395 4241 tatem
414 4179 490 4240 inter
511 4194 684 4254 conceptum
713 4181 862 4240 lormalern
885 4194 915 4240 et

305 4288 376 4339 rem,
395 4269 441 4328 vel
455 4266 532 4330 inter
549 4283 721 4342 conceptum
740 4268 913 4342 objectivum

203 4363 205 4368 ’
305 4373 333 4420 99
347 4379 406 4420 rem
422 4373 510 4434 prout
531 4373 578 4422 eat
598 4360 629 4422 in
647 4380 679 4422 se
696 4361 761 4436 406:
781 4359 853 4435 quid
873 4359 914 4420 ait

1011 596 1217 670 conformitas,
1238 620 1328 671 quam
1341 598 1449 658 veritas
1472 598 1607 673 importat,
1705 632 1707 644 9

1010 685 1053 744 vel
1079 708 1118 746 an
1142 700 1174 747 et
1189 688 1337 760 quomodo
1357 688 1465 747 veritas
1481 685 1609 746 consistat

1009 772 1039 832 in
1050 775 1189 835 relatione
1201 778 1256 850 498
1268 796 1363 849 seqq.:
1374 791 1474 835 utrum
1485 773 1562 835 adsit
1569 795 1606 832 re

1009 863 1081 922 ritas
1107 864 1138 925 19
1157 865 1285 938 simplici
1306 864 1540 938 apprehensione
1560 864 1607 936 4ι8

1008 971 1103 1025 9999,
1117 968 1147 1013 99
1161 954 1256 1027 999119
1268 976 1302 1015 ea
1316 955 1419 1029 919499·
1428 974 1524 1028 aeqq‚:
1540 952 1607 1012 veri-

1008 1052 1052 1099 tas
1066 1042 1159 1114 logica
1172 1042 1289 1117 speciali
1304 1042 1416 1104 ratione
1433 1056 1478 1102 est
1495 1042 1527 1101 in
1540 1041 1607 1114 judi·

1007 1131 1051 1188 cio
1063 1133 1118 1205 498
1129 1152 1224 1205 seqq.:
1239 1155 1299 1206 999
1307 1153 1397 1193 sensu
1406 1132 1522 1193 dicatur
1531 1148 1608 1191 ater·
1705 1185 1707 1188 .

1007 1241 1045 1279 na
1066 1242 1129 1294 950:
1150 1224 1283 1283 veritatis
1305 1222 1406 1298 logicae
1423 1223 1608 1295 proprietates

1004 1311 1608 1384 439aeqq.:utrumomniaenuntiatiovera

1006 1399 1198 1461 essentialiter
1225 1415 1256 1461 et
1275 1404 1313 1461 ab
1336 1400 1495 1461 intrinseco
1519 1398 1607 1473 exigat
1705 1461 1707 1464 .

1006 1489 1158 1551 veritatem
1168 1511 1224 1565 439
1237 1510 1329 1563 seqq.:
1338 1505 1440 1551 utrum
1455 1489 1609 1562 propositio
1705 1491 1707 1498 '

1005 1580 1094 1638 semel
1111 1600 1180 1638 vera
1200 1580 1326 1639 transire
1345 1580 1437 1652 possit
1456 1579 1489 1638 in
1511 1578 1607 1637 lalsam

1003 1687 1058 1741 444
1075 1687 1169 1741 seqq.:
1185 1668 1292 1731 veritas
1306 1668 1464 1729 formaliter
1483 1668 1610 1727 conside·

1004 1771 1068 1816 rata
1081 1778 1142 1817 non
1155 1759 1284 1819 admittit
1292 1761 1413 1833 gradus,
1426 1758 1531 1818 sedeat
1539 1758 1610 1817 inus

1004 1845 1129 1906 risibilis
1141 1866 1205 1920 452,
1219 1861 1413 1908 accusantem
1428 1846 1609 1907 materialiter

1003 1936 1186 1997 considerata
1195 1936 1610 2012 451:veritasetlalaitaslogi·

1002 2046 1047 2096 ca,
1065 2041 1197 2086 concrete
1210 2041 1345 2101 sumpta,
1360 2026 1504 2087 contrarie
1521 2046 1610 2098 oppo-

1003 2133 1116 2180 999999
1129 2137 1192 2193 415:
1211 2134 1312 2179 utrum
1325 2118 1462 2178 veritates
1472 2138 1558 2178 novae
1566 2140 1611 2176 ra-

1004 2208 1610 2285 tiociniodeteganturbapseqqnveritates
1705 2215 1707 2222 '

1003 2288 1166 2358 humanum
1171 2314 1287 2370 captum
1298 2311 1469 2371 superantes
1474 2318 1610 2371 quaenam

1002 2386 1138 2445 dicantur
1146 2407 1210 2462 9513
1222 2387 1410 2447 admittendas
1421 2398 1493 2447 sunt
1505 2389 1611 2459 hujus·
1705 2433 1707 2470 ᾖ

1003 2475 1082 2535 modi
1094 2478 1231 2536 veritates
1244 2497 1308 2552 052,
1323 2490 1353 2535 99
1363 2489 1488 2551 possunt
1501 2498 1610 2551 eogno-
1705 2487 1707 2516 i

1002 2565 1611 2638 scisbhomineoperevelationisdiviuitus

1002 2657 1084 2717 saeta
1114 2674 1178 2730 935:
1208 2656 1345 2715 veritates
1373 2654 1460 2715 etiam
1487 2671 1609 2728 captum

945 2793 949 2801 ‚
1002 2747 1165 2807 humanum
1188 2745 1310 2805 minime
1321 2758 1493 2819 superantes
1515 2744 1611 2805 utilis·
1705 2740 1707 2747 ’

1002 2837 1076 2896 sime
1093 2858 1110 2896 a
1125 2838 1187 2896 Deo
1201 2836 1368 2896 revelantur
1380 2837 1444 2910 967.

965 2926 1127 2991 Victoria
1142 2925 1314 2985 Franciaeus
1323 2946 1368 3002 79.

965 3015 1180 3074 vincentina
1195 3011 1410 3074 Belloraeensis
1425 3015 1472 3087 56.

964 3104 1078 3190 Vlyas
1092 3104 1260 3165 Ludovieus
1273 3125 1319 3180 70.

964 3193 1124 3252 Volture
1139 3193 1313 3253 Franciscus
1327 3191 1421 3252 Maria
1435 3193 1554 3254 Arouet
1565 3193 1611 3251 86.

963 3283 1188 3341 vocabalum
1208 3285 1254 3344 vel
1274 3283 1414 3355 9999916
1432 3302 1493 3342 sas:
1509 3282 1614 3342 99991·

998 3392 1090 3446 guum
1104 3385 1297 3445 conoeptuum
1311 3385 1340 3430 et
1353 3391 1451 3430 ferum
1468 3391 1535 3442 122,
1551 3392 1612 3443 123,
1705 3425 1707 3439 ,

997 3461 1123 3534 etquid
1151 3462 1233 3534 prius
1258 3460 1398 3521 vocabula
1426 3460 1614 3534 significent,

998 3571 1093 3622 resne,
1109 3571 1147 3610 an
1159 3563 1316 3624 conceptus
1332 3569 1490 3623 123aeqq.:
1506 3567 1615 3610 utrum
1705 3554 1707 3625 ,

997 3660 1083 3700 voces
1091 3640 1152 3700 sint
1162 3641 1307 3712 objectum
1318 3639 1441 3714 logicae:
1456 3641 1616 3712 quomodo

997 3731 1169 3804 regulentur
1182 3752 1200 3788 a
1214 3729 1320 3804 Logica
1332 3747 1426 3790 voces.

964 3839 1212 3972 Wlaoman'
1226 3909 1392 3972 Cardinalis
1406 3909 1556 3974 Nicolaua
1570 3935 1616 3988 93.
1705 3908 1707 3955 l

961 4000 1060 4060 Wolf
1072 4000 1263 4061 Christianus
1274 4001 1321 4074 83.
1705 3998 1707 4003 ’

963 4109 1183 4241 Zahmila
1195 4178 1321 4250 Jacobua
1332 4179 1379 4238 68.
1705 4226 1707 4235 .

961 4269 1055 4329 zeno
1090 4270 1216 4340 citticus,
1253 4281 1356 4329 auctor
1385 4267 1496 4330 scboloe
1540 4273 1618 4334 stoi·
1705 4310 1707 4359 3

996 4361 1095 4420 99996.

811 4601 856 4662 Α.
877 4600 928 4662 bd.
947 4599 994 4661 D.
1013 4599 1058 4662 G.
