3492 5525
314 494 429 558 Anrrc.
455 510 512 579 5³¹·
527 496 721 558 Drvrsrouus
743 494 891 558 Termini
913 515 1034 560 onmis
1138 512 1196 574 129

112 593 434 620 Ἢ

109 666 210 736 bomo.
226 671 300 738 Non
316 671 505 753 ultimatus,
519 678 575 760 qui
590 683 623 740 et
637 678 756 742 medius
770 679 966 762 appellatur,
983 686 1033 745 est
1046 673 1116 754 ille‘,
1133 693 1234 760 quem

110 787 267 860 percepto
290 781 397 865 signo,
423 785 574 850 efformat
588 781 835 868 significationis
858 783 944 853 illius
971 785 1121 869 ignarus:
1149 791 1187 849 ut
1208 781 1236 848 si

109 881 258 949 sonitum
275 888 363 954 tubae
377 892 512 957 audiens
528 891 668 967 nescias,
685 890 765 974 quid
779 891 913 958 tandem
925 913 962 958 ea
977 911 1011 958 re
1020 890 1235 978 significetur.

111 987 222 1062 Quare
236 996 363 1062 medios
377 1000 549 1065 dumtaxat
563 1017 622 1065 seu
639 1017 706 1064 non
720 999 890 1067 ultimatos
904 1001 1030 1068 habens
1040 1007 1234 1083 conceptus,

111 1101 229 1177 quaerlt
249 1114 281 1166 et
296 1104 490 1188 irrequietus
502 1118 570 1184 est,
586 1109 692 1173 donec
708 1107 751 1174 rei
767 1107 918 1174 notitiam
935 1108 1151 1194 nanciscatur.

180 1208 233 1272 llla
248 1211 384 1278 demum
408 1233 472 1279 non
491 1216 572 1280 levis
591 1215 750 1280 momenti
763 1215 880 1282 divisio
894 1226 963 1293 est,
979 1235 1044 1300 qua
1057 1222 1238 1298 conceptus
1300 1227 1407 1276 somno

109 1311 325 1400 distinguitur
336 1321 368 1385 in
374 1322 542 1406 formalem
557 1330 590 1386 et
603 1323 799 1410 objectivum.
817 1323 976 1389 Formalis
992 1331 1042 1388 est
1060 1330 1154 1388 actus
1168 1321 1239 1405 ipse
1274 1301 1434 1357 ‘'⁰⁵³⁶‘'*m

109 1423 309 1506 cognitionis
326 1427 491 1514 objectum
509 1413 679 1512 quodlibet
693 1431 974 1514 repraesentantis3
990 1428 1172 1515 objectivus
1187 1438 1239 1495 cst

111 1529 280 1613 objectum
314 1544 411 1616 prout
440 1536 495 1602 tali
528 1545 689 1621 conceptu
720 1557 928 1622 expressum.
960 1539 1042 1605 Rem
1077 1537 1238 1621 intelliges

110 1635 324 1705 similitudine
339 1644 506 1722 vocabuli,
524 1663 600 1711 nam
618 1645 716 1710 etiam
730 1645 894 1712 terminus
905 1647 1001 1712 oralis
1014 1644 1115 1712 dividi
1130 1652 1239 1729 potest

111 1741 143 1806 in
167 1745 340 1816 formalem
356 1760 387 1816 et
401 1752 620 1836 objectivum:
638 1761 671 1818 et
694 1754 837 1820 formalis
851 1764 901 1819 est
920 1753 991 1837 ipsa
1005 1771 1089 1829 vox,
1112 1751 1240 1818 sonitus

112 1850 271 1920 nimirum
285 1859 415 1940 qualem
431 1859 581 1943 superius
595 1861 846 1944 descripsimus,
863 1880 938 1945 quae
959 1859 1138 1948 assumitur
1155 1869 1240 1924 tam-

110 1977 215 2041 quam
238 1961 486 2033 instrumentale
504 1967 639 2053 signum
655 1970 695 2034 ad
709 1969 831 2052 aliquid
854 1968 1125 2054 significandum
1150 1967 1241 2053 obje-

110 2068 221 2134 clivus
237 2091 316 2137 vero
336 2090 386 2139 res
408 2075 478 2157 ipsa
496 2078 681 2142 secundum
704 2077 843 2144 modurn
860 2089 894 2144 et
917 2077 1074 2162 gradum,
1092 2093 1159 2160 quo
1183 2092 1241 2160 per
1338 2103 1341 2108 ·

111 2175 177 2240 tale
191 2180 390 2246 vocabulum
402 2181 604 2266 exprimitur.
621 2184 665 2249 lta
677 2202 754 2248 cum
766 2184 870 2249 bouem
882 2183 1047 2267 concipio,
1060 2163 1247 2266 conceptus*

108 2287 260 2358 formalis
274 2299 325 2354 est
340 2307 434 2355 meus
449 2301 540 2356 actus
554 2291 768 2376 cognitionis,
786 2293 941 2357 nimirum
954 2293 1073 2358 entitas
1088 2291 1240 2374 quaedam

109 2397 290 2480 spiritualis
305 2396 466 2464 inhaerens
478 2399 672 2476 intellectui,
688 2402 784 2485 cujus
800 2409 914 2466 natura
929 2418 990 2466 suo
1009 2401 1082 2464 loco
1101 2399 1244 2464 declara-

109 2505 217 2585 bitur;
234 2506 418 2590 objectivus
436 2526 513 2572 vero
529 2515 577 2572 est
592 2508 653 2574 bos
667 2504 746 2594 [ipse
773 2496 978 2585 intellectus,
1001 2516 1099 2593 prout
1117 2508 1244 2574 intelle·

108 2625 198 2678 ctus.
212 2613 313 2678 Porro
324 2632 401 2678 cum
413 2614 576 2699 injudicio
587 2633 692 2680 unum
703 2624 903 2699 conceptum
914 2617 955 2681 de
966 2615 1028 2681 alio
1039 2613 1244 2680 affirmamus

108 2733 375 2805 autnegamus,
392 2740 457 2788 non
478 2721 682 2789 affirmamus
700 2733 757 2789 aut
781 2724 943 2810 rlegamus
960 2730 1159 2808 conceptum
1179 2722 1244 2788 ior·

109 2830 238 2895 malem
253 2829 295 2895 de
314 2830 458 2907 formali,
475 2832 534 2896 sed
554 2831 755 2916 objectivum
776 2833 817 2897 de
836 2831 1013 2918 objectivo.

489 3094 790 3177 ARTICULUS
817 3096 871 3189 V..

288 3262 439 3353 Variae
454 3262 701 3329 divisiones
719 3244 904 3329 termini
922 3262 1076 3328 ortilis,

158 3494 219 3542 21.
270 3474 591 3560 Dividiturprlmoin
605 3476 830 3561 significantem
845 3484 878 3541 et
891 3476 1018 3541 inanem
1033 3494 1091 3542 seu
1113 3493 1178 3540 non
1203 3473 1246 3540 si·
1305 3498 1420 3547 ramnus

110 3584 346 3669 gnificantem.
358 3582 446 3648 Prior
454 3591 505 3651 est
513 3584 576 3658 ille,
588 3582 644 3666 qui
654 3582 774 3667 aliquid
785 3582 960 3667 significat,
973 3594 1009 3649 ut
1018 3585 1173 3665 templum,
1185 3584 1244 3648 sol.
1261 3571 1441 3695 ffifflgff

110 3694 192 3757 Non
218 3689 407 3774 significans
431 3700 498 3767 est,
524 3690 579 3773 qui
606 3692 683 3757 nihil
707 3690 886 3775 significat,
903 3710 962 3757 seu
985 3710 1050 3757 non
1075 3689 1247 3755 adhibetur

112 3814 291 3880 tamquam
307 3798 440 3882 signum
455 3798 497 3862 ad
511 3798 692 3881 quidquam
708 3797 779 3865 aliis
793 3798 1069 3865 manifestandum
1085 3818 1120 3863 v.
1136 3816 1172 3882 g.
1187 3795 1248 3861 bli-

111 3906 197 3983 clri,
225 3905 433 3987 scindapst
452 3923 527 3989 quae
552 3924 651 3973 voces
678 3908 803 3990 nullam
828 3924 869 3972 ex
897 3907 1072 3973 hominum
1096 3905 1247 3971 instituto

114 4015 245 4081 liabent
258 3996 547 4099 significationem.

161 4138 223 4189 22.
271 4120 394 4187 Deinde
407 4122 568 4189 terminus
586 4120 682 4187 oralis
695 4120 849 4191 dividitur
862 4120 895 4186 in
919 4119 1087 4187 univocum
1105 4127 1138 4185 et
1151 4118 1248 4205 aequi·
1308 4140 1420 4188 univoco

112 4226 309 4317 vocum(1).
330 4229 497 4297 Univocus
524 4240 575 4297 est
594 4231 659 4308 ille,
683 4230 739 4313 qui
763 4232 854 4315 plura
884 4229 1046 4314 significat
1066 4229 1247 4295 secundam
1276 4214 1443 4273 Milium·-

152 4432 198 4493 (r)
237 4425 341 4485 Plures
356 4424 478 4496 antiqui
495 4423 644 4485 Dialectici
657 4424 795 4485 dividunt
816 4424 942 4483 univoco
956 4423 988 4482 in
1011 4424 1201 4483 univoconta‘a
1220 4436 1250 4481 et

114 4520 283 4577 univocatio
288 4540 299 4583 ,-
313 4529 341 4573 et
354 4516 501 4587 aequivoca
515 4515 546 4574 in
559 4517 772 4589 aequivocanlia
786 4528 815 4573 et
829 4516 1022 4588 aequivocata.
1039 4513 1169 4572 Univoca
1184 4514 1249 4573 uni·

112 4606 256 4669 vocantia
271 4618 341 4663 sunt
355 4602 472 4663 termini
487 4604 618 4673 univoei3
634 4605 757 4663 univoca
775 4624 845 4663 vero
865 4603 1022 4663 univocatio
1035 4615 1106 4661 runt
1119 4622 1165 4661 res
1180 4602 1250 4674 ipsoe

114 4694 256 4757 univocis
280 4694 413 4753 terminis
436 4692 621 4767 significatae,
647 4694 786 4755 nimirum
810 4694 868 4753 illae
886 4703 1085 4765 quarumque
1104 4712 1250 4753 commune

114 4807 223 4851 nomen
246 4794 307 4856 est,
331 4795 359 4843 ol
381 4784 458 4845 ratio
478 4785 651 4845 substantio
675 4784 720 4853 (id
744 4788 787 4845 eal
812 4799 925 4845 naturae
946 4798 976 4843 et
997 4784 1150 4856 ⁴objectirae
1165 4782 1251 4841 reali·

1163 4898 1184 4957 <l
