3492 5525
253 494 332 561 Cae.
351 518 419 581 pu..
435 497 485 561 De
498 516 709 561 tenemusne
722 514 830 573 arque
844 514 971 563 senon.
987 514 1101 561 causes
1154 493 1216 578 639

124 681 324 749 interimunt
342 682 605 749 immaterialium
626 682 970 765 contemplandorum.
994 680 1078 747 Nam
1099 700 1140 746 ex
1162 683 1260 746 luxu·

124 788 184 865 rio
199 789 303 855 oritur
319 789 441 855 eaecr'bs
454 790 584 867 neentis,
598 790 707 856 scribit
721 788 918 874 Angelicus‚
934 808 1006 873 quae
1018 789 1111 873 quasi
1123 788 1262 854 totaliter

124 896 381 979 spiritueirbrum
407 898 556 963 bononem
580 896 781 982 cognitionem
807 896 968 978 excludit;
994 916 1034 963 ex
1052 898 1130 980 guia
1156 899 1259 962 autem

127 1004 279 1069 hebetudo
299 1023 424 1081 sensus,
447 1022 518 1089 quae
535 1006 640 1070 reddit
654 1002 807 1069 bominem
828 1004 961 1069 debilem
978 1004 1065 1069 circa
1083 1001 1263 1091 hujusmodi

127 1109 356 1195 intelligibilia.
377 1112 418 1177 Et
432 1120 452 1177 ι’
466 1130 612 1178 conuerso
629 1111 773 1193 opposite
790 1110 938 1187 virtutes,
963 1112 1084 1177 scilieet
1104 1111 1264 1176 abstinen-

129 1220 180 1283 tia
197 1222 226 1283 ei
241 1218 382 1293 castilas,
402 1219 538 1285 maxime
554 1219 729 1302 disponunt
744 1218 897 1284 hominem
914 1220 959 1284 ad
974 1219 1194 1304 perfectiorem
1212 1218 1262 1283 in-

131 1325 315 1391 tellecluaiis
331 1326 519 1409 operahbnis
537 1323 550 1413 (
578 1323 604 1415 ).

187 1448 258 1518 145.
288 1415 293 1423 ’
308 1432 424 1499 Causae
442 1440 585 1499 externae
604 1432 795 1518 ignorantiae
815 1442 847 1499 et
861 1451 1010 1500 errorum
1026 1432 1168 1498 revocari
1185 1451 1262 1517 pos-
1274 1448 1356 1494 crum
1374 1457 1476 1493 arma.

133 1548 215 1606 sunt
232 1541 271 1606 ad
287 1540 423 1607 aliorum
438 1538 680 1625 magisterium,
694 1540 763 1624 qui,
781 1558 846 1625 qua
863 1560 956 1617 voce,
973 1561 1037 1624 qua
1053 1539 1193 1625 scriptis
1205 1552 1260 1609 aut
1301 1521 1450 1637 'zssfflf'

133 1665 271 1713 erronea
286 1647 420 1723 docent,
438 1656 496 1714 aut
510 1660 596 1715 certe
610 1667 761 1733 perversa
776 1648 934 1713 methodo
948 1648 1099 1714 scientias
1114 1648 1260 1714 tradunt.
1294 1676 1395 1718 reum
1415 1677 1463 1706 me·

134 1754 213 1831 Qua
240 1755 272 1822 in
302 1774 335 1821 re
365 1763 514 1840 tempora
543 1775 618 1821 vere
650 1756 830 1839 miserrima
862 1754 1049 1841 attigimus,
1079 1755 1112 1821 in
1141 1753 1261 1841 quibus
1331 1732 1419 1778 ¹¹²⁰d¹¹⁸'

135 1873 260 1929 erectas
275 1880 520 1946 quaquaversus
536 1863 707 1929 cathedras
722 1863 831 1928 omnis
850 1862 1043 1947 pestilentiae
1057 1862 1210 1928 videmus
1222 1863 1262 1928 ad

136 1970 315 2055 perniciem
335 1970 526 2054 improvidae
541 1972 745 2055 juventutis,
767 1979 800 2035 et
818 1969 986 2036 interitum
1006 1964 1101 2037 avitae
1121 1970 1207 2035 Fidei
1220 1988 1263 2035 ac
1302 1996 1308 2009 ·

136 2074 303 2161 religionis
329 2085 362 2142 et
387 2078 550 2143 bonorum
579 2096 710 2145 morum
733 2096 886 2161 veraeque
915 2076 1145 2161 Philosophiae.
1175 2075 1263 2152 Quid

136 2193 250 2250 autem
270 2183 375 2250 dicam
395 2186 435 2250 de
454 2185 530 2251 stilo
549 2184 727 2261 scribendi,
747 2184 970 2268 loquendique
987 2202 1024 2249 ac
1042 2183 1084 2250 de
1104 2183 1263 2249 methodo

136 2290 324 2375 disciplinas
338 2291 504 2368 tradendi,
525 2311 599 2376 quae
618 2276 747 2358 videtur
766 2292 903 2357 omnino
925 2292 966 2357 ad
985 2290 1138 2357 tenebras
1157 2290 1264 2366 ollun-

136 2398 280 2475 dendas,
302 2400 343 2464 ad
362 2400 600 2485 corrumpenda
620 2397 750 2484 ingenia
768 2410 803 2466 et
817 2400 857 2464 ad
872 2417 997 2465 errores
1012 2398 1121 2465 omnis
1134 2394 1263 2483 generis

137 2507 277 2590 impune
296 2508 497 2592 spargendos
511 2507 719 2592 excogitata?
736 2506 821 2573 Nihil
837 2516 887 2573 est
906 2508 939 2572 in
960 2507 1175 2591 plurimorum
1196 2526 1265 2571 ma-

137 2611 318 2697 gistrorum
338 2614 464 2699 scriptis
486 2624 571 2680 recte
589 2614 780 2692 definitum,
807 2614 885 2679 nihil
905 2627 979 2698 apte
1003 2613 1163 2688 divisum,
1185 2613 1262 2678 nibil

139 2722 183 2786 ad
210 2739 337 2788 severas
364 2722 613 2807 argumentandi
640 2722 730 2807 leges
756 2734 926 2802 exactum,
950 2722 1008 2788 sed
1030 2722 1141 2788 omnia
1164 2719 1266 2805 aequi-

139 2829 367 2896 vocationibus
387 2832 497 2914 plena,
519 2832 693 2896 verborum
723 2831 863 2913 phaleris
887 2851 924 2897 ac
954 2829 1157 2915 metaphoris
1174 2830 1266 2894 invo-

140 2938 227 3014 luta,
252 2937 394 3003 oratorio
420 2938 495 3002 stilo
525 2937 737 3023 amplificata,
768 2938 934 3004 levissime
957 2946 1111 3015 tractata,
1143 2947 1179 3002 ut
1207 2955 1268 3002 nec

140 3044 257 3111 intima
277 3043 320 3109 rei
342 3044 465 3110 viscera
484 3061 712 3129 supremaeque
733 3064 839 3112 causae
858 3055 1006 3131 pateant,
1028 3064 1087 3111 nec
1121 3043 1266 3109 adversae

142 3151 302 3228 rationes,
324 3171 399 3236 quee
418 3153 548 3219 obstare
566 3163 703 3238 possent
721 3173 757 3219 ac
777 3153 905 3220 nebulis
925 3163 1071 3219 mentem
1090 3153 1265 3226 offuscare,

140 3257 359 3343 dissipentur,
378 3279 436 3326 nec
455 3260 590 3345 proinde
609 3260 728 3328 veritas
742 3261 775 3326 in
790 3279 851 3326 suo
870 3261 1044 3346 splendore
1063 3261 1267 3326 innotescere

142 3375 257 3448 queat.
309 3419 314 3430 .

179 3604 220 3664 (ι)
257 3597 289 3656 S.
306 3597 424 3668 ihom„
440 3619 466 3658 a.
483 3618 509 3657 π.
525 3619 554 3671 q.
573 3612 727 3672 15,art.3.
