3492 5525
550 427 610 500 ano
738 408 864 486 ionica
884 408 1137 489 lirion-zum.
1161 424 1205 489 a*
1226 412 1305 489 Cxe.
1330 429 1401 508 μὴ

367 620 424 666 ee·
554 610 606 684 4.⁰
649 603 874 681 Quamobrem
894 607 1085 691 priusquam
1104 608 1345 693 propositiones
1364 607 1406 673 de
1424 608 1525 675 verbo
1544 612 1632 698 adje-

508 710 595 776 ctivo
614 730 650 778 ac
668 713 710 778 de
726 714 873 782 secundo
891 714 1056 801 adjacente
1079 722 1312 782 convertantur
1333 716 1534 783 resolvendae
1552 728 1631 785 sunt
1723 772 1724 781 ,

508 817 541 883 in
558 818 635 886 alias
653 819 696 887 de
713 820 809 888 tertio
826 822 1006 908 adjacente,
1023 821 1215 909 explicando
1229 820 1333 909 logice
1356 822 1518 909 quidquid
1537 824 1632 893 invo-
1723 842 1724 851 ¹

508 928 614 993 lutum
634 936 733 1012 atque
755 928 951 1014 implicitum
971 932 1060 1007 latet,
1090 939 1127 996 ut
1153 928 1200 999 sic
1225 929 1350 1017 possint
1378 932 1438 1000 rite
1460 934 1630 1019 transponi

506 1034 635 1101 termini
649 1031 714 1124 (r).
735 1037 805 1103 lloe
823 1037 925 1105 modo
942 1032 1138 1105 sententiam
1157 1040 1243 1105 illam
1264 1038 1383 1107 Christi
1398 1038 1542 1108 Domini:
1566 1042 1633 1123 Qui

505 1142 715 1225 sequiderme,
731 1163 795 1210 non
807 1146 949 1212 ambulat
957 1146 991 1211 in
1003 1146 1153 1225 tenebris,
1167 1146 1257 1231 prius
1266 1147 1298 1213 in
1309 1149 1394 1213 hanc
1405 1150 1559 1215 resolves:
1575 1150 1632 1233 qni
1723 1164 1724 1199 ὲ

504 1249 715 1333 sequinrme,
733 1272 795 1319 non
808 1257 856 1318 est
865 1254 1030 1319 ambulans
1044 1255 1078 1319 r'n
1093 1254 1244 1336 tenedon·
1255 1274 1291 1321 ac
1300 1255 1375 1322 dein
1389 1250 1561 1322 convertes
1570 1256 1627 1323 sic:
1723 1262 1724 1333 1

504 1359 603 1426 Nemo
612 1359 777 1425 ambuans
793 1361 828 1425 in
848 1362 981 1427 tenebris
997 1362 1149 1437 esthemo,
1165 1363 1222 1447 qui
1237 1382 1285 1428 nre
1299 1363 1450 1449 seqnitur.
1470 1365 1516 1429 lta
1530 1365 1627 1430 etiarn
1723 1364 1724 1417 ἶ

504 1465 579 1530 has:
602 1467 678 1532 Hae
695 1468 805 1533 dorm
818 1472 868 1535 est
881 1470 974 1551 renis,
995 1468 1122 1535 Aurum
1136 1474 1185 1535 est
1200 1470 1234 1535 in
1248 1488 1409 1554 erumna,
1431 1470 1520 1555 prius
1535 1473 1626 1538 resol
1723 1503 1724 1517 π

503 1590 580 1639 vere
598 1592 636 1640 ac
654 1576 818 1659 complere
832 1576 878 1641 ita
900 1576 1011 1643 debes:
1033 1578 1108 1643 Haec
1131 1578 1240 1643 domus
1261 1580 1310 1643 est
1327 1578 1436 1662 arnna
1457 1596 1507 1644 res
1534 1580 1629 1661 regis·

503 1682 629 1747 Aurum
646 1687 695 1750 est
709 1683 833 1767 aliquali
845 1684 980 1750 existens
998 1684 1032 1749 in
1055 1702 1216 1766 crrrmeno,¹
1234 1704 1272 1752 ac
1291 1694 1405 1771 postea
1425 1687 1568 1753 resolves
1589 1706 1629 1752 ex
1723 1688 1724 1737 ἒ

503 1787 682 1873 praemissis
693 1790 826 1876 regulis.
1327 1872 1329 1879 Ι
1723 1804 1724 1877 j

257 1980 260 1985 Ι
361 1920 416 1970 n·-
550 1903 598 1981 §.⁰
642 1895 926 1983 Qrotiescurnque
954 1898 1092 1965 verbum
1122 1898 1192 1965 sive
1224 1900 1421 1984 adjectivum
1450 1898 1522 1966 sive
1550 1902 1629 1967 sule
1723 1884 1724 1940 i

502 2002 682 2071 stantivum
716 2007 892 2091 reperiatur
919 2007 951 2072 in
979 2008 1141 2091 praeterito
1166 2009 1217 2073 vel
1236 2008 1347 2074 futuro
1365 2016 1530 2091 tempore,
1552 2018 1627 2074 ante
1723 2060 1724 2097 ,

500 2112 751 2179 conversionem
768 2113 1000 2181 resolvendum
1017 2123 1067 2181 est
1080 2115 1114 2180 in
1133 2123 1267 2200 tempus
1282 2132 1426 2199 praescns
1440 2116 1624 2183 secundum
1723 2144 1724 2199 3

501 2238 555 2295 ea,
576 2238 651 2303 quae
669 2221 750 2286 circa
769 2222 908 2289 verbum
928 2222 1001 2289 alibi
1021 2220 1259 2289 declarabimus
1286 2220 1350 2309 (2).
1381 2222 1423 2290 V.
1448 2242 1483 2308 g.
1509 2222 1628 2289 Nullus
1723 2222 1724 2255 ³

494 2326 658 2412 preersuit
669 2347 783 2408 senex,
804 2330 996 2397 resolvenda
1012 2330 1101 2414 prius
1119 2337 1169 2395 est
1187 2330 1219 2395 in
1235 2330 1334 2395 hanc:
1352 2329 1470 2396 Nullus
1482 2337 1564 2413 perer
1580 2336 1629 2397 est

498 2434 631 2520 altenis,
651 2437 710 2521 qni
722 2438 795 2521 ficit
813 2456 920 2503 senex.
942 2438 979 2506 Et
998 2437 1065 2522 pari
1085 2438 1186 2503 modo
1213 2439 1297 2502 lraec:
1318 2436 1436 2505 Nullus
1453 2456 1548 2503 senex
1564 2439 1629 2504 erit
1723 2458 1724 2495 ι

495 2550 591 2624 perer,
606 2543 797 2628 explicanda
816 2546 907 2629 prius
925 2552 975 2609 est
994 2563 1051 2629 per
1074 2546 1173 2611 hanc:
1189 2543 1307 2612 Nullus
1324 2562 1419 2609 senex
1436 2548 1486 2609 est
1489 2546 1625 2631 futurus
1723 2580 1724 2599 ,

494 2659 593 2732 puer:
607 2670 643 2716 ac
662 2652 736 2718 dein
753 2653 842 2718 nullo
857 2634 990 2737 negotio
1008 2652 1154 2719 converti
1171 2651 1302 2736 poterit.
1723 2732 1724 2735 Ἴ

356 2777 411 2837 aa.
543 2756 593 2827 6.·
638 2758 786 2844 Denique
818 2760 997 2846 propositio
1030 2760 1202 2846 singularis
1229 2759 1374 2826 converti
1404 2769 1513 2844 potest
1545 2758 1625 2826 sim-
1723 2791 1724 2844 4

498 2867 637 2951 pliciter,
675 2868 702 2935 si
734 2876 806 2934 tum
838 2868 1049 2952 praedicatum
1079 2880 1151 2946 tum
1180 2867 1365 2952 subjectum
1397 2867 1462 2934 sint
1492 2867 1622 2933 termini
1723 2877 1724 2910 l

497 2976 694 3060 singulares,
716 2984 771 3041 ut:
792 2977 906 3041 Petrus
923 2979 971 3041 est
992 2976 1041 3041 hic
1063 2976 1168 3041 horno:
1187 2974 1248 3040 Hic
1271 2975 1359 3040 homo
1380 2979 1426 3040 est
1441 2975 1566 3043 Petnes.
1587 2975 1622 3040 Si

497 3101 574 3148 vero
592 3083 700 3149 solum
719 3083 904 3168 subjectum
923 3083 965 3149 sit
984 3083 1163 3169 singulare,
1184 3081 1384 3148 convertitur
1404 3083 1454 3146 vel
1475 3100 1532 3166 per
1550 3101 1624 3167 par·
1723 3167 1724 3170 Ἴ

495 3189 663 3255 ticularem
689 3190 741 3255 vel
767 3208 824 3275 per
851 3191 1084 3268 universalem,
1113 3198 1210 3275 prout
1233 3187 1426 3256 affirmativa
1451 3189 1546 3255 luerit
1569 3192 1621 3256 vel
1723 3215 1724 3280 1

497 3297 658 3381 negativa.
675 3298 717 3363 V.
732 3317 767 3382 g.
784 3298 897 3363 Petrus
911 3302 957 3364 est
973 3297 1077 3364 boen:
1097 3298 1180 3382 Ergo
1197 3296 1315 3380 aliquis
1334 3297 1421 3362 homo
1434 3300 1482 3362 est
1492 3297 1620 3363 Petrus:

494 3404 607 3470 Petrus
620 3423 683 3471 non
701 3408 750 3471 est
764 3406 863 3488 lapis:
883 3425 961 3491 ergo
981 3405 1088 3470 nullus
1106 3405 1187 3486 rapis
1205 3407 1254 3470 est
1267 3404 1394 3473 Petrus.

561 3511 596 3577 Si
623 3520 733 3579 autern
762 3514 870 3580 solum
900 3511 1109 3598 predicatum
1138 3511 1234 3577 luerit
1261 3511 1441 3597 singulare,
1471 3513 1618 3578 converti
1723 3503 1724 3508 ’

493 3619 628 3705 quidem
648 3620 782 3704 poterit,
802 3620 829 3685 si
848 3619 1043 3686 affirmativa
1063 3620 1104 3685 sit
1124 3618 1318 3704 propositio,
1340 3628 1376 3685 ut
1395 3627 1501 3705 patet,
1523 3619 1619 3686 mini·
1723 3609 1724 3700 ἷ

494 3747 548 3793 me
576 3746 653 3794 vero
682 3727 713 3793 vi
740 3727 849 3804 formae
876 3727 901 3793 si
928 3728 970 3794 sit
989 3726 1151 3813 negativa.
1176 3728 1291 3811 Neque
1319 3726 1406 3792 eninr
1431 3728 1518 3792 valet
1541 3727 1615 3794 ista:
1723 3721 1724 3742 ¹

492 3835 621 3920 Alr'qne'r
639 3835 726 3901 bomo
742 3853 805 3900 non
823 3839 871 3900 esi
883 3836 1015 3901 Petrus:
1034 3853 1104 3917 ergo
1123 3834 1235 3900 Petrus
1253 3851 1315 3899 non
1333 3837 1382 3899 est
1397 3833 1497 3900 bonu.
1520 3832 1616 3902 Ratio

413 3945 417 3952 ’
491 3942 640 4008 omnium
658 3943 776 4008 horum
791 3941 913 4008 nemini
934 3960 1000 4008 non
1019 3940 1194 4008 innotescit
1212 3959 1254 4006 ex
1272 3941 1367 4007 dictis
1385 3937 1450 4028 (3).
1473 3942 1557 4008 Fuse
1576 3944 1617 4009 de

491 4048 541 4115 his
558 4069 595 4116 ac
614 4051 765 4136 praeclare
784 4068 875 4116 more
893 4067 955 4115 suo
976 4047 1263 4116 conimbricenses
1280 4043 1344 4136 (4).

494 4243 759 4280 Ὗ..-

525 4344 567 4404 (ι)
602 4335 680 4395 Vide
693 4356 793 4408 supra,
805 4335 882 4408 disp.
896 4343 946 4404 a.¹,
966 4355 1029 4408 cap.
1049 4355 1073 4406 r,
1088 4347 1145 4395 art.
1164 4356 1191 4409 3.

524 4427 566 4499 (a)
602 4423 679 4485 Vide
691 4424 827 4498 superius
840 4425 927 4491 dicta,
943 4422 1019 4496 disp.
1035 4443 1062 4495 a,
1077 4445 1140 4498 cap.
1160 4439 1257 4496 1‚art.
1273 4443 1300 4500 3.

523 4520 564 4587 (3)
601 4515 678 4573 Vide
692 4514 822 4574 Losoada
836 4515 890 4573 loc.
906 4513 957 4573 cit.
973 4534 1004 4572 n.
1024 4535 1066 4588 ¹7·

523 4608 564 4676 (4)
600 4606 728 4666 Dratecr.
744 4603 774 4666 iu
790 4603 839 4662 lib.
856 4604 956 4664 Prior..
973 4625 997 4662 c.
1014 4623 1048 4676 a,
1063 4624 1093 4678 q.
1114 4625 1138 4664 r.
