3492 5525
378 674 493 727 Arcesilan,

360 3053 496 3103 Carneades.

592 472 655 557 480
709 477 833 543 Locren
848 481 1081 555 Maron-Lm.
1101 497 1167 544 ψ.
1186 483 1276 547 Drse.
1293 495 1336 548 a·
1350 484 1431 549 Cae.
1446 498 1517 548 „nm

620 662 750 729 lllorum
775 664 843 731 dux
864 685 902 731 ac
922 666 1075 751 magister
1090 665 1149 731 luit
1170 666 1328 731 Arcesilas
1346 651 1522 733 Pritane‘in
1538 665 1668 731 AEolide

554 776 662 845 natus,
684 789 779 836 nnvae
798 790 855 837 seu
876 772 994 849 media
1012 772 1198 839 Academiae
1217 773 1399 851 institutor,
1419 774 1475 857 qui
1493 792 1571 839 cum
1588 774 1668 836 lerre

553 893 649 959 aequo
668 878 778 943 animo
798 897 863 945 non
884 889 996 964 posset
1015 898 1118 946 novas
1132 879 1273 946 Zenonis
1289 872 1471 947 Citticensis
1489 879 1666 951 doctrinas,

551 983 809 1068 dogmatismum
835 987 1036 1062 redolentes,
1064 996 1098 1052 et
1116 997 1307 1071 argumenta
1334 988 1367 1053 in
1393 988 1603 1053 Academiam
1631 986 1668 1050 ab

551 1090 622 1173 ipso
634 1092 772 1168 directa,
787 1094 888 1178 coepit
905 1094 1126 1161 adversarium
1142 1072 1242 1161 suum
1257 1113 1463 1181 oppugnare,
1481 1093 1593 1160 stoicae
1613 1112 1670 1179 po

549 1196 714 1265 tissimum
730 1186 844 1277 sec'tae,
858 1203 953 1284 eujus
966 1210 1080 1267 auctor
1093 1202 1145 1267 ille
1160 1202 1280 1286 iuerat,
1293 1204 1448 1287 dogmata
1461 1199 1668 1267 severissimo

549 1304 762 1372 committens
781 1308 923 1374 examini
951 1305 1014 1396 (i).
1036 1307 1116 1384 Quo
1137 1309 1168 1374 in
1197 1310 1363 1387 examine,
1388 1311 1468 1375 dum
1494 1308 1668 1375 adversarii

548 1412 705 1479 absurdas
731 1416 927 1482 assertiones
950 1425 982 1481 ei
1005 1416 1276 1483 contradictiones
1294 1417 1518 1501 amplificaret,
1545 1434 1597 1481 eo.
1614 1417 1668 1480 de·

549 1538 641 1586 mum
661 1522 809 1600 devenit,
830 1536 867 1591 ut
886 1543 1081 1611 persuasam·
1095 1527 1252 1591 omnibus
1270 1526 1367 1592 vellet
1388 1524 1667 1609 imposibilitatem

548 1638 644 1695 certae
663 1630 759 1697 ullius
778 1632 989 1716 cognitionis,
1008 1651 1109 1716 quam
1124 1628 1335 1720 ἀκαταληψίαν
1352 1633 1450 1709 dixit,
1469 1652 1528 1699 seu
1543 1618 1669 1698 incom-

548 1737 856 1819 prehensibilitatem
872 1736 938 1827 (2).
953 1741 1091 1825 Negavit
1105 1741 1193 1807 enim
1207 1741 1372 1807 sufficiens
1390 1742 1492 1807 ullum
1511 1750 1669 1825 suppete-

548 1862 581 1907 re
600 1843 744 1911 veritatis
770 1844 935 1913 criterium
954 1866 992 1913 ac
1010 1846 1224 1924 certitudinis,
1245 1848 1332 1914 unde
1353 1843 1456 1938 ἐποχή
1474 1865 1533 1914 seu
1555 1848 1666 1933 judicii

547 1953 720 2036 suspensio
732 1954 946 2037 consequitur
962 1965 995 2020 et
1012 1957 1162 2041 generale
1179 1956 1330 2025 dubium.

614 2060 724 2144 ltaque
743 2062 917 2129 academici
937 2082 978 2131 ne
1008 2064 1116 2147 ipsum
1137 2064 1270 2148 quidem
1297 2062 1489 2148 principium
1509 2061 1663 2129 Socratis:

546 2168 613 2233 Hoc
637 2186 734 2233 unum
752 2170 832 2245 scra,
853 2188 901 2235 me
925 2170 1007 2235 nihil
1021 2171 1119 2247 scire,
1143 2178 1269 2237 certum
1294 2171 1430 2236 omnino
1452 2178 1554 2253 atque
1574 2170 1668 2236 indn-

546 2274 637 2341 bium
666 2294 738 2341 esse
767 2277 954 2344 voluerunt.
977 2276 1190 2344 Admiscrunt
1207 2287 1318 2344 tamen
1337 2275 1666 2343 verosimilitudinem

545 2401 582 2447 ac
593 2381 854 2466 probabilitatem
868 2382 924 2468 (τό
937 2379 1089 2470 relevor),
1110 2398 1170 2450 nec
1180 2384 1286 2469 ipsam
1302 2384 1444 2450 veritatis
1456 2386 1665 2451 existentiam

546 2498 724 2574 negarunt,
754 2490 813 2556 sed
841 2492 951 2557 solum
977 2492 1222 2558 contendebant
1239 2512 1312 2557 eam
1331 2513 1350 2557 a
1369 2490 1464 2559 nobis
1481 2479 1576 2558 certo
1596 2510 1668 2577 per-

543 2596 605 2681 cipi
625 2614 690 2665 uon
713 2616 812 2682 posse
829 2596 895 2686 (3).

609 2703 693 2780 Quae
715 2724 791 2771 cum
817 2705 861 2772 ita
890 2705 973 2793 sint,
1002 2707 1080 2774 nihil
1111 2706 1249 2782 mirum,
1277 2706 1304 2772 si
1334 2704 1519 2773 lactantius
1543 2707 1666 2774 vocarit

545 2811 721 2878 Arcesilam
741 2814 926 2897 ignorantia
941 2815 1140 2898 magistrum,
1160 2813 1229 2902 (4),
1255 2823 1288 2880 et
1310 2816 1490 2898 scepticum
1518 2825 1666 2902 systema

542 2939 654 2986 nonam
667 2940 730 2986 non
743 2921 985 3004 philosophandi
997 2922 1221 3004 philosophiam
1238 2919 1252 3010 (
1277 2918 1303 3009 ).

610 3029 762 3096 Arcesila
799 3029 945 3113 vestigiis
978 3029 1094 3097 instit-it
1128 3031 1313 3096 Carneades
1347 3028 1570 3115 Cyrenensis,
1610 3028 1666 3113 qui

543 3136 731 3203 novissimae
757 3137 943 3202 Academia
972 3139 1125 3203 fundator
1155 3137 1375 3213 existimatur,
1402 3136 1522 3219 aliique
1554 3139 1666 3204 minus

542 3243 667 3309 nobiles
687 3243 890 3326 antiquitatis
903 3243 1088 3329 philosophi
1104 3243 1168 3333 (6).

608 3351 654 3416 Ex
673 3351 722 3416 his
748 3351 857 3428 vides,
889 3352 944 3417 vix
980 3351 1182 3418 academicos
1212 3371 1231 3416 a
1257 3351 1406 3434 scepticis
1432 3351 1666 3430 discriminari3

541 3457 679 3540 ideoque
705 3459 836 3524 illorum
863 3469 1011 3545 systema
1043 3460 1212 3524 communi
1245 3459 1405 3524 vocabulo
1432 3459 1669 3544 scepticismus

541 3566 736 3650 appellatur,
755 3577 787 3632 et
801 3573 852 3631 est
864 3567 995 3633 illorum
1007 3566 1186 3642 sententia,
1198 3565 1255 3649 qui
1267 3563 1486 3633 dubitandum
1503 3567 1544 3632 de
1556 3567 1670 3632 omni-

540 3672 603 3737 bus
621 3691 709 3750 esse,
734 3673 878 3756 nihilque
897 3683 987 3738 certo
1015 3694 1033 3738 a
1058 3673 1153 3739 nobis
1173 3673 1326 3758 cognosci
1344 3691 1442 3756 posse
1472 3673 1667 3740 autumant.

575 3965 616 4028 (ι)
653 3960 728 4018 Vide
747 3959 781 4018 S.
793 3961 934 4032 August,
951 3959 1060 4016 Contra
1076 3958 1226 4027 Accedam,
1242 3957 1292 4016 lib.
1308 3978 1347 4028 a.,
1362 3979 1424 4030 cap.
1441 3978 1454 4032 5
1470 3961 1545 4020 eto:

575 4056 615 4117 (a)
653 4048 728 4108 Vide
748 4047 883 4106 Ciceron.
903 4048 1041 4106 Academ.
1063 4046 1216 4144 postqlib.
1243 4067 1266 4116 r,
1287 4068 1312 4104 e.
1332 4067 1373 4106 ra.
1395 4045 1459 4106 Cir.
1477 4049 1609 4118 Balmes,
1625 4052 1668 4108 La

539 4141 825 4201 NaevaAcademr'a.

575 4237 615 4302 (ς)
652 4229 727 4287 Vide
739 4227 886 4297 Cicerom,
894 4225 1201 4298 academicorpror,
1214 4225 1265 4285 lib.
1278 4245 1306 4285 a.
1314 4245 1378 4298 cap.
1390 4245 1436 4299 ²33
1445 4225 1531 4288 Sext.
1541 4229 1667 4303 Empir.,

538 4321 719 4396 Hypotypos.
737 4318 788 4378 lib.
804 4338 831 4376 a.
846 4337 911 4390 cap.
926 4337 971 4388 η.

574 4416 615 4483 (4)
652 4411 830 4469 Divinarum
848 4407 979 4466 Institor.
994 4405 1045 4465 lib.
1060 4427 1089 4478 3,
1102 4426 1128 4464 c.
1144 4405 1173 4462 6.

574 4503 616 4658 Vr}
653 4501 697 4648 Vc
709 4519 857 4661 Quidue
871 4583 1110 4643 Academicorum
1121 4581 1212 4641 videri
1228 4597 1351 4654 possunt
1365 4582 1400 4642 S.
1418 4587 1550 4660 August.
1566 4605 1598 4648 et
1614 4587 1667 4647 Ci-

538 4699 604 4738 cero
621 4678 692 4737 locis
710 4675 822 4746 citatis,
844 4688 873 4733 et
894 4673 1066 4732 Lactantius
1079 4670 1246 4730 Firmianus
1258 4671 1456 4740 (Divinarum
1473 4677 1550 4736 laet.
1569 4678 1625 4738 lib.
1642 4701 1667 4745 a,

538 4789 603 4843 ⁰⁸1³·
619 4789 650 4842 3r
668 4788 692 4840 5·
