3492 5525
390 465 511 531 Anarc.
536 478 595 545 μ·
616 461 667 529 Dr:
688 459 973 530 Pnrcorceuuurrs
1146 476 1200 544 175

873 565 1243 584 -n——d-——n

485 803 785 880 ARTICULUS
808 805 874 882 III.

404 958 480 1022 De
510 955 961 1024 PraedioamentiS.

161 1206 220 1275 49·
265 1187 367 1258 0¹¹0d
379 1187 476 1274 fffaeci
497 1185 685 1271 Phi¹⁰⁵09h¹
704 1184 893 1278 κατεγορὶαν,
913 1186 1002 1254 latini
1023 1183 1133 1252 dixere
1155 1183 1245 1250 Proe-
1328 1213 1388 1268 Qffi,

114 1295 344 1378 dacamentum3
375 1295 471 1380 cujus
498 1294 648 1361 vocabuli
673 1301 786 1360 auctor
813 1294 898 1360 inter
925 1295 1061 1370 latinos,
1088 1290 1115 1358 si
1141 1290 1242 1358 fidem
1257 1283 1451 1400 Pmffiffim

115 1401 333 1469 adhibeamus
359 1401 683 1469 Conimbrincesibus
709 1397 779 1489 (r),
809 1401 909 1467 fuisse
938 1401 1065 1467 videtur
1098 1399 1241 1466 Boetius.
1316 1440 1390 1470 voum

117 1508 288 1594 Categorcb
306 1529 385 1577 vero
404 1527 608 1595 quamquam
631 1516 776 1592 spectata
801 1508 945 1575 nominis
970 1509 1094 1584 forma,
1121 1505 1245 1592 signifi-

114 1633 190 1680 care
205 1616 308 1700 possit
321 1616 482 1682 actionem
500 1614 711 1702 predicandi,
728 1633 787 1682 seu
801 1615 1063 1699 praedicationem
1079 1610 1143 1704 (2);
1157 1612 1244 1698 apud

7 1744 8 1817 p
115 1722 335 1809 Philosophus
353 1735 465 1792 tamen
490 1743 548 1809 pro
568 1745 601 1790 re
620 1728 691 1812 ipsa
709 1748 785 1814 quae
804 1729 1013 1815 predicatur,
1042 1728 1141 1814 accipi
1166 1747 1245 1796 con·

115 1831 229 1897 suevit
246 1827 317 1919 (3).

187 1937 618 2036 «Praedicamentum‘igitur
630 1952 777 2027 spectata
792 1934 935 2012 nominis
948 1944 1150 2032 etymologia
1164 1942 1244 2009 iliud

115 2055 185 2120 est,
202 2045 294 2130 quod
308 2046 348 2112 de
362 2047 470 2130 atiquo
485 2048 694 2142 predicatum
711 2061 744 2116 et
757 2051 833 2136 quia
846 2053 960 2119 decem
975 2071 1107 2120 summa
1124 2070 1244 2136 genera

117 2153 226 2238 primo
244 2162 278 2218 et
295 2154 386 2238 quasi
404 2173 460 2239 per
478 2157 740 2224 antonomasiam
756 2159 972 2242 praedicantur
986 2160 1027 2227 de
1042 2160 1154 2244 primis
1166 2158 1245 2224 sub-

115 2260 247 2326 stantiis
265 2257 496 2348 (individuis),
512 2281 586 2347 quae
601 2265 722 2331 habent
737 2268 901 2352 praecipua
915 2268 1241 2353 praedicamentorum

115 2367 346 2444 fundamenta,
367 2370 481 2434 decem
496 2371 668 2454 praedicata
681 2392 740 2439 seu
759 2376 1012 2458 praedicamenta
1026 2374 1190 2450 dicuntur,
1208 2381 1244 2438 ut

115 2475 224 2540 voluit
241 2474 282 2542 D.
307 2474 530 2544 Damascenus
548 2475 612 2566 (4).
633 2479 758 2546 Verum
783 2483 859 2566 quia
884 2503 949 2550 non
974 2485 1044 2550 sola
1066 2483 1170 2566 prima
1187 2500 1245 2566 ge-

115 2601 211 2665 nera,
233 2582 291 2648 sed
305 2601 523 2669 quacumque
541 2587 604 2652 sub
623 2585 685 2653 iliis
702 2591 912 2656 continentur
930 2591 1038 2675 aliqua
1052 2591 1187 2668 ratione,
1204 2589 1244 2655 dc

4 2698 5 2770 j
115 2689 232 2775 primis
251 2690 440 2758 substantiis
461 2693 688 2775 enuntiantur,
712 2707 886 2766 extensum
914 2710 965 2767 est
987 2699 1183 2767 vocabulum
1204 2697 1245 2763 ad

4 2790 5 2850 ἶ
114 2808 222 2867 totam
248 2800 364 2865 seriem
392 2820 434 2866 ex
458 2820 594 2868 summo
617 2822 756 2888 genere,
783 2807 983 2877 intermediis
1009 2806 1182 2893 speciebus
1206 2824 1243 2871 ac

4 2897 5 2910 ’
113 2907 312 2984 individuis,
328 2908 591 2993 significandam.
608 2911 642 2977 ln
657 2931 722 2995 qua
740 2914 978 2999 significatione
998 2916 1167 2999 usurpavit
1181 2917 1244 2983 hoc
1344 2972 1350 3001 ,

150 3109 163 3163 t
167 3110 193 3173 1)
231 3104 431 3163 Commentar.
444 3104 474 3162 in
484 3104 535 3163 lib.
549 3103 688 3182 Cetegor.
701 3107 810 3179 Arist,
822 3110 956 3181 Pronum,
971 3110 1092 3185 Perage.
1104 3112 1148 3171 Dc
1157 3111 1245 3187 bajus

114 3196 191 3252 iibri
211 3205 330 3253 auctore
344 3208 372 3253 et
387 3196 596 3270 inscriptione.

148 3294 195 3365 (a)
230 3292 324 3351 Nemo
338 3281 457 3365 ignorat
469 3286 649 3379 κατεγορίαν
659 3290 755 3364 primo
772 3304 801 3351 et
823 3290 942 3363 proprie
959 3310 1064 3349 sonare
1078 3292 1246 3350 accusatio-

113 3412 195 3461 nem»,
210 3390 262 3449 aed
276 3390 383 3449 deinde
396 3390 506 3463 accepit
523 3412 643 3464 quoque
661 3388 905 3464 significationem
927 3391 1157 3465 predicationis.
1170 3388 1246 3449 Hine

113 3482 287 3541 memonax
311 3482 343 3561 iu
361 3482 548 3540 Herminium
561 3481 787 3554 Peripateticum
801 3502 837 3537 ex
850 3480 1045 3553 ambiguitate
1056 3480 1149 3549 vocis,
1164 3480 1244 3551 quod
1323 3518 1332 3536 .

111 3573 270 3647 categoria
283 3571 330 3629 uel
354 3570 611 3643 praedicamentum
632 3572 679 3628 vel
702 3570 917 3629 accusationem
936 3568 1094 3643 significet,
1107 3575 1148 3629 ita
1162 3569 1241 3643 lusit.

110 3662 258 3735 Equidem
273 3660 413 3731 arbitror,
429 3661 582 3731 flamini,
604 3670 632 3719 te
652 3681 709 3719 non
728 3662 887 3735 indignum
901 3662 997 3717 decem
1020 3660 1197 3736 categoriis,
1213 3659 1243 3718 id

110 3765 174 3819 eat,
199 3753 296 3808 decem
327 3750 592 3809 accusationibus.»
620 3750 743 3809 Rosselli
765 3749 887 3809 Summa
910 3750 1140 3825 Philosophiae,
1169 3762 1190 3807 t.
1219 3770 1244 3819 1,

110 3852 220 3913 quaest.
241 3839 546 3912 ru,n.6aqinnota.
615 3834 619 3843 ¹

148 3929 198 4001 (3)
235 3928 314 3987 «Hac
324 3930 451 3999 ratione,
464 3928 562 4001 inquit
575 3928 705 3989 Fonaeee
716 3929 760 3997 (in
769 3928 819 3988 lib.
838 3947 851 4002 ς
869 3930 1000 4003 Metapb.
1016 3950 1041 3987 c.
1058 3942 1206 4003 7,quoeet.
1220 3950 1243 4000 r,

4 4074 5 4084 ,
110 4033 187 4089 sect,
206 4026 248 4088 a),
266 4032 350 4078 vocat
372 4018 575 4102 Augustinus,
601 4021 648 4077 vel
669 4019 805 4091 quinquie
826 4016 867 4077 sit
887 4032 988 4079 auctor
1007 4018 1073 4078 iibri
1091 4020 1127 4077 de
1141 4018 1245 4077 Decem

111 4109 289 4187 Cetegoriis
303 4113 377 4183 (cap.
400 4115 427 4176 ι)
449 4110 563 4167 animal
584 4110 767 4184 categoriam
788 4108 975 4178 substantice,
1000 4122 1030 4167 et
1042 4109 1243 4184 disciplinam,

109 4200 295 4275 categoriam
315 4200 482 4273 qualitatis.
507 4198 708 4258 Damascenus
726 4198 770 4269 (in
793 4199 843 4257 lib.
860 4197 898 4256 de
920 4197 1087 4257 Dialectica
1108 4218 1171 4272 cap.
1198 4200 1246 4265 ao)

107 4291 287 4367 categorias
308 4288 378 4347 inde
390 4301 578 4361 nuncupatas
590 4286 732 4360 affirmat,
748 4288 827 4361 quod
842 4287 879 4346 de
898 4288 998 4359 aliquo
1015 4287 1166 4359 dicantur,
1185 4308 1246 4361 quo

110 4401 200 4461 pecto
213 4386 292 4447 idem
305 4379 524 4474 estnatepopba
537 4402 627 4461 atque
640 4377 848 4472 κατεγρρῆμα,
879 4386 959 4461 quod
988 4383 1090 4446 Cicero
1118 4387 1183 4455 (lib.
1214 4407 1243 4462 4,

111 4486 239 4546 Tuscul.
254 4492 367 4561 quast.)
386 4486 490 4545 definit
504 4506 568 4547 esee
588 4489 619 4545 id
632 4488 707 4563 quod
720 4486 757 4545 de
774 4488 876 4561 aliquo
889 4499 941 4545 aut
954 4486 1106 4560 aliquibus
1120 4486 1243 4545 de'citur.

108 4578 194 4653 Lege
211 4576 299 4637 etiem
314 4576 460 4637 Isidorum
471 4578 533 4646 (lib.
553 4578 766 4653 Etymologiar.
787 4596 812 4634 c.
830 4576 888 4651 27).
908 4577 1006 4649 Atque
1021 4575 1117 4635 inhec
1130 4574 1244 4651 signiti-

106 4668 230 4729 catione
245 4666 376 4727 sumitur
384 4666 464 4741 apud
479 4684 535 4727 noa
549 4664 781 4727 Praedicamenti
798 4686 935 4727 nomen.»

142 4758 192 4833 (4)
215 4756 273 4815 .De
285 4756 453 4819 Dialectici
465 4777 529 4831 cap.
540 4776 587 4819 ao.
