3492 5525
575 479 615 567 78
986 484 1210 570 lnrnooucrro

534 668 717 748 quaestione
753 669 898 755 cujusvis
927 668 1031 735 aetatis
1059 669 1240 736 sententias
1269 666 1410 733 dilucide
1444 666 1543 732 relect
1588 681 1687 729 cum

533 776 751 861 argumentis,
766 796 839 860 quae
855 776 1005 845 modeste
1018 776 1093 841 dein
1108 793 1226 842 omnes
1241 774 1273 841 in
1289 783 1395 858 partes
1406 770 1585 857 expendit.
1606 771 1688 835 Ne·

533 901 599 966 que
613 883 720 950 solum
745 884 985 953 versatissimus
999 892 1048 949 est
1061 882 1093 948 in
1114 882 1268 967 operibus
1282 880 1528 965 Theologarum
1554 878 1686 944 Scho-

532 991 590 1066 lae,
608 1010 721 1059 verum
742 993 838 1059 eriam
855 993 888 1058 in
900 992 1054 1077 operibus
1066 994 1217 1067 Parrum,
1233 991 1266 1056 in
1285 989 1413 1073 scriptis
1424 986 1683 1055 haereticorum

531 1099 639 1165 omnis
653 1100 758 1168 aetatis
772 1111 804 1166 et
822 1100 855 1165 in
870 1099 1024 1185 operibus
1036 1099 1212 1183 aequalium
1230 1116 1385 1175 suorum,
1406 1098 1480 1164 licet
1499 1096 1533 1161 in
1551 1094 1684 1178 regio-

533 1207 628 1274 nibus
645 1208 763 1275 dissitis
783 1207 980 1293 prodierint»
1001 1204 1063 1294 (a).

598 1315 635 1382 Et
661 1317 747 1392 haec,
773 1334 885 1411 pauca·
900 1314 1034 1398 quidem
1065 1334 1123 1400 pro
1151 1314 1231 1380 tanti
1261 1313 1321 1380 viri
1347 1312 1526 1400 dignitate,
1558 1306 1681 1376 nimis

530 1430 641 1491 tamen
657 1424 777 1500 multa,
793 1424 820 1489 si
833 1442 954 1507 scopus
969 1425 1066 1508 hujus
1081 1421 1196 1489 indicis
1208 1422 1423 1489 celebriorum
1438 1418 1678 1501 Philosopho-

531 1549 604 1597 rum
619 1540 801 1615 spectetur,
816 1530 889 1597 ideo
900 1530 984 1597 dicta
999 1540 1094 1608 sunt,
1111 1531 1187 1614 quia
1198 1530 1298 1615 probe
1311 1530 1388 1595 novi
1401 1530 1486 1595 male
1499 1525 1676 1592 Suarium

531 1639 617 1723 apud
631 1640 793 1721 quosdam
809 1639 937 1715 audire,
954 1638 1010 1723 qui
1024 1639 1187 1704 Ductorem
1208 1637 1365 1705 Eximium
1378 1636 1547 1711 dictitant,
1563 1651 1677 1717 egre-

530 1745 621 1832 gium
637 1746 770 1830 quidem
786 1746 888 1813 luisse
901 1746 1130 1832 Theologum,
1154 1754 1187 1813 at
1201 1761 1391 1829 perversum
1413 1742 1675 1822 vitandumque

530 1854 782 1938 Philosophum:
809 1854 901 1937 quasi
930 1854 999 1920 heri
1026 1862 1155 1939 posset,
1183 1864 1220 1919 ut
1248 1853 1364 1936 aliquis
1393 1868 1571 1935 perversus
1602 1856 1673 1911 aut

529 1960 625 2027 etiarn
638 1960 811 2029 mediocris
823 1962 1057 2046 Philosophus,
1069 1960 1206 2047 insignis
1215 1961 1332 2027 evadat
1341 1957 1532 2045 Theologus
1548 1954 1673 2023 Scho-

529 2066 661 2135 lasticus
686 2065 750 2156 (a).
777 2068 842 2135 Alii
861 2068 977 2135 dieunt
1001 2068 1075 2135 ideo
1098 2088 1134 2135 se
1158 2067 1273 2135 Suario
1295 2087 1368 2135 esse
1387 2068 1551 2142 infensos,
1578 2063 1671 2146 quia

528 2174 662 2241 Suarius
685 2175 720 2243 S.
746 2176 884 2243 Thomae
904 2176 1086 2243 doctrinam
1105 2177 1249 2242 deseruit
1267 2176 1317 2239 vel
1337 2175 1434 2243 etiam
1454 2172 1607 2257 corrupit
1631 2178 1670 2233 et

527 2282 684 2349 adversus
698 2286 769 2369 ejus
782 2284 929 2350 scholam
941 2284 1112 2369 ipsesuam
1123 2284 1270 2349 scholam
1285 2283 1455 2349 instituere
1465 2278 1666 2365 contendit.

528 2390 617 2455 lianc
640 2400 750 2458 tamen
772 2410 836 2477 ego
856 2410 980 2457 meram
1000 2393 1196 2457 calumniam
1213 2410 1285 2457 esse
1301 2389 1482 2455 certissime
1501 2397 1608 2472 puto,
1629 2396 1667 2450 et

526 2498 617 2563 facile
639 2500 747 2581 quivis
765 2498 953 2576 videbit,.si
973 2500 1136 2584 paulisper
1154 2517 1252 2584 opera
1272 2497 1478 2584 granatensis
1502 2495 1666 2562 Philoso-

526 2606 580 2689 phi
606 2606 756 2671 evolvere
775 2606 868 2671 velit:
893 2624 968 2690 quae
989 2605 1087 2672 etiam
1114 2614 1164 2673 est
1189 2604 1350 2672 sententia
1373 2606 1443 2669 Em.
1469 2603 1663 2669 cardinalis

525 2710 697 2798 Zephyrini
712 2712 893 2790 Gonzalez‚
911 2713 975 2781 eS.
999 2713 1121 2780 Ordine
1136 2713 1387 2781 Praedicatorum
1411 2714 1442 2778 in
1464 2730 1523 2780 sua
1539 2711 1664 2776 Histo-
1723 2698 1724 2748 ἕ

525 2820 568 2885 ria
590 2821 806 2906 Philosophiae
820 2819 890 2909 (3),
906 2822 961 2887 ubi
973 2823 1069 2889 docet
1080 2821 1322 2907 Philosophiam
1338 2821 1479 2888 Suarezii
1494 2821 1660 2885 eamdem

525 2946 595 2994 esse
609 2946 686 2994 cum
701 2927 975 2996 scholasticorum
991 2929 1197 3014 Philosophia
1216 2932 1268 2996 vel
1289 2931 1399 3014 potius
1413 2926 1486 2996 e'sse
1501 2927 1662 2994 Philoso-

524 3035 633 3120 phiam
650 3036 685 3103 S.
705 3036 858 3115 rhomae,
876 3045 909 3102 et
927 3037 968 3102 ab
986 3039 1048 3104 hoc
1062 3038 1148 3104 illam
1165 3037 1220 3104 vix
1239 3037 1353 3105 inulla
1372 3058 1407 3104 re
1422 3037 1563 3123 alicujus
1579 3055 1661 3100 mo·

524 3144 626 3208 menti
661 3143 841 3229 discedere,
875 3145 902 3210 si
939 3143 1183 3211 distinctionem
1220 3146 1305 3212 inter
1337 3145 1516 3212 essentiam
1547 3153 1660 3226 atque

523 3251 728 3318 existentiam
760 3251 917 3336 excipias,
938 3263 970 3319 et
992 3253 1149 3319 directam
1173 3252 1387 3339 singularium
1417 3251 1656 3339 cognitionem

524 3533 789 3546 ψ

556 3686 597 3748 (ι)
634 3681 672 3740 H.
688 3681 806 3751 Hurter,
825 3701 873 3754 op.
889 3681 928 3742 cit
940 3697 970 3741 et
980 3682 1035 3742 loc.
1055 3702 1122 3756 pag.
1137 3683 1205 3756 258,
1220 3701 1289 3756 239,
1309 3683 1361 3740 ubi
1375 3682 1460 3755 plura
1475 3683 1533 3742 elia
1552 3683 1656 3758 elogia

520 3771 596 3830 vide.

555 3867 596 3930 (α)
631 3862 709 3920 Audi
725 3861 797 3932 quid
811 3861 841 3920 in
856 3863 932 3919 hene
941 3881 1002 3920 rem
1015 3861 1162 3934 scripserit
1177 3860 1302 3920 SSmus.
1324 3861 1471 3922 Dominus
1489 3863 1599 3922 Noster
1620 3864 1653 3921 in

519 3951 581 4010 suis
591 3951 709 4011 Litteris
723 3952 843 4009 AElerm'
854 3952 970 4010 Patras:
985 3951 1058 4010 Cum
1070 3951 1147 4008 illud
1160 3953 1199 4010 sil
1212 3951 1461 4010 Scholasticorum
1479 3953 1654 4027 Theologo-
1717 3970 1718 3997 ³

519 4061 581 4097 rum
595 4042 747 4116 proprium
762 4059 797 4098 ac
810 4041 981 4114 singulare.
1002 4050 1035 4099 ul
1048 4041 1199 4100 scientiam
1212 4041 1368 4100 humanam
1387 4063 1424 4100 ac
1441 4043 1577 4100 divinam
1593 4064 1653 4100 or·

517 4131 649 4187 ctissime
662 4131 738 4187 rirter
753 4149 784 4186 se
797 4130 915 4187 vinculo
932 4131 1152 4206 conjunxerint,
1162 4135 1289 4204 profecto
1304 4132 1509 4207 Theologior'n
1519 4151 1577 4205 qua
1595 4133 1655 4190 ilai
1716 4176 1717 4179 η

517 4219 729 4285 excelluerunt,
740 4239 799 4277 reon
816 4233 993 4278 enatantem
1007 4227 1124 4279 honoris
1141 4235 1171 4279 et
1186 4227 1441 4280 commendationi·
1454 4232 1492 4280 ab
1509 4229 1653 4294 opinione
1716 4210 1717 4247 ³

517 4315 666 4366 hominum
679 4316 822 4381 odoratum,
846 4317 871 4366 el
890 4329 1020 4368 manem
1037 4324 1121 4382 etque
1138 4316 1328 4382 impes-lectam
1339 4325 1389 4369 eut
1405 4318 1498 4370 levem
1512 4319 1651 4370 Philoco-

517 4404 614 4470 phiam
626 4404 830 4458 cohibuissent.
845 4397 1025 4476 Peragraph.
1043 4399 1115 4478 Quae
1127 4401 1218 4458 verda
1228 4399 1360 4473 quemvis
1363 4443 1419 4460 .....

554 4491 595 4560 (³)
632 4486 691 4544 uLa
702 4485 836 4548 Pilosolla
850 4486 887 4544 de
899 4486 1006 4546 Suarez
1019 4487 1149 4548 coincide
1161 4509 1216 4548 coo
1231 4491 1258 4547 la
1271 4491 1453 4560 emiserim,
1463 4490 1583 4563 opacior
1596 4491 1650 4550 di-

518 4577 587 4646 cho,
602 4597 634 4636 es
645 4577 672 4634 la
686 4574 824 4636 Filosoiia
838 4575 981 4638 desento
995 4575 1117 4649 Tomis,
1128 4586 1145 4636 d
1158 4579 1247 4651 quien
1262 4581 1350 4654 citay
1365 4581 1496 4655 sigueen
1509 4583 1580 4640 cada
1595 4590 1650 4655 pd·

517 4667 587 4741 gina
607 4668 644 4725 de
659 4687 711 4726 sus
726 4669 812 4727 obrae
830 4665 1015 4748 filosofioes.»
1032 4667 1103 4742 (Op.
1126 4668 1175 4729 cit.
1194 4682 1266 4730 tom.
1286 4691 1311 4744 3.
1334 4692 1398 4743 pur.
1422 4692 1472 4746 34,
1495 4693 1559 4746 par.
1583 4692 1647 4747 145,

518 4756 635 4820 madrid
654 4757 747 4832 1886).
