3492 5525
521 445 583 528 296
716 446 840 511 Loolcn
860 446 1114 510 MruoR-Drse.
1139 459 1184 509 a·
1204 446 1285 510 Cle.
1310 460 1379 529 ψ

1228 552 1626 569 Μ

616 826 641 876 t
855 819 1154 897 ARTICULUS
1177 822 1233 897 V.

682 1028 756 1095 De
777 1026 1031 1095 modalium
1051 1026 1401 1109 aequipollentia.

448 1346 454 1359 ,
532 1297 614 1375 137(
654 1276 697 1344 Ut
723 1276 902 1345 modalium
926 1276 1185 1361 aequipollentias
1206 1298 1404 1363 cognoscas,
1429 1287 1548 1347 revoca
1575 1280 1620 1345 in

483 1398 647 1462 mentem,
664 1385 782 1451 modos
794 1387 924 1454 Necesse
933 1393 966 1450 et
978 1382 1165 1467 lnposebrlc
1174 1384 1332 1452 contrarie
1342 1372 1481 1472 opponi3
1492 1391 1623 1457 Neces-

481 1514 514 1561 se
523 1502 556 1560 et
569 1492 804 1570 Possibilenon,
816 1492 968 1559 Possibilc
977 1501 1010 1558 et
1019 1491 1204 1574 Impossibile
1222 1494 1479 1573 contradictorie,
1498 1495 1622 1561 Possi-

481 1603 542 1669 bile
559 1610 592 1667 et
613 1600 763 1668 Possebile
780 1619 860 1676 non,
890 1600 1089 1666 subalterne.
1117 1602 1268 1667 Prostant
1288 1602 1409 1669 necin
1433 1602 1537 1687 prima
1557 1611 1621 1668 ta-

482 1710 578 1786 bella,
595 1726 695 1793 quam
709 1708 743 1774 in
761 1707 896 1773 articulo
914 1707 1110 1792 precedenti
1124 1707 1338 1776 confecimus.

443 1816 445 1821 '
547 1816 617 1897 Jam
637 1816 664 1882 si
683 1814 822 1907 singulis
836 1814 923 1880 hisce
934 1814 1041 1881 modis
1051 1823 1199 1899 respectu
1214 1816 1350 1882 aliorum
1361 1815 1501 1902 applices
1513 1818 1620 1902 leges

482 1944 541 2010 pro
560 1924 802 2008 aequipollentia
821 1921 1083 2007 propositionum
1109 1922 1150 1986 de
1168 1924 1276 1989 inesse
1300 1932 1471 1991 contentas
1489 1926 1521 1990 in
1547 1925 1618 1991 illo

422 2069 428 2089 .
482 2032 655 2099 versiculo:
680 2038 759 2099 Prae
777 2030 967 2110 contradic.,·
986 2036 1069 2097 Post
1084 2033 1212 2113 contra,·
1230 2038 1310 2099 Prae
1329 2038 1477 2116 Postque
1496 2033 1620 2098 subal-

474 2138 568 2218 'term
589 2138 713 2205 videbis
729 2140 890 2222 prolecto,
910 2137 1049 2214 Necesse,
1069 2137 1255 2221 Impossibile
1273 2158 1348 2215 non,
1368 2141 1440 2208 Non
1457 2140 1620 2222 possibile

482 2266 562 2323 non,
582 2250 614 2313 et
636 2247 710 2313 Non
736 2244 916 2328 contingens
943 2263 1022 2319 non,
1052 2262 1125 2310 esse
1153 2264 1286 2328 prorsus
1316 2248 1445 2327 modos,
1457 2248 1539 2313 inter
1568 2265 1614 2313 se

483 2354 729 2439 aequipollentes
752 2351 957 2434 Impossibile,
980 2340 1111 2418 Necesse
1127 2370 1207 2429 non,
1225 2352 1297 2420 Non
1310 2354 1457 2436 possibile
1471 2374 1508 2420 ac
1527 2355 1615 2421 Non

483 2463 671 2547 Contingens
687 2457 756 2548 (1);
779 2467 933 2543 praeterea
958 2457 1121 2537 Possibile,
1148 2459 1345 2544 Contingens,
1372 2461 1444 2528 Non
1464 2462 1618 2545 impossi-

481 2571 558 2645 bile,
574 2588 611 2635 ac
630 2568 702 2635 Non
720 2585 841 2633 necesse
854 2585 932 2632 non:
951 2577 984 2634 et
1002 2566 1138 2632 demum
1153 2567 1303 2633 Possibile
1318 2586 1394 2646 non,
1412 2568 1615 2654 Contingens

482 2697 558 2755 non,
575 2680 647 2746 Non
666 2674 857 2758 impossibile
871 2692 947 2749 non,
963 2682 995 2739 et
1013 2674 1087 2739 Non
1104 2693 1236 2742 necesse.
1278 2658 1282 2665 ’

550 2784 657 2862 Quare
676 2784 813 2870 singulis
833 2783 941 2848 modis
967 2783 1166 2866 respondent
1188 2791 1254 2849 tres
1272 2783 1323 2849 alii
1342 2785 1610 2870 aequipollentes,

481 2894 538 2978 qui
557 2893 598 2958 ad
617 2893 773 2958 eumdem
793 2909 928 2956 sensum
942 2889 1058 2955 redacti
1078 2899 1157 2957 sunt
1174 2909 1237 2975 ope
1253 2891 1410 2976 negativae
1426 2892 1609 2976 particulae,

430 2994 435 3011 '
483 2998 662 3086 praemissae
680 2999 749 3066 sive
766 2998 869 3073 dicto,
888 2997 957 3063 sive
977 2997 1077 3063 modo
1095 2997 1165 3063 sive
1188 2999 1335 3081 utrique;
1355 3000 1399 3065 ita
1412 3008 1449 3065 ut
1462 3009 1614 3084 quatuor

483 3109 620 3175 omnino
638 3106 778 3172 existant
794 3102 1073 3190 aequipollentium
1094 3107 1296 3188 quaternaria
1309 3105 1342 3171 in
1361 3107 1556 3175 modalibus

551 3213 674 3280 Deinde
702 3212 735 3278 in
754 3211 892 3298 singulis
918 3212 1007 3278 hisce
1035 3213 1246 3295 quaternariis
1269 3222 1348 3282 sunt
1371 3215 1439 3280 aliae
1457 3216 1614 3300 proposi-

482 3322 590 3391 tiones
609 3319 814 3388 affirmativae
832 3323 904 3387 lum
924 3320 965 3386 de
979 3319 1080 3386 modo
1097 3330 1170 3387 tum
1186 3322 1228 3387 de
1242 3322 1346 3404 dicto;
1361 3320 1431 3388 alie
1446 3322 1613 3407 negativae

483 3433 561 3499 item
582 3431 623 3496 de
643 3438 795 3512 utroque;
817 3426 887 3492 aliae
907 3426 1066 3511 negativae
1084 3428 1125 3493 de
1144 3429 1214 3495 solo
1232 3427 1335 3507 dicto,
1356 3428 1426 3495 allae
1444 3429 1612 3514 negativae

484 3541 524 3608 de
539 3539 612 3606 solo
630 3537 744 3604 modo.

425 3702 428 3712 .
546 3647 617 3728 Jam
636 3643 662 3712 si
682 3643 824 3711 velimus
842 3643 1014 3729 designare
1030 3661 1088 3727 per
1106 3643 1252 3709 vocalem
1270 3651 1303 3712 Α
1321 3645 1466 3710 modales
1487 3663 1612 3711 omnes

483 3754 694 3823 affirmativas
704 3760 776 3818 tum
787 3753 829 3817 de
843 3751 943 3817 modo
953 3761 1026 3816 turn
1038 3751 1079 3817 de
1089 3751 1189 3833 dicto;
1202 3769 1259 3836 per
1268 3758 1297 3818 E
1306 3752 1472 3837 negativas
1482 3753 1523 3818 de
1532 3754 1609 3818 solo

483 3863 589 3944 dicto;
609 3878 667 3945 per
684 3866 702 3926 1
720 3858 889 3944 negativas
903 3859 943 3923 de
961 3860 1033 3924 solo
1048 3858 1165 3939 mod03
1182 3877 1218 3923 ac
1233 3859 1367 3924 tandem
1386 3878 1444 3943 per
1458 3866 1491 3926 U
1506 3878 1611 3945 nega-

482 3973 567 4038 tivas
586 3968 627 4035 de
646 3975 790 4050 utroque
809 3962 877 4053 (2);
898 3965 1121 4049 deprehendes
1138 3965 1380 4048 quaternarium
1394 3967 1610 4052 aequipollen-

482 4078 564 4146 tium
581 4075 621 4140 de
631 4076 773 4150 Necesse,
790 4072 928 4157 exprimi
944 4091 1002 4157 per
1015 4073 1143 4138 vocales
1156 4079 1205 4152 A,
1221 4079 1265 4152 E,
1283 4079 1334 4152 U,
1351 4080 1401 4152 U,
1416 4076 1467 4140 vel
1482 4081 1531 4154 U,
1551 4081 1605 4153 U,

377 4249 381 4254 .
490 4192 535 4266 E,
550 4193 601 4264 A,
613 4192 651 4250 ut
668 4182 788 4268 placuit
798 4180 910 4267 priscis
920 4180 1061 4266 iogicis,
1074 4189 1173 4264 atque
1182 4181 1264 4247 adeo
1277 4182 1497 4266 repraesentari
1508 4201 1609 4266 posse

481 4377 735 4396 ψ

515 4478 558 4541 (ι)
596 4471 704 4531 lterum
718 4487 872 4529 monemus
889 4465 1075 4543 contingens
1088 4465 1136 4525 hic
1149 4468 1228 4528 sumi
1244 4487 1298 4540 pro
1319 4468 1473 4527 poseant.-
1487 4468 1514 4528 si
1529 4469 1612 4531 enim

482 4561 599 4640 proprie
614 4573 790 4629 sumeretur,
802 4559 870 4618 Non
882 4559 1057 4632 contingens
1071 4556 1148 4615 idem
1161 4557 1284 4628 valeret,
1298 4579 1332 4616 ac
1342 4557 1479 4617 Necesse.

514 4653 556 4726 (a)
594 4652 626 4711 ld
645 4652 699 4710 hoc
710 4647 853 4709 versiculo
869 4646 970 4719 Logici
989 4646 1249 4720 comprehendunt:
1263 4647 1411 4706 Edictum
1424 4658 1526 4726 negat,
1543 4657 1614 4724 lque

477 4747 605 4816 modum,
621 4741 698 4802 nibil
709 4749 744 4812 Α,
760 4740 811 4798 sed
826 4747 853 4794 U
869 4745 968 4795 totum.
