3492 5525
506 436 583 503 ¹¹34
617 419 744 485 Lootca
757 420 988 495 Maron-Lm.
1006 420 1341 499 a.··‚D1se.b.·Cnn.
1358 433 1430 484 arn

532 601 654 669 Conua
663 621 744 669 vero
762 602 862 671 nostri
877 612 1027 670 auctores
1050 606 1117 669 iere
1134 621 1253 669 omnes
1273 620 1352 669 cum
1370 601 1499 667 Eximio
1518 600 1583 666 Do

463 716 552 778 ctore
576 708 639 797 (t),
660 710 804 778 Fonseca
820 708 886 800 (a),
904 710 1227 779 Conimbricensibus
1242 708 1296 799 (3)
1307 711 1445 794 aliisque
1462 717 1583 793 negant

462 832 522 883 ens
536 816 668 885 rationis
691 837 771 904 pure
791 818 990 905 objectivum
1009 838 1084 886 esse
1100 819 1269 905 objectum
1286 818 1425 884 formale
1441 815 1581 903 logice,

462 924 522 989 sed
538 925 655 991 volunt
672 926 839 1012 offlectum
858 928 1077 994 formaleesse
1090 935 1183 993 actus
1192 926 1378 993 intellectus
1391 922 1583 991 artificiosos

291 1051 405 1099 senem·
463 1040 615 1115 recteque
641 1016 819 1119 dispositos
836 1052 913 1101 curn
932 1034 1068 1103 artificio
1085 1054 1124 1101 ac
1145 1034 1337 1103 rectiuadine
1354 1032 1416 1101 sibi
1440 1031 1581 1118 propria,

266 1134 440 1243 mm*
463 1156 539 1223 quae
551 1140 595 1207 sit
614 1160 681 1208 non
701 1159 761 1208 ens
780 1142 931 1219 rationis,
959 1144 1020 1211 sed
1048 1142 1172 1227 aliquid
1190 1142 1275 1208 reale
1300 1161 1338 1208 ac
1351 1142 1480 1208 realiter
1502 1140 1584 1206 indi-

462 1248 620 1316 stinctum
634 1248 765 1335 abipsis
784 1250 975 1318 formalibus
988 1251 1116 1318 actibus
1134 1250 1333 1319 intellectus.

249 1392 330 1454 ,m
343 1394 371 1439 ,p
385 1392 451 1441 „m
529 1356 633 1424 Totus
650 1375 731 1445 ergo
749 1358 845 1424 cardo
857 1358 1090 1425 controversie
1101 1359 1186 1424 inter
1199 1356 1388 1424 'ihomistas
1404 1365 1439 1422 et
1453 1364 1584 1423 nostros

316 1465 401 1549 Μ,
464 1464 624 1531 Auctores
638 1464 671 1531 in
691 1468 753 1532 boc
770 1476 837 1543 est,
858 1475 971 1533 utrum
989 1465 1106 1551 logica
1123 1466 1303 1534 formaliter
1314 1484 1352 1531 ac
1371 1455 1465 1550 prius'
1477 1464 1585 1531 consi·

270 1546 428 1583 ‘⁰”'”'‘”'‘'
462 1573 554 1639 deret
570 1579 750 1658 conceptus
778 1572 960 1660 objectivos
977 1574 1030 1640 vel
1058 1573 1199 1639 rationes
1225 1573 1373 1658 cognitas
1400 1572 1583 1639 secundum

462 1679 532 1747 illas
550 1681 834 1748 denominationes
856 1681 1018 1747 derivatas
1038 1702 1080 1748 ex
1107 1682 1209 1748 modo
1231 1681 1450 1767 intelligendi,
1471 1681 1584 1765 quales

463 1800 541 1857 sunt
569 1790 649 1856 ratio
678 1788 818 1874 generis,
849 1790 980 1877 subjecti
987 1839 995 1868 ‚
1024 1789 1208 1871 predicari,
1238 1799 1302 1855 etc.
1332 1808 1408 1871 quae
1433 1788 1586 1854 dicuntur
1666 1804 1671 1811 ’

462 1896 615 1965 secundae
633 1896 833 1963 intentiones
850 1896 891 1963 in.
909 1898 1089 1974 abstracto,
1120 1897 1265 1981 nihilque
1293 1896 1446 1963 realitatis
1463 1895 1586 1979 impor-

462 2012 533 2071 tant
551 2005 584 2071 in
594 2004 673 2090 ipsis
692 2005 789 2072 rebus
807 2003 966 2091 cognitis,
986 2024 1028 2071 an
1041 2024 1120 2071 vero
1139 2005 1249 2090 potius
1262 2004 1448 2071 consideret
1465 2005 1586 2069 forma·

463 2112 534 2181 liter
551 2114 639 2198 ipsos
667 2121 760 2180 actus
787 2115 943 2180 formales
970 2113 1157 2181 intellectus
1192 2113 1378 2180 secundum
1411 2110 1583 2179 artificium

462 2222 545 2287 reale
559 2240 597 2287 ac
613 2220 838 2289 rectitudinem
852 2221 912 2287 sibi
924 2222 1090 2306 propriam
1109 2229 1143 2287 et
1160 2220 1381 2288 intrinsecam.

526 2330 562 2398 ln
590 2331 651 2396 hac
682 2328 921 2406 controversia,
954 2330 1048 2415 cujus
1079 2330 1178 2415 longe
1204 2330 1364 2415 majorem
1384 2346 1458 2395 esse
1472 2327 1585 2414 judico

461 2436 700 2513 difficultatem,
715 2456 815 2521 quarn
831 2435 1023 2513 utilitatem,
1038 2455 1101 2521 ego
1115 2455 1297 2521 proponam
1311 2436 1454 2503 rationes
1464 2434 1586 2501 utrius·

461 2562 527 2629 que
541 2544 656 2631 partis,
677 2564 714 2612 ac
727 2546 819 2621 dein,
833 2544 915 2630 quid
926 2542 1005 2611 mihi
1019 2543 1227 2612 verisimilius
1240 2543 1405 2621 videatur,
1421 2542 1582 2611 indicabo.

734 2702 753 2796 5
773 2704 1026 2774 t-Sememn
1043 2704 1306 2785 Tnomsranun,

518 2830 580 2883 eno
597 2829 677 2882 eure
694 2831 844 2884 mironis
865 2831 1031 2895 onJecnvo
1049 2832 1080 2882 m
1098 2831 1175 2882 nais
1192 2832 1293 2883 nenos
1309 2830 1527 2883 mnsroemro

913 2938 1131 2991 nuonannun.

394 3141 400 3154 .
508 3101 585 3172 350.
634 3089 802 3152 Probatur
824 3081 874 3151 1.⁰
894 3082 1097 3150 Auctontate
1113 3083 1147 3152 S.
1172 3084 1326 3159 Thomae,
1346 3079 1480 3166 exiquo
1497 3081 1587 3149 varia

336 3227 395 3258 nem
463 3192 686 3278 producuntur
703 3190 909 3258 testimonia:
928 3188 963 3279 α)
982 3191 1028 3257 Ex
1045 3192 1202 3259 Prooemio
1218 3191 1251 3258 in
1272 3192 1372 3258 libros
1394 3191 1584 3268 iitbr'corum,
1718 3278 1720 3281 Ι

289 3283 403 3399 ’ζζίξζῗ
463 3299 518 3367 ubi
537 3301 646 3384 plures
671 3299 802 3366 ordines
830 3299 1078 3366 considerantur
1094 3311 1266 3385 tamquam
1290 3299 1418 3386 objecta
1441 3300 1588 3366 diversa-
1718 3284 1720 3373 ὲ

279 3437 349 3468 mm
361 3385 435 3469 aar(
462 3425 535 3474 rum
555 3406 778 3485 scientiarum,
796 3414 828 3472 et
839 3406 956 3475 dicitur
969 3409 1058 3484 ordo,
1070 3425 1160 3492 quem
1173 3407 1255 3475 ratio
1267 3407 1496 3474 considerando
1498 3407 1590 3493 facit
1718 3396 1720 3423 '

280 3493 342 3610 ⁰¹22„
353 3508 412 3610 ξζζῗ
460 3515 495 3583 in
508 3515 636 3600 proprio
653 3517 727 3582 actu
739 3515 898 3597 pertinere
913 3517 958 3580 ad
974 3517 1160 3582 rationalem
1178 3515 1424 3598 Philosophiam,
1444 3534 1504 3583 seu
1522 3515 1585 3582 Lo
1718 3568 1720 3591 ,

325 3639 389 3690 rima,
462 3625 585 3712 gicam,
606 3641 726 3706 nempe
743 3623 835 3699 ordo,
856 3641 947 3708 quem
964 3623 1048 3689 ratio
1064 3624 1291 3690 considerando
1298 3624 1386 3710 facit
1406 3623 1441 3688 in
1454 3623 1588 3706 proprio
1718 3650 1720 3673 ι

220 3776 221 3782 1
278 3709 422 3832 ξᾞζζῗζὲ,
461 3736 550 3809 actu,
564 3735 645 3816 puta
658 3748 728 3797 nrm
745 3731 875 3797 ordinat
884 3735 1048 3814 conceptus
1064 3732 1194 3797 suosad
1210 3730 1344 3797 invr'cem
1356 3735 1390 3797 et
1400 3732 1493 3816 signa
1509 3751 1589 3798 con·

461 3843 619 3923 captatum,
639 3857 708 3925 quo
730 3841 808 3904 sunt
821 3839 906 3904 vocis
931 3837 1150 3924 signficatiooe
1175 3835 1240 3927 (4).
1261 3839 1385 3906 Verum
1411 3841 1474 3905 boc
1493 3838 1590 3906 testi·

463 3947 612 4014 monium
639 3946 767 4013 videtur
797 3947 903 4013 multo
931 3947 1038 4032 magis
1065 3948 1172 4013 favere
1198 3947 1369 4014 contrariae
1395 3947 1585 4014 sententiae:

461 4073 562 4142 quare
580 4055 715 4122 miratur
737 4053 880 4122 lossada
905 4050 957 4143 (5)
975 4053 1092 4121 illude
1114 4053 1294 4122 Themistis
1311 4055 1346 4122 in
1372 4041 1473 4122 suum
1491 4056 1589 4123 lavo·
1718 4068 1720 4151 ὲ

461 4183 532 4232 rem
551 4161 693 4250 allegari.

493 4364 535 4434 (ι)
574 4359 657 4434 Disp.
670 4361 753 4429 Met„
769 4375 811 4433 54,
824 4357 856 4432 in
865 4355 1019 4430 principio.

496 4456 538 4519 (a)
574 4451 719 4525 Metapin,
734 4449 775 4506 lib
798 4467 827 4519 a,
839 4468 903 4521 cap.
921 4469 947 4521 3,
962 4467 993 4520 q.
1011 4467 1036 4518 1,
1049 4459 1147 4522 scena
1161 4461 1190 4508 et
1205 4465 1230 4520 ς.

496 4547 537 4616 (3)
572 4541 711 4608 beauce,
723 4558 754 4611 q.
771 4555 796 4612 5,
813 4550 1003 4611 prooemart.
1019 4557 1046 4596 a.

495 4636 537 4705 t4>
572 4629 660 4691 Hunc
672 4629 768 4691 locum
782 4626 852 4687 alibi
861 4646 956 4700 nuper
968 4625 1172 4700 produximus.

496 4723 537 4798 (5)
573 4719 642 4786 Luc·
658 4719 719 4794 cit„
738 4737 804 4794 cap·
818 4736 845 4794 4.
861 4736 944 4782 tium.
961 4737 1006 4792 aa.
