3492 5525
543 424 618 488 ¹07²
660 405 783 471 [roem
797 406 1026 481 Meron-stre.
1045 420 1114 484 μ’,
1131 406 1220 471 ὓιεΡ.
1234 408 1280 469 ts·
1294 406 1373 470 Can.
1393 422 1462 469 num

500 590 881 674 demonstrationesque,
900 592 933 656 in
953 588 1084 673 quibus,
1104 589 1165 657 nisi
1184 589 1258 674 quis
1277 589 1309 655 in
1329 596 1486 673 promptu
1507 588 1629 654 habeat

499 695 624 781 Logicae
638 709 810 783 precepta,
831 698 920 763 facile
939 698 1099 784 impingat
1112 697 1144 763 in
1157 715 1280 763 errores
1296 714 1430 762 necesse
1443 707 1507 762 est.

566 806 599 869 ld
617 806 716 871 etiam
736 826 778 872 ex
795 807 866 891 ipsa
888 798 1086 891 experientia
1114 804 1300 871 confirmari
1329 813 1448 887 potest.
1472 803 1507 869 Si
1535 800 1628 867 enim

499 913 667 995 praemisso
685 912 794 979 studio
814 914 965 998 logices,
994 912 1215 997 omnibusque
1242 910 1425 977 secundum
1445 912 1518 995 ejus
1542 928 1632 993 prae-

499 1030 591 1102 cepta
611 1020 670 1085 rite
697 1022 877 1105 perpensis,
907 1022 1012 1087 adbuc
1032 1020 1110 1087 satis
1133 1019 1272 1085 arduum
1287 1018 1400 1085 accidit
1422 1016 1630 1100 reliquarum

498 1124 705 1193 scientiarum
724 1129 888 1205 studium,
910 1137 1035 1213 quanto
1054 1130 1136 1193 foret
1155 1126 1328 1193 difficillius
1351 1125 1421 1191 viro
1439 1124 1629 1210 logicarum

498 1232 608 1318 legum
628 1236 771 1320 experti?
783 1237 892 1314 Qrare
904 1244 1042 1303 testatur
1058 1235 1249 1309 Aristoteles
1264 1240 1389 1299 veter'es
1404 1232 1630 1315 Philosophus

497 1331 538 1407 'ex
557 1340 681 1427 Logicae
700 1344 881 1429 ignorantia
900 1343 932 1410 in
953 1345 1062 1429 plures
1081 1360 1205 1409 errores
1224 1341 1384 1409 incidisse.

564 1450 677 1516 Fateor
695 1470 792 1536 posse
810 1452 895 1528 tieri,
917 1452 1065 1517 absolute
1083 1451 1265 1535 loquendo,
1287 1458 1323 1517 ut
1345 1449 1420 1535 quis
1443 1447 1524 1513 dum
1550 1448 1631 1513 aliis

497 1558 639 1625 scientiis
656 1563 824 1644 operatur,
841 1561 921 1625 dum
936 1558 1067 1637 definit,
1084 1558 1491 1643 dividit,argumentatur,
1507 1556 1629 1621 omnia

496 1664 542 1729 sic
559 1674 681 1731 attente
704 1667 903 1743 consideret,
924 1676 962 1734 ut
985 1668 1083 1733 simul
1111 1668 1239 1752 tegulas
1264 1665 1350 1750 ipsas
1375 1664 1501 1750 Logicae
1526 1664 1628 1729 inve·

497 1772 580 1850 niat,
610 1782 646 1838 et
670 1776 831 1859 applicet„
851 1784 908 1841 aut
935 1786 1020 1841 certe
1050 1794 1090 1843 ex
1116 1772 1332 1839 attentissima
1358 1769 1627 1849 consideratione

496 1879 750 1965 felicissimaque,
760 1882 890 1948 solertia
905 1884 1059 1967 scopulos
1073 1882 1145 1947 illos
1161 1880 1311 1966 effugiat,
1328 1880 1450 1963 quibus
1463 1879 1628 1945 cavendis

495 1990 598 2053 facem
618 1990 740 2071 praebet
759 1991 829 2056 lraec
850 1989 994 2057 scientia.
1022 1990 1146 2056 Verum
1172 1989 1245 2073 quis
1268 2007 1335 2054 non
1359 1988 1447 2054 videt
1470 1988 1502 2055 id
1528 2006 1630 2051 com-

496 2113 632 2161 munem
660 2096 833 2163 hominum
862 2099 1048 2165 facultatem
1075 2097 1241 2164 excedere.
1265 2096 1363 2173 Hinc,
1384 2086 1421 2161 ut
1440 2097 1511 2181 jam
1540 2095 1628 2161 alias

496 2203 699 2269 notavimus:
716 2206 901 2271 Absurdum
918 2210 979 2282 est,
996 2205 1103 2289 inquit
1121 2204 1356 2289 Philosophus,
1372 2205 1469 2269 simul
1480 2222 1629 2288 quoerere

492 2310 655 2377 scientrirm
675 2316 709 2391 el
731 2315 857 2379 modum
881 2310 1105 2400 scientiae(1).
1136 2313 1220 2394 Quia
1247 2331 1309 2377 non
1337 2316 1384 2378 est
1399 2310 1516 2397 facile,
1535 2314 1629 2397 quod

495 2418 581 2483 donro
605 2420 702 2485 simul
725 2421 788 2485 duo
814 2420 935 2503 capiat,
958 2422 1014 2485 sed
1039 2423 1114 2485 dum
1142 2422 1186 2485 ad
1211 2422 1274 2485 duo
1298 2420 1446 2497 attendit,
1472 2423 1626 2485 neutrum

493 2534 601 2608 capere
613 2530 755 2608 potest...
775 2529 815 2593 Et
825 2532 954 2610 propter
976 2528 1031 2595 hoc
1052 2528 1143 2594 dedet
1159 2528 1252 2609 prius
1273 2527 1434 2593 addiscere
1457 2526 1623 2611 logicam,

492 2649 587 2718 quam
614 2634 696 2700 alrirs
721 2635 885 2713 scientias,
916 2636 992 2721 quia
1014 2636 1123 2719 logica
1150 2637 1252 2701 tradit
1273 2652 1465 2702 communem
1490 2637 1624 2701 modurn

489 2742 682 2823 procedendi
699 2742 733 2808 in
750 2743 893 2809 omnibus
910 2742 984 2809 aliis
1003 2742 1143 2810 scientiis
1165 2746 1177 2830 (
1201 2741 1226 2831 ).

316 2873 442 2930 expuatur
563 2848 753 2936 Crididerim
779 2861 909 2938 tamen,
929 2869 1003 2934 quae
1029 2852 1066 2918 in.
1093 2853 1152 2916 hac
1181 2850 1511 2936 propositionedlcta
1538 2863 1623 2918 sunt

259 2954 266 2970 '
289 2948 471 3070 'ww
493 2957 599 3023 valere
617 2959 826 3042 potissimum
839 2961 880 3025 de
899 2959 970 3036 ino,
987 2957 1043 3041 qui
1061 2961 1149 3024 nullo
1165 2959 1283 3025 idoneo
1304 2966 1501 3044 praeceptore
1516 2961 1621 3024 vellet

493 3083 550 3149 per
568 3084 602 3130 se
620 3067 788 3132 scientiam
813 3056 956 3151 aliquam
984 3067 1159 3133 addiscere.
1181 3066 1215 3132 Si
1242 3067 1316 3150 quis
1341 3067 1429 3163 enim
1454 3063 1619 3151 Magistro

492 3173 569 3238 artis
601 3173 712 3257 logicae
747 3175 849 3257 perito
885 3176 1016 3251 utatur,
1044 3185 1108 3250 aut¹
1133 3175 1250 3240 librum
1285 3175 1402 3241 habeat
1436 3175 1476 3240 de
1508 3175 1623 3260 aliqua

492 3280 624 3345 scientia
642 3280 727 3347 bene
745 3281 971 3366 conscriptum
987 3283 1169 3348 secundum
1186 3280 1310 3365 Logicae
1326 3289 1505 3366 praecepta,
1523 3282 1620 3348 illum

465 3453 476 3475 .
492 3388 647 3454 existimo
666 3407 763 3473 posse
783 3391 900 3455 minori
920 3388 1111 3456 difficultate
1128 3409 1201 3454 eam
1220 3389 1387 3456 scientiam
1412 3408 1619 3474 comparare,

492 3497 573 3579 quin
592 3496 768 3580 praemittat
786 3496 932 3562 studium
954 3499 1050 3582 hujus
1069 3495 1259 3581 disciplinae.

537 3675 615 3744 32¹·
662 3657 916 3745 Pnonosrr103.·
961 3665 1039 3725 Non
1053 3671 1170 3724 tamen
1184 3661 1345 3726 existimo
1359 3665 1523 3742 Logieem
1536 3683 1620 3728 esse

491 3770 535 3833 ad
554 3771 703 3850 reliquas
722 3768 884 3832 scientias
902 3770 1071 3838 sivemeta
1080 3769 1238 3850 physice,
1254 3771 1331 3832 sive
1343 3772 1448 3834 etiam
1457 3774 1617 3853 physice,

492 3895 737 3941 necessariam.

309 4048 444 4098 nontamen
559 4040 676 4102 Prima
688 4055 769 4116 pars
784 4051 849 4098 non
866 4042 939 4117 eget
955 4033 1163 4121 probatione„
1172 4033 1298 4100 Etenim
1314 4053 1412 4101 nemo
1427 4035 1618 4102 indubium

278 4124 479 4239 ‘⁸¹2¹‘2'ffl'st‘
493 4141 708 4216 revocaverit,
729 4143 826 4224 posse
845 4139 951 4205 Deum
973 4159 1028 4225 per
1044 4141 1317 4225 omnipotentiam
1346 4161 1440 4208 suam
1469 4143 1616 4215 efficere.

336 4265 425 4323 physice
491 4257 529 4314 ut
550 4251 653 4315 homo
676 4248 800 4331 absque
824 4247 945 4333 praevio
964 4247 1078 4332 logicae
1101 4248 1177 4315 artis
1201 4249 1310 4316 studio
1333 4259 1389 4315 aut
1411 4251 1616 4336 cognitione,

318 4349 441 4463 ”mm
491 4367 623 4424 caeteras
641 4356 791 4427 scientias
809 4355 1043 4439 perfectissime
1061 4355 1216 4425 addiscat.

526 4520 567 4584 (r)
603 4515 695 4574 Arist.
709 4515 759 4571 lib.
775 4535 806 4584 2,
820 4515 964 4589 Metcplr.,
980 4515 1066 4586 paulo
1080 4530 1147 4575 ante
1161 4516 1212 4576 fin.
1227 4529 1296 4576 text.
1312 4537 1416 4577 comm.
1437 4535 1478 4592 ις.

525 4610 565 4673 (a)
603 4603 636 4665 S.
651 4604 756 4663 Thom.
772 4603 821 4663 lib.
837 4625 865 4662 2.
881 4605 1021 4679 Meropia,
1036 4604 1100 4664 lect.
1119 4624 1149 4676 ς,
1170 4607 1257 4678 paulo
1273 4619 1342 4666 onte
1360 4607 1411 4667 fin.
1426 4607 1491 4668 cfr.
1508 4608 1546 4668 de
1572 4611 1619 4670 his

490 4695 627 4770 Semery,
643 4695 688 4754 De
701 4693 881 4764 Benedictis,
896 4708 924 4754 ct
939 4693 1023 4754 Ulloo
1038 4694 1071 4754 in
1084 4694 1154 4756 locis
1167 4695 1248 4755 citat.
