3492 5525
494 434 612 498 Anrrc.
636 446 695 496 aar·
717 433 767 497 De
790 434 959 499 Orrurortr:
1188 448 1249 519 459

163 638 247 705 ergo
260 618 360 685 timor
373 638 410 685 ac
428 618 568 685 formido
580 620 688 685 solum
703 619 879 705 improprie
892 619 989 687 tribui
1004 628 1125 712 potest,
1140 620 1286 689 insensu

163 726 314 793 videlicet
332 724 469 807 causali;
489 738 522 791 et
537 726 699 811 significat
711 736 818 807 actum
834 727 989 811 aliquem,
1003 728 1059 810 qui
1079 727 1285 796 formidinem

162 854 204 900 ac
221 834 372 901 timorem
391 842 525 920 generat
543 834 744 919 deceptionis
762 834 795 900 in
814 837 996 903 voluntate.
1009 833 1170 911 Quisnam
1186 854 1285 921 porro
1340 899 1344 905 ,

162 950 257 1009 actus
275 941 459 1008 intellectus
478 942 561 1007 hanc
581 940 677 1008 habet
696 940 872 1029 virtutem?
891 942 945 1007 llla
962 942 1105 1028 cognitio
1124 952 1156 1009 et
1171 962 1287 1029 appre-

162 1048 298 1125 hensio,
318 1069 385 1133 qua
407 1048 611 1115 existimetur
638 1068 706 1114 rem
731 1050 824 1115 aliter
848 1069 992 1135 quoque,
1013 1068 1109 1135 posse
1135 1068 1223 1127 esse,
1249 1071 1286 1118 ac
1381 1044 1384 1049 ’

164 1158 300 1241 proinde
319 1157 352 1223 in
372 1159 433 1223 hoc
451 1159 502 1223 vei
521 1158 576 1223 illo
596 1158 787 1242 proterendo
801 1158 983 1225 circailiam
1002 1158 1133 1239 iudicio,
1152 1160 1286 1242 aliquod

163 1264 280 1331 adesse
299 1264 478 1350 periculum
502 1256 640 1331 errandi.
661 1264 759 1331 Nemo
771 1264 947 1331 arbitratur
962 1284 995 1331 se
1009 1272 1154 1349 opinari,
1175 1265 1285 1334 scribit

160 1372 372 1449 Aristoteles.
392 1375 519 1458 quando
539 1372 717 1439 arbitratur
724 1370 803 1457 fieri
819 1392 882 1439 nan
896 1379 1002 1454 posse,
1021 1377 1060 1438 ut
1076 1372 1171 1439 aliter
1186 1392 1236 1439 res
1252 1393 1286 1440 se

157 1480 280 1557 babeat,
301 1484 357 1546 sed
373 1483 447 1547 binc
465 1482 555 1562 putat
571 1502 610 1549 se
623 1487 724 1547 scire.
746 1480 862 1547 Verum
880 1484 1006 1565 quanda
1023 1480 1200 1547 arbitratur
1221 1500 1285 1547 csse

155 1588 285 1672 pultem
302 1606 369 1655 rem
387 1586 444 1663 ita,
464 1587 622 1655 existimat
640 1592 741 1652 autem
759 1588 900 1653 cialiter
916 1606 948 1653 se
967 1588 1075 1654 babere
1081 1595 1187 1671 posse,
1200 1590 1288 1655 nibil

150 1695 298 1777 probibet
306 1696 396 1761 itiam
411 1698 484 1760 banc
498 1695 633 1777 opinari,
647 1694 722 1779 quia
741 1694 813 1760 talis
827 1695 951 1779 quritcm
964 1695 1076 1763 retest
1088 1701 1215 1778 opinio,
1230 1716 1284 1762 ne-

153 1803 383 1891 cessariaoera
395 1808 539 1871 seientia
551 1800 615 1890 (r).
636 1801 719 1867 Nam
742 1821 818 1867 cum
837 1801 1002 1869 existimat
1016 1803 1200 1870 intellectus
1215 1824 1283 1870 rem

154 1910 270 1975 alitere
284 1930 336 1977 sse
352 1929 460 1995 posse,
478 1909 591 1994 nequit
606 1928 672 1977 non
688 1911 841 1977 voluntas
855 1910 1082 1995 deceptionem
1098 1910 1282 1977 formidare.

208 2020 262 2104 38.
312 2018 463 2085 Formido
483 2026 591 2102 potest
610 2036 682 2085 esse
701 2020 843 2100 madens
869 2026 903 2082 et
920 2018 1114 2099 imprudens.
1139 2004 1284 2085 Prudens

155 2136 227 2203 est,
250 2146 323 2209 quae
342 2125 504 2191 motivum
528 2126 624 2191 habet
643 2124 810 2193 sufficiens
829 2126 870 2190 ad
894 2126 1077 2191 timendam
1096 2126 1280 2193 falsitatem:
1315 2186 1328 2216 e
1348 2172 1376 2215 im
1393 2115 1420 2215 ,J
1435 2115 1474 2215 {m

153 2234 350 2317 imprudens
368 2251 458 2310 vero,
480 2253 554 2317 quae
569 2252 634 2299 non
650 2234 781 2301 fulcitur
799 2231 961 2318 ejusmodi
980 2234 1118 2303 motivo.
1139 2234 1283 2301 Pruden-

152 2340 306 2433 tisenim
326 2341 384 2407 viri
408 2348 462 2407 est
481 2358 548 2407 non
566 2340 756 2416 formidare,
780 2340 839 2407 nisi
859 2360 934 2406 cum
955 2340 1046 2407 adest
1066 2342 1146 2408 ratio
1166 2342 1282 2408 tormi-

151 2450 269 2515 dinem
287 2432 444 2515 suadensss
465 2446 540 2514 Sola
566 2456 676 2514 autem
701 2448 895 2531 possibilitas
913 2448 1060 2515 absoluta
1079 2451 1196 2516 erroris
1215 2470 1281 2516 non

153 2565 267 2643 potest
293 2556 488 2640 prudentem
516 2556 651 2641 gignere
680 2554 901 2623 formidinem.
926 2557 1073 2623 Prudens
1098 2556 1185 2623 enirn
1209 2547 1280 2624 'non
1340 2582 1369 2611 uu
1386 2580 1451 2611 enam

153 2673 209 2731 est
226 2664 414 2739 formidare,
437 2642 495 2730 nisi
514 2663 647 2745 quando
665 2663 756 2728 adest
780 2664 856 2728 mali
881 2660 1078 2747 periculum,
1099 2664 1278 2749 periculum
1356 2640 1406 2683 '¹¹⁸
1431 2653 1442 2683 ¹

130 2781 264 2855 ,aurem
284 2780 334 2839 est
353 2771 625 2857 appropinquatio
651 2771 739 2836 maii.
770 2769 871 2854 Atqui
890 2773 960 2838 sola
980 2771 1175 2856 possibilitas
1193 2767 1280 2839 erro-

152 2882 200 2948 ris
227 2899 293 2947 non
320 2891 370 2948 est
396 2877 620 2964 propinquitas
644 2879 771 2948 erroris.
794 2879 879 2964 Ergo
903 2880 971 2945 sola
1003 2880 1199 2963 possibilitas
1222 2882 1280 2948 ab·

150 2989 261 3056 soluta
279 2987 563 3072 deceptionisnon
582 2986 701 3054 sufficit
719 2969 760 3052 ad
779 2987 974 3070 prudentem
988 2987 1210 3057 formidinem.

222 3095 277 3162 Est
294 3103 403 3161 autem
423 3093 589 3160 sufficiens
609 3093 771 3160 motivum
793 3093 998 3176 probabilitas
1019 3103 1076 3161 aut
1097 3096 1196 3161 etiam
1215 3115 1279 3162 ma-

148 3202 234 3268 ratis
246 3202 438 3285 possibilitas
456 3202 589 3278 erroris,
606 3221 647 3266 err
665 3221 705 3266 eo
719 3201 808 3284 quod
821 3219 908 3284 saepe
920 3200 952 3267 in
968 3201 1131 3270 similibus
1148 3204 1278 3272 casibus

150 3328 244 3376 error
261 3309 447 3393 contingat,
468 3309 520 3374 vel
539 3327 580 3375 ex
599 3327 639 3375 eo
658 3309 748 3391 quod
762 3327 851 3374 error
866 3307 917 3374 hic
935 3318 969 3375 et
987 3328 1075 3376 nunc
1089 3312 1277 3397 contingere

150 3417 265 3504 possit·
280 3416 404 3499 absque
431 3417 563 3482 lesione
589 3414 822 3500 principiorum
852 3417 1073 3484 essentialium
1098 3427 1131 3484 et
1154 3420 1276 3503 absque

149 3524 251 3592 ullius
270 3525 442 3590 violatione
461 3524 552 3609 legis,
573 3523 641 3589 sive
660 3523 803 3610 physicae
823 3524 892 3590 sive
907 3525 1050 3591 moralis.

221 3630 371 3698 Formido
390 3631 432 3698 ita
452 3631 608 3715 explicata
626 3633 827 3715 quandoque
846 3640 897 3698 est
916 3633 1107 3718 necessaria,
1128 3636 1276 3718 quando-

148 3757 220 3824 que
239 3738 348 3806 libera.
370 3739 425 3805 Est
445 3736 639 3816 necessaria,
667 3739 799 3822 quando
823 3738 958 3808 evidens
976 3751 1027 3808 est
1048 3760 1086 3806 ac
1105 3744 1275 3810 manifesta

148 3845 325 3914 fallibilitas
345 3846 459 3912 motivi
478 3845 973 3929 atqueintrrmitas31uncenim
994 3867 1060 3914 non
1079 3858 1188 3934 potest
1207 3870 1274 3918 non

141 3953 285 4044 judicari
303 3955 419 4020 erroris
439 3953 631 4036 periculum.
653 3953 695 4022 Ut
720 3954 746 4020 si
766 3955 841 4038 quis
866 3956 976 4021 audiat
994 3958 1189 4040 'loquentem
1217 3961 1275 4025 ho-

146 4061 295 4137 rninem,
315 4081 414 4145 quern
439 4081 525 4147 saepe
544 4061 757 4146 deprehendit
776 4064 989 4142 mendacem,
1011 4065 1123 4148 nequit
1148 4067 1274 4151 absque

145 4168 324 4236 formidine
344 4169 517 4236 narrationi
537 4168 622 4236 illius
639 4169 803 4248 assentiri,
826 4171 887 4238 nisi
907 4172 987 4238 tort'e
1001 4173 1131 4239 aliunde
1146 4184 1274 4241 consta-

145 4285 202 4345 ret
226 4277 470 4361 impossibilitas
484 4277 646 4342 mendacii
659 4276 692 4342 in
710 4295 788 4344 casu
807 4281 969 4362 praesenti.
996 4279 1084 4346 Alias
1104 4301 1182 4347 vero
1206 4302 1272 4350 non

142 4393 202 4452 est
220 4383 355 4450 evidens
369 4383 541 4450 infirmitas
561 4383 693 4460 motivi,
714 4384 771 4450 sed
785 4393 915 4452 tanturn
930 4387 1121 4471 probabilis,
1141 4398 1175 4455 et
1192 4399 1272 4458 tunc

183 4639 227 4698 (r)
263 4631 353 4691 Arist.
369 4633 420 4692 lib.
440 4633 594 4703 r.‚·Paster
607 4635 794 4708 analyticam,
809 4653 871 4705 cap.
887 4636 923 4692 26
936 4635 985 4698 tad
1000 4640 1056 4708 33).
1073 4637 1137 4698 Cir.
1153 4637 1186 4697 S.
1199 4639 1267 4706 Th„

140 4727 203 4794 ib.,
217 4722 284 4781 ieet.
299 4741 350 4795 44,
363 4742 479 4797 paragr.
490 4743 517 4791 e,-
531 4722 624 4781 etalii
638 4736 881 4784 commentatores
894 4723 965 4784 ibid.
