3492 5525
704 374 809 439 laona
829 393 948 439 annus
1379 373 1454 456 2265

194 530 311 612 moralis
338 547 369 609 in
399 550 455 609 alio
478 568 566 609 sensu
594 561 709 623 accepta
736 556 804 628 47⁷5
851 555 1188 629 Gonosptuaiiomus
1230 555 1398 619 confutatur
1440 556 1494 614 660

192 640 343 701 eriistsntia
363 639 548 699 certitudinis
568 653 668 699 contra
685 638 800 713 Scepti-

886 664 968 719 will·

192 728 802 804 cos2vindicatur478seqq.:eertitudovul-
851 734 1161 809 (tottoeptutalisrtae¹
1169 738 1233 810 654.

191 820 270 894 garis
284 832 314 877 et
326 817 524 892 philosophica
537 819 601 892 481:
617 818 801 878 certitudinis
850 823 1039 883 Conclusio
1065 826 1109 883 vcl
1133 824 1224 885 illatio
1246 824 1320 896 quid
1347 845 1409 897 321:
1434 823 1493 884 sola

193 910 382 983 proprietates
401 929 466 983 4923
483 930 542 969 non
562 922 607 967 est
620 909 656 967 dc
670 911 735 981 ejus
755 930 801 967 es-

191 1000 284 1059 sentia
312 1000 459 1059 evidentia
485 1020 549 1075 492,
578 999 644 1063 licet
674 999 801 1073 postulet

190 1092 294 1150 saltem
313 1091 490 1149 evidentiam
513 1091 714 1151 credibilitatis
734 1112 799 1167 4933

191 1182 334 1241 certitudo
362 1179 465 1254 nequit
491 1181 632 1240 resultare
659 1203 694 1241 cx
721 1203 799 1241 mera

191 1292 305 1329 summa
329 1270 566 1344 probabilitatum
589 1291 653 1345 4953
679 1292 800 1345 propor-

191 1362 307 1421 tionalis
330 1376 374 1421 cst
398 1376 459 1419 tum
486 1361 655 1434 perfectioni
680 1362 800 1435 subjecti

885 933 945 971 non
970 914 1125 973 constituit
1146 914 1302 973 essentiam
1330 912 1492 988 syllogismi

866 1002 936 1076 ‚812
951 986 1044 1074 seqq:
1067 1016 1165 1061 utrum
1179 1003 1217 1061 ad
1232 1002 1412 1061 inserendam
1426 1022 1493 1061 coo·

883 1091 1040 1151 elusionem
1067 1093 1232 1166 requiratur
1255 1092 1364 1165 praevia
1392 1091 1493 1151 notitia

884 1181 921 1239 de
934 1181 1063 1241 bonitate
1080 1182 1295 1253 consequentia
1308 1182 1372 1255 830:
1393 1194 1492 1241 utrum

884 1284 912 1331 et
933 1272 1079 1342 quomodo
1102 1270 1250 1332 conclusio
1271 1270 1398 1346 attingat
1418 1292 1493 1362 prae·

854 1384 857 1391 ·
885 1360 990 1419 missas
1002 1361 1056 1431 878
1070 1381 1152 1435 seqq.

132 1490 133 1498 t
190 1450 392 1523 intelligentia,
404 1465 466 1510 tum
477 1450 586 1509 motivo
599 1450 636 1508 ad
648 1470 798 1509 assensum
849 1449 1025 1507 concreta
1056 1451 1203 1523 quomodo
1236 1452 1430 1522 praedicentur
1457 1449 1494 1509 de

192 1538 354 1611 impellenti
367 1539 433 1611 496,
455 1539 534 1596 unde
552 1538 696 1597 certitudo
717 1539 740 1596 1²
742 1539 799 1596 idei

882 1540 1025 1597 concretis
1041 1560 1104 1613 729,
1119 1540 1197 1599 etde
1211 1541 1365 1600 abstractis
1383 1540 1446 1615 733.

46 3975 49 3983 ·
144 3962 420 4034 Complutonaea
435 3960 627 4020 Carmelinni
640 3982 685 4035 7²·

189 1629 422 1702 supernaturalis
444 1641 563 1701 superat
584 1648 798 1701 quamcumque
848 1628 1047 1688 concretus
1062 1630 1204 1690 terminus
1221 1650 1280 1704 ¹43·

191 1718 353 1779 naturalem
363 1739 428 1791 497;
442 1718 586 1777 certitudo
595 1717 725 1776 admittit
733 1738 800 1791 gra·
848 1717 1493 1793 Gondillaolde)StephanusBonnot,Sen·

189 1808 245 1866 dus
260 1807 357 1879 quoad
370 1820 480 1879 partem
494 1807 647 1879 positivam
663 1808 726 1881 498:
740 1828 799 1867 cer·
882 1808 965 1894 sisini
979 1830 1084 1881 parens
1095 1812 1142 1880 85.

189 1899 285 1957 titudo
299 1897 506 1973 Memphysica,
523 1898 645 1973 physica
659 1910 688 1955 et
702 1918 799 1957 mora·
848 1897 1011 1956 Gonditio
1026 1900 1099 1959 nihil
1114 1901 1198 1973 ponit
1211 1900 1242 1959 in
1257 1920 1321 1960 csse
1334 1902 1398 1961 266.

189 1988 226 2046 lis
254 1988 349 2061 specie
373 1986 513 2047 differunt
538 2009 593 2061 499
615 2006 709 2069 seqq:
739 2008 797 2047 non
848 1987 1108 2047 conditionalia
1135 1990 1295 2064 propositio
1326 1991 1400 2061 quid
1427 1991 1490 2061 265,

189 2085 288 2136 eadem
298 2078 442 2143 certitudo
452 2077 609 2149 quaerenda
620 2076 650 2134 in
660 2076 797 2135 omnibus
883 2079 1042 2152 quotuplex
1053 2082 1118 2144 2662
1134 2101 1172 2139 an
1188 2081 1378 2139 admittendae
1391 2081 1491 2140 condi·

191 2182 236 2227 est
251 2188 327 2240 2052.
883 2170 1005 2229 tionalcs
1019 2170 1233 2243 propositiones
1247 2192 1319 2244 pure
1332 2171 1491 2243 conjuncti-

153 2258 315 2315 chmdaet
331 2256 501 2330 Philosophi
518 2277 559 2330 14.
882 2279 926 2318 vae
952 2264 1015 2334 267:
1046 2260 1287 2319 conditionalium
1315 2259 1436 2319 materia
1461 2273 1490 2318 et

153 2348 434 2421 chrysostomus
448 2346 507 2413 (S.)
522 2348 651 2417 Joannes
663 2364 711 2419 44.
882 2348 1010 2419 qualitas
1033 2352 1096 2423 269.
1122 2350 1352 2412 Conditionaliss
1381 2350 1490 2423 yllogi-

153 2440 277 2497 Cicero
292 2438 333 2497 M.
347 2438 471 2507 Tullius,
485 2436 664 2497 academicus
680 2458 723 2509 3¹·
883 2458 967 2495 smus
980 2440 1042 2512 348.

152 2530 319 2589 Girouluo
340 2529 413 2601 quid
437 2528 467 2587 in
489 2526 709 2600 probationibus
731 2547 793 2599 773:
845 2526 1487 2602 conditionatum,purificataconditione‚

188 2618 345 2679 materialis
365 2630 395 2677 et
416 2616 547 2675 formalis
561 2638 623 2690 773:
646 2614 795 2673 circularis
879 2619 1030 2677 transitio
1045 2620 1212 2678 absolutum
1228 2621 1290 2693 748.

185 2706 442 2770 demonstrationis
457 2705 573 2780 patroni
587 2726 649 2779 773:
670 2704 795 2764 circulus
844 2706 1059 2778 Coniectura
1074 2709 1145 2780 quid
1154 2710 1218 2784 458.

186 2799 345 2860 materialis
359 2799 505 2869 licetsnon
517 2818 586 2856 vero
599 2795 727 2854 formalis
742 2815 795 2870 774
844 2797 1106 2868 conjunctivus
1122 2819 1174 2859 seu
1192 2798 1375 2872 copulativua
1397 2797 1488 2873 syllo-

186 2909 267 2961 seqq.
563 2951 570 2964 ,
877 2885 992 2959 gismus
1007 2907 1068 2961 352.

150 2977 281 3036 Glauke
295 2976 415 3036 Samuel
429 2977 476 3052 84.
844 2973 1105 3034 Connotattvua
1119 2976 1261 3037 terminus
1275 2998 1334 3050 242.

150 3069 316 3136 Clemens
330 3067 549 3126 Alexandrinus
560 3087 607 3140 43.
843 3062 1072 3142 Conscientia
1100 3067 1161 3138 569:
1183 3066 1220 3123 de
1240 3065 1395 3125 veracitate
1420 3083 1489 3124 con·

149 3159 314 3231 Gop'nitio
335 3157 512 3231 speculativa
522 3171 560 3232 ,ct
582 3154 705 3228 practica
727 3155 791 3229 896:
878 3151 1004 3212 scientiae
1018 3153 1128 3226 ambigi
1142 3155 1245 3226 nequit
1259 3156 1321 3231 586.

184 3247 352 3307 discrimina
360 3235 520 3318 'utriusque
533 3247 587 3320 897
602 3264 684 3316 seqq.
842 3240 1075 3314 Consequens
1088 3243 1152 3316 265,
1167 3265 1231 3318 327.

149 3337 355 3395 Communis
374 3335 519 3396 terminus
547 3355 605 3408 147:
631 3335 793 3394 communis
842 3329 1107 3404 Consequentia
1121 3332 1191 3404 quid
1210 3348 1239 3391 et
1262 3332 1422 3405 quotuplex
1434 3352 1485 3405 303

184 3441 288 3487 natura
303 3447 363 3486 non
384 3441 429 3486 est
443 3425 562 3486 omnino
585 3425 661 3484 idem
677 3428 792 3501 proprie
876 3443 970 3494 seqq:
990 3423 1200 3495 consequentia
1217 3423 1325 3482 dicitur
1346 3424 1422 3482 bona
1440 3424 1485 3481 vel

182 3517 328 3587 loquendo
338 3537 371 3576 ae
381 3515 562 3585 universalis,
573 3516 707 3587 quamvis
717 3537 792 3590 saepe
876 3512 963 3580 mala,
980 3531 1040 3569 non
1063 3526 1161 3572 autem
1181 3533 1249 3571 vera
1261 3511 1307 3571 vel
1328 3511 1401 3570 salsa
1423 3532 1484 3588 304,

878 3600 941 3674 844:
958 3602 1036 3674 leges
1050 3602 1134 3660 bonae
1145 3600 1360 3673 consequentia
1375 3620 1436 3676 305.

841 3691 1129 3751 contradictoria
1143 3691 1288 3764 oppositio
1301 3693 1360 3767 156:
1372 3705 1487 3750 contra·

874 3781 995 3841 dictoris
1023 3797 1216 3854 opponuntur
1237 3797 1270 3842 ut
1293 3802 1347 3842 ena
1372 3795 1402 3845 et
1423 3803 1482 3842 non

874 3891 927 3930 cns
956 3889 1015 3945 157:
1042 3870 1265 3931 contradictoria
1288 3885 1333 3932 cst
1358 3871 1485 3932 maxima

875 3960 1006 4020 omniurn
1034 3960 1251 4034 oppositionum
1278 3981 1337 4036 ¹57²
1364 3961 1485 4034 reliquae

874 4051 1074 4124 oppositiones
1082 4051 1259 4125 participant
1267 4051 1304 4112 de
1321 4051 1482 4114 contradic·

183 3626 234 3677 pro
248 3607 349 3665 eodem
361 3605 541 3679 accipiantur
553 3607 616 3679 643.

146 3695 438 3753 communiamus
452 3707 480 3754 et
493 3693 695 3754 communistae
708 3716 752 3768 92.

146 3784 376 3857 Comparatio
393 3783 465 3856 quid
483 3783 533 3842 108
547 3784 578 3842 in
594 3797 664 3842 nota
678 3798 707 3842 et
726 3805 788 3860 722.

145 3872 403 3944 Gompmtiva
417 3871 578 3944 propositio
592 3873 654 3946 276.

143 4051 424 4123 comprehensio
438 4064 466 4110 et
483 4049 614 4110 extensio
639 4049 711 4110 ideae
728 4072 787 4109 222.

143 4141 294 4218 compto
319 4146 484 4214 Augustus,
507 4153 608 4199 auctor
632 4138 789 4200 Positivis-
873 4139 955 4199 tione
972 4140 1031 4214 158.

181 4228 222 4286 mi
235 4249 280 4302 90.
839 4230 1030 4288 caumana
1047 4229 1192 4304 oppositio
1213 4249 1263 4304 252
1282 4250 1365 4303 seqq.

143 4319 349 4390 Conooptuo
370 4318 441 4390 quid
466 4338 525 4390 119:
541 4330 585 4376 est
606 4316 725 4390 signum
746 4317 789 4374 rei
838 4321 1035 4379 Conversio
1058 4319 1290 4393 propositionum
1314 4321 1369 4378 286
1386 4339 1482 4393 seqq:

179 4410 312 4468 naturale
328 4427 388 4468 reo:
407 4428 465 4468 non
477 4406 707 4467 confundendus
720 4427 786 4466 cum
872 4411 1003 4469 notanda
1032 4409 1064 4468 in
1092 4409 1280 4470 conversione
1304 4410 1341 4478 ad
1374 4429 1484 4469 caven-

179 4498 385 4570 phantasmate
419 4517 477 4556 rao:
511 4495 598 4554 variae
627 4495 787 4556 divisiones
872 4500 926 4558 das
941 4498 1068 4558 fallacias
1086 4500 1150 4573 289:
1167 4499 1318 4562 conversio
1333 4497 1484 4558 modaliun

63 4575 67 4586 ’
178 4601 370 4662 conceptuum
388 4589 438 4646 226
447 4605 541 4660 seqq:
558 4599 714 4660 conceptus
728 4586 787 4646 ior·
829 4658 831 4670 1
872 4589 936 4662 298.
1224 4576 1228 4584 “

179 4677 264 4737 malis
278 4690 308 4738 et
321 4677 481 4752 objectivus
498 4697 557 4750 229.
828 4676 1032 4768 7009221062
1046 4679 1092 4750 69.
