3492 5525
552 445 613 512 770
661 425 790 496 Lootca
804 429 1036 507 Maron-Lm.
1053 447 1125 509 μ’,
1140 430 1234 497 Drsn.
1250 446 1296 497 a·
1309 431 1388 498 Can.
1408 448 1477 498 ram

579 615 663 692 Quae
689 630 766 682 cum
796 615 839 683 ita
871 614 953 691 sint,
985 617 1244 702 amplectendam
1273 634 1345 684 esse
1375 615 1526 683 ducimus
1553 635 1633 683 cum

514 722 730 789 communiori
756 723 918 791 sententia
943 722 1137 790 divisionem
1162 723 1250 789 illam
1275 723 1503 808 propositionis
1521 725 1555 790 in
1575 743 1635 809 per
1723 746 1725 799 ς

513 845 549 894 se
569 839 680 896 notam
698 823 951 908 secunduma,
972 819 1081 916 et'per
1093 849 1129 897 se
1144 841 1256 898 notam
1277 831 1385 916 quoad
1404 849 1477 898 nos.

433 960 454 989 m
562 953 635 1024 ¹94·
682 943 761 1023 Jam
779 943 810 1006 si
823 959 981 1023 quaeras,
1006 957 1157 1021 quaenam
1176 938 1413 1024 propositiones
1434 937 1467 1004 in
1488 957 1633 1004 numero

313 1102 327 1132 ,
383 1017 459 1132 ’οὝ
475 1015 497 1060 ³⁸
513 1057 570 1128 per
588 1059 625 1110 se
644 1053 792 1111 notarum
814 1045 971 1111 habendae
988 1045 1071 1124 sint,
1087 1046 1185 1112 facilis
1199 1054 1249 1112 est
1268 1047 1446 1130 responsio.
1465 1047 1553 1112 Nam

400 1173 410 1202 r
427 1174 449 1202 m
562 1163 609 1216 t.⁰
648 1153 772 1219 'Omnis
792 1153 971 1238 propositio
989 1153 1125 1218 mentm
1139 1162 1190 1219 est
1204 1172 1261 1236 per
1273 1172 1308 1219 se
1323 1163 1416 1229 nota,
1432 1164 1506 1219 tum
1521 1154 1632 1236 quoad

377 1243 431 1276 '¹⁸²⁰
448 1245 475 1276 ²⁹
512 1275 566 1332 se,
585 1267 659 1325 tum
677 1261 787 1342 quoad
811 1277 888 1335 nos,
909 1269 946 1327 ut
964 1267 1067 1344 patet.
1088 1268 1139 1326 2.⁰
1159 1259 1277 1326 Omnis
1296 1259 1495 1344 propositio,
1512 1261 1546 1325 in
1566 1278 1632 1342 qua

513 1365 719 1449 predicatum
736 1376 786 1433 est
803 1368 844 1433 de
863 1367 987 1433 ratione
1000 1365 1154 1452 subjecti,
1175 1368 1226 1432 vel
1242 1365 1392 1450 exprimit
1409 1375 1514 1432 totam
1533 1367 1634 1451 hujus

512 1474 685 1539 essentiam
702 1475 753 1540 vel
773 1483 917 1560 partem,
933 1485 982 1540 est
1001 1493 1058 1559 per
1075 1492 1111 1539 se
1129 1483 1223 1551 nota,
1240 1476 1355 1540 saltem
1375 1474 1561 1540 secundum
1581 1493 1630 1546 se,

512 1579 581 1646 sive
595 1579 654 1658 sit,
676 1581 745 1647 sire
765 1599 831 1647 non
848 1581 891 1648 sit
909 1599 967 1666 per
984 1599 1020 1646 se
1033 1589 1109 1647 nota
1123 1582 1221 1646 etiam
1236 1582 1343 1665 quoad
1358 1598 1431 1648 nos.
1452 1588 1504 1666 39
1525 1582 1585 1646 Per
1598 1599 1632 1644 se

513 1695 599 1753 notae
619 1685 737 1772 pariter
761 1698 839 1755 sunt
859 1688 1096 1773 propositiones
1125 1689 1299 1774 negative,
1320 1705 1459 1771 quarum
1485 1699 1631 1754 extrema

512 1795 715 1888 sunt‘primo
735 1803 822 1862 etse
844 1795 923 1864 totis
946 1797 1089 1871 diversa,
1118 1797 1231 1879 quales
1253 1803 1331 1862 sunt
1353 1796 1422 1859 hae:
1448 1795 1632 1861 substantio

510 1920 573 1967 non
592 1903 824 1988 estquantitas;
843 1903 1055 1972 Ratonantas
1072 1922 1136 1968 non
1148 1907 1196 1969 cst
1206 1901 1452 1978 irrationalitas,
1468 1911 1532 1968 etc.
1547 1903 1631 1978 Qria

510 2007 543 2074 in
564 2006 671 2093 prim‘o
690 2009 825 2076 diversis
841 2010 999 2086 rihtest,
1015 2012 1105 2096 quod
1119 2011 1188 2076 sive
1203 2011 1235 2076 in
1249 2027 1301 2084 se,
1318 2008 1387 2075 sive
1406 2009 1503 2077 etiam
1520 2010 1630 2092 quoad

510 2133 588 2193 nos,
609 2117 651 2184 sit
670 2117 759 2203 prius
778 2137 815 2185 ac
841 2118 921 2184 ratio
939 2118 1151 2192 diversitatis.
1176 2136 1253 2183 cum
1277 2116 1355 2183 nihil
1378 2101 1517 2183 habeant
1540 2135 1631 2182 com·
1723 2170 1724 2197 2

511 2242 632 2301 mune,
653 2225 710 2292 sed
730 2244 765 2292 se
785 2225 863 2291 totis
881 2223 1149 2293 diversificentur.
1171 2225 1226 2306 4.⁰
1245 2222 1486 2307 Propositiones
1504 2223 1632 2308 disjun·
1723 2222 1724 2249 ³

433 2379 442 2398 .
510 2313 602 2398 crire
620 2333 771 2399 conssatae
793 2351 834 2399 ex
849 2332 1009 2399 membris
1026 2331 1282 2399 contradictoriis
1299 2340 1378 2397 sunt
1395 2349 1507 2415 perse
1526 2339 1628 2406 notae‚

508 2449 580 2506 tum
601 2441 711 2522 quoad
729 2459 785 2516 se,
806 2449 879 2507 tum
899 2440 1008 2525 quoad
1034 2459 1113 2525 nos3
1138 2447 1174 2505 ut
1197 2441 1282 2504 haec:
1306 2439 1418 2504 Petrus
1440 2441 1493 2503 ne!
1511 2438 1627 2521 currit,

508 2547 561 2611 vel
576 2565 640 2612 non
662 2547 776 2616 currit.
806 2547 919 2626 Ratio,
942 2549 1019 2632 quia
1040 2567 1083 2614 ex
1111 2545 1227 2631 seipsis
1249 2545 1416 2611 evidentes
1440 2554 1539 2619 som,
1569 2564 1632 2610 nec

490 2648 728 2720 *demonstrari
747 2675 765 2719 a
785 2654 881 2739 priori
900 2668 1039 2740 queunt.
1723 2634 1725 2653 ’

574 2766 691 2841 Dices,
711 2763 900 2848 hujusmodi
920 2760 1156 2849 propositiones
1172 2758 1384 2832 demonstrari
1408 2778 1449 2824 ex
1467 2757 1631 2845 principio

508 2869 629 2937 exclusi
645 2868 755 2945 medii,
776 2880 833 2937 aut
852 2870 950 2935 etiam
965 2868 1236 2936 contradictionis.

573 2982 788 3061 Respondeo,
805 2978 1022 3043 demonstrari
1037 2977 1169 3061 quidem
1185 2974 1254 3041 illas
1264 2994 1320 3059 per
1334 2972 1522 3059 hujusmodi
1537 2976 1632 3058 prin-

505 3084 585 3170 cipia
597 3084 758 3161 indirecte,
769 3104 836 3151 non
846 3103 924 3151 vero
931 3086 1046 3149 directe
1056 3092 1089 3149 ct
1099 3104 1116 3148 a
1127 3082 1236 3167 priori,
1249 3080 1399 3148 nimirum
1411 3098 1629 3164 percausam.

574 3196 701 3258 Utrum
720 3214 804 3260 vero
818 3200 851 3258 et
865 3191 1035 3275 quomodo
1061 3188 1238 3275 propositio
1251 3189 1284 3253 in
1302 3207 1365 3271 qua
1384 3188 1489 3271 prima
1515 3192 1631 3274 passio

505 3298 556 3363 vel
577 3298 755 3383 proprietas
769 3298 961 3383 praedicatur
979 3299 1020 3363 de
1038 3298 1196 3382 subjecto.
1213 3296 1254 3362 sit
1268 3314 1324 3379 per
1337 3314 1372 3361 se
1387 3302 1478 3371 nota,
1493 3309 1633 3364 contro·
1723 3319 1724 3324 ¹

505 3405 651 3472 vertitur.
673 3404 847 3472 Affirmant
876 3406 1049 3493 cajetanus
1073 3402 1138 3492 (r),
1160 3403 1273 3469 Gittius
1293 3398 1355 3491 (2),
1377 3401 1633 3470 conimbricen-

504 3530 556 3578 ses
578 3508 643 3600 (3),
669 3510 877 3581 Ferrariensis
894 3507 958 3601 (4),
977 3514 1115 3594 Joannes
1133 3532 1152 3576 a
1170 3510 1205 3577 S.
1230 3512 1355 3577 Thoma
1377 3506 1440 3596 (5),
1461 3510 1632 3595 Complu-

502 3626 613 3685 tenses
639 3616 704 3707 (6),
736 3619 835 3687 Sotus
860 3618 925 3709 (7),
959 3620 1076 3703 aliique
1101 3638 1175 3685 cum
1196 3617 1231 3684 S.
1256 3617 1379 3682 Thoma
1404 3612 1468 3704 (8).
1493 3618 1632 3703 Negant

503 3734 613 3792 autem
635 3726 787 3795 Mastrius
802 3739 833 3794 et
849 3728 901 3793 alii
916 3726 980 3815 (9).

537 3993 578 4065 (ι)
618 4004 655 4051 r.⁰
667 3995 841 4063 Posterior..
858 4012 920 4066 cap.
932 4013 960 4063 a,
976 4014 1002 4065 3.

536 4087 576 4149 (2)
614 4082 682 4141 Loc.
699 4082 748 4142 cit.

538 4176 579 4243 (3)
617 4171 878 4245 Loc.cit.,art.3.

535 4267 575 4333 (4)
613 4266 645 4318 tn
659 4260 709 4319 lib.
729 4270 786 4318 r.'¹¹
796 4260 906 4319 Contra
920 4259 1016 4329 Gran,
1028 4280 1053 4317 c.
1073 4279 1114 4328 ιι,
1136 4277 1250 4331 paragr.
1270 4255 1327 4316 Sec
1347 4258 1476 4317 occurrii
1488 4258 1631 4323 dubium.

534 4354 575 4421 (5)
611 4349 731 4427 Logia,
747 4362 852 4424 quaest.
867 4368 913 4422 ας,
928 4370 955 4408 a.
971 4368 1003 4420 κ,
1018 4348 1070 4406 fin.

535 4438 574 4504 t6)
610 4438 744 4498 Loc.eit.

534 4532 576 4601 (7)
612 4526 681 4588 Loc.
701 4528 749 4588 tit.

532 4616 576 4683 (8)
615 4629 654 4675 r.⁰
668 4618 840 4688 Posterior„
851 4617 917 4676 lect.
933 4617 983 4691 36,
999 4636 1113 4691 paragr.
1125 4619 1156 4687 s.

531 4705 573 4781 (9)
607 4706 724 4783 topic..
737 4704 813 4781 disp.
830 4728 856 4781 r.
869 4726 900 4780 q·
917 4728 944 4782 a.
960 4726 990 4768 n.
1007 4725 1049 4781 50·
