3492 5525
242 454 358 518 Anxie.
377 468 436 538 μ·
449 457 500 519 ΑΝ
515 474 665 521 scierunt
679 475 720 521 er
735 476 851 521 orunro
863 476 965 523 cmca
979 467 1060 523 ruent
1115 474 1173 541 943

89 640 197 725 seipsa
206 649 240 705 et
258 639 294 708 in
310 640 372 706 alio
390 639 442 730 (ut
456 644 588 719 Beatus,
604 643 660 727 qui
674 644 821 728 seipsum
837 645 927 711 videt
942 654 1013 711 tum
1027 644 1060 711 in
1077 662 1126 722 se,
1141 653 1212 710 tum

88 747 123 813 in
142 746 271 836 Verbo)
288 760 466 835 cognoscat
489 750 575 817 illam
601 752 788 819 immediate
814 753 965 819 simulet
984 752 1137 834 mediate;
1164 752 1216 817 vel

88 856 186 921 etiarn
202 857 291 940 quod
311 858 420 922 anima
440 858 558 924 Christi
579 858 618 926 D.
642 860 771 946 objecta
795 861 951 945 plurima,
972 879 1047 945 quae
1060 859 1216 931 'intuitive

88 965 310 1048 cognoscebat
330 983 387 1048 per
402 966 570 1033 scientiam
591 968 752 1046 infusam,
769 977 803 1033 et
817 987 875 1052 per
893 968 1053 1035 visionem
1073 970 1215 1042 beatam,

89 1072 190 1137 simul
211 1092 268 1156 per
290 1072 459 1140 scientiam
480 1074 673 1157 acquisitam
701 1074 899 1142 abstractive
917 1077 1108 1162 cognoverit
1116 1098 1132 1139 u
1153 1072 1216 1162 (r).

161 1178 247 1247 Nota
260 1192 373 1247 tamen
390 1180 430 1246 de
449 1183 615 1250 intellectu
635 1182 762 1250 actibus
775 1183 875 1249 simul
891 1184 1033 1251 scientiae
1048 1192 1081 1249 et
1095 1182 1220 1267 opinio-

89 1286 140 1353 nis
158 1287 318 1355 instructo
347 1308 413 1355 non
438 1290 596 1355 veriticari
616 1289 767 1357 absolute
790 1300 822 1356 et
851 1290 922 1357 sine
950 1291 1078 1367 addito,
1102 1290 1220 1375 «quod

88 1396 260 1481 cognoscit
271 1396 373 1473 clare,
390 1406 424 1461 et
439 1415 505 1464 non
525 1399 693 1483 cognoscit
708 1400 809 1474 clare,
826 1400 880 1465 vel
893 1398 983 1483 quod
998 1408 1087 1469 certo
1103 1408 1134 1464 et
1153 1416 1218 1465 non

88 1514 196 1581 certo,
228 1506 286 1571 sed
315 1515 444 1572 tantum
476 1507 565 1589 quod
591 1508 731 1573 absolute
757 1508 928 1592 cognoscit
955 1518 1044 1575 certo
1063 1514 1096 1571 et
1121 1508 1218 1581 clare,

89 1611 255 1695 simulque
284 1630 351 1677 non
380 1614 465 1677 clare
497 1633 556 1680 nec
588 1622 679 1680 certo
705 1618 875 1681 secundum
899 1614 994 1699 quid,
1025 1633 1143 1698 nempe
1170 1632 1220 1679 se-

87 1720 235 1785 cundum
255 1720 322 1785 vim
341 1722 513 1805 cujusdam
540 1730 632 1787 actus
663 1731 719 1787 aut
744 1722 873 1789 motivi.
903 1721 1018 1798 Ratio,
1039 1722 1114 1811 quia
1133 1720 1219 1805 posi·

87 1829 156 1892 tiva
175 1828 400 1894 denominatio
422 1848 499 1894 vera
517 1829 699 1919 affirmatur
718 1830 884 1907 absolute,
906 1829 1093 1895 dummodo
1112 1827 1220 1913 subje-

87 1948 143 2000 cto
162 1935 339 2001 conveniat
362 1937 403 2001 ab
422 1956 489 2003 una
507 1938 630 2013 torma,
650 1938 782 2003 tametsi
801 1956 867 2003 non
888 1937 930 2003 ab
948 1935 1123 2013 omnibus,
1145 1952 1219 2019 quae

86 2042 237 2126 subjecto
258 2042 383 2110 insunt.
406 2044 528 2110 Contra
546 2063 642 2121 vero,
664 2055 700 2111 ut
718 2032 867 2111 absolute
887 2052 1043 2129 negetur,
1064 2060 1151 2128 opus
1169 2051 1220 2109 est

88 2162 167 2216 uta
196 2152 283 2217 nulla
311 2152 417 2216 torma
445 2152 632 2235 proveniat,
653 2153 730 2234 quia
759 2152 888 2237 negatio
908 2160 960 2218 est
987 2154 1112 2218 naluroe
1128 2150 1221 2217 mali·

85 2259 236 2341 grrontis,
257 2272 295 2324 ut
313 2260 417 2344 ajunt.
439 2258 491 2326 Sic
510 2259 595 2345 ignis
611 2259 741 2328 tametsi
766 2279 832 2325 non
851 2260 895 2325 sit
920 2258 1046 2326 lucidus
1065 2278 1122 2345 per
1135 2260 1220 2324 calo-

89 2384 160 2430 rem
181 2375 214 2431 et
228 2366 424 2444 siccitatem,
440 2386 516 2432 vere
535 2366 650 2433 dicitur
665 2368 792 2434 lucidus
811 2366 978 2444 absolute,
993 2369 1074 2433 salso
1092 2374 1216 2443 autem,

85 2474 239 2539 absolute
258 2493 325 2539 non
341 2474 479 2541 lucidus.
500 2474 551 2539 Sic
571 2476 668 2541 etiarn
693 2476 773 2541 falso
791 2474 911 2541 dixeris
930 2474 1095 2550 absolute,
1125 2474 1217 2558 quod

86 2583 273 2647 intellectus
300 2583 550 2666 apprehendens
577 2583 674 2649 simul
703 2593 735 2648 et
758 2583 909 2668 judicans
938 2592 994 2649 aut
1024 2581 1218 2648 abstractive

85 2690 189 2755 simul
218 2701 250 2757 et
279 2690 428 2757 intuitive
456 2709 679 2777 cognoscens,
705 2691 828 2778 judicat
857 2702 891 2759 et
910 2708 975 2757 non
999 2680 1139 2778 judicat,
1160 2698 1218 2755 aut

84 2780 233 2863 intuetur
246 2807 279 2863 et
295 2817 360 2864 non
380 2800 524 2864 intuetur
541 2799 726 2885 objectum;
749 2803 782 2863 e't
800 2799 846 2864 sic
865 2799 907 2864 de
922 2799 1016 2865 aliis»
1037 2795 1100 2887 (ρ).

157 2912 324 2973 Probatur
343 2906 396 2974 2.⁰
415 2908 626 2990 experientia.
647 2907 736 2974 Nam.
758 2925 847 2992 saepe
867 2915 1041 2972 occurrunt
1065 2907 1150 2972 varia
1169 2925 1219 2970 ar·

84 3023 246 3098 gumenta
265 3032 324 3097 pro
348 3015 464 3080 eodem
495 3014 703 3090 enuntiabili,
731 3015 790 3081 alia
814 3024 918 3090 certa,
940 3014 999 3080 alia
1028 3012 1216 3100 probabilia.

85 3121 143 3186 Sic
162 3121 442 3186 immortalitatem
467 3123 569 3187 animi
587 3141 730 3188 asserere
750 3122 872 3207 poteris
891 3141 933 3188 ex
960 3122 1069 3189 divina
1097 3122 1219 3186 revela·

85 3229 177 3294 tione
191 3237 344 3295 contenta
361 3230 393 3294 in
413 3231 563 3313 deposito
582 3229 676 3306 fidei,
697 3241 729 3295 et
748 3249 789 3295 ex
803 3229 1040 3314 spiritualitate,
1061 3239 1095 3294 et
1110 3248 1153 3294 ex
1172 3241 1220 3296 te-

83 3337 243 3402 stimonio
264 3338 458 3421 populorum
478 3357 514 3404 ac
530 3337 726 3422 sapientium
742 3337 929 3404 hominum.
944 3338 1147 3421 Certumque
1165 3344 1216 3402 est

86 3461 204 3528 posse,
225 3445 342 3510 saltem
362 3444 515 3515 divisive.
539 3445 608 3511 elici
633 3465 673 3510 ex
690 3446 777 3512 hisce
795 3445 899 3510 tribus
915 3445 1045 3512 motivis
1061 3454 1126 3512 tres
1142 3463 1219 3528 spe·
1281 3471 1284 3478 ·

84 3552 136 3617 cie
152 3551 299 3618 diversos
313 3571 486 3630 assensus,
504 3554 643 3618 alterum
658 3551 753 3629 ndei,
770 3537 909 3619 alterum
926 3553 1142 3620 scientificum
1160 3570 1218 3618 seu

85 3668 235 3738 certum,
268 3660 400 3726 tertium
417 3659 633 3745 probabilem
664 3672 696 3727 et
733 3661 954 3754 opinativum.
992 3659 1091 3744 Atqui
1119 3659 1220 3746 gratis

84 3767 245 3833 asseritur
263 3786 329 3833 non
350 3785 446 3850 posse
475 3768 610 3834 eosdem
630 3768 731 3834 simul
755 3769 855 3835 etiam
876 3768 964 3846 elici,
989 3787 1064 3834 cum
1097 3749 1218 3834 nullam

86 3875 175 3940 inter
192 3893 228 3940 se
247 3875 497 3960 repugnantiam
518 3875 670 3942 habeant.
687 3876 815 3961 Ergo...

40 3997 51 4008 ·
158 3979 323 4049 Similibus
352 3984 554 4068 argumentis
581 3983 759 4051 ostendunt
789 3982 968 4068 Theologi,
997 3999 1096 4067 posse
1121 3979 1220 4048 simul
1251 4043 1254 4050 ,

86 4077 201 4157 hiberi
220 4091 252 4156 in
268 4101 378 4156 mente
397 4100 508 4157 actum
527 4090 613 4158 Fidei
629 4091 747 4157 divinae
766 4099 865 4174 atque
884 4090 1028 4156 scientiae
1048 4087 1219 4163 naturalis,

89 4207 129 4264 ut
149 4218 181 4262 ν.
202 4217 254 4284 gr.
274 4197 358 4264 circa
376 4197 433 4264 Dei
453 4197 662 4266 existentiam
679 4198 824 4282 aliasque
838 4197 950 4282 plures
964 4196 1132 4271 veritates,
1147 4205 1220 4262 tum

88 4305 218 4372 lumine
237 4307 374 4372 naturali
392 4308 557 4392 cognitas,
577 4318 652 4375 tum
680 4307 756 4373 Pide
774 4305 883 4372 divina
902 4305 1075 4372 revelatas.
1097 4303 1221 4370 Verum

88 4418 164 4480 haec
182 4413 223 4480 ad
237 4415 423 4500 Theologos
442 4424 607 4500 spectant.

96 4589 351 4603 aaa*

78 4622 85 4632 ⁶
126 4666 168 4732 (t)
205 4664 935 4738 Lossada,DeAnimo,diop.8,cup.6,n.rao.
1050 4662 1062 4679 ‘

128 4761 169 4823 (a)
206 4755 420 4827 Lossadu,loc.
433 4754 482 4814 cit.
