3492 5525
566 458 623 543 518
683 459 807 525 Loorca
822 458 1052 533 Maron-Lis.
1073 472 1141 534 nu,
1158 458 1248 522 Drsa.
1264 469 1307 521 a·
1321 457 1400 520 Can.
1418 472 1490 539 ψ

523 643 742 730 propositione
752 638 981 709 rationabiliter
990 638 1152 723 formidari
1164 640 1293 723 poterit,
1310 658 1419 733 neque
1431 640 1497 705 ulla
1512 656 1646 723 prorsus

522 750 698 818 scientifica
718 750 880 817 certitudo
894 748 1077 815 secundum
1093 748 1273 833 prudentiae
1294 748 1458 815 dictamen
1472 748 1643 813 consistet.

590 858 700 944 ltaque
718 856 892 925 infallibilis
910 856 1028 923 veritas
1037 856 1207 923 evidentiae
1219 855 1335 922 intime
1344 866 1494 921 conserta
1503 864 1554 920 est
1565 872 1644 921 cum

522 965 741 1035 infallibilitate
781 966 970 1031 facultatum
1011 973 1197 1029 nostrarum
1233 961 1552 1049 cognoscitivarum,
1584 981 1645 1029 seu

524 1074 632 1159 potius
649 1072 682 1139 in
702 1074 788 1140 idem
813 1071 941 1141 videtur
959 1070 1115 1145 recidere,
1135 1090 1172 1136 ac
1189 1071 1261 1155 ipsa
1279 1089 1391 1137 earum
1409 1070 1566 1137 veracitas
1586 1079 1646 1136 aut

523 1182 669 1265 aptitudo
689 1179 842 1247 naturalis
860 1180 902 1244 ad
921 1179 980 1245 rite
998 1179 1204 1263 percipienda
1222 1178 1351 1263 propria
1368 1179 1506 1263 objecta.

568 1360 623 1426 75.
672 1342 862 1409 Prorosmo
882 1337 935 1408 a?
982 1344 1193 1424 Principium
1207 1349 1272 1406 hoc
1282 1344 1485 1417 evidentiae,
1505 1346 1645 1423 quodin

521 1453 731 1533 praecedenti
748 1452 940 1533 assertione
958 1453 1147 1515 stabilitum
1165 1461 1240 1525 est,
1265 1452 1567 1515 evidentissimum
1589 1462 1646 1515 eet

521 1570 623 1639 atque
639 1560 957 1623 indemonstrabile.

589 1723 706 1785 Prima
728 1723 806 1797 pars
831 1716 929 1801 hujus
957 1713 1188 1799 propositionis
1212 1726 1262 1783 est
1289 1724 1403 1781 contra
1424 1716 1642 1781 clarissimum

516 1822 672 1904 jacobum
693 1823 909 1897 Balmesium,
925 1824 982 1905 qui
996 1840 1199 1905 quamquam
1223 1826 1377 1898 fateatur,
1398 1822 1559 1907 quidquid
1574 1823 1646 1889 evi-

520 1932 603 1997 dens
618 1942 684 2007 est,
705 1930 913 1997 verissimum
929 1948 1063 2014 quoque
1082 1948 1153 1996 esse
1174 1932 1230 2006 ita,
1251 1940 1303 2008 ut,
1324 1932 1386 1997 ltoc
1401 1931 1556 2015 principio
1574 1950 1643 1997 oon

522 2036 681 2113 admisso,
703 2039 813 2123 ipsum
828 2036 1092 2104 contradictionis
1109 2038 1303 2122 principium
1322 2048 1394 2104 ruat
1411 2037 1462 2127 (1)
1474 2047 1585 2104 tamen
1601 2058 1644 2105 ex

520 2146 618 2213 altera
651 2156 741 2231 parte
773 2145 940 2212 contendit
974 2142 1108 2211 evidens
1142 2164 1208 2211 non
1241 2164 1314 2213 esse
1337 2146 1498 2231 eiusmodi
1525 2147 1645 2231 princi-

520 2253 610 2339 pium
634 2251 698 2341 (2).

565 2366 668 2429 Prob.
692 2376 737 2428 1.·
784 2361 829 2426 Ex
849 2359 1050 2447 argumentis
1073 2378 1176 2444 nuper
1198 2359 1345 2427 adductis
1363 2380 1425 2445 pro
1446 2360 1549 2445 prima
1568 2380 1644 2445 pro-

521 2469 693 2553 positione,
714 2489 788 2553 quae
809 2468 961 2534 videntur
981 2486 1049 2533 rem
1075 2468 1246 2534 manifeste
1264 2467 1436 2534 conficere.

565 2588 613 2643 αθ
659 2576 830 2644 Evidenter
841 2576 982 2642 absurda
996 2583 1045 2641 est
1060 2576 1130 2641 haec
1142 2575 1331 2661 propositio:
1349 2576 1514 2642 Evidentia
1526 2594 1641 2641 secum
1739 2619 1740 2622 ,

520 2683 640 2768 patitur
658 2685 842 2750 falsitatem:
865 2684 948 2770 Ergo
967 2684 1101 2749 evidens
1115 2694 1165 2749 est
1181 2684 1283 2769 ipsius
1295 2682 1552 2750 contradictoria:
1569 2684 1643 2749 Evi-

520 2792 628 2858 dentia
646 2802 806 2877 repugnat
824 2791 965 2858 falsitati.

589 2900 828 2983 Consequentia
849 2909 952 2984 patet.

586 3007 794 3074 Antecedens
818 3007 986 3091 probatur.
1013 3005 1093 3072 lllud
1116 3018 1166 3074 est
1190 3008 1357 3074 evidenter
1380 3007 1571 3084 absurdum,
1598 3031 1639 3078 ex

519 3133 586 3199 quo
606 3116 739 3182 evidens
759 3116 938 3180 absurdum
959 3113 1116 3197 sequitur.
1138 3113 1183 3179 Ex
1202 3132 1280 3181 vero
1298 3115 1386 3180 enim
1407 3117 1524 3182 falsum
1544 3121 1638 3202 sequi

521 3242 585 3290 non
603 3232 722 3309 potest.
744 3223 844 3307 Atqui
865 3222 969 3307 posita
982 3221 1195 3287 indifferentia
1212 3222 1383 3288 evidentiae
1397 3223 1437 3288 ad
1450 3225 1636 3303 falsitatem,

521 3330 603 3416 perit
620 3331 728 3397 omnis
747 3329 890 3416 cognitio
910 3337 1009 3405 certa,
1022 3336 1120 3412 atque
1140 3329 1222 3394 adeo
1240 3330 1310 3414 ipsa
1329 3332 1463 3396 facultas
1475 3332 1637 3417 cogitandi

519 3449 551 3506 et
571 3437 791 3518 ratiocinandi;
814 3436 905 3520 quod
924 3434 1196 3501 absurdissimum
1216 3445 1277 3502 est.
1300 3436 1395 3521 Ergo.

564 3552 720 3613 Secunda
725 3553 817 3627 pars:
844 3543 965 3609 Omnis
974 3542 1211 3609 demonstratio
1221 3545 1376 3628 supponit
1388 3532 1543 3631 principia
1551 3558 1638 3614 certa

520 3663 618 3737 atque
628 3653 800 3726 evidentia,
818 3659 850 3716 et
860 3651 1106 3716 conclusionem
1119 3650 1217 3715 habet
1231 3651 1398 3717 evidenter
1409 3671 1451 3720 ex
1461 3656 1637 3738 praemissis

519 3761 691 3828 fluentem.
703 3761 818 3842 Neque
834 3758 1007 3842 quisquam
1024 3758 1336 3824 demonstrationem
1352 3762 1452 3826 ullam
1466 3769 1636 3845 tamquam

519 3887 629 3934 veram
644 3867 799 3942 admittit,
814 3866 873 3932 nisi
893 3865 970 3948 quia
983 3863 1146 3931 existimat
1161 3866 1323 3932 evidentia
1338 3867 1492 3953 principia
1506 3870 1638 3937 eviden-

518 3983 586 4040 tem
604 3975 781 4041 illationem
801 3975 842 4037 ad
862 3973 976 4038 falsam
1003 3973 1245 4039 conclusionem
1265 3975 1424 4040 adducere
1444 3993 1510 4042 non
1525 3995 1634 4060 posse.

431 4159 435 4166 ⁸
519 4084 601 4168 Ergo
627 4098 845 4165 quaecumque
870 4081 1107 4146 demonstratio
1126 4080 1271 4164 principii
1288 4082 1459 4149 evidentiae
1480 4086 1637 4169 supponit

519 4191 766 4276 repugnantiam
798 4187 969 4256 euidentia.¹
998 4205 1076 4254 cum
1106 4187 1258 4264 falsitate,
1287 4207 1362 4273 quae
1390 4190 1524 4274 proinde
1547 4191 1637 4258 inde-

518 4297 737 4365 monstrabilis
760 4305 810 4362 est
829 4293 892 4383 (3).

549 4563 591 4636 (r)
626 4563 767 4638 Filosofia
782 4561 952 4631 dementat,
968 4560 1018 4619 lib.
1037 4582 1061 4631 ι,
1075 4582 1138 4633 cap.
1154 4583 1199 4631 aa,
1216 4583 1244 4621 rr.
1261 4583 1323 4636 223.

549 4660 590 4721 (a)
627 4651 712 4724 thid,
730 4673 757 4712 n.
775 4673 823 4710 aar
840 4669 924 4722 seqq.

550 4749 590 4816 (3)
628 4743 756 4814 Reimea,
773 4742 826 4800 loc.
842 4741 891 4799 cit.
903 4759 932 4799 o.
944 4757 1005 4797 aaa.
