3492 5525
306 498 421 565 Anrrc.
447 515 506 582 ν·
528 498 736 565 Sourunrun
756 518 1016 567 orrrrcucrnras
1128 520 1188 585 709

106 699 184 764 quae
211 681 442 748 denominatur
469 652 675 757 universalis,
707 690 739 748 et
768 692 816 749 est
844 682 1015 750 dumtaxat
1041 682 1227 782 subjectum

106 786 193 855 illius
220 788 372 857 concreti.
402 788 493 856 Sicut
506 788 612 855 etiam
640 798 792 856 concreto
814 789 973 875 cognitam
988 791 1042 855 vel
1059 790 1161 857 nisum
1179 792 1228 859 in·

105 898 246 963 trinseca
274 906 307 963 et
339 896 519 964 essentialis
550 904 599 963 est
627 897 762 983 cognitio
795 898 847 963 vel
878 897 974 975 visio,
1008 916 1083 981 quae
1116 908 1226 965 tamen

105 1003 287 1069 extrinseca
305 1014 356 1071 est
374 1004 435 1089 ipsi
455 1003 516 1081 rei,
537 1023 612 1089 quae
629 1006 838 1090 cognoscitur
857 1005 909 1071 vel
927 1006 1068 1072 videtur.

150 1116 228 1194 Obj.
250 1120 298 1181 3.·
343 1111 517 1198 Objectum
537 1132 555 1177 a
573 1121 732 1197 conceptu
752 1112 867 1197 nequit
888 1113 1033 1197 accipere
1053 1113 1224 1181 unitatem.

105 1218 191 1304 Ergo
207 1238 276 1286 non
296 1220 334 1285 nt
351 1220 533 1287 universale
553 1239 611 1305 per
629 1221 851 1305 operationem
863 1216 1068 1287 intellectus.

174 1328 382 1395 Antecedens
401 1336 506 1412 patet,
527 1328 602 1412 quia
622 1328 731 1413 potius
749 1349 767 1394 e
786 1347 946 1395 converso
964 1330 1034 1413 ipse
1047 1338 1226 1413 conceptus
1258 1348 1263 1365 ·

104 1436 207 1505 habet
228 1435 387 1503 unitatem
407 1436 447 1501 ab
466 1435 610 1522 objecto,
630 1454 707 1501 cum
727 1436 841 1503 tendat
858 1437 892 1503 in
911 1437 991 1503 illud
1008 1447 1178 1521 tamquam
1193 1436 1226 1502 in

104 1544 284 1610 terminum
304 1562 416 1611 suum.

173 1659 278 1735 Reep.
297 1669 368 1734 neg.
381 1658 501 1728 antec„
515 1661 547 1717 et
567 1651 750 1735 probation.
770 1651 844 1717 dist.
864 1650 1051 1735 Conceptus
1069 1650 1168 1718 habet
1186 1650 1226 1716 ab

103 1762 233 1847 objecto
253 1760 409 1827 unitatem
415 1758 703 1844 fundamentalem,
721 1777 795 1843 quae
808 1759 956 1825 consistit
969 1758 1001 1824 in
1015 1758 1226 1825 similitudine

104 1870 268 1954 plurium,
288 1888 389 1943 conc„
407 1868 583 1943 actualem,
605 1868 767 1952 propriam
787 1866 997 1944 universalis,
1018 1886 1090 1952 neg.

171 1978 255 2043 Nam
279 1976 423 2062 cognitio
450 1975 592 2041 desumit
615 1976 655 2041 ab
679 1976 806 2060 objecto
829 1974 989 2041 unitatem
1012 1984 1184 2060 tamquam
1209 1996 1227 2040 a

103 2085 339 2160 fundamento,
371 2085 536 2170 objectum
569 2102 646 2149 vero
664 2084 778 2168 accipit
809 2083 967 2150 unitatem
996 2103 1015 2148 a
1040 2083 1227 2169 cognitione

104 2204 275 2277 tamquam
295 2212 313 2259 a
333 2194 447 2259 torma.
1084 2188 1089 2195 ’

151 2307 312 2370 instabis.
360 2300 548 2366 Universale
572 2317 638 2383 prae
657 2316 693 2364 se
717 2299 777 2363 lert
796 2316 862 2363 non
889 2298 989 2364 rnodo
1013 2317 1118 2366 unum
1147 2320 1226 2367 con·

101 2418 235 2493 ceptum
256 2409 444 2485 formalem,
465 2406 521 2473 sed
541 2403 638 2471 etiam
658 2404 868 2490 objectivum.
889 2404 974 2491 Ergo
988 2407 1086 2477 debet
1104 2426 1227 2494 suppo·

104 2537 183 2585 nere
202 2518 358 2584 unitatem
378 2512 585 2601 objectivam.

172 2634 275 2709 Resp.
296 2644 366 2710 neg.
394 2640 528 2705 conseq.
547 2622 631 2687 Nam
651 2620 802 2703 quamvis
821 2619 949 2706 objecta
975 2621 1040 2688 sint
1068 2624 1172 2689 multa
1192 2623 1224 2689 in
1303 2619 1327 2633 “’

102 2756 159 2812 se,
180 2733 362 2801 dummodo
385 2728 629 2798 similitudinem
659 2728 799 2795 habeant
823 2728 1007 2794 secundum
1035 2728 1223 2808 essentiam,

103 2843 271 2914 sufficiens
290 2841 435 2928 praebent
454 2839 705 2905 tundamentum
721 2834 909 2912 intellectui,
931 2845 967 2902 ut
985 2854 1090 2904 unum
1109 2857 1225 2905 conce-

104 2966 215 3040 ptum,
226 2961 298 3017 turn
311 2948 481 3016 formalem
493 2957 565 3013 tum
582 2941 795 3030 objectivum‚
814 2943 929 3019 eliciat,
945 2944 1166 3030 cognitionem
1178 2947 1226 3012 ni-

104 3063 239 3136 mirum,
260 3078 334 3144 quae
353 3059 468 3124 reserat
485 3052 657 3121 indivisam
676 3052 850 3118 essentiam
869 3051 975 3127 illam,
997 3051 1030 3118 in
1049 3071 1115 3135 qua
1133 3055 1225 3138 plura

102 3173 158 3236 illa
173 3167 338 3235 individua
356 3162 555 3231 conveniunt
575 3161 698 3228 ratione
717 3176 785 3226 suae
801 3168 927 3225 mutuae
945 3159 1179 3230 similitudinis.

150 3284 226 3360 obj.
247 3273 301 3360 4⁰
347 3271 535 3338 Universale
563 3277 613 3335 est
640 3268 804 3352 objectum
823 3263 1049 3336 scientiarum.
1078 3267 1143 3334 Sed
1166 3269 1226 3336 ob·

98 3367 227 3472 jectum
243 3381 452 3450 scientiarum
468 3377 552 3443 reale
566 3384 634 3452 est,
654 3374 765 3441 nectit
783 3394 800 3438 a
822 3383 946 3440 mente.
961 3372 1087 3461 Ergo...

173 3501 277 3575 Resp.
306 3489 382 3554 dist.
412 3485 488 3570 Maj.
509 3483 696 3551 Universale
725 3480 1011 3547 fundamentaliter
1037 3475 1222 3568 sumptum,

100 3621 208 3676 conc..
220 3597 411 3670 formaliter,
431 3612 502 3678 neg.
515 3592 552 3658 Et
566 3589 821 3656 contradistincta
836 3587 979 3668 Minore,
999 3609 1068 3674 neg.
1088 3609 1223 3678 conseq.

150 3715 226 3793 0bj.
237 3705 301 3775 .5.⁰
348 3703 380 3769 Si
398 3699 560 3789 cognitio,
581 3717 620 3764 eo
639 3698 727 3781 quod
747 3715 812 3763 una
830 3709 897 3773 est,
913 3697 1105 3766 denominat
1123 3718 1224 3765 unam

102 3829 204 3902 atque
231 3812 447 3881 universalem
483 3817 631 3874 naturam
655 3806 688 3872 in
714 3823 750 3872 se
775 3804 1008 3890 multiplicem3
1029 3823 1095 3871 non
1114 3806 1226 3874 minus

103 3925 240 4013 poterit,
261 3922 336 4006 quia
354 3919 424 4004 ipsa
443 3919 475 3985 in
495 3935 531 3982 se
550 3923 600 3980 est
619 3911 792 3998 singularis
811 3920 843 3977 et
862 3911 1054 3996 spiritualis,
1076 3922 1223 3981 naturam

102 4049 239 4119 quoque
269 4029 468 4113 singularem
495 4033 527 4089 et
556 4020 754 4105 spiritualem
783 4019 1008 4086 denominare.
1037 4019 1137 4104 Atqui
1164 4024 1225 4088 hoc

103 4138 284 4206 absurdum
303 4143 365 4201 est.
386 4132 469 4217 Ergo
497 4147 563 4195 non
591 4125 711 4194 sufficit
738 4127 920 4193 extrinseca
948 4125 1002 4192 illa
1028 4127 1225 4214 cognitionis

104 4246 214 4316 unitas
232 4245 273 4309 ad
292 4239 473 4308 universale
491 4233 771 4303 constituendum.

173 4361 277 4435 Resp.
296 4369 367 4434 neg.
388 4347 560 4433 Majorern‚
581 4359 672 4427 quae,
702 4341 846 4425 siquam
867 4341 935 4406 vim
961 4341 1094 4408 haberet
1111 4351 1224 4410 contra

103 4461 288 4530 doctrinam
318 4454 519 4541 expositam,
553 4468 619 4516 non
651 4448 810 4514 minorem
842 4448 976 4513 haberet
1002 4461 1114 4517 contra
1138 4470 1226 4518 com·

106 4588 245 4638 munem
266 4565 415 4632 omniurn
435 4577 584 4627 sensum.
606 4557 689 4622 Nam
704 4555 731 4622 si
746 4556 854 4622 omnis
866 4555 1088 4622 denominatio
1106 4576 1226 4624 conve-

106 4681 200 4746 niens
213 4675 274 4760 ipsi
293 4668 465 4754 conceptui
484 4665 708 4732 retunderetur
725 4681 762 4728 ac
777 4663 974 4728 derivaretur
992 4662 1024 4728 in
1044 4663 1221 4750 objectum,

104 4804 164 4856 cur
193 4783 317 4870 objecta
335 4777 467 4863 cognita
492 4791 558 4840 non
578 4782 736 4839 vocantur
754 4768 947 4846 accidentia,
969 4770 1052 4838 sicut
1077 4771 1224 4840 accidens
