<?xml version="1.0" encoding="UTF-8"?>
<!DOCTYPE html PUBLIC "-//W3C//DTD XHTML 1.0 Transitional//EN"
    "http://www.w3.org/TR/xhtml1/DTD/xhtml1-transitional.dtd">
<html xmlns="http://www.w3.org/1999/xhtml" xml:lang="en" lang="en">
 <head>
  <title>
</title>
<meta http-equiv="Content-Type" content="text/html;charset=utf-8" />
  <meta name='ocr-system' content='tesseract 3.04.00' />
  <meta name='ocr-capabilities' content='ocr_page ocr_carea ocr_par ocr_line ocrx_word'/>
</head>
<body>
  <div class='ocr_page' id='page_1' title='image "./institutionesph00urrgoog_0347.png"; bbox 0 0 3492 5525; ppageno 0'>
   <div class='ocr_carea' id='block_1_1' title="bbox 302 491 1202 580">
    <p class='ocr_par' dir='ltr' id='par_1_1' title="bbox 302 491 1202 580">
     <span class='ocr_line' id='line_1_1' title="bbox 302 491 1202 580; baseline -0.007 -19"><span class='ocrx_word' id='word_1_1' title='bbox 302 491 418 562; x_wconf 72' lang='lat' dir='ltr'>Anne.</span> <span class='ocrx_word' id='word_1_2' title='bbox 433 512 493 580; x_wconf 56' lang='grc' dir='ltr'>μ’</span> <span class='ocrx_word' id='word_1_3' title='bbox 507 496 667 559; x_wconf 65' lang='lat' dir='ltr'>Miserere</span> <span class='ocrx_word' id='word_1_4' title='bbox 682 511 852 557; x_wconf 69' lang='lat' dir='ltr'>errorent</span> <span class='ocrx_word' id='word_1_5' title='bbox 868 512 1063 559; x_wconf 73' lang='lat' dir='ltr'>sicanorsnt</span> <span class='ocrx_word' id='word_1_6' title='bbox 1147 510 1202 574; x_wconf 82' lang='lat'>323</span> 
     </span>
    </p>
   </div>
   <div class='ocr_carea' id='block_1_2' title="bbox 9 674 1339 3990">
    <p class='ocr_par' dir='ltr' id='par_1_2' title="bbox 9 674 1339 3990">
     <span class='ocr_line' id='line_1_2' title="bbox 118 674 1254 758; baseline -0.004 -20"><span class='ocrx_word' id='word_1_7' title='bbox 118 692 241 752; x_wconf 88' lang='lat' dir='ltr'>necne,</span> <span class='ocrx_word' id='word_1_8' title='bbox 266 694 402 743; x_wconf 84' lang='lat' dir='ltr'>assumo</span> <span class='ocrx_word' id='word_1_9' title='bbox 428 676 536 742; x_wconf 87' lang='lat' dir='ltr'>ideam</span> <span class='ocrx_word' id='word_1_10' title='bbox 563 675 712 741; x_wconf 84' lang='lat' dir='ltr'>animalis</span> <span class='ocrx_word' id='word_1_11' title='bbox 730 693 869 758; x_wconf 86' lang='lat' dir='ltr'>eamque</span> <span class='ocrx_word' id='word_1_12' title='bbox 893 694 970 741; x_wconf 92' lang='lat' dir='ltr'>cum</span> <span class='ocrx_word' id='word_1_13' title='bbox 994 674 1066 740; x_wconf 85' lang='lat' dir='ltr'>idea</span> <span class='ocrx_word' id='word_1_14' title='bbox 1090 675 1193 740; x_wconf 89' lang='lat' dir='ltr'>leonis</span> <span class='ocrx_word' id='word_1_15' title='bbox 1212 683 1254 739; x_wconf 86' lang='lat' dir='ltr'>et.</span> 
     </span>
     <span class='ocr_line' id='line_1_3' title="bbox 9 783 1271 869; baseline 0.004 -22"><span class='ocrx_word' id='word_1_16' title='bbox 9 803 10 854; x_wconf 44' lang='grc' dir='ltr'><em>ἢ</em></span> <span class='ocrx_word' id='word_1_17' title='bbox 116 783 311 849; x_wconf 73' lang='lat' dir='ltr'>substantie</span> <span class='ocrx_word' id='word_1_18' title='bbox 324 803 535 869; x_wconf 85' lang='lat' dir='ltr'>comparans,</span> <span class='ocrx_word' id='word_1_19' title='bbox 550 783 776 867; x_wconf 87' lang='lat' dir='ltr'>deprehendo,</span> <span class='ocrx_word' id='word_1_20' title='bbox 794 783 916 867; x_wconf 89' lang='lat' dir='ltr'>primo,</span> <span class='ocrx_word' id='word_1_21' title='bbox 937 800 1027 849; x_wconf 79' lang='lat' dir='ltr'>omne</span> <span class='ocrx_word' id='word_1_22' title='bbox 1048 783 1171 849; x_wconf 77' lang='lat' dir='ltr'>aninml</span> <span class='ocrx_word' id='word_1_23' title='bbox 1182 801 1245 847; x_wconf 81' lang='lat' dir='ltr'>esse</span> <span class='ocrx_word' id='word_1_24' title='bbox 1269 846 1271 852; x_wconf 92' lang='lat'><em>.</em></span> 
     </span>
     <span class='ocr_line' id='line_1_4' title="bbox 115 890 1245 978; baseline 0.001 -25.914"><span class='ocrx_word' id='word_1_25' title='bbox 115 890 339 978; x_wconf 68' lang='lat' dir='ltr'>sudstantiam,</span> <span class='ocrx_word' id='word_1_26' title='bbox 362 911 400 957; x_wconf 85' lang='lat' dir='ltr'>ac</span> <span class='ocrx_word' id='word_1_27' title='bbox 418 892 588 975; x_wconf 83' lang='lat' dir='ltr'><strong>deinceps,</strong></span> <span class='ocrx_word' id='word_1_28' title='bbox 612 908 733 956; x_wconf 84' lang='lat' dir='ltr'>omnem</span> <span class='ocrx_word' id='word_1_29' title='bbox 750 892 868 955; x_wconf 84' lang='lat' dir='ltr'>leonem</span> <span class='ocrx_word' id='word_1_30' title='bbox 886 908 951 955; x_wconf 78' lang='lat' dir='ltr'>esse</span> <span class='ocrx_word' id='word_1_31' title='bbox 968 890 1091 955; x_wconf 85' lang='lat' dir='ltr'>animal</span> <span class='ocrx_word' id='word_1_32' title='bbox 1094 911 1107 971; x_wconf 87' lang='lat'>,·</span> <span class='ocrx_word' id='word_1_33' title='bbox 1127 891 1245 957; x_wconf 88' lang='lat' dir='ltr'>virtute</span> 
     </span>
     <span class='ocr_line' id='line_1_5' title="bbox 115 997 1277 1083; baseline 0.003 -23"><span class='ocrx_word' id='word_1_34' title='bbox 115 997 203 1063; x_wconf 91' lang='lat' dir='ltr'>illius</span> <span class='ocrx_word' id='word_1_35' title='bbox 223 998 367 1083; x_wconf 85' lang='lat' dir='ltr'>principii</span> <span class='ocrx_word' id='word_1_36' title='bbox 387 1018 518 1065; x_wconf 90' lang='lat' dir='ltr'>necesse</span> <span class='ocrx_word' id='word_1_37' title='bbox 532 1000 591 1064; x_wconf 88' lang='lat' dir='ltr'>erit</span> <span class='ocrx_word' id='word_1_38' title='bbox 609 997 726 1063; x_wconf 85' lang='lat' dir='ltr'>inferre</span> <span class='ocrx_word' id='word_1_39' title='bbox 740 999 859 1063; x_wconf 82' lang='lat' dir='ltr'>leonem</span> <span class='ocrx_word' id='word_1_40' title='bbox 876 1016 941 1063; x_wconf 80' lang='lat' dir='ltr'>esse</span> <span class='ocrx_word' id='word_1_41' title='bbox 958 998 1177 1065; x_wconf 81' lang='lat' dir='ltr'><em>substantiam.</em></span> <span class='ocrx_word' id='word_1_42' title='bbox 1275 1066 1277 1073; x_wconf 74' lang='grc'><em>,</em></span> 
     </span>
     <span class='ocr_line' id='line_1_6' title="bbox 184 1104 1243 1190; baseline 0.001 -20"><span class='ocrx_word' id='word_1_43' title='bbox 184 1106 218 1170; x_wconf 92' lang='lat' dir='ltr'>ln</span> <span class='ocrx_word' id='word_1_44' title='bbox 236 1105 331 1171; x_wconf 91' lang='lat' dir='ltr'>tertio</span> <span class='ocrx_word' id='word_1_45' title='bbox 349 1124 427 1172; x_wconf 88' lang='lat' dir='ltr'>casu</span> <span class='ocrx_word' id='word_1_46' title='bbox 447 1107 490 1171; x_wconf 94' lang='lat' dir='ltr'>ob</span> <span class='ocrx_word' id='word_1_47' title='bbox 509 1106 694 1190; x_wconf 85' lang='lat' dir='ltr'>oppositam</span> <span class='ocrx_word' id='word_1_48' title='bbox 715 1104 874 1170; x_wconf 90' lang='lat' dir='ltr'>rationem</span> <span class='ocrx_word' id='word_1_49' title='bbox 894 1105 1158 1171; x_wconf 89' lang='lat' dir='ltr'>concludendum</span> <span class='ocrx_word' id='word_1_50' title='bbox 1172 1105 1243 1181; x_wconf 87' lang='lat' dir='ltr'>erit,</span> 
     </span>
     <span class='ocr_line' id='line_1_7' title="bbox 116 1212 1242 1298; baseline 0.003 -23"><span class='ocrx_word' id='word_1_51' title='bbox 116 1213 328 1296; x_wconf 86' lang='lat' dir='ltr'>praedicatum</span> <span class='ocrx_word' id='word_1_52' title='bbox 347 1214 538 1297; x_wconf 83' lang='lat' dir='ltr'>quaestionis</span> <span class='ocrx_word' id='word_1_53' title='bbox 558 1213 732 1298; x_wconf 85' lang='lat' dir='ltr'>propositae</span> <span class='ocrx_word' id='word_1_54' title='bbox 752 1214 863 1298; x_wconf 82' lang='lat' dir='ltr'>negari</span> <span class='ocrx_word' id='word_1_55' title='bbox 883 1212 1002 1279; x_wconf 88' lang='lat' dir='ltr'>debere</span> <span class='ocrx_word' id='word_1_56' title='bbox 1021 1214 1062 1279; x_wconf 90' lang='lat' dir='ltr'>de</span> <span class='ocrx_word' id='word_1_57' title='bbox 1081 1213 1242 1297; x_wconf 83' lang='lat' dir='ltr'>subjecto,</span> 
     </span>
     <span class='ocr_line' id='line_1_8' title="bbox 117 1320 1245 1406; baseline 0.002 -21"><span class='ocrx_word' id='word_1_58' title='bbox 117 1320 150 1385; x_wconf 87' lang='lat' dir='ltr'>vi</span> <span class='ocrx_word' id='word_1_59' title='bbox 172 1320 319 1406; x_wconf 90' lang='lat' dir='ltr'>principii</span> <span class='ocrx_word' id='word_1_60' title='bbox 338 1322 578 1406; x_wconf 88' lang='lat' dir='ltr'>discrepantiae,</span> <span class='ocrx_word' id='word_1_61' title='bbox 608 1321 698 1404; x_wconf 88' lang='lat' dir='ltr'>quod</span> <span class='ocrx_word' id='word_1_62' title='bbox 716 1322 763 1387; x_wconf 88' lang='lat' dir='ltr'>sic</span> <span class='ocrx_word' id='word_1_63' title='bbox 792 1340 828 1387; x_wconf 90' lang='lat' dir='ltr'>se</span> <span class='ocrx_word' id='word_1_64' title='bbox 847 1321 958 1389; x_wconf 85' lang='lat' dir='ltr'>habet.</span> <span class='ocrx_word' id='word_1_65' title='bbox 988 1322 1130 1403; x_wconf 84' lang='lat' dir='ltr'>Quorum</span> <span class='ocrx_word' id='word_1_66' title='bbox 1147 1335 1245 1387; x_wconf 85' lang='lat' dir='ltr'>unum</span> 
     </span>
     <span class='ocr_line' id='line_1_9' title="bbox 114 1429 1247 1513; baseline 0 -20"><span class='ocrx_word' id='word_1_67' title='bbox 114 1433 163 1493; x_wconf 86' lang='lat' dir='ltr'>est</span> <span class='ocrx_word' id='word_1_68' title='bbox 173 1429 258 1493; x_wconf 80' lang='lat' dir='ltr'>item</span> <span class='ocrx_word' id='word_1_69' title='bbox 269 1448 342 1495; x_wconf 86' lang='lat' dir='ltr'>cum</span> <span class='ocrx_word' id='word_1_70' title='bbox 359 1430 461 1508; x_wconf 77' lang='lat' dir='ltr'>tertio,</span> <span class='ocrx_word' id='word_1_71' title='bbox 481 1432 616 1495; x_wconf 77' lang='lat' dir='ltr'>alterum</span> <span class='ocrx_word' id='word_1_72' title='bbox 630 1448 739 1495; x_wconf 67' lang='lat' dir='ltr'>unum</span> <span class='ocrx_word' id='word_1_73' title='bbox 756 1447 832 1506; x_wconf 85' lang='lat' dir='ltr'>non,</span> <span class='ocrx_word' id='word_1_74' title='bbox 853 1447 950 1513; x_wconf 79' lang='lat' dir='ltr'>neque</span> <span class='ocrx_word' id='word_1_75' title='bbox 961 1430 1150 1495; x_wconf 76' lang='lat' dir='ltr'>sunteadem</span> <span class='ocrx_word' id='word_1_76' title='bbox 1164 1429 1247 1493; x_wconf 83' lang='lat' dir='ltr'>inter</span> 
     </span>
     <span class='ocr_line' id='line_1_10' title="bbox 115 1536 1244 1622; baseline 0 -21"><span class='ocrx_word' id='word_1_77' title='bbox 115 1555 162 1601; x_wconf 82' lang='lat' dir='ltr'>se.</span> <span class='ocrx_word' id='word_1_78' title='bbox 185 1537 243 1602; x_wconf 88' lang='lat' dir='ltr'>Vis</span> <span class='ocrx_word' id='word_1_79' title='bbox 261 1557 295 1601; x_wconf 91' lang='lat' dir='ltr'>v.</span> <span class='ocrx_word' id='word_1_80' title='bbox 316 1557 352 1622; x_wconf 85' lang='lat' dir='ltr'>g.</span> <span class='ocrx_word' id='word_1_81' title='bbox 370 1537 552 1604; x_wconf 79' lang='lat' dir='ltr'>scire‘num</span> <span class='ocrx_word' id='word_1_82' title='bbox 573 1540 683 1621; x_wconf 86' lang='lat' dir='ltr'>planta</span> <span class='ocrx_word' id='word_1_83' title='bbox 711 1538 752 1604; x_wconf 91' lang='lat' dir='ltr'>sit</span> <span class='ocrx_word' id='word_1_84' title='bbox 780 1538 922 1601; x_wconf 89' lang='lat' dir='ltr'>animal?</span> <span class='ocrx_word' id='word_1_85' title='bbox 950 1536 1111 1621; x_wconf 83' lang='lat' dir='ltr'>Compara</span> <span class='ocrx_word' id='word_1_86' title='bbox 1139 1536 1244 1601; x_wconf 83' lang='lat' dir='ltr'>ideam</span> 
     </span>
     <span class='ocr_line' id='line_1_11' title="bbox 117 1644 1242 1730; baseline 0 -21"><span class='ocrx_word' id='word_1_87' title='bbox 117 1644 265 1710; x_wconf 90' lang='lat' dir='ltr'>sensitivi</span> <span class='ocrx_word' id='word_1_88' title='bbox 278 1664 354 1712; x_wconf 91' lang='lat' dir='ltr'>curn</span> <span class='ocrx_word' id='word_1_89' title='bbox 371 1646 441 1711; x_wconf 85' lang='lat' dir='ltr'>idea</span> <span class='ocrx_word' id='word_1_90' title='bbox 457 1648 576 1730; x_wconf 80' lang='lat' dir='ltr'>plantae</span> <span class='ocrx_word' id='word_1_91' title='bbox 590 1656 688 1728; x_wconf 86' lang='lat' dir='ltr'>atque</span> <span class='ocrx_word' id='word_1_92' title='bbox 700 1645 865 1721; x_wconf 87' lang='lat' dir='ltr'>animalis,</span> <span class='ocrx_word' id='word_1_93' title='bbox 881 1645 1071 1727; x_wconf 87' lang='lat' dir='ltr'>videbisque</span> <span class='ocrx_word' id='word_1_94' title='bbox 1088 1646 1242 1729; x_wconf 84' lang='lat' dir='ltr'>prolecto,</span> 
     </span>
     <span class='ocr_line' id='line_1_12' title="bbox 114 1747 1244 1836; baseline 0.001 -19"><span class='ocrx_word' id='word_1_95' title='bbox 114 1752 240 1817; x_wconf 79' lang='lat' dir='ltr'>animal</span> <span class='ocrx_word' id='word_1_96' title='bbox 255 1754 380 1836; x_wconf 78' lang='lat' dir='ltr'>qur&#39;dem</span> <span class='ocrx_word' id='word_1_97' title='bbox 392 1747 576 1821; x_wconf 74' lang='lat' dir='ltr'>sensitivam</span> <span class='ocrx_word' id='word_1_98' title='bbox 588 1773 670 1831; x_wconf 81' lang='lat' dir='ltr'>esse,</span> <span class='ocrx_word' id='word_1_99' title='bbox 689 1754 816 1819; x_wconf 79' lang='lat' dir='ltr'>minime</span> <span class='ocrx_word' id='word_1_100' title='bbox 827 1748 932 1818; x_wconf 74' lang='lat' dir='ltr'>autem</span> <span class='ocrx_word' id='word_1_101' title='bbox 945 1757 1108 1836; x_wconf 65' lang='lat' dir='ltr'>plantam·</span> <span class='ocrx_word' id='word_1_102' title='bbox 1123 1772 1163 1818; x_wconf 83' lang='lat' dir='ltr'>ex</span> <span class='ocrx_word' id='word_1_103' title='bbox 1178 1771 1244 1835; x_wconf 89' lang='lat' dir='ltr'>quo</span> 
     </span>
     <span class='ocr_line' id='line_1_13' title="bbox 117 1858 1144 1944; baseline 0.002 -21"><span class='ocrx_word' id='word_1_104' title='bbox 117 1860 207 1925; x_wconf 88' lang='lat' dir='ltr'>aliud</span> <span class='ocrx_word' id='word_1_105' title='bbox 217 1858 293 1926; x_wconf 70' lang='lat' dir='ltr'>‘non</span> <span class='ocrx_word' id='word_1_106' title='bbox 313 1861 388 1927; x_wconf 92' lang='lat' dir='ltr'>licet</span> <span class='ocrx_word' id='word_1_107' title='bbox 404 1863 539 1940; x_wconf 77' lang='lat' dir='ltr'>inferre,</span> <span class='ocrx_word' id='word_1_108' title='bbox 561 1862 621 1928; x_wconf 91' lang='lat' dir='ltr'>nisi</span> <span class='ocrx_word' id='word_1_109' title='bbox 639 1862 737 1944; x_wconf 89' lang='lat' dir='ltr'>quod</span> <span class='ocrx_word' id='word_1_110' title='bbox 743 1864 856 1943; x_wconf 80' lang='lat' dir='ltr'>planta</span> <span class='ocrx_word' id='word_1_111' title='bbox 875 1862 996 1927; x_wconf 81' lang='lat' dir='ltr'>nonsit</span> <span class='ocrx_word' id='word_1_112' title='bbox 1011 1862 1144 1927; x_wconf 86' lang='lat' dir='ltr'>animal.</span> 
     </span>
     <span class='ocr_line' id='line_1_14' title="bbox 187 1966 1245 2046; baseline 0.002 -15"><span class='ocrx_word' id='word_1_113' title='bbox 187 1966 272 2032; x_wconf 86' lang='lat' dir='ltr'>Cum</span> <span class='ocrx_word' id='word_1_114' title='bbox 291 1969 428 2033; x_wconf 90' lang='lat' dir='ltr'>demum</span> <span class='ocrx_word' id='word_1_115' title='bbox 448 1970 611 2035; x_wconf 91' lang='lat' dir='ltr'>secundus</span> <span class='ocrx_word' id='word_1_116' title='bbox 628 1988 724 2035; x_wconf 85' lang='lat' dir='ltr'>casus</span> <span class='ocrx_word' id='word_1_117' title='bbox 747 1968 911 2046; x_wconf 87' lang='lat' dir='ltr'>acciderit,</span> <span class='ocrx_word' id='word_1_118' title='bbox 938 1970 1015 2036; x_wconf 87' lang='lat' dir='ltr'>nihil</span> <span class='ocrx_word' id='word_1_119' title='bbox 1037 1970 1144 2035; x_wconf 86' lang='lat' dir='ltr'>adhuc</span> <span class='ocrx_word' id='word_1_120' title='bbox 1166 1981 1245 2034; x_wconf 87' lang='lat' dir='ltr'>con-</span> 
     </span>
     <span class='ocr_line' id='line_1_15' title="bbox 9 2074 1244 2163; baseline 0.002 -24"><span class='ocrx_word' id='word_1_121' title='bbox 9 2091 10 2108; x_wconf 59' lang='lat'><em>*</em></span> <span class='ocrx_word' id='word_1_122' title='bbox 115 2075 246 2140; x_wconf 89' lang='lat' dir='ltr'>cludere</span> <span class='ocrx_word' id='word_1_123' title='bbox 265 2074 358 2154; x_wconf 91' lang='lat' dir='ltr'>licet,</span> <span class='ocrx_word' id='word_1_124' title='bbox 378 2086 411 2142; x_wconf 88' lang='lat' dir='ltr'>et</span> <span class='ocrx_word' id='word_1_125' title='bbox 435 2076 568 2163; x_wconf 81' lang='lat' dir='ltr'>signum</span> <span class='ocrx_word' id='word_1_126' title='bbox 583 2085 635 2143; x_wconf 91' lang='lat' dir='ltr'>est</span> <span class='ocrx_word' id='word_1_127' title='bbox 651 2076 830 2142; x_wconf 88' lang='lat' dir='ltr'>terminum</span> <span class='ocrx_word' id='word_1_128' title='bbox 854 2077 946 2142; x_wconf 92' lang='lat' dir='ltr'>illum</span> <span class='ocrx_word' id='word_1_129' title='bbox 967 2076 1182 2153; x_wconf 84' lang='lat' dir='ltr'>armedium,</span> <span class='ocrx_word' id='word_1_130' title='bbox 1203 2077 1244 2141; x_wconf 89' lang='lat' dir='ltr'>ad</span> 
     </span>
     <span class='ocr_line' id='line_1_16' title="bbox 9 2183 1242 2269; baseline 0.001 -22"><span class='ocrx_word' id='word_1_131' title='bbox 9 2229 10 2238; x_wconf 53' lang='lat'>,</span> <span class='ocrx_word' id='word_1_132' title='bbox 115 2183 208 2265; x_wconf 87' lang='lat' dir='ltr'>quod</span> <span class='ocrx_word' id='word_1_133' title='bbox 225 2183 452 2269; x_wconf 79' lang='lat' dir='ltr'>confugimus,</span> <span class='ocrx_word' id='word_1_134' title='bbox 468 2195 582 2269; x_wconf 87' lang='lat' dir='ltr'>aptum</span> <span class='ocrx_word' id='word_1_135' title='bbox 602 2202 670 2249; x_wconf 92' lang='lat' dir='ltr'>non</span> <span class='ocrx_word' id='word_1_136' title='bbox 684 2203 757 2250; x_wconf 91' lang='lat' dir='ltr'>esse</span> <span class='ocrx_word' id='word_1_137' title='bbox 777 2185 817 2248; x_wconf 88' lang='lat' dir='ltr'>ad</span> <span class='ocrx_word' id='word_1_138' title='bbox 832 2185 1024 2249; x_wconf 89' lang='lat' dir='ltr'>solvendam</span> <span class='ocrx_word' id='word_1_139' title='bbox 1041 2184 1242 2268; x_wconf 74' lang='lat' dir='ltr'>propositam</span> 
     </span>
     <span class='ocr_line' id='line_1_17' title="bbox 116 2290 1242 2377; baseline 0 -22"><span class='ocrx_word' id='word_1_140' title='bbox 116 2290 354 2373; x_wconf 73' lang='lat' dir='ltr'>questionem,</span> <span class='ocrx_word' id='word_1_141' title='bbox 383 2293 443 2357; x_wconf 89' lang='lat' dir='ltr'>sed</span> <span class='ocrx_word' id='word_1_142' title='bbox 466 2292 553 2358; x_wconf 85' lang='lat' dir='ltr'>aliud</span> <span class='ocrx_word' id='word_1_143' title='bbox 580 2292 811 2375; x_wconf 89' lang='lat' dir='ltr'>requirendum</span> <span class='ocrx_word' id='word_1_144' title='bbox 834 2310 918 2357; x_wconf 88' lang='lat' dir='ltr'>esse.</span> <span class='ocrx_word' id='word_1_145' title='bbox 946 2291 1031 2356; x_wconf 87' lang='lat' dir='ltr'>Nam</span> <span class='ocrx_word' id='word_1_146' title='bbox 1056 2292 1242 2377; x_wconf 87' lang='lat' dir='ltr'>subjectum</span> 
     </span>
     <span class='ocr_line' id='line_1_18' title="bbox 9 2399 1244 2484; baseline 0.002 -23"><span class='ocrx_word' id='word_1_147' title='bbox 9 2399 10 2416; x_wconf 64' lang='lat'>¹</span> <span class='ocrx_word' id='word_1_148' title='bbox 116 2407 149 2463; x_wconf 88' lang='lat' dir='ltr'>et</span> <span class='ocrx_word' id='word_1_149' title='bbox 169 2399 379 2480; x_wconf 79' lang='lat' dir='ltr'>praedicatum</span> <span class='ocrx_word' id='word_1_150' title='bbox 395 2400 586 2482; x_wconf 70' lang='lat' dir='ltr'>questionis</span> <span class='ocrx_word' id='word_1_151' title='bbox 604 2400 760 2484; x_wconf 88' lang='lat' dir='ltr'>alicujus,</span> <span class='ocrx_word' id='word_1_152' title='bbox 777 2418 851 2482; x_wconf 89' lang='lat' dir='ltr'>quae</span> <span class='ocrx_word' id='word_1_153' title='bbox 867 2409 1052 2483; x_wconf 86' lang='lat' dir='ltr'>comparata</span> <span class='ocrx_word' id='word_1_154' title='bbox 1068 2416 1145 2464; x_wconf 88' lang='lat' dir='ltr'>cum</span> <span class='ocrx_word' id='word_1_155' title='bbox 1162 2418 1244 2483; x_wconf 90' lang='lat' dir='ltr'>quo·</span> 
     </span>
     <span class='ocr_line' id='line_1_19' title="bbox 115 2506 1243 2590; baseline 0.001 -21"><span class='ocrx_word' id='word_1_156' title='bbox 115 2506 194 2569; x_wconf 85' lang='lat' dir='ltr'>darn</span> <span class='ocrx_word' id='word_1_157' title='bbox 222 2506 379 2583; x_wconf 91' lang='lat' dir='ltr'>termino,</span> <span class='ocrx_word' id='word_1_158' title='bbox 409 2506 589 2590; x_wconf 85' lang='lat' dir='ltr'>discrepare</span> <span class='ocrx_word' id='word_1_159' title='bbox 617 2508 658 2571; x_wconf 88' lang='lat' dir='ltr'>ab</span> <span class='ocrx_word' id='word_1_160' title='bbox 689 2507 805 2575; x_wconf 88' lang='lat' dir='ltr'>eodern</span> <span class='ocrx_word' id='word_1_161' title='bbox 836 2507 1144 2590; x_wconf 85' lang='lat' dir='ltr'>deprehenduntur,</span> <span class='ocrx_word' id='word_1_162' title='bbox 1175 2506 1243 2570; x_wconf 82' lang='lat' dir='ltr'>fieri</span> 
     </span>
     <span class='ocr_line' id='line_1_20' title="bbox 9 2613 1243 2700; baseline 0.002 -24"><span class='ocrx_word' id='word_1_163' title='bbox 9 2697 10 2700; x_wconf 8' lang='grc' dir='ltr'><strong>Ἴ</strong></span> <span class='ocrx_word' id='word_1_164' title='bbox 113 2613 759 2696; x_wconf 85' lang='lat' dir='ltr'>potest,relquodconveniantinterse,</span> <span class='ocrx_word' id='word_1_165' title='bbox 771 2615 823 2679; x_wconf 90' lang='lat' dir='ltr'>vel</span> <span class='ocrx_word' id='word_1_166' title='bbox 834 2614 924 2697; x_wconf 90' lang='lat' dir='ltr'>quod</span> <span class='ocrx_word' id='word_1_167' title='bbox 936 2615 1131 2698; x_wconf 87' lang='lat' dir='ltr'>discrepent,</span> <span class='ocrx_word' id='word_1_168' title='bbox 1144 2614 1243 2696; x_wconf 90' lang='lat' dir='ltr'>idque</span> 
     </span>
     <span class='ocr_line' id='line_1_21' title="bbox 113 2720 1339 2808; baseline 0.002 -24"><span class='ocrx_word' id='word_1_169' title='bbox 113 2738 180 2804; x_wconf 92' lang='lat' dir='ltr'>ope</span> <span class='ocrx_word' id='word_1_170' title='bbox 203 2720 334 2787; x_wconf 88' lang='lat' dir='ltr'>alterius</span> <span class='ocrx_word' id='word_1_171' title='bbox 358 2721 493 2806; x_wconf 85' lang='lat' dir='ltr'>aptioris</span> <span class='ocrx_word' id='word_1_172' title='bbox 521 2721 618 2788; x_wconf 90' lang='lat' dir='ltr'>medii</span> <span class='ocrx_word' id='word_1_173' title='bbox 647 2722 830 2808; x_wconf 82' lang='lat' dir='ltr'>detegatur.</span> <span class='ocrx_word' id='word_1_174' title='bbox 862 2720 972 2794; x_wconf 90' lang='lat' dir='ltr'>Donec</span> <span class='ocrx_word' id='word_1_175' title='bbox 998 2740 1077 2808; x_wconf 84' lang='lat' dir='ltr'>ergo</span> <span class='ocrx_word' id='word_1_176' title='bbox 1103 2724 1242 2786; x_wconf 88' lang='lat' dir='ltr'>alterum</span> <span class='ocrx_word' id='word_1_177' title='bbox 1337 2722 1339 2727; x_wconf 87' lang='grc'><strong>’</strong></span> 
     </span>
     <span class='ocr_line' id='line_1_22' title="bbox 113 2821 1240 2916; baseline 0.003 -22"><span class='ocrx_word' id='word_1_178' title='bbox 113 2829 305 2916; x_wconf 81' lang='lat' dir='ltr'>hujusmodi</span> <span class='ocrx_word' id='word_1_179' title='bbox 323 2821 431 2913; x_wconf 85' lang='lat' dir='ltr'>aptius</span> <span class='ocrx_word' id='word_1_180' title='bbox 462 2831 610 2895; x_wconf 89' lang='lat' dir='ltr'>medium</span> <span class='ocrx_word' id='word_1_181' title='bbox 639 2838 809 2915; x_wconf 88' lang='lat' dir='ltr'>suppetat,</span> <span class='ocrx_word' id='word_1_182' title='bbox 841 2829 919 2896; x_wconf 88' lang='lat' dir='ltr'>nihil</span> <span class='ocrx_word' id='word_1_183' title='bbox 945 2829 1094 2896; x_wconf 90' lang='lat' dir='ltr'>concludi</span> <span class='ocrx_word' id='word_1_184' title='bbox 1120 2839 1240 2915; x_wconf 88' lang='lat' dir='ltr'>potest.</span> 
     </span>
     <span class='ocr_line' id='line_1_23' title="bbox 113 2935 1244 3021; baseline 0 -21"><span class='ocrx_word' id='word_1_185' title='bbox 113 2935 166 3001; x_wconf 87' lang='lat' dir='ltr'>Sic</span> <span class='ocrx_word' id='word_1_186' title='bbox 183 2937 211 3001; x_wconf 87' lang='lat' dir='ltr'>si</span> <span class='ocrx_word' id='word_1_187' title='bbox 235 2937 376 3001; x_wconf 82' lang='lat' dir='ltr'>animum</span> <span class='ocrx_word' id='word_1_188' title='bbox 403 2936 574 3002; x_wconf 82' lang='lat' dir='ltr'>humanum</span> <span class='ocrx_word' id='word_1_189' title='bbox 607 2946 640 3003; x_wconf 87' lang='lat' dir='ltr'>et</span> <span class='ocrx_word' id='word_1_190' title='bbox 670 2938 845 3004; x_wconf 79' lang='lat' dir='ltr'>immortale</span> <span class='ocrx_word' id='word_1_191' title='bbox 871 2955 1042 3021; x_wconf 87' lang='lat' dir='ltr'>compares</span> <span class='ocrx_word' id='word_1_192' title='bbox 1069 2957 1143 3002; x_wconf 91' lang='lat' dir='ltr'>cum</span> <span class='ocrx_word' id='word_1_193' title='bbox 1172 2936 1244 3002; x_wconf 88' lang='lat' dir='ltr'>idea</span> 
     </span>
     <span class='ocr_line' id='line_1_24' title="bbox 112 3043 1244 3129; baseline 0.002 -21"><span class='ocrx_word' id='word_1_194' title='bbox 112 3043 249 3125; x_wconf 75' lang='lat' dir='ltr'>lapidis,</span> <span class='ocrx_word' id='word_1_195' title='bbox 271 3054 449 3127; x_wconf 89' lang='lat' dir='ltr'>utrumque</span> <span class='ocrx_word' id='word_1_196' title='bbox 477 3044 658 3129; x_wconf 81' lang='lat' dir='ltr'>discrepare</span> <span class='ocrx_word' id='word_1_197' title='bbox 685 3046 726 3110; x_wconf 87' lang='lat' dir='ltr'>ab</span> <span class='ocrx_word' id='word_1_198' title='bbox 745 3046 806 3110; x_wconf 89' lang='lat' dir='ltr'>hac</span> <span class='ocrx_word' id='word_1_199' title='bbox 834 3044 943 3121; x_wconf 77' lang='lat' dir='ltr'>videS,</span> <span class='ocrx_word' id='word_1_200' title='bbox 972 3053 1004 3109; x_wconf 88' lang='lat' dir='ltr'>et</span> <span class='ocrx_word' id='word_1_201' title='bbox 1033 3043 1244 3110; x_wconf 87' lang='lat' dir='ltr'>nihilominus</span> 
     </span>
     <span class='ocr_line' id='line_1_25' title="bbox 114 3151 1295 3219; baseline 0.003 -5"><span class='ocrx_word' id='word_1_202' title='bbox 114 3151 188 3215; x_wconf 89' lang='lat' dir='ltr'>idea</span> <span class='ocrx_word' id='word_1_203' title='bbox 206 3151 336 3216; x_wconf 84' lang='lat' dir='ltr'>humani</span> <span class='ocrx_word' id='word_1_204' title='bbox 348 3152 451 3217; x_wconf 84' lang='lat' dir='ltr'>animi</span> <span class='ocrx_word' id='word_1_205' title='bbox 468 3167 502 3218; x_wconf 90' lang='lat' dir='ltr'>et</span> <span class='ocrx_word' id='word_1_206' title='bbox 519 3152 697 3218; x_wconf 86' lang='lat' dir='ltr'>inmortalis</span> <span class='ocrx_word' id='word_1_207' title='bbox 708 3152 910 3217; x_wconf 84' lang='lat' dir='ltr'>conveniunt</span> <span class='ocrx_word' id='word_1_208' title='bbox 924 3152 1009 3217; x_wconf 88' lang='lat' dir='ltr'>inter</span> <span class='ocrx_word' id='word_1_209' title='bbox 1019 3170 1066 3219; x_wconf 88' lang='lat' dir='ltr'>se.</span> <span class='ocrx_word' id='word_1_210' title='bbox 1090 3151 1244 3218; x_wconf 82' lang='lat' dir='ltr'>Similiter</span> <span class='ocrx_word' id='word_1_211' title='bbox 1292 3211 1295 3218; x_wconf 87' lang='lat'>.</span> 
     </span>
     <span class='ocr_line' id='line_1_26' title="bbox 113 3253 1241 3341; baseline -0.001 -18"><span class='ocrx_word' id='word_1_212' title='bbox 113 3259 205 3324; x_wconf 84' lang='lat' dir='ltr'>bomo</span> <span class='ocrx_word' id='word_1_213' title='bbox 225 3277 289 3323; x_wconf 87' lang='lat' dir='ltr'>non</span> <span class='ocrx_word' id='word_1_214' title='bbox 312 3264 359 3324; x_wconf 87' lang='lat' dir='ltr'>est</span> <span class='ocrx_word' id='word_1_215' title='bbox 375 3260 433 3336; x_wconf 84' lang='lat' dir='ltr'>leo,</span> <span class='ocrx_word' id='word_1_216' title='bbox 455 3279 516 3325; x_wconf 90' lang='lat' dir='ltr'>nec</span> <span class='ocrx_word' id='word_1_217' title='bbox 533 3262 580 3325; x_wconf 78' lang='lat' dir='ltr'>leo</span> <span class='ocrx_word' id='word_1_218' title='bbox 599 3265 648 3325; x_wconf 84' lang='lat' dir='ltr'>est</span> <span class='ocrx_word' id='word_1_219' title='bbox 666 3259 764 3341; x_wconf 78' lang='lat' dir='ltr'>lapis,</span> <span class='ocrx_word' id='word_1_220' title='bbox 781 3277 840 3324; x_wconf 86' lang='lat' dir='ltr'>nec</span> <span class='ocrx_word' id='word_1_221' title='bbox 859 3259 958 3325; x_wconf 87' lang='lat' dir='ltr'>etiam</span> <span class='ocrx_word' id='word_1_222' title='bbox 985 3259 1073 3325; x_wconf 80' lang='lat' dir='ltr'>lonw</span> <span class='ocrx_word' id='word_1_223' title='bbox 1086 3263 1134 3324; x_wconf 80' lang='lat' dir='ltr'>est</span> <span class='ocrx_word' id='word_1_224' title='bbox 1148 3253 1241 3341; x_wconf 81' lang='lat' dir='ltr'>lapis.</span> 
     </span>
     <span class='ocr_line' id='line_1_27' title="bbox 113 3364 1240 3453; baseline 0.002 -24"><span class='ocrx_word' id='word_1_225' title='bbox 113 3364 203 3430; x_wconf 91' lang='lat' dir='ltr'>Cum</span> <span class='ocrx_word' id='word_1_226' title='bbox 223 3383 303 3450; x_wconf 80' lang='lat' dir='ltr'>ergo</span> <span class='ocrx_word' id='word_1_227' title='bbox 324 3366 365 3431; x_wconf 79' lang='lat' dir='ltr'>in·</span> <span class='ocrx_word' id='word_1_228' title='bbox 388 3367 535 3433; x_wconf 88' lang='lat' dir='ltr'>secundo</span> <span class='ocrx_word' id='word_1_229' title='bbox 557 3367 613 3437; x_wconf 91' lang='lat' dir='ltr'>illo</span> <span class='ocrx_word' id='word_1_230' title='bbox 631 3385 706 3432; x_wconf 83' lang='lat' dir='ltr'>casu</span> <span class='ocrx_word' id='word_1_231' title='bbox 734 3366 898 3432; x_wconf 90' lang='lat' dir='ltr'>utrumvis</span> <span class='ocrx_word' id='word_1_232' title='bbox 917 3368 1105 3453; x_wconf 86' lang='lat' dir='ltr'>contingere</span> <span class='ocrx_word' id='word_1_233' title='bbox 1126 3366 1240 3452; x_wconf 89' lang='lat' dir='ltr'>possit,</span> 
     </span>
     <span class='ocr_line' id='line_1_28' title="bbox 112 3473 1241 3560; baseline 0.001 -22"><span class='ocrx_word' id='word_1_234' title='bbox 112 3483 149 3538; x_wconf 90' lang='lat' dir='ltr'>et</span> <span class='ocrx_word' id='word_1_235' title='bbox 166 3474 260 3556; x_wconf 89' lang='lat' dir='ltr'>quod</span> <span class='ocrx_word' id='word_1_236' title='bbox 273 3473 456 3558; x_wconf 88' lang='lat' dir='ltr'>subjectum</span> <span class='ocrx_word' id='word_1_237' title='bbox 476 3486 509 3542; x_wconf 90' lang='lat' dir='ltr'>et</span> <span class='ocrx_word' id='word_1_238' title='bbox 529 3475 738 3560; x_wconf 78' lang='lat' dir='ltr'>predicatum</span> <span class='ocrx_word' id='word_1_239' title='bbox 759 3475 969 3557; x_wconf 75' lang='lat' dir='ltr'>questioniS,</span> <span class='ocrx_word' id='word_1_240' title='bbox 986 3476 1025 3541; x_wconf 85' lang='lat' dir='ltr'>ad</span> <span class='ocrx_word' id='word_1_241' title='bbox 1044 3475 1241 3542; x_wconf 88' lang='lat' dir='ltr'>solvendum</span> 
     </span>
     <span class='ocr_line' id='line_1_29' title="bbox 112 3579 1241 3667; baseline 0.003 -21"><span class='ocrx_word' id='word_1_242' title='bbox 112 3579 310 3666; x_wconf 76' lang='lat' dir='ltr'>propositae,</span> <span class='ocrx_word' id='word_1_243' title='bbox 326 3581 539 3660; x_wconf 89' lang='lat' dir='ltr'>conveniant,</span> <span class='ocrx_word' id='word_1_244' title='bbox 557 3591 590 3647; x_wconf 92' lang='lat' dir='ltr'>et</span> <span class='ocrx_word' id='word_1_245' title='bbox 605 3582 696 3666; x_wconf 92' lang='lat' dir='ltr'>quod</span> <span class='ocrx_word' id='word_1_246' title='bbox 713 3582 898 3667; x_wconf 87' lang='lat' dir='ltr'>discrepent</span> <span class='ocrx_word' id='word_1_247' title='bbox 921 3583 1005 3649; x_wconf 91' lang='lat' dir='ltr'>inter</span> <span class='ocrx_word' id='word_1_248' title='bbox 1019 3601 1072 3660; x_wconf 88' lang='lat' dir='ltr'>se,</span> <span class='ocrx_word' id='word_1_249' title='bbox 1090 3593 1241 3650; x_wconf 87' lang='lat' dir='ltr'>neutrum</span> 
     </span>
     <span class='ocr_line' id='line_1_30' title="bbox 111 3688 1239 3776; baseline -0.001 -20"><span class='ocrx_word' id='word_1_250' title='bbox 111 3688 311 3756; x_wconf 85' lang='lat' dir='ltr'>concludere</span> <span class='ocrx_word' id='word_1_251' title='bbox 330 3689 415 3767; x_wconf 91' lang='lat' dir='ltr'>licet,</span> <span class='ocrx_word' id='word_1_252' title='bbox 435 3691 541 3756; x_wconf 89' lang='lat' dir='ltr'>donec</span> <span class='ocrx_word' id='word_1_253' title='bbox 560 3690 643 3758; x_wconf 87' lang='lat' dir='ltr'>adsit</span> <span class='ocrx_word' id='word_1_254' title='bbox 658 3689 824 3767; x_wconf 89' lang='lat' dir='ltr'>medium,</span> <span class='ocrx_word' id='word_1_255' title='bbox 844 3708 903 3774; x_wconf 88' lang='lat' dir='ltr'>per</span> <span class='ocrx_word' id='word_1_256' title='bbox 916 3690 1005 3773; x_wconf 89' lang='lat' dir='ltr'>quod</span> <span class='ocrx_word' id='word_1_257' title='bbox 1018 3709 1081 3776; x_wconf 89' lang='lat' dir='ltr'>ope</span> <span class='ocrx_word' id='word_1_258' title='bbox 1093 3691 1239 3776; x_wconf 89' lang='lat' dir='ltr'>principii</span> 
     </span>
     <span class='ocr_line' id='line_1_31' title="bbox 113 3795 1241 3883; baseline 0.001 -19"><span class='ocrx_word' id='word_1_259' title='bbox 113 3799 169 3864; x_wconf 86' lang='lat' dir='ltr'>vel</span> <span class='ocrx_word' id='word_1_260' title='bbox 207 3795 386 3862; x_wconf 81' lang='lat' dir='ltr'>identitatis</span> <span class='ocrx_word' id='word_1_261' title='bbox 412 3798 469 3883; x_wconf 68' lang='lat' dir='ltr'>⁴rel</span> <span class='ocrx_word' id='word_1_262' title='bbox 500 3797 727 3882; x_wconf 81' lang='lat' dir='ltr'>discrepantiae</span> <span class='ocrx_word' id='word_1_263' title='bbox 759 3795 927 3864; x_wconf 90' lang='lat' dir='ltr'>conclusio</span> <span class='ocrx_word' id='word_1_264' title='bbox 959 3807 1016 3866; x_wconf 88' lang='lat' dir='ltr'>aut</span> <span class='ocrx_word' id='word_1_265' title='bbox 1047 3797 1241 3868; x_wconf 84' lang='lat' dir='ltr'>affirmativa</span> 
     </span>
     <span class='ocr_line' id='line_1_32' title="bbox 110 3903 515 3990; baseline 0.002 -20"><span class='ocrx_word' id='word_1_266' title='bbox 110 3913 170 3971; x_wconf 88' lang='lat' dir='ltr'>aut</span> <span class='ocrx_word' id='word_1_267' title='bbox 189 3903 343 3990; x_wconf 77' lang='lat' dir='ltr'>negativa</span> <span class='ocrx_word' id='word_1_268' title='bbox 357 3904 515 3973; x_wconf 88' lang='lat' dir='ltr'>eliciatur.</span> 
     </span>
    </p>
   </div>
   <div class='ocr_carea' id='block_1_3' title="bbox 483 4095 872 4174">
    <p class='ocr_par' dir='ltr' id='par_1_3' title="bbox 483 4095 872 4174">
     <span class='ocr_line' id='line_1_33' title="bbox 483 4095 872 4174; baseline -0.005 -2"><span class='ocrx_word' id='word_1_269' title='bbox 483 4095 785 4174; x_wconf 86' lang='lat' dir='ltr'>ARTICULUS</span> <span class='ocrx_word' id='word_1_270' title='bbox 806 4099 872 4173; x_wconf 90' lang='lat' dir='ltr'><strong>III.</strong></span> 
     </span>
    </p>
   </div>
   <div class='ocr_carea' id='block_1_4' title="bbox 226 4246 1126 4462">
    <p class='ocr_par' dir='ltr' id='par_1_4' title="bbox 226 4246 1126 4462">
     <span class='ocr_line' id='line_1_34' title="bbox 226 4246 1126 4332; baseline 0.006 -19"><span class='ocrx_word' id='word_1_271' title='bbox 226 4246 422 4314; x_wconf 77' lang='lat' dir='ltr'>Materia</span> <span class='ocrx_word' id='word_1_272' title='bbox 444 4252 492 4313; x_wconf 82' lang='lat' dir='ltr'>et</span> <span class='ocrx_word' id='word_1_273' title='bbox 513 4248 667 4314; x_wconf 74' lang='lat' dir='ltr'>forma</span> <span class='ocrx_word' id='word_1_274' title='bbox 684 4249 951 4332; x_wconf 79' lang='lat' dir='ltr'>syllogismi,</span> <span class='ocrx_word' id='word_1_275' title='bbox 970 4251 1049 4318; x_wconf 88' lang='lat' dir='ltr'>ubi</span> <span class='ocrx_word' id='word_1_276' title='bbox 1068 4252 1126 4318; x_wconf 83' lang='lat' dir='ltr'>de</span> 
     </span>
     <span class='ocr_line' id='line_1_35' title="bbox 343 4369 999 4462; baseline 0.005 -22"><span class='ocrx_word' id='word_1_277' title='bbox 343 4369 524 4462; x_wconf 82' lang='lat' dir='ltr'>figuris,</span> <span class='ocrx_word' id='word_1_278' title='bbox 546 4379 593 4440; x_wconf 83' lang='lat' dir='ltr'>et</span> <span class='ocrx_word' id='word_1_279' title='bbox 614 4369 750 4443; x_wconf 86' lang='lat' dir='ltr'>modis</span> <span class='ocrx_word' id='word_1_280' title='bbox 773 4375 999 4458; x_wconf 81' lang='lat' dir='ltr'>ejusdem.</span> 
     </span>
    </p>
   </div>
   <div class='ocr_carea' id='block_1_5' title="bbox 110 4549 1413 4858">
    <p class='ocr_par' dir='ltr' id='par_1_5' title="bbox 110 4549 1413 4858">
     <span class='ocr_line' id='line_1_36' title="bbox 160 4549 1240 4643; baseline 0.006 -26"><span class='ocrx_word' id='word_1_281' title='bbox 160 4569 237 4638; x_wconf 69' lang='lat'>¹5⁰0</span> <span class='ocrx_word' id='word_1_282' title='bbox 284 4551 359 4617; x_wconf 89' lang='lat' dir='ltr'>Non</span> <span class='ocrx_word' id='word_1_283' title='bbox 373 4551 553 4635; x_wconf 89' lang='lat' dir='ltr'>quaerimus</span> <span class='ocrx_word' id='word_1_284' title='bbox 568 4551 620 4619; x_wconf 90' lang='lat' dir='ltr'>hic</span> <span class='ocrx_word' id='word_1_285' title='bbox 634 4551 803 4620; x_wconf 86' lang='lat' dir='ltr'>materiam</span> <span class='ocrx_word' id='word_1_286' title='bbox 818 4555 902 4621; x_wconf 91' lang='lat' dir='ltr'>circa</span> <span class='ocrx_word' id='word_1_287' title='bbox 913 4573 1013 4639; x_wconf 87' lang='lat' dir='ltr'>quarn</span> <span class='ocrx_word' id='word_1_288' title='bbox 1027 4549 1240 4643; x_wconf 83' lang='lat' dir='ltr'>syllogismus</span> 
     </span>
     <span class='ocr_line' id='line_1_37' title="bbox 110 4659 1237 4749; baseline 0.006 -22"><span class='ocrx_word' id='word_1_289' title='bbox 110 4667 281 4736; x_wconf 84' lang='lat' dir='ltr'>versatur,</span> <span class='ocrx_word' id='word_1_290' title='bbox 300 4660 360 4724; x_wconf 88' lang='lat' dir='ltr'>sed</span> <span class='ocrx_word' id='word_1_291' title='bbox 379 4659 419 4724; x_wconf 93' lang='lat' dir='ltr'>de</span> <span class='ocrx_word' id='word_1_292' title='bbox 439 4659 584 4745; x_wconf 89' lang='lat' dir='ltr'>partibus</span> <span class='ocrx_word' id='word_1_293' title='bbox 602 4671 701 4745; x_wconf 88' lang='lat' dir='ltr'>atque</span> <span class='ocrx_word' id='word_1_294' title='bbox 719 4662 891 4729; x_wconf 90' lang='lat' dir='ltr'>elementis</span> <span class='ocrx_word' id='word_1_295' title='bbox 910 4665 998 4730; x_wconf 90' lang='lat' dir='ltr'>unde</span> <span class='ocrx_word' id='word_1_296' title='bbox 1017 4666 1237 4749; x_wconf 91' lang='lat' dir='ltr'>componitur.</span> 
     </span>
     <span class='ocr_line' id='line_1_38' title="bbox 111 4769 1413 4858; baseline 0.006 -23"><span class='ocrx_word' id='word_1_297' title='bbox 111 4769 245 4852; x_wconf 87' lang='lat' dir='ltr'>Duplex</span> <span class='ocrx_word' id='word_1_298' title='bbox 264 4775 430 4851; x_wconf 84' lang='lat' dir='ltr'>porroest</span> <span class='ocrx_word' id='word_1_299' title='bbox 449 4769 638 4854; x_wconf 89' lang='lat' dir='ltr'>hujusmodi</span> <span class='ocrx_word' id='word_1_300' title='bbox 658 4770 806 4848; x_wconf 87' lang='lat' dir='ltr'>materia,</span> <span class='ocrx_word' id='word_1_301' title='bbox 827 4773 926 4838; x_wconf 88' lang='lat' dir='ltr'>altera</span> <span class='ocrx_word' id='word_1_302' title='bbox 941 4773 1102 4854; x_wconf 76' lang='lat' dir='ltr'>proxima,</span> <span class='ocrx_word' id='word_1_303' title='bbox 1121 4777 1240 4842; x_wconf 82' lang='lat' dir='ltr'>remota</span> <span class='ocrx_word' id='word_1_304' title='bbox 1295 4818 1413 4858; x_wconf 58' lang='lat' dir='ltr'>,mm</span> 
     </span>
    </p>
   </div>
   <div class='ocr_carea' id='block_1_6' title="bbox 1253 4727 1454 4793">
    <p class='ocr_par' dir='ltr' id='par_1_6' title="bbox 1253 4727 1454 4793">
     <span class='ocr_line' id='line_1_39' title="bbox 1253 4727 1454 4793; baseline -0.01 -9"><span class='ocrx_word' id='word_1_305' title='bbox 1253 4727 1346 4784; x_wconf 68' lang='lat' dir='ltr'>Muteriu</span> <span class='ocrx_word' id='word_1_306' title='bbox 1355 4729 1454 4793; x_wconf 69' lang='lat' dir='ltr'>proxim!</span> 
     </span>
    </p>
   </div>
   <div class='ocr_carea' id='block_1_7' title="bbox 0 0 1750 5525">
    <p class='ocr_par' dir='ltr' id='par_1_7' title="bbox 0 0 1750 5525">
     <span class='ocr_line' id='line_1_40' title="bbox 0 0 1750 5525; baseline 0 3"><span class='ocrx_word' id='word_1_307' title='bbox 0 0 1750 5525; x_wconf 95' lang='lat' dir='ltr'> </span> 
     </span>
    </p>
   </div>
  </div>
 </body>
</html>
