<?xml version="1.0" encoding="UTF-8"?>
<!DOCTYPE html PUBLIC "-//W3C//DTD XHTML 1.0 Transitional//EN"
    "http://www.w3.org/TR/xhtml1/DTD/xhtml1-transitional.dtd">
<html xmlns="http://www.w3.org/1999/xhtml" xml:lang="en" lang="en">
 <head>
  <title>
</title>
<meta http-equiv="Content-Type" content="text/html;charset=utf-8" />
  <meta name='ocr-system' content='tesseract 3.04.00' />
  <meta name='ocr-capabilities' content='ocr_page ocr_carea ocr_par ocr_line ocrx_word'/>
</head>
<body>
  <div class='ocr_page' id='page_1' title='image "./institutionesph00urrgoog/institutionesph00urrgoog_1176.png"; bbox 0 0 3492 5525; ppageno 0'>
   <div class='ocr_carea' id='block_1_1' title="bbox 560 446 1474 529">
    <p class='ocr_par' dir='ltr' id='par_1_1' title="bbox 560 446 1474 529">
     <span class='ocr_line' id='line_1_1' title="bbox 560 446 1474 529; baseline -0.001 -18"><span class='ocrx_word' id='word_1_1' title='bbox 560 448 637 529; x_wconf 72' lang='grc' dir='ltr'>11ςὸ</span> <span class='ocrx_word' id='word_1_2' title='bbox 668 446 791 511; x_wconf 75' lang='lat' dir='ltr'>Lootcn</span> <span class='ocrx_word' id='word_1_3' title='bbox 808 448 1039 521; x_wconf 67' lang='lat' dir='ltr'>blason—lan.</span> <span class='ocrx_word' id='word_1_4' title='bbox 1056 450 1290 525; x_wconf 73' lang='lat' dir='ltr'>a.=·,1)rsa.b.·</span> <span class='ocrx_word' id='word_1_5' title='bbox 1304 449 1383 511; x_wconf 78' lang='lat' dir='ltr'>Car.</span> <span class='ocrx_word' id='word_1_6' title='bbox 1400 464 1474 511; x_wconf 81' lang='lat' dir='ltr'>a.-</span> 
     </span>
    </p>
   </div>
   <div class='ocr_carea' id='block_1_2' title="bbox 517 554 780 566">
    <p class='ocr_par' dir='ltr' id='par_1_2' title="bbox 517 554 780 566">
     <span class='ocr_line' id='line_1_2' title="bbox 517 554 780 566; baseline 0.004 -1"><span class='ocrx_word' id='word_1_7' title='bbox 517 554 780 566; x_wconf 66' lang='lat' dir='ltr'>——u——-—</span> 
     </span>
    </p>
   </div>
   <div class='ocr_carea' id='block_1_3' title="bbox 509 630 1722 1684">
    <p class='ocr_par' dir='ltr' id='par_1_3' title="bbox 513 630 1636 1147">
     <span class='ocr_line' id='line_1_3' title="bbox 513 630 1636 715; baseline 0 -19"><span class='ocrx_word' id='word_1_8' title='bbox 513 630 745 697; x_wconf 80' lang='lat' dir='ltr'>imaraculniirnr</span> <span class='ocrx_word' id='word_1_9' title='bbox 760 630 908 713; x_wconf 79' lang='lat' dir='ltr'>Dea&#39;pnrae</span> <span class='ocrx_word' id='word_1_10' title='bbox 922 635 1112 714; x_wconf 62' lang='lat' dir='ltr'>comma.</span> <span class='ocrx_word' id='word_1_11' title='bbox 1125 646 1268 715; x_wconf 63' lang='lat' dir='ltr'>propte»</span> <span class='ocrx_word' id='word_1_12' title='bbox 1279 632 1494 697; x_wconf 55' lang='lat' dir='ltr'>aasabim</span> <span class='ocrx_word' id='word_1_13' title='bbox 1509 632 1576 697; x_wconf 83' lang='lat' dir='ltr'>Dei</span> <span class='ocrx_word' id='word_1_14' title='bbox 1590 651 1636 696; x_wconf 84' lang='lat' dir='ltr'>n·-</span> 
     </span>
     <span class='ocr_line' id='line_1_4' title="bbox 513 738 1636 823; baseline 0 -20"><span class='ocrx_word' id='word_1_15' title='bbox 513 739 662 805; x_wconf 82' lang='lat' dir='ltr'>aclanlis:</span> <span class='ocrx_word' id='word_1_16' title='bbox 681 756 758 805; x_wconf 87' lang='lat' dir='ltr'>nam</span> <span class='ocrx_word' id='word_1_17' title='bbox 773 738 1001 823; x_wconf 79' lang='lat' dir='ltr'>interroganti,</span> <span class='ocrx_word' id='word_1_18' title='bbox 1014 756 1073 805; x_wconf 89' lang='lat' dir='ltr'>cur</span> <span class='ocrx_word' id='word_1_19' title='bbox 1085 740 1334 805; x_wconf 83' lang='lat' dir='ltr'>immaculatum</span> <span class='ocrx_word' id='word_1_20' title='bbox 1347 751 1549 823; x_wconf 68' lang='lat' dir='ltr'>conceptum</span> <span class='ocrx_word' id='word_1_21' title='bbox 1564 738 1636 803; x_wconf 85' lang='lat' dir='ltr'>Dei-</span> 
     </span>
     <span class='ocr_line' id='line_1_5' title="bbox 514 846 1633 932; baseline 0 -21"><span class='ocrx_word' id='word_1_22' title='bbox 514 862 599 929; x_wconf 85' lang='lat' dir='ltr'>parae</span> <span class='ocrx_word' id='word_1_23' title='bbox 617 846 746 923; x_wconf 82' lang='lat' dir='ltr'>credas,</span> <span class='ocrx_word' id='word_1_24' title='bbox 767 846 829 911; x_wconf 87' lang='lat' dir='ltr'>bac</span> <span class='ocrx_word' id='word_1_25' title='bbox 851 846 976 913; x_wconf 84' lang='lat' dir='ltr'>ratione</span> <span class='ocrx_word' id='word_1_26' title='bbox 1001 846 1163 932; x_wconf 83' lang='lat' dir='ltr'>objectiva</span> <span class='ocrx_word' id='word_1_27' title='bbox 1189 847 1414 931; x_wconf 63' lang='lat' dir='ltr'>responoebis:</span> <span class='ocrx_word' id='word_1_28' title='bbox 1441 848 1529 929; x_wconf 75' lang='lat' dir='ltr'>Quia</span> <span class='ocrx_word' id='word_1_29' title='bbox 1547 847 1633 911; x_wconf 76' lang='lat' dir='ltr'>Deras</span> 
     </span>
     <span class='ocr_line' id='line_1_6' title="bbox 513 952 1635 1039; baseline 0 -20"><span class='ocrx_word' id='word_1_30' title='bbox 513 971 646 1021; x_wconf 89' lang='lat' dir='ltr'>summe</span> <span class='ocrx_word' id='word_1_31' title='bbox 664 972 763 1021; x_wconf 86' lang='lat' dir='ltr'>verax</span> <span class='ocrx_word' id='word_1_32' title='bbox 781 954 814 1019; x_wconf 88' lang='lat' dir='ltr'>id</span> <span class='ocrx_word' id='word_1_33' title='bbox 828 954 997 1022; x_wconf 85' lang='lat' dir='ltr'>revelavit.</span> <span class='ocrx_word' id='word_1_34' title='bbox 1016 952 1165 1021; x_wconf 81' lang='lat' dir='ltr'>Similem</span> <span class='ocrx_word' id='word_1_35' title='bbox 1182 972 1318 1039; x_wconf 88' lang='lat' dir='ltr'>quoque</span> <span class='ocrx_word' id='word_1_36' title='bbox 1335 954 1497 1021; x_wconf 88' lang='lat' dir='ltr'>rationem</span> <span class='ocrx_word' id='word_1_37' title='bbox 1516 973 1588 1039; x_wconf 77' lang='lat' dir='ltr'>prae</span> <span class='ocrx_word' id='word_1_38' title='bbox 1600 974 1635 1019; x_wconf 88' lang='lat' dir='ltr'>se</span> 
     </span>
     <span class='ocr_line' id='line_1_7' title="bbox 513 1061 1233 1147; baseline 0.001 -21"><span class='ocrx_word' id='word_1_39' title='bbox 513 1062 622 1127; x_wconf 87' lang='lat' dir='ltr'>ierunt</span> <span class='ocrx_word' id='word_1_40' title='bbox 640 1062 817 1147; x_wconf 76' lang='lat' dir='ltr'>praemissa</span> <span class='ocrx_word' id='word_1_41' title='bbox 833 1071 985 1146; x_wconf 81' lang='lat' dir='ltr'>respectu</span> <span class='ocrx_word' id='word_1_42' title='bbox 998 1061 1233 1129; x_wconf 83' lang='lat' dir='ltr'><strong>conclusionis.</strong></span> 
     </span>
    </p>

    <p class='ocr_par' dir='ltr' id='par_1_4' title="bbox 509 1163 1722 1684">
     <span class='ocr_line' id='line_1_8' title="bbox 577 1163 1722 1255; baseline 0.003 -20"><span class='ocrx_word' id='word_1_43' title='bbox 577 1168 689 1255; x_wconf 87' lang='lat' dir='ltr'>ltaque</span> <span class='ocrx_word' id='word_1_44' title='bbox 706 1190 783 1239; x_wconf 89' lang='lat' dir='ltr'>curn</span> <span class='ocrx_word' id='word_1_45' title='bbox 809 1170 927 1238; x_wconf 89' lang='lat' dir='ltr'>dicitur</span> <span class='ocrx_word' id='word_1_46' title='bbox 948 1169 1060 1236; x_wconf 87' lang='lat' dir='ltr'>omnia</span> <span class='ocrx_word' id='word_1_47' title='bbox 1075 1170 1110 1236; x_wconf 92' lang='lat' dir='ltr'>in</span> <span class='ocrx_word' id='word_1_48' title='bbox 1138 1170 1273 1236; x_wconf 87' lang='lat' dir='ltr'>scientia</span> <span class='ocrx_word' id='word_1_49' title='bbox 1294 1168 1490 1235; x_wconf 86' lang='lat' dir='ltr'>considerari</span> <span class='ocrx_word' id='word_1_50' title='bbox 1506 1176 1634 1252; x_wconf 76' lang='lat' dir='ltr'>propter</span> <span class='ocrx_word' id='word_1_51' title='bbox 1720 1163 1722 1238; x_wconf 55' lang='grc' dir='ltr'>ζ</span> 
     </span>
     <span class='ocr_line' id='line_1_9' title="bbox 510 1273 1722 1363; baseline -0.006 -19"><span class='ocrx_word' id='word_1_52' title='bbox 510 1277 675 1363; x_wconf 86' lang='lat' dir='ltr'>objectum</span> <span class='ocrx_word' id='word_1_53' title='bbox 695 1278 926 1355; x_wconf 77' lang='lat' dir='ltr'>attributionis,</span> <span class='ocrx_word' id='word_1_54' title='bbox 950 1278 1107 1362; x_wconf 86' lang='lat' dir='ltr'>particula</span> <span class='ocrx_word' id='word_1_55' title='bbox 1125 1281 1255 1360; x_wconf 82' lang='lat' dir='ltr'>propter</span> <span class='ocrx_word' id='word_1_56' title='bbox 1270 1278 1371 1343; x_wconf 79' lang='lat' dir='ltr'>finem</span> <span class='ocrx_word' id='word_1_57' title='bbox 1390 1277 1569 1361; x_wconf 83' lang='lat' dir='ltr'>significat,</span> <span class='ocrx_word' id='word_1_58' title='bbox 1593 1280 1633 1341; x_wconf 80' lang='lat' dir='ltr'>ad</span> <span class='ocrx_word' id='word_1_59' title='bbox 1720 1273 1722 1336; x_wconf 82' lang='lat' dir='ltr'>i</span> 
     </span>
     <span class='ocr_line' id='line_1_10' title="bbox 510 1384 1722 1470; baseline -0.002 -19"><span class='ocrx_word' id='word_1_60' title='bbox 510 1404 611 1469; x_wconf 91' lang='lat' dir='ltr'>quem</span> <span class='ocrx_word' id='word_1_61' title='bbox 628 1386 750 1469; x_wconf 89' lang='lat' dir='ltr'>reliqua</span> <span class='ocrx_word' id='word_1_62' title='bbox 777 1386 960 1470; x_wconf 80' lang='lat' dir='ltr'>diriguntur</span> <span class='ocrx_word' id='word_1_63' title='bbox 988 1404 1054 1451; x_wconf 93' lang='lat' dir='ltr'>non</span> <span class='ocrx_word' id='word_1_64' title='bbox 1083 1403 1161 1452; x_wconf 85' lang='lat' dir='ltr'>vero</span> <span class='ocrx_word' id='word_1_65' title='bbox 1187 1385 1345 1451; x_wconf 88' lang='lat' dir='ltr'>rationem</span> <span class='ocrx_word' id='word_1_66' title='bbox 1363 1384 1562 1466; x_wconf 80' lang='lat' dir='ltr'>obiectivam</span> <span class='ocrx_word' id='word_1_67' title='bbox 1581 1388 1631 1449; x_wconf 84' lang='lat' dir='ltr'>vei</span> <span class='ocrx_word' id='word_1_68' title='bbox 1720 1419 1722 1434; x_wconf 81' lang='lat'><em>=</em></span> 
     </span>
     <span class='ocr_line' id='line_1_11' title="bbox 510 1471 1722 1577; baseline -0.004 -18"><span class='ocrx_word' id='word_1_69' title='bbox 510 1493 686 1571; x_wconf 87' lang='lat' dir='ltr'>motivum,</span> <span class='ocrx_word' id='word_1_70' title='bbox 706 1512 764 1559; x_wconf 90' lang='lat' dir='ltr'>cur</span> <span class='ocrx_word' id='word_1_71' title='bbox 777 1494 898 1577; x_wconf 90' lang='lat' dir='ltr'>reliqua</span> <span class='ocrx_word' id='word_1_72' title='bbox 916 1494 1130 1577; x_wconf 77' lang='lat' dir='ltr'>attingantur3</span> <span class='ocrx_word' id='word_1_73' title='bbox 1150 1513 1228 1559; x_wconf 85' lang='lat' dir='ltr'>cum</span> <span class='ocrx_word' id='word_1_74' title='bbox 1247 1512 1325 1559; x_wconf 89' lang='lat' dir='ltr'>vero</span> <span class='ocrx_word' id='word_1_75' title='bbox 1342 1494 1508 1577; x_wconf 87' lang='lat' dir='ltr'>objectum</span> <span class='ocrx_word' id='word_1_76' title='bbox 1528 1504 1632 1557; x_wconf 85' lang='lat' dir='ltr'>mate-</span> <span class='ocrx_word' id='word_1_77' title='bbox 1720 1471 1722 1554; x_wconf 58' lang='grc' dir='ltr'>ἶ</span> 
     </span>
     <span class='ocr_line' id='line_1_12' title="bbox 509 1600 1630 1684; baseline -0.002 -17"><span class='ocrx_word' id='word_1_78' title='bbox 509 1600 584 1667; x_wconf 86' lang='lat' dir='ltr'>riale</span> <span class='ocrx_word' id='word_1_79' title='bbox 603 1602 720 1667; x_wconf 89' lang='lat' dir='ltr'>dicitur</span> <span class='ocrx_word' id='word_1_80' title='bbox 736 1600 932 1668; x_wconf 88' lang='lat' dir='ltr'>considerari</span> <span class='ocrx_word' id='word_1_81' title='bbox 941 1604 1071 1684; x_wconf 84' lang='lat' dir='ltr'>propter</span> <span class='ocrx_word' id='word_1_82' title='bbox 1082 1602 1235 1675; x_wconf 80' lang='lat' dir='ltr'>ionnale,</span> <span class='ocrx_word' id='word_1_83' title='bbox 1254 1600 1413 1666; x_wconf 85' lang='lat' dir='ltr'>indicatur</span> <span class='ocrx_word' id='word_1_84' title='bbox 1431 1620 1453 1663; x_wconf 87' lang='lat' dir='ltr'>e</span> <span class='ocrx_word' id='word_1_85' title='bbox 1471 1619 1630 1665; x_wconf 81' lang='lat' dir='ltr'>converso</span> 
     </span>
    </p>
   </div>
   <div class='ocr_carea' id='block_1_4' title="bbox 509 1709 1722 1791">
    <p class='ocr_par' dir='ltr' id='par_1_5' title="bbox 509 1709 1722 1791">
     <span class='ocr_line' id='line_1_13' title="bbox 509 1709 1722 1791; baseline -0.002 -18"><span class='ocrx_word' id='word_1_86' title='bbox 509 1709 589 1773; x_wconf 89' lang='lat' dir='ltr'>ratio</span> <span class='ocrx_word' id='word_1_87' title='bbox 608 1726 763 1775; x_wconf 82' lang='lat' dir='ltr'><strong>assensus</strong></span> <span class='ocrx_word' id='word_1_88' title='bbox 780 1709 953 1791; x_wconf 80' lang='lat' dir='ltr'>obiectiva.</span> <span class='ocrx_word' id='word_1_89' title='bbox 974 1709 1052 1775; x_wconf 83' lang='lat' dir='ltr'>Haec</span> <span class='ocrx_word' id='word_1_90' title='bbox 1071 1727 1150 1773; x_wconf 87' lang='lat' dir='ltr'>vero</span> <span class='ocrx_word' id='word_1_91' title='bbox 1171 1709 1238 1774; x_wconf 92' lang='lat' dir='ltr'>duo</span> <span class='ocrx_word' id='word_1_92' title='bbox 1259 1709 1386 1773; x_wconf 83' lang='lat' dir='ltr'>diversa</span> <span class='ocrx_word' id='word_1_93' title='bbox 1405 1716 1498 1781; x_wconf 86' lang='lat' dir='ltr'>sunt,</span> <span class='ocrx_word' id='word_1_94' title='bbox 1516 1720 1555 1773; x_wconf 87' lang='lat' dir='ltr'>ut</span> <span class='ocrx_word' id='word_1_95' title='bbox 1574 1727 1630 1790; x_wconf 92' lang='lat' dir='ltr'>per</span> <span class='ocrx_word' id='word_1_96' title='bbox 1720 1745 1722 1790; x_wconf 51' lang='lat' dir='ltr'>i</span> 
     </span>
    </p>
   </div>
   <div class='ocr_carea' id='block_1_5' title="bbox 506 1795 1722 1901">
    <p class='ocr_par' dir='ltr' id='par_1_6' title="bbox 506 1795 1722 1901">
     <span class='ocr_line' id='line_1_14' title="bbox 506 1795 1722 1901; baseline -0.005 -18"><span class='ocrx_word' id='word_1_97' title='bbox 506 1834 542 1883; x_wconf 87' lang='lat' dir='ltr'>se</span> <span class='ocrx_word' id='word_1_98' title='bbox 561 1827 663 1900; x_wconf 87' lang='lat' dir='ltr'>patet,</span> <span class='ocrx_word' id='word_1_99' title='bbox 689 1836 765 1883; x_wconf 86' lang='lat' dir='ltr'>nam</span> <span class='ocrx_word' id='word_1_100' title='bbox 786 1836 852 1883; x_wconf 92' lang='lat' dir='ltr'>non</span> <span class='ocrx_word' id='word_1_101' title='bbox 870 1834 1003 1901; x_wconf 83' lang='lat' dir='ltr'>semper</span> <span class='ocrx_word' id='word_1_102' title='bbox 1020 1817 1096 1883; x_wconf 79' lang='lat' dir='ltr'>sinis</span> <span class='ocrx_word' id='word_1_103' title='bbox 1120 1817 1220 1883; x_wconf 88' lang='lat' dir='ltr'>habet</span> <span class='ocrx_word' id='word_1_104' title='bbox 1243 1817 1402 1883; x_wconf 88' lang='lat' dir='ltr'>rationem</span> <span class='ocrx_word' id='word_1_105' title='bbox 1425 1816 1544 1900; x_wconf 73' lang='lat' dir='ltr'>objemi</span> <span class='ocrx_word' id='word_1_106' title='bbox 1567 1816 1629 1879; x_wconf 84' lang='lat' dir='ltr'>lor·</span> <span class='ocrx_word' id='word_1_107' title='bbox 1720 1795 1722 1826; x_wconf 65' lang='lat'>³</span> 
     </span>
    </p>
   </div>
   <div class='ocr_carea' id='block_1_6' title="bbox 507 1923 1722 2009">
    <p class='ocr_par' dir='ltr' id='par_1_7' title="bbox 507 1923 1722 2009">
     <span class='ocr_line' id='line_1_15' title="bbox 507 1923 1722 2009; baseline 0 -20"><span class='ocrx_word' id='word_1_108' title='bbox 507 1923 600 1989; x_wconf 88' lang='lat' dir='ltr'>malis</span> <span class='ocrx_word' id='word_1_109' title='bbox 616 1933 763 2009; x_wconf 88' lang='lat' dir='ltr'>respectu</span> <span class='ocrx_word' id='word_1_110' title='bbox 783 1943 912 2000; x_wconf 89' lang='lat' dir='ltr'>eorum,</span> <span class='ocrx_word' id='word_1_111' title='bbox 929 1943 1004 2007; x_wconf 86' lang='lat' dir='ltr'>quae</span> <span class='ocrx_word' id='word_1_112' title='bbox 1022 1924 1063 1989; x_wconf 91' lang='lat' dir='ltr'>ad</span> <span class='ocrx_word' id='word_1_113' title='bbox 1081 1924 1182 1989; x_wconf 85' lang='lat' dir='ltr'>linem</span> <span class='ocrx_word' id='word_1_114' title='bbox 1201 1923 1398 2008; x_wconf 78' lang='lat' dir='ltr'>diriguntur:</span> <span class='ocrx_word' id='word_1_115' title='bbox 1414 1924 1460 1989; x_wconf 88' lang='lat' dir='ltr'>sic</span> <span class='ocrx_word' id='word_1_116' title='bbox 1472 1940 1629 1989; x_wconf 79' lang='lat' dir='ltr'>assensus</span> <span class='ocrx_word' id='word_1_117' title='bbox 1720 1937 1722 1970; x_wconf 72' lang='lat'>²</span> 
     </span>
    </p>
   </div>
   <div class='ocr_carea' id='block_1_7' title="bbox 500 2030 1722 3087">
    <p class='ocr_par' dir='ltr' id='par_1_8' title="bbox 500 2030 1722 3087">
     <span class='ocr_line' id='line_1_16' title="bbox 505 2030 1722 2115; baseline 0 -19"><span class='ocrx_word' id='word_1_118' title='bbox 505 2030 736 2115; x_wconf 87' lang='lat' dir='ltr'>principiorum</span> <span class='ocrx_word' id='word_1_119' title='bbox 756 2032 924 2100; x_wconf 89' lang='lat' dir='ltr'>ordinatur</span> <span class='ocrx_word' id='word_1_120' title='bbox 942 2031 983 2096; x_wconf 88' lang='lat' dir='ltr'>ad</span> <span class='ocrx_word' id='word_1_121' title='bbox 999 2032 1238 2106; x_wconf 81' lang='lat' dir='ltr'>conclusiones,</span> <span class='ocrx_word' id='word_1_122' title='bbox 1249 2033 1355 2115; x_wconf 87' lang='lat' dir='ltr'>prima</span> <span class='ocrx_word' id='word_1_123' title='bbox 1363 2031 1546 2097; x_wconf 86' lang='lat' dir='ltr'>intellectus</span> <span class='ocrx_word' id='word_1_124' title='bbox 1554 2050 1629 2113; x_wconf 88' lang='lat' dir='ltr'>ope·</span> <span class='ocrx_word' id='word_1_125' title='bbox 1720 2043 1722 2096; x_wconf 70' lang='lat' dir='ltr'>i</span> 
     </span>
     <span class='ocr_line' id='line_1_17' title="bbox 506 2124 1722 2222; baseline 0.001 -20"><span class='ocrx_word' id='word_1_126' title='bbox 506 2138 586 2203; x_wconf 88' lang='lat' dir='ltr'>ratio</span> <span class='ocrx_word' id='word_1_127' title='bbox 601 2139 642 2205; x_wconf 87' lang='lat' dir='ltr'>ad</span> <span class='ocrx_word' id='word_1_128' title='bbox 657 2141 848 2215; x_wconf 88' lang='lat' dir='ltr'>secundam,</span> <span class='ocrx_word' id='word_1_129' title='bbox 861 2150 893 2206; x_wconf 91' lang='lat' dir='ltr'>et</span> <span class='ocrx_word' id='word_1_130' title='bbox 908 2139 1053 2205; x_wconf 86' lang='lat' dir='ltr'>secunda</span> <span class='ocrx_word' id='word_1_131' title='bbox 1070 2139 1111 2205; x_wconf 86' lang='lat' dir='ltr'>ad</span> <span class='ocrx_word' id='word_1_132' title='bbox 1129 2140 1258 2205; x_wconf 83' lang='lat' dir='ltr'>tertiam</span> <span class='ocrx_word' id='word_1_133' title='bbox 1272 2124 1444 2222; x_wconf 77' lang='lat' dir='ltr'>tamquam</span> <span class='ocrx_word' id='word_1_134' title='bbox 1455 2138 1498 2205; x_wconf 88' lang='lat' dir='ltr'>ad</span> <span class='ocrx_word' id='word_1_135' title='bbox 1510 2138 1625 2211; x_wconf 79' lang='lat' dir='ltr'>finem,</span> <span class='ocrx_word' id='word_1_136' title='bbox 1720 2145 1722 2174; x_wconf 85' lang='lat'><strong>¹</strong></span> 
     </span>
     <span class='ocr_line' id='line_1_18' title="bbox 504 2244 1550 2332; baseline -0.006 -19"><span class='ocrx_word' id='word_1_137' title='bbox 504 2263 605 2327; x_wconf 89' lang='lat' dir='ltr'>quem</span> <span class='ocrx_word' id='word_1_138' title='bbox 624 2256 735 2313; x_wconf 89' lang='lat' dir='ltr'>tamen</span> <span class='ocrx_word' id='word_1_139' title='bbox 760 2266 818 2331; x_wconf 87' lang='lat' dir='ltr'>pro</span> <span class='ocrx_word' id='word_1_140' title='bbox 836 2247 962 2313; x_wconf 83' lang='lat' dir='ltr'>formali</span> <span class='ocrx_word' id='word_1_141' title='bbox 981 2246 1110 2331; x_wconf 84' lang='lat' dir='ltr'>objecto</span> <span class='ocrx_word' id='word_1_142' title='bbox 1133 2246 1269 2312; x_wconf 90' lang='lat' dir='ltr'>minime</span> <span class='ocrx_word' id='word_1_143' title='bbox 1288 2246 1464 2330; x_wconf 85' lang='lat' dir='ltr'>respiciunt</span> <span class='ocrx_word' id='word_1_144' title='bbox 1482 2244 1550 2332; x_wconf 84' lang='lat' dir='ltr'>(r).</span> 
     </span>
     <span class='ocr_line' id='line_1_19' title="bbox 549 2340 1628 2440; baseline 0.002 -23"><span class='ocrx_word' id='word_1_145' title='bbox 549 2352 722 2440; x_wconf 86' lang='lat' dir='ltr'>Objectum</span> <span class='ocrx_word' id='word_1_146' title='bbox 743 2354 964 2421; x_wconf 84' lang='lat' dir='ltr'>attributionis</span> <span class='ocrx_word' id='word_1_147' title='bbox 981 2340 1027 2419; x_wconf 84' lang='lat' dir='ltr'>ita</span> <span class='ocrx_word' id='word_1_148' title='bbox 1040 2355 1255 2437; x_wconf 82' lang='lat' dir='ltr'>explicatum,</span> <span class='ocrx_word' id='word_1_149' title='bbox 1271 2364 1308 2417; x_wconf 90' lang='lat' dir='ltr'>ut</span> <span class='ocrx_word' id='word_1_150' title='bbox 1318 2354 1548 2419; x_wconf 88' lang='lat' dir='ltr'>discematura</span> <span class='ocrx_word' id='word_1_151' title='bbox 1563 2355 1628 2419; x_wconf 85' lang='lat' dir='ltr'>ior·</span> 
     </span>
     <span class='ocr_line' id='line_1_20' title="bbox 504 2462 1628 2547; baseline 0.002 -22"><span class='ocrx_word' id='word_1_152' title='bbox 504 2463 579 2526; x_wconf 91' lang='lat' dir='ltr'>mali</span> <span class='ocrx_word' id='word_1_153' title='bbox 607 2463 777 2546; x_wconf 80' lang='lat' dir='ltr'>adaquato</span> <span class='ocrx_word' id='word_1_154' title='bbox 802 2481 859 2529; x_wconf 91' lang='lat' dir='ltr'>seu</span> <span class='ocrx_word' id='word_1_155' title='bbox 885 2463 1008 2527; x_wconf 87' lang='lat' dir='ltr'>ratione</span> <span class='ocrx_word' id='word_1_156' title='bbox 1037 2462 1162 2527; x_wconf 79' lang='lat' dir='ltr'>formali</span> <span class='ocrx_word' id='word_1_157' title='bbox 1189 2462 1246 2526; x_wconf 83' lang='lat' dir='ltr'>sub</span> <span class='ocrx_word' id='word_1_158' title='bbox 1266 2480 1346 2544; x_wconf 85' lang='lat' dir='ltr'>qua,</span> <span class='ocrx_word' id='word_1_159' title='bbox 1375 2472 1510 2527; x_wconf 84' lang='lat' dir='ltr'>vocatur</span> <span class='ocrx_word' id='word_1_160' title='bbox 1524 2462 1628 2547; x_wconf 63' lang='lat' dir='ltr'>seqe-</span> 
     </span>
     <span class='ocr_line' id='line_1_21' title="bbox 501 2569 1627 2657; baseline -0.003 -22"><span class='ocrx_word' id='word_1_161' title='bbox 501 2571 834 2657; x_wconf 74' lang='lat' dir='ltr'>ctumpnnbrnr&#39;onis,</span> <span class='ocrx_word' id='word_1_162' title='bbox 864 2580 896 2636; x_wconf 88' lang='lat' dir='ltr'>et</span> <span class='ocrx_word' id='word_1_163' title='bbox 924 2569 1022 2635; x_wconf 89' lang='lat' dir='ltr'>etiam</span> <span class='ocrx_word' id='word_1_164' title='bbox 1044 2569 1284 2655; x_wconf 68' lang='lat' dir='ltr'>specqicoiimrm</span> <span class='ocrx_word' id='word_1_165' title='bbox 1301 2577 1362 2652; x_wconf 76' lang='lat' dir='ltr'>per</span> <span class='ocrx_word' id='word_1_166' title='bbox 1386 2572 1512 2635; x_wconf 75' lang='lat' dir='ltr'>molam</span> <span class='ocrx_word' id='word_1_167' title='bbox 1525 2570 1627 2654; x_wconf 76' lang='lat' dir='ltr'>finis,-</span> 
     </span>
     <span class='ocr_line' id='line_1_22' title="bbox 502 2676 1722 2765; baseline -0.002 -22"><span class='ocrx_word' id='word_1_168' title='bbox 502 2677 667 2763; x_wconf 86' lang='lat' dir='ltr'>objectum</span> <span class='ocrx_word' id='word_1_169' title='bbox 687 2688 766 2745; x_wconf 82' lang='lat' dir='ltr'>vero</span> <span class='ocrx_word' id='word_1_170' title='bbox 784 2680 994 2762; x_wconf 76' lang='lat' dir='ltr'>adaquatum</span> <span class='ocrx_word' id='word_1_171' title='bbox 1012 2678 1129 2743; x_wconf 89' lang='lat' dir='ltr'>dicitur</span> <span class='ocrx_word' id='word_1_172' title='bbox 1151 2676 1321 2764; x_wconf 70' lang='lat' dir='ltr'>subiectior</span> <span class='ocrx_word' id='word_1_173' title='bbox 1336 2677 1572 2760; x_wconf 65' lang='grc' dir='ltr'>αάιτφιαίὼηιζε,</span> <span class='ocrx_word' id='word_1_174' title='bbox 1592 2688 1626 2741; x_wconf 86' lang='lat' dir='ltr'>et</span> <span class='ocrx_word' id='word_1_175' title='bbox 1720 2727 1722 2765; x_wconf 40' lang='grc' dir='ltr'><strong>ξ</strong></span> 
     </span>
     <span class='ocr_line' id='line_1_23' title="bbox 500 2768 1722 2872; baseline -0.001 -21"><span class='ocrx_word' id='word_1_176' title='bbox 500 2787 742 2872; x_wconf 67' lang='lat' dir='ltr'>specpicativum</span> <span class='ocrx_word' id='word_1_177' title='bbox 764 2795 825 2869; x_wconf 82' lang='lat' dir='ltr'>per</span> <span class='ocrx_word' id='word_1_178' title='bbox 850 2790 975 2854; x_wconf 71' lang='lat' dir='ltr'>mum</span> <span class='ocrx_word' id='word_1_179' title='bbox 1000 2787 1129 2868; x_wconf 78' lang='lat' dir='ltr'>spiare</span> <span class='ocrx_word' id='word_1_180' title='bbox 1149 2786 1309 2872; x_wconf 73' lang='lat' dir='ltr'>objectiva</span> <span class='ocrx_word' id='word_1_181' title='bbox 1332 2785 1626 2850; x_wconf 83' lang='lat' dir='ltr'>circumscribentis</span> <span class='ocrx_word' id='word_1_182' title='bbox 1720 2768 1722 2825; x_wconf 71' lang='grc' dir='ltr'><strong>ῑ</strong></span> 
     </span>
     <span class='ocr_line' id='line_1_24' title="bbox 500 2888 1722 2979; baseline 0.001 -20"><span class='ocrx_word' id='word_1_183' title='bbox 500 2893 751 2979; x_wconf 88' lang='lat' dir='ltr'>amplitudinem</span> <span class='ocrx_word' id='word_1_184' title='bbox 771 2895 872 2963; x_wconf 87' lang='lat' dir='ltr'>totius</span> <span class='ocrx_word' id='word_1_185' title='bbox 890 2893 1047 2960; x_wconf 78' lang='lat' dir='ltr'>seientia.</span> <span class='ocrx_word' id='word_1_186' title='bbox 1071 2893 1155 2970; x_wconf 78' lang='lat' dir='ltr'>Qua</span> <span class='ocrx_word' id='word_1_187' title='bbox 1181 2893 1360 2960; x_wconf 76' lang='lat' dir='ltr'>differentia</span> <span class='ocrx_word' id='word_1_188' title='bbox 1377 2892 1526 2977; x_wconf 87' lang='lat' dir='ltr'>explicari</span> <span class='ocrx_word' id='word_1_189' title='bbox 1552 2905 1628 2977; x_wconf 90' lang='lat' dir='ltr'>pot·</span> <span class='ocrx_word' id='word_1_190' title='bbox 1720 2888 1722 2935; x_wconf 48' lang='grc' dir='ltr'><em>ἒ</em></span> 
     </span>
     <span class='ocr_line' id='line_1_25' title="bbox 501 2987 1627 3087; baseline -0.004 -17"><span class='ocrx_word' id='word_1_191' title='bbox 501 3010 551 3070; x_wconf 84' lang='lat' dir='ltr'>est</span> <span class='ocrx_word' id='word_1_192' title='bbox 578 3004 730 3087; x_wconf 89' lang='lat' dir='ltr'>exemplo</span> <span class='ocrx_word' id='word_1_193' title='bbox 749 3001 944 3077; x_wconf 84' lang='lat' dir='ltr'>voluntatis,</span> <span class='ocrx_word' id='word_1_194' title='bbox 964 3002 1058 3086; x_wconf 86' lang='lat' dir='ltr'>cujus</span> <span class='ocrx_word' id='word_1_195' title='bbox 1075 2999 1151 3066; x_wconf 81' lang='lat' dir='ltr'>sinis</span> <span class='ocrx_word' id='word_1_196' title='bbox 1168 3009 1201 3065; x_wconf 89' lang='lat' dir='ltr'>et</span> <span class='ocrx_word' id='word_1_197' title='bbox 1224 3001 1317 3084; x_wconf 87' lang='lat' dir='ltr'>quasi</span> <span class='ocrx_word' id='word_1_198' title='bbox 1332 2999 1552 3066; x_wconf 84' lang='lat' dir='ltr'>attributionis</span> <span class='ocrx_word' id='word_1_199' title='bbox 1566 2987 1627 3066; x_wconf 66' lang='lat' dir='ltr'>ob</span> 
     </span>
    </p>
   </div>
   <div class='ocr_carea' id='block_1_8' title="bbox 488 3087 1722 3732">
    <p class='ocr_par' dir='ltr' id='par_1_9' title="bbox 488 3087 1722 3410">
     <span class='ocr_line' id='line_1_26' title="bbox 488 3087 1625 3194; baseline -0.002 -17"><span class='ocrx_word' id='word_1_200' title='bbox 488 3087 620 3194; x_wconf 67' lang='lat' dir='ltr'>¹jectum</span> <span class='ocrx_word' id='word_1_201' title='bbox 640 3119 691 3176; x_wconf 89' lang='lat' dir='ltr'>est</span> <span class='ocrx_word' id='word_1_202' title='bbox 714 3109 898 3186; x_wconf 84' lang='lat' dir='ltr'>beatitudo,</span> <span class='ocrx_word' id='word_1_203' title='bbox 922 3110 1004 3175; x_wconf 92' lang='lat' dir='ltr'>ratio</span> <span class='ocrx_word' id='word_1_204' title='bbox 1023 3127 1100 3174; x_wconf 86' lang='lat' dir='ltr'>vero</span> <span class='ocrx_word' id='word_1_205' title='bbox 1119 3107 1264 3174; x_wconf 82' lang='lat' dir='ltr'>formalis</span> <span class='ocrx_word' id='word_1_206' title='bbox 1284 3109 1349 3173; x_wconf 91' lang='lat' dir='ltr'>sub</span> <span class='ocrx_word' id='word_1_207' title='bbox 1366 3125 1449 3191; x_wconf 90' lang='lat' dir='ltr'>qua,</span> <span class='ocrx_word' id='word_1_208' title='bbox 1472 3115 1508 3172; x_wconf 86' lang='lat' dir='ltr'>et</span> <span class='ocrx_word' id='word_1_209' title='bbox 1528 3111 1625 3192; x_wconf 84' lang='lat' dir='ltr'>quasi</span> 
     </span>
     <span class='ocr_line' id='line_1_27' title="bbox 498 3214 1722 3309; baseline 0 -28"><span class='ocrx_word' id='word_1_210' title='bbox 498 3218 625 3299; x_wconf 85' lang='lat' dir='ltr'>spbaera</span> <span class='ocrx_word' id='word_1_211' title='bbox 640 3217 811 3303; x_wconf 86' lang='lat' dir='ltr'>objectiva,</span> <span class='ocrx_word' id='word_1_212' title='bbox 833 3225 884 3284; x_wconf 92' lang='lat' dir='ltr'>est</span> <span class='ocrx_word' id='word_1_213' title='bbox 902 3216 1028 3282; x_wconf 90' lang='lat' dir='ltr'>bonum</span> <span class='ocrx_word' id='word_1_214' title='bbox 1048 3225 1086 3282; x_wconf 90' lang='lat' dir='ltr'>ut</span> <span class='ocrx_word' id='word_1_215' title='bbox 1103 3215 1164 3282; x_wconf 88' lang='lat' dir='ltr'>sic:</span> <span class='ocrx_word' id='word_1_216' title='bbox 1185 3228 1218 3283; x_wconf 90' lang='lat' dir='ltr'>et</span> <span class='ocrx_word' id='word_1_217' title='bbox 1237 3214 1366 3299; x_wconf 90' lang='lat' dir='ltr'>utrique</span> <span class='ocrx_word' id='word_1_218' title='bbox 1376 3215 1530 3282; x_wconf 87' lang='lat' dir='ltr'>tribuitur</span> <span class='ocrx_word' id='word_1_219' title='bbox 1549 3235 1626 3282; x_wconf 89' lang='lat' dir='ltr'>mu·</span> <span class='ocrx_word' id='word_1_220' title='bbox 1720 3284 1722 3309; x_wconf 18' lang='grc' dir='ltr'>ἶ</span> 
     </span>
     <span class='ocr_line' id='line_1_28' title="bbox 499 3312 1722 3410; baseline -0.002 -20"><span class='ocrx_word' id='word_1_221' title='bbox 499 3341 564 3390; x_wconf 90' lang='lat' dir='ltr'>nus</span> <span class='ocrx_word' id='word_1_222' title='bbox 582 3324 790 3407; x_wconf 86' lang='lat' dir='ltr'>specificandi</span> <span class='ocrx_word' id='word_1_223' title='bbox 811 3323 875 3410; x_wconf 88' lang='lat'><strong>(2).</strong></span> <span class='ocrx_word' id='word_1_224' title='bbox 1720 3312 1722 3401; x_wconf 60' lang='lat' dir='ltr'>j</span> 
     </span>
    </p>

    <p class='ocr_par' dir='ltr' id='par_1_10' title="bbox 496 3431 1722 3732">
     <span class='ocr_line' id='line_1_29' title="bbox 566 3431 1722 3533; baseline 0 -35"><span class='ocrx_word' id='word_1_225' title='bbox 566 3433 652 3500; x_wconf 87' lang='lat' dir='ltr'>Cave</span> <span class='ocrx_word' id='word_1_226' title='bbox 672 3441 796 3509; x_wconf 89' lang='lat' dir='ltr'>tamen,</span> <span class='ocrx_word' id='word_1_227' title='bbox 814 3452 855 3498; x_wconf 92' lang='lat' dir='ltr'>ne</span> <span class='ocrx_word' id='word_1_228' title='bbox 874 3432 1039 3498; x_wconf 84' lang='lat' dir='ltr'>existimes</span> <span class='ocrx_word' id='word_1_229' title='bbox 1054 3449 1297 3515; x_wconf 89' lang='lat' dir='ltr'>quemcumque</span> <span class='ocrx_word' id='word_1_230' title='bbox 1315 3431 1434 3505; x_wconf 81' lang='lat' dir='ltr'>finem,</span> <span class='ocrx_word' id='word_1_231' title='bbox 1454 3432 1496 3496; x_wconf 88' lang='lat' dir='ltr'>ad</span> <span class='ocrx_word' id='word_1_232' title='bbox 1518 3450 1623 3516; x_wconf 90' lang='lat' dir='ltr'>quem</span> <span class='ocrx_word' id='word_1_233' title='bbox 1720 3502 1722 3533; x_wconf 57' lang='grc' dir='ltr'>Ι</span> 
     </span>
     <span class='ocr_line' id='line_1_30' title="bbox 496 3537 1621 3625; baseline -0.001 -19"><span class='ocrx_word' id='word_1_234' title='bbox 496 3539 733 3625; x_wconf 83' lang='lat' dir='ltr'>diriganturea,</span> <span class='ocrx_word' id='word_1_235' title='bbox 744 3559 818 3624; x_wconf 88' lang='lat' dir='ltr'>quae</span> <span class='ocrx_word' id='word_1_236' title='bbox 831 3548 947 3606; x_wconf 88' lang='lat' dir='ltr'>tractat</span> <span class='ocrx_word' id='word_1_237' title='bbox 959 3540 1109 3616; x_wconf 89' lang='lat' dir='ltr'>scientia,</span> <span class='ocrx_word' id='word_1_238' title='bbox 1125 3557 1197 3605; x_wconf 90' lang='lat' dir='ltr'>esse</span> <span class='ocrx_word' id='word_1_239' title='bbox 1210 3537 1376 3622; x_wconf 75' lang='lat' dir='ltr'>obiectum</span> <span class='ocrx_word' id='word_1_240' title='bbox 1387 3539 1621 3615; x_wconf 83' lang='lat' dir='ltr'>attributionis,</span> 
     </span>
     <span class='ocr_line' id='line_1_31' title="bbox 496 3645 1623 3732; baseline 0 -19"><span class='ocrx_word' id='word_1_241' title='bbox 496 3648 554 3713; x_wconf 89' lang='lat' dir='ltr'>sed</span> <span class='ocrx_word' id='word_1_242' title='bbox 574 3657 716 3732; x_wconf 90' lang='lat' dir='ltr'>oportet,</span> <span class='ocrx_word' id='word_1_243' title='bbox 738 3656 774 3713; x_wconf 91' lang='lat' dir='ltr'>ut</span> <span class='ocrx_word' id='word_1_244' title='bbox 792 3648 834 3716; x_wconf 90' lang='lat' dir='ltr'>sit</span> <span class='ocrx_word' id='word_1_245' title='bbox 850 3647 925 3713; x_wconf 84' lang='lat' dir='ltr'>finis</span> <span class='ocrx_word' id='word_1_246' title='bbox 942 3647 1148 3714; x_wconf 85' lang='lat' dir='ltr'>intrinsecus.</span> <span class='ocrx_word' id='word_1_247' title='bbox 1172 3645 1281 3721; x_wconf 84' lang='lat' dir='ltr'>Quare</span> <span class='ocrx_word' id='word_1_248' title='bbox 1300 3647 1374 3729; x_wconf 89' lang='lat' dir='ltr'>licet</span> <span class='ocrx_word' id='word_1_249' title='bbox 1393 3665 1456 3731; x_wconf 83' lang='lat' dir='ltr'>pax</span> <span class='ocrx_word' id='word_1_250' title='bbox 1473 3657 1508 3711; x_wconf 91' lang='lat' dir='ltr'>et</span> <span class='ocrx_word' id='word_1_251' title='bbox 1524 3647 1623 3730; x_wconf 85' lang='lat' dir='ltr'>quies</span> 
     </span>
    </p>
   </div>
   <div class='ocr_carea' id='block_1_9' title="bbox 496 3753 1722 4054">
    <p class='ocr_par' dir='ltr' id='par_1_11' title="bbox 496 3753 1722 4054">
     <span class='ocr_line' id='line_1_32' title="bbox 496 3753 1722 3853; baseline -0.003 -31"><span class='ocrx_word' id='word_1_252' title='bbox 496 3755 692 3839; x_wconf 80' lang='lat' dir='ltr'>Reipublicae</span> <span class='ocrx_word' id='word_1_253' title='bbox 710 3755 751 3822; x_wconf 89' lang='lat' dir='ltr'>sit</span> <span class='ocrx_word' id='word_1_254' title='bbox 770 3755 845 3822; x_wconf 80' lang='lat' dir='ltr'>finis</span> <span class='ocrx_word' id='word_1_255' title='bbox 870 3755 948 3821; x_wconf 88' lang='lat' dir='ltr'>artis</span> <span class='ocrx_word' id='word_1_256' title='bbox 967 3755 1131 3832; x_wconf 87' lang='lat' dir='ltr'>militaris,</span> <span class='ocrx_word' id='word_1_257' title='bbox 1154 3765 1187 3820; x_wconf 88' lang='lat' dir='ltr'>et</span> <span class='ocrx_word' id='word_1_258' title='bbox 1210 3753 1286 3822; x_wconf 89' lang='lat' dir='ltr'>artis</span> <span class='ocrx_word' id='word_1_259' title='bbox 1313 3753 1454 3839; x_wconf 84' lang='lat' dir='ltr'>pictoriae</span> <span class='ocrx_word' id='word_1_260' title='bbox 1477 3755 1624 3820; x_wconf 87' lang='lat' dir='ltr'>oblecta-</span> <span class='ocrx_word' id='word_1_261' title='bbox 1720 3838 1722 3853; x_wconf 40' lang='grc' dir='ltr'>Ι</span> 
     </span>
     <span class='ocr_line' id='line_1_33' title="bbox 496 3861 1621 3947; baseline 0.001 -20"><span class='ocrx_word' id='word_1_262' title='bbox 496 3872 645 3929; x_wconf 87' lang='lat' dir='ltr'>mentum</span> <span class='ocrx_word' id='word_1_263' title='bbox 666 3863 772 3938; x_wconf 89' lang='lat' dir='ltr'>visus,</span> <span class='ocrx_word' id='word_1_264' title='bbox 794 3875 827 3930; x_wconf 91' lang='lat' dir='ltr'>et</span> <span class='ocrx_word' id='word_1_265' title='bbox 846 3862 972 3947; x_wconf 80' lang='lat' dir='ltr'>logicae</span> <span class='ocrx_word' id='word_1_266' title='bbox 991 3861 1161 3946; x_wconf 86' lang='lat' dir='ltr'>acquisitio</span> <span class='ocrx_word' id='word_1_267' title='bbox 1178 3862 1314 3928; x_wconf 87' lang='lat' dir='ltr'>aliarum</span> <span class='ocrx_word' id='word_1_268' title='bbox 1335 3861 1566 3945; x_wconf 88' lang='lat' dir='ltr'>scientiarum;</span> <span class='ocrx_word' id='word_1_269' title='bbox 1586 3872 1621 3928; x_wconf 83' lang='lat' dir='ltr'>at</span> 
     </span>
     <span class='ocr_line' id='line_1_34' title="bbox 496 3969 1635 4054; baseline -0.001 -17"><span class='ocrx_word' id='word_1_270' title='bbox 496 3969 572 4052; x_wconf 87' lang='lat' dir='ltr'>quia</span> <span class='ocrx_word' id='word_1_271' title='bbox 591 3970 623 4035; x_wconf 90' lang='lat' dir='ltr'>hi</span> <span class='ocrx_word' id='word_1_272' title='bbox 642 3980 719 4037; x_wconf 88' lang='lat' dir='ltr'>sunt</span> <span class='ocrx_word' id='word_1_273' title='bbox 732 3970 816 4036; x_wconf 79' lang='lat' dir='ltr'>fines</span> <span class='ocrx_word' id='word_1_274' title='bbox 830 3971 1014 4046; x_wconf 87' lang='lat' dir='ltr'>extrinseci,</span> <span class='ocrx_word' id='word_1_275' title='bbox 1029 3989 1095 4036; x_wconf 93' lang='lat' dir='ltr'>non</span> <span class='ocrx_word' id='word_1_276' title='bbox 1110 3981 1188 4036; x_wconf 90' lang='lat' dir='ltr'>sunt</span> <span class='ocrx_word' id='word_1_277' title='bbox 1206 3971 1373 4054; x_wconf 83' lang='lat' dir='ltr'>objectum</span> <span class='ocrx_word' id='word_1_278' title='bbox 1384 3969 1635 4036; x_wconf 78' lang='lat' dir='ltr'>attributionis·</span> 
     </span>
    </p>
   </div>
   <div class='ocr_carea' id='block_1_10' title="bbox 563 4077 1722 4162">
    <p class='ocr_par' dir='ltr' id='par_1_12' title="bbox 563 4077 1722 4162">
     <span class='ocr_line' id='line_1_35' title="bbox 563 4077 1722 4162; baseline 0.002 -20"><span class='ocrx_word' id='word_1_279' title='bbox 563 4078 729 4144; x_wconf 83' lang='lat' dir='ltr'>Caeterum</span> <span class='ocrx_word' id='word_1_280' title='bbox 749 4078 775 4144; x_wconf 93' lang='lat' dir='ltr'>si</span> <span class='ocrx_word' id='word_1_281' title='bbox 796 4079 961 4162; x_wconf 86' lang='lat' dir='ltr'>objectum</span> <span class='ocrx_word' id='word_1_282' title='bbox 988 4077 1208 4144; x_wconf 89' lang='lat' dir='ltr'>attributionis</span> <span class='ocrx_word' id='word_1_283' title='bbox 1233 4079 1343 4162; x_wconf 85' lang='lat' dir='ltr'>plures</span> <span class='ocrx_word' id='word_1_284' title='bbox 1361 4077 1621 4160; x_wconf 84' lang='lat' dir='ltr'>comprehendat</span> <span class='ocrx_word' id='word_1_285' title='bbox 1720 4082 1722 4131; x_wconf 70' lang='lat' dir='ltr'>i</span> 
     </span>
    </p>
   </div>
   <div class='ocr_carea' id='block_1_11' title="bbox 487 4168 1722 4485">
    <p class='ocr_par' dir='ltr' id='par_1_13' title="bbox 487 4168 1722 4485">
     <span class='ocr_line' id='line_1_36' title="bbox 495 4168 1722 4271; baseline -0.002 -19"><span class='ocrx_word' id='word_1_286' title='bbox 495 4197 618 4270; x_wconf 77' lang='lat' dir='ltr'>partes,</span> <span class='ocrx_word' id='word_1_287' title='bbox 647 4186 719 4261; x_wconf 79' lang='lat' dir='ltr'>nra,</span> <span class='ocrx_word' id='word_1_288' title='bbox 740 4203 815 4268; x_wconf 83' lang='lat' dir='ltr'>quae</span> <span class='ocrx_word' id='word_1_289' title='bbox 849 4185 987 4250; x_wconf 70' lang='lat' dir='ltr'>nonno</span> <span class='ocrx_word' id='word_1_290' title='bbox 1010 4194 1061 4251; x_wconf 73' lang='lat' dir='ltr'>est</span> <span class='ocrx_word' id='word_1_291' title='bbox 1099 4193 1155 4250; x_wconf 81' lang='lat' dir='ltr'>aut</span> <span class='ocrx_word' id='word_1_292' title='bbox 1184 4185 1265 4252; x_wconf 74' lang='lat' dir='ltr'>scitu</span> <span class='ocrx_word' id='word_1_293' title='bbox 1294 4185 1440 4268; x_wconf 77' lang='lat' dir='ltr'>dignior,</span> <span class='ocrx_word' id='word_1_294' title='bbox 1467 4185 1620 4271; x_wconf 59' lang='lat' dir='ltr'>marm</span> <span class='ocrx_word' id='word_1_295' title='bbox 1720 4168 1722 4219; x_wconf 75' lang='lat'>³</span> 
     </span>
     <span class='ocr_line' id='line_1_37' title="bbox 487 4291 1619 4378; baseline 0.004 -22"><span class='ocrx_word' id='word_1_296' title='bbox 487 4292 739 4374; x_wconf 71' lang='lat' dir='ltr'>principalitatis</span> <span class='ocrx_word' id='word_1_297' title='bbox 758 4305 908 4360; x_wconf 89' lang='lat' dir='ltr'>vocatur:</span> <span class='ocrx_word' id='word_1_298' title='bbox 926 4293 1011 4358; x_wconf 89' lang='lat' dir='ltr'>utin</span> <span class='ocrx_word' id='word_1_299' title='bbox 1023 4291 1243 4378; x_wconf 83' lang='lat' dir='ltr'>Metaphysica</span> <span class='ocrx_word' id='word_1_300' title='bbox 1260 4291 1365 4366; x_wconf 82' lang='lat' dir='ltr'>Deus,</span> <span class='ocrx_word' id='word_1_301' title='bbox 1384 4304 1417 4359; x_wconf 87' lang='lat' dir='ltr'>et</span> <span class='ocrx_word' id='word_1_302' title='bbox 1431 4293 1465 4358; x_wconf 93' lang='lat' dir='ltr'>in</span> <span class='ocrx_word' id='word_1_303' title='bbox 1480 4293 1619 4378; x_wconf 82' lang='lat' dir='ltr'>Physica</span> 
     </span>
     <span class='ocr_line' id='line_1_38' title="bbox 492 4399 1038 4485; baseline 0.005 -20"><span class='ocrx_word' id='word_1_304' title='bbox 492 4415 552 4465; x_wconf 84' lang='lat' dir='ltr'>seu</span> <span class='ocrx_word' id='word_1_305' title='bbox 567 4399 701 4465; x_wconf 88' lang='lat' dir='ltr'>naturali</span> <span class='ocrx_word' id='word_1_306' title='bbox 717 4399 925 4485; x_wconf 84' lang='lat' dir='ltr'>Philosophia</span> <span class='ocrx_word' id='word_1_307' title='bbox 939 4400 1038 4468; x_wconf 77' lang='lat' dir='ltr'>honio.</span> 
     </span>
    </p>
   </div>
   <div class='ocr_carea' id='block_1_12' title="bbox 524 4647 1207 4813">
    <p class='ocr_par' dir='ltr' id='par_1_14' title="bbox 524 4647 1207 4813">
     <span class='ocr_line' id='line_1_39' title="bbox 526 4647 1207 4720; baseline -0.001 -13"><span class='ocrx_word' id='word_1_308' title='bbox 526 4655 567 4716; x_wconf 83' lang='lat'>(1)</span> <span class='ocrx_word' id='word_1_309' title='bbox 604 4649 667 4712; x_wconf 85' lang='lat' dir='ltr'>Cir.</span> <span class='ocrx_word' id='word_1_310' title='bbox 684 4648 823 4718; x_wconf 72' lang='lat' dir='ltr'>Leueade,</span> <span class='ocrx_word' id='word_1_311' title='bbox 839 4647 892 4708; x_wconf 83' lang='lat' dir='ltr'>loc.</span> <span class='ocrx_word' id='word_1_312' title='bbox 908 4647 958 4708; x_wconf 86' lang='lat' dir='ltr'>cit.</span> <span class='ocrx_word' id='word_1_313' title='bbox 972 4669 1036 4720; x_wconf 77' lang='lat' dir='ltr'>opp.</span> <span class='ocrx_word' id='word_1_314' title='bbox 1055 4669 1076 4715; x_wconf 86' lang='lat' dir='ltr'>r,</span> <span class='ocrx_word' id='word_1_315' title='bbox 1093 4667 1123 4706; x_wconf 92' lang='lat' dir='ltr'>n.</span> <span class='ocrx_word' id='word_1_316' title='bbox 1141 4666 1167 4720; x_wconf 76' lang='grc' dir='ltr'>ς,</span> <span class='ocrx_word' id='word_1_317' title='bbox 1179 4648 1207 4706; x_wconf 86' lang='grc'>8.</span> 
     </span>
     <span class='ocr_line' id='line_1_40' title="bbox 524 4737 1077 4813; baseline -0.018 -6"><span class='ocrx_word' id='word_1_318' title='bbox 524 4744 565 4806; x_wconf 83' lang='lat' dir='ltr'>(a)</span> <span class='ocrx_word' id='word_1_319' title='bbox 603 4737 734 4801; x_wconf 83' lang='lat' dir='ltr'>Lossade</span> <span class='ocrx_word' id='word_1_320' title='bbox 745 4739 799 4801; x_wconf 87' lang='lat' dir='ltr'>loc.</span> <span class='ocrx_word' id='word_1_321' title='bbox 815 4738 865 4799; x_wconf 86' lang='lat' dir='ltr'>cit.</span> <span class='ocrx_word' id='word_1_322' title='bbox 880 4759 944 4812; x_wconf 86' lang='lat' dir='ltr'>eap.</span> <span class='ocrx_word' id='word_1_323' title='bbox 960 4759 988 4812; x_wconf 86' lang='lat'>9,</span> <span class='ocrx_word' id='word_1_324' title='bbox 1005 4758 1034 4799; x_wconf 88' lang='lat' dir='ltr'>n.</span> <span class='ocrx_word' id='word_1_325' title='bbox 1048 4757 1077 4813; x_wconf 88' lang='lat'>4.</span> 
     </span>
    </p>
   </div>
   <div class='ocr_carea' id='block_1_13' title="bbox 0 0 1750 5525">
    <p class='ocr_par' dir='ltr' id='par_1_15' title="bbox 0 0 1750 5525">
     <span class='ocr_line' id='line_1_41' title="bbox 0 0 1750 5525; baseline 0 6"><span class='ocrx_word' id='word_1_326' title='bbox 0 0 1750 5525; x_wconf 95' lang='lat' dir='ltr'> </span> 
     </span>
    </p>
   </div>
  </div>
 </body>
</html>
