3492 5525
306 434 422 500 Anarc.
446 450 506 518 3³¹⁸
528 426 762 501 Surcoersuus
784 452 1028 503 arminericus
1132 451 1189 522 353

104 634 169 683 aa.
198 614 361 691 Quamvis
386 616 476 683 enim
504 619 691 703 copulativa
717 618 897 703 propositio
924 618 1030 703 possit
1059 635 1132 683 esse
1161 617 1231 683 sive

104 723 302 789 affirmativa
317 726 388 791 sive
406 726 572 811 negativa,
589 734 623 792 at
636 726 819 812 syllogismi
833 728 876 793 de
890 726 1114 812 propositione
1132 742 1232 808 copu-

105 832 205 899 lativa
232 832 435 899 affirmantes
462 834 594 900 inutiles
622 853 756 918 prorsus
780 843 859 911 sunt
888 834 930 901 ad
957 833 1125 919 quidpiam
1154 830 1230 900 novi

106 938 400 1007 manifestandum.
420 940 467 1007 Ex
485 959 525 1006 eo
548 941 637 1006 enim
657 961 690 1006 v.
715 962 751 1027 g.
775 943 868 1026 quod
885 960 1002 1007 verum
1024 942 1084 1017 sit,
1104 942 1233 1007 Petrum

103 1064 234 1113 currere
251 1046 285 1111 et
296 1048 434 1113 Paulum
452 1049 605 1125 domuire,
633 1048 730 1132 quid,
750 1067 883 1132 quaeso,
911 1048 987 1115 novi
1007 1049 1128 1125 disces,
1149 1066 1232 1131 quo-

105 1154 289 1220 modolibet
308 1154 453 1238 perficias
464 1154 714 1243 syllogismum?
729 1156 839 1241 ltaque
855 1156 964 1243 Logici
978 1174 1054 1222 cum
1070 1154 1111 1221 de
1129 1172 1232 1239 copu-

106 1261 207 1328 lativo
217 1262 411 1347 syllogismo
421 1272 540 1348 agunt,
556 1264 648 1330 illum
659 1264 767 1331 solum
777 1264 1003 1339 considerant,
1019 1265 1114 1350 cujus
1129 1263 1232 1349 Major

104 1379 157 1435 est
174 1371 359 1453 copulativa
378 1389 516 1456 negans.

174 1476 235 1542 llic
254 1496 350 1562 porro
368 1497 468 1545 unam
486 1480 658 1565 dumtaxat
686 1479 784 1547 habet
800 1478 950 1564 liguram
976 1481 1157 1545 formamve
1186 1495 1233 1542 ar·
1268 1510 1342 1559 Um,
1355 1512 1422 1561 gg„

105 1584 247 1669 guendi,
268 1585 382 1669 inqua
400 1586 554 1653 nimirum
574 1606 615 1653 ex
634 1588 855 1672 propositione
871 1588 923 1653 vel
942 1586 1233 1659 assertione.unius
1294 1586 1395 1641 amm.

106 1692 251 1759 membri
266 1694 470 1760 concluditur
487 1694 619 1791 alterius
636 1696 793 1771 exclusio,
809 1695 894 1761 utin
908 1696 1005 1761 allato
1019 1694 1183 1778 exemplo.

173 1801 270 1866 Ratio
287 1810 400 1903 autem
418 1802 682 1869 manifestissima
699 1804 770 1868 lraec
788 1802 910 1886 petitur
928 1821 971 1867 ex
989 1802 1097 1868 indole
1111 1818 1232 1885 propo·

104 1904 236 1973 sitionis
252 1909 447 1993 copulativae
463 1910 631 1995 negantis,
652 1911 746 1994 cujus
766 1909 916 1975 membra
933 1928 970 1974 se
988 1910 1111 1976 habent
1127 1906 1229 1973 instar

105 2014 247 2081 duarum
268 2016 530 2101 propositionum
553 2018 807 2094 contrariarum,
840 2035 982 2101 quarum
1002 2016 1138 2102 proinde
1166 2014 1229 2101 legi

104 2122 289 2208 subjacent.
321 2123 411 2191 Sicut
431 2144 512 2209 ergo
535 2125 611 2192 duae
634 2124 804 2192 contrariae
829 2142 915 2190 verae
943 2143 1013 2191 esse
1042 2133 1226 2207 nequeunt,

104 2231 150 2297 ita
176 2250 239 2297 nec
259 2230 359 2297 simul
376 2241 461 2298 stare
486 2234 554 2299 duo
580 2233 729 2299 membra
746 2233 964 2318 conjunctivae
983 2230 1226 2317 propositionis:

104 2356 237 2422 quarea
248 2338 409 2423 positione
420 2340 518 2407 unius
528 2350 613 2407 recte
623 2342 770 2426 arguitur
784 2340 825 2405 ad
843 2340 975 2409 alterius
989 2340 1226 2405 exclusionem.

174 2444 299 2529 Nequit
334 2455 445 2513 autem
472 2466 515 2513 ex
544 2448 643 2515 unius
669 2447 809 2513 membri
843 2448 1031 2515 exclusione
1067 2446 1157 2531 argui
1188 2446 1230 2511 ad

104 2552 306 2639 positionem
319 2555 468 2631 alterius,
483 2556 560 2639 quia
579 2556 664 2622 sicut
679 2574 747 2621 non
772 2566 934 2640 repugnat
955 2556 1037 2621 duas
1052 2554 1230 2619 contrarias

103 2661 346 2747 propositiones
364 2664 460 2728 falsas
484 2682 573 2741 esse,
599 2664 646 2728 ita
669 2662 767 2729 etiam
793 2672 904 2747 potest
926 2664 1033 2728 lallere
1051 2668 1229 2744 utrumque

104 2770 295 2836 membrum
313 2771 507 2855 copulative
526 2771 688 2857 negantis.
709 2773 756 2837 lta
772 2772 805 2837 in
824 2773 920 2839 allato
940 2772 1109 2856 exemplo,
1129 2789 1172 2837 ex
1189 2789 1229 2835 eo

102 2879 199 2963 quod
216 2879 331 2944 Petrus
350 2898 416 2944 non
434 2881 554 2972 serviat
572 2880 657 2956 Deo,
679 2898 745 2945 non
765 2891 850 2946 recte
868 2879 988 2946 interes
1000 2878 1093 2944 illum
1109 2877 1229 2944 servire

104 3005 328 3068 mammonae3
348 2986 426 3070 quia
441 2987 509 3051 steri
524 2995 648 3072 potest,
676 2996 713 3054 ut
732 2988 838 3054 neutri
857 2988 994 3063 serviat,
1015 2987 1074 3054 sed
1093 2985 1230 3053 luxuriae

10 3148 11 3151 ,
103 3096 157 3160 vel
177 3094 268 3160 alteri
287 3092 366 3161 vitio
380 3094 561 3180 indulgeat.
608 3163 611 3168 ,

174 3201 266 3267 Patet
290 3219 387 3286 porro
413 3222 513 3269 unam
541 3203 626 3268 hanc
643 3203 843 3288 conjunctivi
869 3201 1053 3290 syllogismi
1072 3202 1228 3287 figuram,
1303 3235 1390 3294 my„

103 3310 261 3376 trifariam
280 3309 393 3376 variari
408 3327 516 3394 posse:
531 3308 566 3397 α)
584 3312 731 3394 primosi
750 3322 930 3395 utrumque
943 3311 1130 3378 membrum
1148 3309 1231 3376 allis·
1255 3310 1348 3356 wicta·
1363 3310 1431 3366 huin·

105 3429 190 3485 mat:
206 3415 243 3504 β)
252 3419 399 3484 secundo
418 3417 445 3484 si
458 3427 636 3502 utrumque
653 3426 762 3504 negat:
775 3419 813 3511 γ)
828 3419 924 3485 tertio
943 3421 970 3486 si
986 3419 1125 3486 alterum
1144 3419 1230 3484 afflr-
1304 3380 1388 3435 ΕΜ

104 3534 190 3602 mat,
204 3526 343 3592 alterum
356 3537 467 3611 negat.
480 3527 674 3612 Exemplum
688 3527 794 3612 primi.
806 3526 881 3594 Noa
893 3530 925 3592 et
934 3528 1076 3594 Soram
1088 3528 1230 3593 deambu·

102 3636 154 3698 lat
166 3636 201 3699 et
214 3635 312 3698 sedet.
322 3634 388 3700 Sea
398 3635 587 3702 manrbulat.
603 3637 686 3718 Ergo
695 3638 862 3716 nonsedet;
877 3637 940 3702 vel:
954 3637 1056 3702 Sedet.
1073 3637 1152 3719 Ergo
1166 3651 1230 3700 non

101 3741 296 3806 deambulat:
314 3740 509 3824 Exemplum
531 3742 677 3808 secundi:
698 3742 771 3810 Non
788 3747 820 3809 et
833 3744 976 3810 Socrates
990 3761 1054 3809 non
1071 3742 1189 3809 dormit
1201 3745 1233 3808 et

102 3868 170 3914 non
188 3847 314 3931 vigilat.
332 3849 396 3915 Sed
405 3867 470 3914 aon
483 3850 610 3916 dormit.
625 3852 705 3934 Ergo
717 3850 839 3934 vigilat,
852 3853 915 3917 vel:
929 3850 1002 3918 Non
1014 3851 1134 3934 vigilat.
1151 3853 1231 3934 Ergo

100 3954 234 4020 dormit.
254 3955 450 4040 Exemplum
473 3957 570 4023 tertii:
591 3955 665 4024 Nou
681 3962 712 4023 et
726 3958 869 4024 Socrates
890 3959 1084 4035 deambulat,
1111 3962 1143 4023 el
1165 3976 1229 4022 non

101 4067 261 4130 movetur.
291 4064 356 4130 Sed
378 4083 442 4130 non
464 4067 615 4130 movetur.
645 4065 728 4149 Ergo
754 4086 818 4133 nou
843 4069 1039 4149 deambulat;
1071 4068 1135 4132 ael:
1167 4066 1232 4132 Sed

101 4171 297 4238 deambulat.
317 4167 395 4254 Ergo
407 4178 559 4240 movetur.

153 4275 233 4346 166.
279 4277 327 4344 De
353 4280 553 4365 syllogismis
573 4282 757 4350 causalibus
776 4285 864 4349 nulla
882 4283 1020 4350 occurrit
1042 4281 1229 4348 difficultas.

102 4389 178 4456 Alia
196 4405 277 4455 vero
303 4388 347 4455 de
371 4388 592 4475 hypotheticis
623 4391 823 4479 syllogismis
850 4392 1030 4460 difficiliora
1055 4391 1232 4472 minusque

103 4495 289 4565 neeessarta
306 4493 408 4562 videri
430 4505 572 4581 possunt
588 4497 676 4583 apud
691 4497 885 4572 Severinum
905 4499 1079 4568 Boethium
1096 4495 1164 4585 (r).

102 4669 377 4689 ...nn—nt*—

135 4735 182 4801 (1)
219 4729 290 4792 Lib.
300 4730 339 4791 de
349 4728 522 4805 Syltogrirm.
535 4730 682 4806 bypatlret.
697 4744 728 4792 et
739 4733 790 4795 lib.
807 4751 834 4806 ς,
847 4733 883 4792 Iu
901 4731 1011 4806 Topica
1024 4728 1185 4790 Ciceronis.

1153 4841 1189 4905 ²3
