3492 5525
317 471 435 534 Anne.
460 486 520 553 pu·
540 466 592 534 De
612 467 773 533 Exempto
797 487 838 532 er
858 470 1034 533 Auauoom
1135 467 1193 550 369

478 739 778 816 ARTICULUS
799 740 865 812 ΙΙΙ.

288 889 360 956 De
383 891 723 974 Exomp10,ubi
746 890 804 954 de
825 887 1056 981 Analogia.

161 1083 234 1150 175.
282 1067 476 1152 Exemplum
495 1080 544 1136 est
563 1019 819 1153 argumentatio,
834 1085 902 1150 qua
918 1086 960 1132 ex
978 1085 1045 1132 uno
1065 1067 1117 1130 vel
1137 1065 1235 1150 pluri·
1353 1095 1357 1104 ·

108 1171 173 1237 bus
186 1172 405 1258 singularibus
420 1176 507 1243 aliud
522 1175 685 1262 singulare
699 1174 873 1260 colligitur,
891 1194 928 1243 v.
945 1192 994 1260 g.:
1012 1174 1122 1239 Davc'd
1129 1174 1236 1255 poeni·
1288 1186 1405 1241 nelnrm.

108 1283 178 1344 tens
187 1282 344 1348 oeniama
358 1283 425 1348 Deo
438 1281 625 1365 impetrauit.
642 1283 702 1366 530
713 1301 844 1368 quoquc,
860 1282 892 1346 si
898 1282 1117 1364 poenitcntiom
1128 1299 1231 1365 egero,

107 1386 257 1453 similiter
272 1390 396 1456 veniam
414 1391 591 1474 impetrabo.
612 1391 758 1460 Salomon
776 1409 840 1456 non
862 1389 987 1459 invenit
994 1389 1180 1473 felicitatem
1197 1389 1233 1454 in

103 1496 257 1576 porentia,
267 1497 388 1562 divitiis
396 1517 433 1563 ac
440 1499 645 1586 uoluptatibus
653 1499 746 1586 hujus
754 1499 837 1564 uite.
847 1499 926 1582 Ergo
935 1516 1030 1582 neque
1037 1499 1073 1562 tu
1082 1497 1232 1562 invenies.

178 1603 388 1687 Quamquam
409 1624 505 1691 porro
525 1609 717 1691 plerumque
738 1627 757 1670 a
775 1606 859 1671 veris
879 1605 1097 1691 singularibus
1121 1607 1236 1691 singu·

111 1709 189 1775 laria
202 1711 376 1794 concludat
395 1716 600 1798 exemplum;
618 1713 829 1780 nihilominus
845 1723 953 1798 potest
972 1731 1107 1797 quoque
1124 1712 1233 1798 colligi

112 1836 178 1884 una
197 1819 323 1902 species
340 1821 382 1886 ab
400 1821 478 1897 alia,
495 1824 545 1888 vel
565 1823 605 1887 ab
625 1841 692 1899 uno
705 1841 825 1907 genere
839 1822 926 1887 aliud
940 1839 1064 1906 genus,
1081 1822 1235 1887 dummo-

110 1925 156 1990 do
176 1944 243 1992 non
260 1927 325 1992 sint
342 1929 444 2013 logice
463 1930 611 1996 interiora
624 1931 766 1997 invicem
781 1923 832 1996 vel
851 1929 1031 2016 superiora.
1085 1978 1090 1990 .

181 2033 262 2100 llinc
277 2037 368 2102 vides
382 2035 597 2104 differentiam
613 2038 754 2123 exempli
768 2058 787 2102 a
805 2038 998 2125 syllogismo
1012 2049 1045 2105 et
1062 2037 1235 2124 enthyme-

111 2149 201 2206 mate
218 2152 317 2226 atque
341 2143 541 2210 inductione.
562 2145 782 2232 syllogismus
799 2145 887 2210 enim
915 2154 947 2210 et
965 2147 1180 2232 enthymema
1193 2164 1234 2211 ex

111 2249 335 2316 universaliori
362 2251 859 2338 minusuniversaleinlerun13
884 2251 1031 2318 inductio
1053 2262 1164 2318 autem
1191 2272 1235 2318 ex

111 2357 332 2442 singularibus
356 2361 407 2424 vel
433 2361 542 2427 minus
566 2360 804 2426 universalibus
828 2359 1045 2426 universalius
1063 2360 1232 2442 quiddam,

111 2475 146 2530 et
160 2467 349 2550 exemplum
365 2486 406 2532 ex
417 2486 485 2534 uno
503 2469 659 2553 singulari
674 2469 760 2534 aliud
779 2469 944 2553 singulare
958 2468 1135 2538 concludit.

183 2571 346 2640 Caeterum
372 2578 562 2660 exemplum
590 2575 663 2641 duci
695 2585 804 2660 potest
827 2593 893 2640 non
921 2577 1029 2642 solum
1058 2593 1236 2640 arcuere

111 2690 206 2767 gesta
221 2681 279 2747 sed
299 2681 396 2747 etiam
418 2683 459 2749 ab
482 2682 617 2750 historia
638 2682 746 2768 aliqua
763 2683 923 2759 conficta,
943 2685 995 2749 vel
1015 2681 1166 2767 parabola
1184 2683 1236 2748 vel

111 2790 257 2874 apologo
282 2808 341 2857 seu
367 2792 487 2859 tabula.
513 2792 654 2877 Apologi
677 2803 711 2860 et
734 2791 894 2877 parabolae
913 2790 1139 2877 pulcherrimae
1159 2809 1238 2874 sup—

112 2904 232 2980 petunt
255 2894 287 2962 in
311 2898 410 2965 sacris
428 2896 555 2966 Litteris
577 2908 649 2965 tum
674 2900 706 2965 in
725 2898 848 2976 Veteri,
869 2907 942 2964 tum
967 2899 999 2965 in
1019 2916 1108 2966 novo
1126 2898 1238 2964 Testa·

112 3012 228 3069 mento
247 3001 310 3092 (1).
328 3004 466 3090 Semper
480 3015 590 3072 autem
607 3006 658 3073 vis
672 3004 830 3090 probandi
849 3005 962 3072 nititur
975 3004 1008 3071 in
1023 3004 1237 3073 similitudine

112 3111 167 3175 vel
186 3110 320 3194 paritate
335 3114 420 3179 inter
437 3115 634 3180 antecedens
652 3121 686 3179 et
703 3131 922 3197 consequens.

182 3218 234 3283 Ad
257 3222 446 3304 exemplum
465 3239 598 3305 quoque
617 3220 757 3288 revocari
778 3231 919 3305 possunt
936 3222 1238 3307 argumentationes

111 3345 132 3389 a
152 3326 252 3391 simili
267 3328 318 3392 vel
337 3329 458 3411 aperi,
479 3348 498 3393 a
515 3330 629 3417 naajori
646 3330 690 3395 ad
706 3329 826 3404 minus,
849 3339 882 3395 et
899 3348 920 3394 a
937 3328 1055 3405 minori
1071 3332 1117 3394 ad
1133 3350 1237 3417 nzayus

112 3450 174 3498 seu
192 3453 213 3499 a
222 3432 370 3518 fortiori,
390 3454 529 3520 quarum
546 3438 680 3521 pulchra
698 3436 797 3503 habes
820 3436 972 3521 exempla
1002 3436 1035 3502 in
1058 3437 1236 3523 Evangelio

112 3540 147 3605 S.
171 3540 303 3608 Matthei
322 3539 391 3630 (2);
409 3545 460 3610 vel
480 3525 578 3609 etiam
597 3564 618 3609 a
635 3544 805 3610 contrario.

183 3648 266 3721 Quae
282 3668 360 3715 cum
380 3649 424 3716 ita
442 3652 509 3717 sint
531 3660 617 3717 recte
635 3671 654 3715 a
679 3652 791 3718 boetio
810 3648 863 3739 (3)
890 3650 1025 3736 aliisque
1044 3651 1162 3718 dicitur
1181 3672 1238 3719 en·
1264 3693 1291 3723 a

1322 3440 1383 3509 lilla

1304 3620 1354 3664 que

1290 3678 1389 3733 emplum
1398 3691 1437 3722 re·

112 3758 285 3841 thymema
302 3766 336 3822 et
353 3761 543 3843 exemplum
563 3759 760 3842 respondere
779 3758 972 3844 syllogismo
992 3768 1023 3825 et
1041 3760 1235 3842 inductioni;
1297 3754 1410 3793 mm·

111 3864 192 3948 quia
210 3864 293 3931 sicut
307 3866 521 3952 enthymema
533 3877 583 3933 est
594 3866 812 3953 ¹syllogismus
823 3866 1052 3951 imperfectus,
1070 3868 1114 3933 ita
1127 3887 1240 3934 exem·

114 3973 208 4057 plum
236 3981 286 4038 est
304 3971 451 4039 inductio
469 3975 675 4059 imperiecta3
696 3981 729 4038 et
751 3974 835 4039 sicut
853 3974 1067 4059 syllogismus
1085 3986 1118 4043 et
1145 3975 1240 4042 indu-

112 4080 181 4145 ctio
199 4080 400 4164 trequentius
413 4090 615 4164 usurpantur
634 4100 652 4147 a
671 4078 870 4157 Dialecticis,
899 4082 945 4148 sic
970 4083 1187 4170 enthymema
1205 4092 1239 4150 et

111 4189 306 4271 exemplum
333 4188 375 4254 ab
400 4187 594 4257 oratoribus.
620 4186 707 4258 Ouia
734 4206 938 4272 quamquam
964 4191 1181 4278 enthymema
1206 4200 1240 4257 et

150 4406 192 4471 (t)
229 4401 304 4461 Vide
326 4424 353 4461 v.
380 4422 410 4477 g.
435 4402 617 4475 parabolam,
645 4420 705 4473 qua
727 4399 846 4460 Nathan
871 4402 1018 4475 Propheta
1042 4423 1115 4463 usus
1136 4418 1182 4463 est
1203 4404 1241 4463 ad

112 4492 210 4552 David
222 4511 321 4566 regem
336 4492 411 4559 (Lib.
426 4493 526 4565 aReg.
541 4512 604 4563 cap.
620 4500 673 4561 ιι),
686 4503 717 4549 et
728 4490 824 4560 sliam,
837 4510 926 4563 quam
935 4491 1078 4561 jonathas
1089 4495 1242 4569 proposiut

111 4582 286 4643 Sichemitis
300 4582 331 4641 in
344 4581 420 4641 libro
427 4581 585 4654 laticum,
600 4600 662 4652 cap.
678 4602 707 4654 9.

147 4672 191 4744 (a)
228 4672 304 4743 Cap.
319 4672 337 4729 6
350 4684 380 4730 et
396 4690 436 4731 ro.
453 4670 516 4729 Cir.
535 4678 572 4729 r.·
586 4669 669 4742 epist.
686 4671 722 4729 ad
738 4669 876 4731 Corinth.
892 4686 955 4745 cap.
971 4693 1007 4746 9,
1027 4692 1056 4732 v.
1070 4694 1098 4747 7.

148 4767 190 4837 (3)
227 4761 273 4821 De
285 4762 469 4833 Differentiis
482 4761 590 4835 topicis
601 4760 652 4820 lib.
667 4780 696 4831 a,
708 4780 771 4833 cap.
792 4780 813 4818 r.

1142 4882 1180 4948 ²4
