3492 5525
554 459 613 523 abb
725 462 870 527 Locren
890 460 1138 535 Minoa-Due,
1162 476 1206 524 2.·
1228 462 1307 527 Cae.
1332 470 1403 526 anm

1264 565 1635 583 —a———ffl

514 647 668 733 particula
685 646 927 722 conditionalis,
943 656 977 713 et
994 668 1013 713 a
1027 666 1093 732 qua
1111 647 1275 732 dependet
1293 648 1408 723 altera,
1428 611 1636 730 consequens

514 775 592 822 vero
609 767 660 822 est
679 754 743 832 illa,
762 773 837 841 quae
856 756 1020 840 dependet
1035 775 1054 820 a
1072 754 1190 841 prima.

581 862 817 930 Conditionalis
840 882 920 949 ergo
935 881 1045 947 neque
1062 863 1285 931 conditionem
1306 882 1413 948 neque
1436 862 1637 929 conditiona-

512 979 585 1036 tum
605 970 746 1038 affirmat
763 979 820 1038 aut
839 979 939 1056 negat
961 972 1129 1048 absolute,
1150 972 1207 1039 sed
1226 974 1438 1049 solummodo
1462 990 1583 1037 nexum
1605 978 1637 1035 et
1725 984 1726 1067 ᾗ

512 1080 777 1145 consecutionem
796 1079 881 1145 inter
901 1080 953 1145 illa
973 1078 1157 1165 vigentem:
1181 1080 1268 1146 unde
1288 1080 1431 1146 manavit
1449 1079 1528 1145 illud
1544 1077 1638 1165 Logi—
1725 1146 1726 1149 ,

388 1229 447 1257 sum
512 1205 626 1254 corum
647 1188 800 1253 effatum:
823 1186 970 1252 Conditio
988 1188 1069 1253 nibil
1082 1190 1174 1270 ponit
1190 1188 1223 1253 ln
1237 1206 1317 1264 esse,
1338 1189 1431 1272 cujus
1445 1205 1561 1253 sensus
1573 1198 1635 1263 est,
1725 1200 1726 1209 ³

334 1372 347 1399 ο
378 1285 476 1399 222¹,
512 1295 553 1360 ad
573 1293 742 1374 veritatem
767 1295 995 1361 conditionalis
1023 1294 1160 1361 ‘minime
1189 1296 1308 1379 requiri
1336 1294 1520 1361 absolutam
1541 1296 1638 1362 ullius
1725 1366 1726 1373 ἶ

350 1441 372 1469 m
393 1427 475 1469 rm...
513 1404 612 1489 partis
631 1403 836 1469 existentiam
857 1423 893 1469 ac
913 1402 1097 1471 veritatem.
1119 1404 1201 1477 Quae
1219 1421 1318 1469 causa
1337 1414 1404 1481 est,
1425 1422 1485 1469 cur
1498 1422 1539 1469 ex
1559 1422 1639 1470 con·
1725 1414 1726 1429 l

512 1510 635 1577 ditione
645 1530 681 1576 ac
692 1510 915 1577 conditionato
931 1510 1067 1577 seorsim
1078 1519 1111 1576 et
1121 1512 1267 1577 absolute
1278 1511 1366 1577 talsis
1379 1507 1519 1577 existere
1534 1512 1638 1595 possit

516 1619 686 1686 verissima
700 1618 945 1695 conditionalis,
960 1629 993 1684 et
1012 1619 1155 1685 vicissim
1174 1622 1216 1685 ex
1234 1618 1421 1685 conditione
1438 1620 1640 1697 conditiona-

513 1738 615 1812 toque
638 1727 833 1805 verissimis,
862 1729 941 1793 salsa
966 1726 1207 1797 conditionalis.
1236 1726 1288 1793 Sic
1315 1725 1483 1794 verissima
1508 1736 1558 1793 est
1586 1727 1639 1792 illa
1725 1718 1726 1767 ἶ

490 1823 493 1830 ’
512 1834 675 1902 sententia
693 1834 881 1919 Augustini:
906 1836 945 1902 Si
961 1834 1136 1917 Stephanus
1158 1854 1220 1901 non
1238 1837 1372 1911 orasset,
1395 1834 1529 1900 Ecclesia
1552 1835 1640 1900 Pan-

512 1946 579 2010 lum
598 1962 661 2008 non
678 1942 859 2024 habuisset*
871 1944 1017 2026 itemque
1033 1944 1102 2007 haec
1116 1940 1176 2007 alia
1190 1941 1436 2008 conditionalis:
1461 1942 1536 2010 Nisa·
1552 1942 1639 2007 Dens
1725 1994 1726 1997 ,

511 2069 620 2118 rernm
644 2050 783 2116 amnium
804 2050 965 2117 scientiam
992 2050 1129 2128 baberet,
1151 2069 1213 2115 nan
1222 2051 1313 2135 sorel
1336 2050 1458 2138 infinite
1473 2051 1637 2135 perfectio.
1725 2042 1726 2119 Q

513 2159 604 2224 Falsa
623 2176 701 2224 vero
721 2166 781 2225 est
799 2152 884 2224 haec:
905 2158 944 2225 Si
968 2138 1082 2223 Petncs
1099 2162 1147 2223 est
1165 2158 1353 2235 subtantia,
1379 2161 1428 2223 est
1442 2158 1544 2241 bomo,
1565 2158 1639 2222 licet
1725 2198 1726 2245 ᾗ

513 2267 658 2352 partrbus
676 2276 804 2333 constet
823 2267 855 2333 in
875 2283 975 2332 sensu
1001 2265 1153 2332 absoluto
1175 2266 1276 2343 veris,
1298 2265 1375 2350 quia
1394 2266 1548 2332 nimirum
1570 2284 1639 2331 non
1725 2296 1726 2357 3

513 2385 562 2442 est
583 2375 669 2443 inter
688 2374 757 2439 illas
772 2392 877 2440 nexus
896 2382 929 2439 et
942 2373 1188 2457 consequentia.

579 2479 812 2549 Conditionalis
838 2481 993 2548 dividitur
1021 2501 1039 2546 a
1062 2480 1209 2565 pluribus
1234 2479 1306 2546 nn.
1330 2480 1363 2547 in
1394 2480 1550 2547 illativum
1579 2499 1638 2548 seu
1725 2558 1726 2573 ἢ

359 2590 366 2619 ’
383 2589 440 2619 ‘'¹''
512 2594 668 2656 causalem
678 2601 708 2657 et
723 2590 966 2677 conjunctivam.
983 2589 1104 2655 illativa
1117 2600 1166 2655 est
1179 2610 1228 2667 ea,
1245 2590 1277 2654 in
1293 2607 1358 2672 qua
1372 2588 1515 2656 conditio
1525 2606 1639 2655 secum

512 2698 608 2765 trahit
627 2698 904 2776 conditionatum,
927 2704 1041 2783 utpote
1056 2716 1131 2786 curp
1149 2699 1216 2782 ipsa
1236 2698 1415 2764 necessario
1433 2714 1638 2772 connexum,
1725 2712 1726 2784 .

513 2815 562 2873 ut:
582 2808 696 2873 Petnes
714 2827 742 2872 sa
761 2811 807 2872 est
832 2808 934 2882 bonn,
955 2807 1077 2872 animal
1092 2811 1150 2884 est,
1169 2807 1237 2870 vel:
1254 2807 1292 2872 Si
1307 2806 1410 2871 currit
1431 2809 1587 2886 monetam
1607 2814 1641 2871 et

512 2923 648 2981 vocatur
670 2916 822 2991 causalis,
844 2916 896 2981 vel
915 2897 1088 2992 inlluxiva,
1109 2931 1185 2979 cum
1205 2913 1348 2980 conditio
1373 2931 1440 2980 non
1459 2925 1640 2998 utcumque
1725 2901 1726 2994 l

513 3022 608 3089 insert
621 3022 899 3098 conditionatum,
923 3021 981 3088 sed
1000 3023 1134 3107 insuper
1155 3030 1205 3088 est
1223 3039 1321 3088 causa
1345 3020 1431 3088 illius
1451 3025 1502 3104 uel
1522 3023 1639 3089 saltem
1674 3091 1677 3096 ,
1725 3049 1726 3054 ’

514 3130 724 3215 requisitum
746 3149 779 3198 ν.
800 3151 834 3215 g.
854 3128 894 3196 Si
906 3129 988 3214 ignis
1005 3130 1177 3212 applicetur
1194 3129 1294 3213 ligno,
1310 3130 1468 3194 comburet
1483 3129 1565 3195 illud
1570 3148 1585 3211 ,·
1603 3131 1644 3197 Si
1725 3135 1726 3226 ,

512 3257 592 3322 eger
607 3241 714 3304 sumat
723 3238 927 3314 medicinam,
940 3237 1116 3308 sanabitur.
1132 3234 1303 3304 Connexio
1320 3255 1428 3322 porro,
1449 3257 1523 3321 quae
1541 3238 1640 3304 estin
1725 3277 1726 3310 ,

513 3346 633 3414 illativa
660 3354 694 3410 et
711 3345 867 3412 inlluxiva
890 3345 974 3410 inter
1003 3345 1201 3412 antecedens
1224 3355 1256 3411 et
1277 3363 1500 3428 consequens,
1531 3355 1641 3432 potest
1725 3399 1726 3434 3

513 3473 585 3521 esse
604 3454 655 3520 vel
673 3454 896 3536 metaphysica,
917 3454 944 3519 si
963 3451 1005 3520 sit
1023 3453 1160 3518 omnino
1179 3451 1423 3536 infrustrabilis;
1437 3455 1488 3519 vel
1495 3455 1638 3537 physica,

400 3629 445 3659 m
513 3561 540 3628 si
558 3562 601 3629 sit
619 3561 811 3630 frustrabilis
828 3563 937 3629 solum
959 3580 1016 3646 per
1035 3561 1244 3642 miraculum3
1263 3562 1315 3627 vel
1334 3561 1475 3639 moralis,
1495 3562 1521 3628 si
1540 3563 1638 3630 etiarn

513 3668 637 3753 absque
658 3670 815 3736 miraculo
834 3668 1027 3736 frustrabilis
1045 3671 1104 3746 sit,
1126 3667 1279 3752 quamvis
1297 3650 1499 3736 difficillime.

580 3779 664 3845 Pure
692 3777 918 3864 conjunctiva,
947 3774 1063 3864 (quam
1095 3777 1192 3844 etiam
1217 3786 1336 3843 vocant
1365 3775 1560 3859 desperatam
1588 3786 1642 3850 vel

513 3889 552 3952 de
568 3884 744 3952 conditione
768 3883 970 3970 disparata),
991 3893 1041 3951 est
1068 3885 1138 3961 illa,
1168 3883 1200 3950 in
1225 3902 1290 3969 qua
1313 3885 1502 3950 enuntiatur
1524 3887 1643 3971 positio

513 3991 741 4061 conditionalis
756 4012 815 4078 pro
828 4010 905 4058 casu
921 3989 1103 4060 existentiae
1117 3991 1330 4068 cbnditionis,
1346 3991 1426 4075 quin
1446 4001 1558 4059 tamen
1572 3995 1643 4062 baec

513 4103 669 4185 importet
684 4081 784 4167 ullam
805 4119 861 4185 per
873 4119 910 4167 se
925 4098 1168 4165 connexionem
1188 4109 1244 4166 aut
1264 4098 1427 4166 inlluxum
1444 4109 1501 4166 aut
1519 4102 1645 4168 condu-

513 4210 654 4275 centiam
672 4209 714 4274 ad
733 4209 830 4294 illud,
852 4216 899 4275 ut:
916 4207 955 4274 Si
966 4208 1079 4273 Petrus
1096 4211 1194 4286 sedet,
1210 4208 1331 4273 Paulas
1353 4208 1485 4290 dormit·
1503 4207 1541 4274 Si
1557 4227 1643 4276 nunc
1725 4255 1726 4296 ,

513 4334 657 4382 versarer
688 4317 841 4392 Parisiis,
878 4318 1004 4400 legerem
1039 4315 1167 4381 iliadem
1191 4315 1329 4382 Homeri.
1361 4315 1437 4390 llic,
1472 4325 1508 4382 ut
1537 4317 1641 4392 vides,
1725 4317 1726 4346 ¹

515 4425 603 4492 nulla
622 4433 672 4490 est
698 4423 934 4507 consequentia
960 4441 1001 4488 ex
1025 4433 1139 4489 natura
1166 4423 1227 4504 rei;
1256 4421 1314 4488 sed
1342 4423 1535 4508 exprimitur
1554 4443 1644 4492 mera

514 4531 767 4599 concomitantia
781 4540 813 4596 et
827 4531 1024 4598 simultanea
1039 4530 1210 4597 existentia
1229 4531 1387 4614 partium,
1405 4549 1480 4616 quae
1493 4549 1571 4598 sunt
1587 4551 1644 4616 pe-

516 4639 603 4706 nitus
620 4639 804 4724 disparatae.
834 4637 980 4705 Medium
1007 4646 1120 4704 tenent
1139 4637 1222 4704 inter
1239 4636 1376 4705 illativas
1399 4655 1435 4704 ac
1460 4657 1540 4724 pure
1558 4657 1639 4704 con·
1725 4663 1726 4704 1

510 4747 675 4840 junctivas
703 4748 923 4832 promissiva,
945 4763 1083 4832 quarum
1112 4745 1371 4814 conditionatum
1398 4747 1544 4816 continet
1563 4765 1638 4831 pro-
1725 4791 1726 4794 =
