3492 5525
289 660 401 714 socratica,

258 1515 389 1573 syllogistica
399 1517 432 1562 rel

282 1584 420 1632 scholastica.

509 463 567 547 396
701 465 831 528 lsoorca
846 463 1092 528 dimon-Drsn.
1117 465 1159 549 3.·
1181 465 1260 529 erp,
1286 453 1354 549 gun

534 644 711 723 Socratica,
750 665 824 730 quae
858 645 1167 732 interrogationibus
1197 645 1369 714 artificiose
1399 647 1593 734 excogitatis

467 762 606 837 apteque
625 754 686 820 sibi
705 754 970 828 succedentibus,
982 754 1203 820 adversarium
1223 755 1515 838 quasiconsulens
1531 777 1594 822 ex-

466 871 609 946 pugnat,
631 869 794 950 quatenus
812 861 970 957 paulatim
994 869 1027 925 et
1046 880 1104 945 per
1121 861 1243 946 gradus
1261 881 1321 928 nec
1341 861 1529 947 opinantem
1549 883 1594 929 eo

465 969 612 1046 deducit,
634 978 670 1036 ut
688 970 777 1037 fateri
797 972 933 1054 cogatur
950 969 1153 1044 assertionis,
1174 987 1276 1052 quam
1295 969 1452 1054 negabat,
1473 970 1594 1037 verita-

465 1085 553 1164 tem,
573 1087 629 1144 aut
648 1085 686 1143 ut
704 1096 815 1143 secum
844 1077 914 1162 ipse
942 1093 1095 1161 pugnans
1123 1076 1400 1160 deprehendatur,
1421 1087 1519 1161 atque
1544 1079 1592 1144 ita

465 1201 534 1250 suae
551 1185 713 1269 opinionis
732 1185 906 1252 falsitatem
937 1193 1094 1268 agnoscat
1122 1180 1186 1272 (r).
1217 1184 1293 1248 llaec
1319 1203 1416 1267 porro
1443 1185 1593 1270 disputa·

465 1291 562 1358 tionis
582 1293 686 1358 torma
703 1291 822 1359 dicitur
839 1292 1010 1367 socratica,
1037 1290 1113 1374 quia
1140 1289 1289 1357 Socrates
1316 1309 1355 1356 ea
1379 1292 1591 1377 potissimum

467 1417 548 1465 usus
566 1398 667 1467 luisse
686 1401 786 1464 fertur
804 1396 866 1487 (2).

533 1507 736 1594 Syllogistica
763 1508 902 1574 demum
929 1507 1107 1572 methodus
1132 1514 1184 1572 est
1210 1506 1280 1581 illa,
1301 1526 1376 1590 quae
1394 1517 1592 1593 argumenta

466 1615 577 1682 omnia
596 1617 660 1682 lere
679 1634 792 1681 severa
811 1615 993 1702 syllogismi
1020 1615 1071 1680 vel
1100 1615 1357 1703 enthymematis
1385 1617 1491 1683 forma
1517 1636 1596 1702 pro-

467 1723 576 1808 ponit,
597 1722 676 1806 quin
696 1730 808 1789 tamen
827 1722 981 1788 excludat
998 1721 1150 1805 praevias,
1170 1721 1226 1788 ubi
1245 1741 1330 1806 opus
1359 1735 1426 1801 est,
1455 1724 1594 1791 interro-

467 1831 629 1916 gationes,
649 1830 770 1914 quibus
800 1830 850 1896 via
883 1837 1045 1903 sternatur
1072 1829 1113 1894 ad
1143 1839 1351 1914 argumenta.
1384 1831 1458 1897 llaec
1485 1833 1594 1898 torma

469 1937 698 2023 disputationis
715 1938 907 2004 scholastica
924 1945 1075 2012 vocatur,
1092 1937 1167 2020 quia
1186 1956 1224 2002 ca
1241 1944 1429 2005 constanter
1448 1939 1594 2006 adhibita

467 2055 518 2114 est
549 2065 568 2112 a
602 2044 795 2112 Doctoribus
818 2043 1040 2120 Scholasticis,
1071 2054 1104 2110 et
1134 2044 1241 2110 adhuc
1273 2046 1362 2130 viget
1393 2046 1426 2112 in
1457 2047 1593 2131 optimis

467 2153 732 2239 quibuscumque
746 2153 883 2230 scholis,
899 2170 974 2235 quae
991 2161 1158 2218 tantorum
1174 2152 1318 2218 virorum
1331 2153 1469 2239 vestigia
1483 2157 1592 2237 sequi,

466 2261 717 2344 doctrinamque
736 2278 849 2327 sanam
873 2267 907 2325 et
932 2259 1069 2329 solidam
1094 2259 1196 2324 solide
1223 2271 1256 2324 et
1279 2259 1404 2344 integre
1427 2261 1593 2328 addiscere

466 2368 612 2436 student.
631 2367 742 2434 «Nihil
756 2368 843 2433 enirn
855 2370 914 2433 hac
927 2367 1085 2432 methodo
1098 2366 1378 2433 accommodatius
1391 2367 1432 2432 ad
1446 2368 1596 2454 disputa-

465 2476 565 2543 tionis
591 2475 710 2552 finem,
732 2475 810 2541 nihil
838 2472 1056 2558 opportunius
1080 2473 1121 2538 ad
1139 2472 1341 2558 colligendos
1360 2475 1595 2559 disputationis

466 2587 607 2660 tructus,
628 2591 662 2648 et
680 2584 721 2648 ad
739 2582 816 2650 vitia
835 2581 1060 2667 praecavenda,
1081 2599 1153 2665 quae
1172 2582 1204 2646 in
1219 2581 1473 2665 disputationem
1497 2584 1595 2649 obre-

468 2709 543 2779 pere
569 2699 723 2778 possunt,
746 2689 824 2756 nihil
854 2687 1072 2755 necessanum
1102 2689 1220 2775 magis.
1243 2687 1346 2753 Crede
1377 2688 1472 2756 mihi:
1494 2691 1594 2758 multi

465 2800 538 2885 qui,
556 2808 589 2866 et
599 2818 679 2865 voce
694 2807 726 2864 et
740 2798 861 2882 scripto
876 2805 909 2861 et
918 2794 1011 2863 editis
1025 2796 1259 2877 voluminibus,
1272 2807 1388 2879 putant
1397 2817 1434 2864 se
1443 2800 1589 2882 aliquam

466 2906 657 2991 opinionem
682 2905 882 2981 defendisse,
903 2914 959 2971 aut
982 2904 1122 2987 aliquem
1147 2903 1365 2969 adversarium
1387 2908 1589 2983 confutasse,

467 3017 494 3081 si
513 3015 629 3081 adduci
650 3024 803 3098 possent,
825 3022 862 3078 ut
880 3030 1100 3095 quaecumque
1117 3010 1324 3095 disputarunt
1350 3012 1391 3078 ad
1414 3014 1595 3100 syllogisti-

467 3142 538 3189 cam
570 3124 712 3187 sormam
744 3120 930 3207 exigerent,
961 3118 1071 3186 statim
1100 3119 1413 3198 animadverterent,
1443 3140 1480 3189 se
1508 3124 1594 3190 sorte

467 3231 658 3313 eloquenter
685 3230 908 3303 declamasse,
933 3226 1058 3293 erudite
1085 3227 1270 3311 scripsisse,
1290 3229 1455 3314 eleganter
1472 3231 1596 3297 descri-

469 3338 587 3423 psisse,
607 3348 640 3405 at
654 3336 753 3404 simul
773 3357 792 3401 a
811 3354 912 3420 soopo
931 3336 1115 3409 aberrasse,
1137 3334 1214 3400 nihil
1229 3335 1491 3414 demonstrasse,
1512 3339 1593 3406 nihil

468 3448 643 3527 refutasse3
659 3444 727 3510 imo
742 3446 824 3511 sorte
839 3463 899 3511 nec
909 3444 990 3526 ‚quid
1005 3442 1298 3511 demonstrandum
1313 3451 1370 3510 aut
1383 3446 1592 3514 refutandum

468 3552 528 3619 sibi
548 3561 651 3629 esset,
671 3554 757 3618 clare
777 3552 971 3637 percepisse.
992 3548 1094 3615 Crede
1114 3550 1231 3616 iterum
1252 3549 1348 3617 mihi:
1370 3552 1398 3617 si
1426 3554 1496 3619 haec
1525 3552 1596 3621 dis-

467 3660 618 3745 ceptandi
638 3660 717 3727 ratio
742 3658 778 3751 in
803 3659 901 3724 rebus
926 3656 1105 3742 prasertim
1134 3656 1359 3725 subtilioribus
1377 3668 1410 3725 et
1426 3659 1592 3745 implexis,

469 3768 575 3835 autin
597 3768 662 3844 his,
683 3785 757 3852 quae
778 3768 994 3833 humanarum
1019 3762 1232 3848 cupiditatum
1256 3763 1417 3849 igniculos
1434 3767 1593 3846 excitant,

468 3875 647 3941 universim
680 3874 902 3949 adhiberetur,
935 3874 1048 3938 multae
1076 3868 1296 3953 quaestiones,
1319 3891 1395 3956 quae
1418 3874 1595 3941 hincinde

469 3983 649 4069 agitantur,
671 4001 736 4048 non
756 3982 975 4066 agitarentur3
990 3980 1104 4045 multae
1119 3980 1208 4044 nullo
1223 3980 1354 4064 negotio
1372 3982 1592 4066 solverentur;

470 4092 597 4165 multe,
620 4108 694 4173 quae
710 4090 827 4155 solutae
842 4096 1015 4172 putantur,
1032 4088 1182 4155 insolutae
1196 4098 1295 4171 atque
1308 4086 1391 4153 adeo
1401 4088 1596 4156 insolubiles

471 4207 742 4282 agnoscerentur;
755 4196 848 4261 multi
861 4213 986 4261 errores
995 4194 1120 4271 statim,
1131 4213 1169 4259 ac
1176 4192 1237 4261 orti
1248 4203 1340 4271 sunt,
1356 4197 1592 4279 extabuissent3

470 4304 689 4390 presidentia,
706 4306 882 4379 clamores,
900 4306 953 4369 irae
967 4301 1223 4368 concertantium
1237 4302 1292 4368 vix
1303 4304 1411 4369 locum
1423 4304 1593 4374 haberent.

471 4496 735 4510 ψ

505 4577 546 4640 (ι)
585 4571 761 4643 Exemplum
777 4568 925 4629 socraticre
936 4565 1146 4641 disputationis
1155 4567 1246 4629 babeo
1258 4566 1289 4628 in
1308 4568 1506 4645 EvangelioS.
1517 4570 1599 4631 Mat-

473 4660 615 4733 tbei,cop.
630 4680 680 4729 aa,
696 4680 725 4717 v.
740 4680 786 4733 4²·

505 4750 547 4825 (2)
582 4749 755 4825 TongiorgI,
764 4750 822 4823 Op.
831 4749 1005 4822 cit.,n.35o.
