3492 5525
272 442 384 507 Anne.
403 456 462 525 3.·¹·
476 438 526 505 De
540 458 685 507 assensu
701 459 859 507 rnmnrss.
877 459 919 506 ur
933 459 1093 508 conotus.
1156 437 1216 520 82q

131 624 191 691 tim
210 626 308 692 etiam
328 628 445 694 veritas
462 627 563 711 ipsius
580 626 814 711 conclusionis,
837 636 873 692 ut
889 626 963 693 alibi
983 628 1109 694 dicetur
1127 623 1192 714 (r).
1215 624 1257 690 At

133 734 213 799 ratio
243 736 386 800 formalis
413 734 602 799 intentionis
628 734 704 800 finis
731 744 764 800 et
792 733 960 801 electionis
994 735 1180 801 mediorum
1207 740 1259 798 est

132 842 263 920 eadem,
291 841 366 909 finis
394 861 512 927 nempe
541 840 682 908 bonitas:
705 861 806 925 quare
825 844 941 909 unicus
960 844 1090 909 babitus
1108 840 1186 909 satis
1207 848 1259 906 est

132 950 173 1013 ad
194 959 371 1032 utrumque
391 946 533 1035 actum(
557 948 583 1035 >-

201 1056 312 1135 Adde,
337 1057 426 1140 quod
451 1056 694 1125 conclusionem
726 1056 916 1123 eliciendam
942 1057 1118 1143 praemissae
1137 1056 1258 1123 debent

131 1183 279 1229 exercere
297 1164 395 1230 etiam
411 1164 632 1231 causalitatem
653 1166 811 1231 moralem
827 1165 1043 1231 illuminando
1056 1165 1258 1231 intellectum

132 1271 213 1337 circa
231 1272 448 1338 terminorum
474 1272 691 1339 identitatem.
713 1272 891 1348 Quomodo
919 1273 1006 1338 enim
1029 1290 1124 1339 mens
1150 1289 1260 1337 assen-

132 1379 182 1445 tiri
206 1378 405 1446 conclusioni
424 1388 545 1465 potest,
565 1380 781 1446 terminorum
802 1380 970 1446 identitate
986 1399 1051 1448 non
1072 1376 1258 1465 perspecta?

133 1486 232 1570 Atqui
244 1486 727 1572 solushabitusprincipiorum,
740 1488 809 1555 sine
820 1488 1137 1555 actualieorumdem
1148 1504 1259 1572 assen-

131 1611 171 1660 su
192 1596 242 1660 vel
262 1596 377 1659 saltem
399 1594 631 1672 recordatione,
653 1614 719 1661 non
735 1596 904 1662 certiorem
933 1596 1037 1662 reddit
1053 1594 1255 1661 intellectum

133 1701 309 1768 identitatis
327 1700 556 1770 terminorum.
578 1702 662 1787 Ergo
680 1703 797 1769 iterum
820 1722 887 1768 non
907 1712 957 1769 est
977 1722 1034 1788 par
1049 1700 1129 1767 ratio
1149 1700 1261 1770 inten-

132 1810 231 1877 tionis
251 1808 324 1875 frnis
344 1814 492 1895 respectu
523 1807 689 1876 electionis
719 1808 916 1887 mediorum,
937 1819 971 1875 et
990 1827 1144 1877 assensus
1175 1809 1262 1893 prin·

131 1918 291 2003 cipiorum
312 1929 459 2002 respectu
480 1936 632 1983 assensus
647 1918 864 1984 conclusionis
884 1915 948 2005 (3).

177 2030 285 2109 0bjic.
309 2023 362 2107 4.⁰
411 2025 443 2089 ld
468 2024 558 2108 quod
585 2033 693 2110 potest
719 2025 852 2108 aliquod
880 2043 994 2110 agens,
1027 2033 1135 2108 potest
1163 2024 1261 2091 etiam

132 2133 218 2199 illius
244 2131 347 2197 virtus
375 2130 489 2210 activa,
528 2130 581 2197 «si
611 2133 684 2197 loco
711 2133 781 2217 ejus
810 2132 1023 2215 relinquatur,
1048 2141 1085 2197 ut
1116 2141 1206 2214 patet
1228 2129 1260 2196 in

132 2240 236 2305 calore
255 2239 413 2323 producto
433 2239 473 2304 ab
488 2239 577 2323 igne,
599 2247 631 2303 et
654 2239 686 2303 in
705 2240 831 2305 semine
851 2238 961 2305 deciso
987 2238 1168 2327 avivente.
1195 2238 1262 2303 Sed

133 2347 263 2412 babitus
281 2356 359 2411 sunt
387 2346 523 2411 virtutes
547 2346 659 2412 activae
678 2364 873 2413 assensuum
902 2347 1156 2430 praemissarum.
1179 2345 1261 2430 Ergo

133 2455 160 2520 si
185 2454 227 2518 illi
256 2462 406 2537 poterant
434 2454 678 2519 conclusionem
704 2454 843 2529 efficere,
876 2454 963 2521 idern
992 2473 1125 2538 quoque
1152 2451 1183 2518 hi
1203 2470 1263 2537 po-

133 2570 270 2627 teruntn
283 2557 347 2649 (4).
668 2548 675 2559 ’

199 2674 303 2751 Resp.
325 2667 519 2733 antecedens
543 2686 656 2733 verum
678 2685 743 2733 non
764 2688 836 2735 esse
855 2669 887 2733 in
904 2686 1115 2752 quacumque
1128 2668 1259 2742 virtute,

133 2775 242 2843 sedin
262 2795 392 2859 eaquae
411 2785 461 2841 est
486 2786 601 2860 suapte
629 2785 741 2842 natura
770 2777 1026 2843 instrumentum
1055 2777 1194 2861 agentis,
1225 2785 1261 2842 ut

132 2894 260 2951 constat
289 2883 320 2949 in
348 2884 483 2969 objectis
501 2885 672 2968 exemplis.
700 2883 743 2948 At
770 2903 847 2950 vero
867 2883 996 2950 habitus
1028 2883 1260 2968 principiorum

134 3011 199 3058 non
219 3002 269 3058 est
289 2993 432 3057 naturale
456 2992 649 3058 eorumdem
671 2989 927 3059 instrumentum
955 2992 995 3057 ad
1013 2991 1260 3058 conclusionem

133 3099 337 3165 efficiendam
360 3097 422 3185 (5).
483 3086 488 3096 ’

177 3212 285 3290 Obiic.
308 3212 356 3274 51³
402 3205 454 3271 Ad
472 3205 743 3290 propositionem,
765 3224 864 3290 quam
898 3226 938 3272 ex
958 3205 1086 3273 virtuali
1115 3205 1263 3290 praemis-
1308 3283 1313 3294 ·

131 3331 241 3380 sarum
263 3313 434 3380 existentia
448 3313 664 3380 concedimus
676 3311 828 3380 affirmari
849 3333 959 3398 posse,
980 3315 1108 3381 videtur
1126 3331 1262 3380 concur-

133 3440 203 3487 rere
222 3439 289 3487 non
308 3421 416 3487 solum
437 3421 577 3505 species,
599 3422 826 3487 verumetiam
844 3420 972 3489 babitus
991 3419 1209 3488 conclusionis
1221 3439 1262 3486 ex

134 3529 311 3614 praemissis
325 3537 398 3596 actu
412 3528 588 3596 formaliter
605 3529 820 3596 existentibus
840 3531 946 3596 iliatae.
964 3529 1065 3612 Atqui
1079 3536 1159 3594 tunc
1174 3537 1261 3594 certe

134 3637 312 3722 propositio
331 3635 382 3701 illa
403 3654 478 3701 vere
497 3637 663 3703 conclusio
682 3648 744 3714 est,
762 3656 866 3721 eaque
881 3637 1028 3723 ejusdem
1047 3636 1166 3721 speciei
1181 3654 1258 3702 cum

135 3744 296 3829 primitiva
324 3727 546 3810 conclusione.
576 3745 660 3810 Nam
690 3743 856 3828 proprium
882 3754 932 3812 est
956 3744 1084 3814 babitus
1111 3743 1260 3826 acquisiti

134 3853 334 3937 generatim,
357 3861 394 3918 ut
414 3852 570 3936 producat
584 3861 676 3918 actus
690 3851 813 3918 similes
828 3852 902 3930 illis,
919 3851 1071 3936 aquibus
1086 3850 1263 3936 productus

135 3967 197 4026 est.
222 3959 306 4045 Ergo
325 3958 468 4036 babitus,
484 3960 703 4028 conclusionis
722 3977 788 4026 non
808 3961 958 4044 producit
972 3960 1031 4026 nisi
1046 3959 1126 4026 alios
1140 3959 1264 4027 similes

134 4084 298 4142 assensus,
322 4085 397 4132 nam
418 4085 475 4151 per
494 4067 682 4150 hujusmodi
703 4078 796 4135 actus
815 4069 994 4152 productus
1012 4076 1076 4134 est.

169 4377 210 4440 (1)
245 4371 322 4431 Vide
335 4368 526 4440 Conimbrio.‚
541 4369 572 4428 in
586 4369 637 4430 lib.
657 4381 694 4430 r.·
703 4371 874 4442 Posterior..
887 4390 951 4443 cap.
967 4389 1011 4444 23,
1028 4383 1132 4442 quaest.
1146 4368 1225 4428 unic.

170 4465 210 4528 (a)
248 4458 437 4528 Conimbric,
455 4459 504 4517 lib.
524 4480 547 4518 r.
563 4460 690 4530 Pasiam,
705 4481 768 4533 cap.
788 4480 812 4531 r,
828 4479 858 4532 q.
874 4479 901 4533 4,
918 4481 945 4518 a.
958 4480 983 4528 a,
1000 4459 1054 4520 loc.
1070 4459 1119 4520 cit.
1208 4453 1212 4458 ’

170 4551 212 4620 (a)
249 4548 311 4608 Csr.
326 4547 443 4616 Soarcz,
459 4549 513 4607 loe.
528 4547 578 4607 cit.
594 4568 625 4607 n.
645 4550 692 4607 86.

172 4643 214 4713 (4)
251 4637 442 4709 Conimbric„
461 4639 686 4711 1.0Posterior.,
702 4660 763 4713 cap.
783 4659 807 4710 r,
822 4638 877 4698 loc.
893 4637 941 4698 cit.

173 4730 214 4801 (ς)
250 4727 527 4801 Conimbrie.,ibid.
