3492 5525
273 432 393 496 Anrrc.
412 446 471 497 ψ
485 431 688 499 Exrsnennrn
702 450 835 497 cenna.
851 449 982 501 corrrnn
995 432 1115 501 Scene.
1158 432 1218 516 487

133 632 205 683 esse
224 615 264 681 ad
279 615 327 705 jd
353 613 619 703 assequendum,
648 614 689 687 ad
717 614 808 704 quod
835 623 951 689 natura
976 616 1046 703 ipsa
1076 617 1258 703 perenniter

133 722 323 809 impellitur.
343 722 471 813 Ergo...
492 720 508 811 (
532 719 557 815 ).

181 850 235 917 55.
282 837 450 903 Probatur
478 828 531 903 a·
554 852 649 917 pere.
677 828 895 915 &camaena
919 834 968 903 est
988 835 1123 916 soram
1144 833 1256 917 paral·

133 956 266 1007 crorum.

206 1046 255 1113 r.⁰
300 1044 532 1131 Scepticismus
547 1029 692 1115 divinam
712 1046 825 1125 sidem,
838 1064 913 1133 quae
928 1066 1096 1116 summam
1110 1048 1257 1120 continet

132 1153 379 1231 certitudinem,
400 1155 553 1231 destruit,
581 1162 614 1225 et
637 1166 848 1227 sacrosancte
867 1154 1032 1243 religionis
1060 1164 1180 1225 nostre
1199 1156 1259 1223 do·

133 1272 247 1351 gmata
264 1262 431 1333 convellit.

199 1376 321 1448 Dices,
348 1370 582 1441 continendum
603 1389 675 1438 esse
693 1371 937 1458 scepticismum
961 1372 1044 1439 intra
1063 1370 1182 1442 limites
1204 1391 1260 1441 co-

133 1478 319 1565 gnitionum
336 1479 545 1559 naturalium,
562 1487 594 1549 et
609 1480 709 1549 fidem
725 1480 870 1549 divinam
885 1488 1019 1564 sartam,
1035 1488 1171 1560 tectam,
1192 1499 1259 1547 ser-

135 1588 277 1655 vandam
296 1606 372 1659 curn
400 1588 555 1655 infallibili
579 1606 651 1675 sua
666 1588 879 1669 certitudine,
899 1606 975 1673 quae
1002 1607 1044 1655 ex
1066 1589 1259 1657 auctoritate

134 1694 365 1781 sapientissimi
380 1716 416 1765 ac
436 1694 634 1765 veracissimi
654 1696 713 1765 Dei
732 1696 910 1767 derivatur.

203 1809 309 1889 neap.
329 1802 431 1889 Atqui
450 1804 648 1888 impossibile
668 1812 734 1882 est,
754 1803 831 1871 fidei
854 1803 963 1872 divina
988 1805 1145 1889 dogmata
1171 1810 1260 1873 certo

134 1920 262 1988 tenere,
284 1910 344 1979 nisi
362 1922 533 1995 tamquam
553 1920 651 1981 certae
668 1912 885 1981 admittantur
907 1912 1075 1979 nonnullae
1093 1909 1258 1992 veritates,

135 2037 211 2103 quae
239 2019 449 2104 praeambulae
477 2020 630 2088 dicuntur
654 2020 696 2086 ad
723 2018 841 2095 tidem,
871 2027 905 2089 ct
930 2020 1002 2086 sine
1028 2018 1151 2103 quibus
1178 2018 1261 2087 fides

135 2145 293 2194 essenon
313 2137 432 2213 potest.
456 2126 540 2195 Nam
565 2129 735 2213 quomodo
754 2128 863 2196 credet
881 2127 924 2194 ob
942 2126 1168 2195 auctoritatem
1188 2126 1259 2205 Dei,

135 2234 192 2319 qui
213 2234 313 2303 nescit
328 2234 445 2311 Deum,
464 2244 520 2301 aut
533 2236 634 2303 nescit
653 2235 833 2320 sapientem
849 2234 1076 2319 veracemque,
1094 2244 1151 2301 aut
1166 2235 1261 2321 igno·

136 2354 185 2411 rat
206 2342 436 2411 revelationem
456 2343 573 2429 ipsius?
589 2344 665 2411 trec
679 2351 789 2411 autem
805 2343 875 2429 ipsa
888 2354 976 2411 certo
988 2343 1061 2411 sciri
1076 2350 1259 2427 nequeunt,

136 2450 198 2517 nisi
216 2450 277 2517 alia
290 2452 373 2517 bene
386 2452 489 2519 multa
507 2450 631 2519 iumine
651 2452 787 2521 naturali
805 2451 986 2520 certissime
999 2458 1256 2538 cognoscantur.

203 2552 422 2644 Praeterquam
451 2560 541 2643 quod
570 2578 636 2629 non
665 2560 766 2627 semel
793 2558 936 2627 decrevit
971 2549 1124 2628 Ecclesia
1147 2566 1262 2629 contra

135 2666 413 2735 Traditionalistas
442 2685 538 2753 posse
571 2666 731 2733 rationem
761 2667 942 2735 humanam
970 2669 1063 2751 plura
1089 2674 1179 2736 certo
1206 2684 1263 2735 co-

136 2795 309 2862 gnoscere.

182 2892 233 2949 2.''
279 2885 436 2954 Praeterea
450 2883 506 2968 qui
524 2883 567 2950 de
581 2883 737 2952 omnibus
755 2883 974 2952 dubitandum
1002 2901 1075 2952 esse
1093 2883 1262 2954 existima·

138 2992 232 3067 verit,
265 2991 497 3080 negaveritqqe
517 2990 686 3058 veritatem
706 3011 725 3057 a
745 2991 839 3058 nobis
856 2993 1013 3078 cognosci
1031 3011 1142 3077 posse,
1167 2991 1263 3062 dubi-

137 3099 218 3166 tabit
237 3099 349 3175 etiam,
370 3117 452 3166 num
471 3099 598 3166 bonum
627 3099 669 3164 sit
689 3099 887 3174 iaciendum,
908 3101 1031 3168 malum
1051 3101 1259 3186 fugiendum,

138 3205 309 3290 virtusque
336 3207 526 3276 exercenda.
558 3207 679 3283 Verbo,
714 3206 747 3274 in
780 3207 918 3274 dubium
953 3207 1118 3277 revocabit
1156 3209 1262 3292 prima

140 3313 329 3380 moralitatis
349 3313 516 3399 principia,
538 3314 708 3399 primaque
733 3313 812 3400 legis
835 3315 988 3382 naturalis
1006 3324 1177 3400 praecepta:
1200 3317 1262 3384 boc

140 3421 261 3488 verosi
286 3422 388 3487 semel
412 3421 613 3499 admittatur,
640 3422 730 3487 nullo
750 3423 818 3507 jam
844 3422 935 3487 freno
958 3423 1124 3507 compesci
1143 3422 1262 3506 poterit

138 3532 255 3605 homo,
277 3547 317 3594 ne
336 3528 420 3595 vitiis
446 3527 623 3614 indulgeat,
653 3547 828 3612 moresque
846 3547 925 3596 suos
944 3529 1108 3614 principiis
1133 3531 1262 3596 morali·

139 3637 216 3706 tatis
236 3636 473 3705 accommodet.
495 3635 586 3704 Ordo
609 3636 697 3706 eninr
721 3635 851 3704 moralis
876 3645 962 3704 certa
988 3649 1022 3706 et
1048 3637 1263 3708 immutabilia
1341 3684 1344 3688 -

140 3746 354 3812 fundamenta
377 3743 545 3829 supponit;
572 3753 761 3828 certamque
784 3743 859 3811 recti
878 3743 1109 3816 conscientiam
1140 3745 1174 3835 in
1197 3745 1263 3811 sin-

139 3850 227 3938 gulis
245 3851 371 3920 actibus
395 3851 511 3920 habeat
539 3852 698 3938 quisque,
719 3860 861 3938 oportet,
892 3871 935 3920 ne
959 3852 1038 3922 vitio
1065 3853 1175 3940 aliquo
1193 3855 1263 3938 pui-

140 3963 250 4028 luatur
263 3956 328 4048 (2).

210 4067 343 4136 Etiamsi
361 4067 434 4152 quis
453 4067 551 4134 vellet
569 4066 745 4152 scepticam
764 4067 945 4134 doctrinam
966 4068 1049 4135 intra
1073 4069 1193 4136 limites
1216 4088 1265 4135 or·

140 4175 227 4242 dinis
245 4176 416 4242 dumtaxat
430 4175 627 4258 speculative
645 4175 823 4254 continere,
841 4185 1042 4261 quantopere
1056 4189 1169 4244 tamen
1180 4177 1263 4244 ordo

141 4283 363 4368 speculativus
386 4283 419 4348 in
448 4301 555 4349 mores
583 4282 698 4348 influat
726 4283 923 4367 experientia
950 4281 1140 4368 quotidiana
1167 4285 1265 4354 nimis

177 4557 219 4620 (r)
255 4550 331 4608 Vide
345 4549 619 4620 Conimbricenaes.‚
637 4547 795 4608 Commeat.
817 4559 906 4630 super
921 4551 995 4612 Octo
1015 4551 1105 4614 libros
1119 4553 1267 4630 Physica-

144 4663 233 4712 rum.,
248 4642 385 4710 Prodere..
400 4651 504 4711 quaeet.
520 4660 546 4697 a.
562 4651 616 4698 art.
635 4659 660 4714 ς.
728 4691 733 4730 ;

178 4737 220 4798 (a)
257 4730 319 4790 Cir.
337 4729 370 4792 S.
385 4731 525 4804 August,
541 4729 651 4792 Contra
663 4729 814 4798 Aeaeam..
830 4729 882 4790 tib.
898 4751 924 4804 3,
938 4751 1001 4804 cap.
1022 4733 1063 4791 16.
