3492 5525
541 460 595 527 512
653 444 776 509 Looron
791 444 1020 518 Maron-Lm.
1042 460 1109 522 ψ,
1126 444 1216 507 Drsn.
1235 457 1282 508 a·
1297 444 1376 509 Cae.
1396 460 1465 527 ψ

499 630 596 697 nimis
615 651 633 695 a
651 640 749 715 captu
774 638 807 695 et
826 629 1037 716 intelligentia
1058 638 1199 705 remota,
1222 638 1393 713 nequeunt
1420 648 1477 713 per
1495 648 1531 695 se
1549 630 1623 695 sola

499 756 631 803 movere
649 751 681 804 et
706 747 900 823 extorquere
918 755 1110 814 assensum,
1132 737 1192 802 nisi
1211 738 1343 803 accedat
1362 738 1540 803 voluntatis
1558 736 1626 801 im·

499 844 637 928 perium.
659 846 743 929 Ergo
770 844 969 910 econtrario
988 845 1062 911 ideo
1087 828 1261 910 dicendum
1285 854 1337 911 est
1358 844 1524 929 objectum
1552 844 1624 909 evi·

497 952 596 1029 dens,
616 952 692 1035 quia
710 950 830 1017 sufficit
858 971 895 1017 se
919 952 990 1017 solo
1009 952 1225 1019 determinare
1243 946 1445 1017 intellectum
1470 950 1510 1016 ad
1532 951 1625 1037 judi-

497 1058 603 1146 cium,
622 1061 665 1126 ita
684 1071 720 1125 ut
739 1078 895 1125 assensus
913 1060 1067 1144 gignatur
1089 1079 1131 1125 ex
1150 1057 1229 1125 solis
1256 1060 1380 1125 meritis
1400 1067 1433 1124 et
1457 1058 1623 1142 objectivo

497 1166 623 1233 intluxu
644 1167 729 1233 illius
751 1168 878 1251 absque
897 1167 964 1233 ullo
983 1166 1162 1234 voluntatis
1186 1167 1347 1250 impulso,
1372 1167 1511 1249 ideoque
1533 1174 1623 1231 recte

497 1275 675 1357 explicatur
702 1274 862 1339 evidentia
890 1292 947 1357 per
969 1274 1188 1358 aptitudinem
1213 1283 1244 1340 et
1269 1274 1482 1356 capacitatem
1501 1272 1624 1357 objecti

497 1382 537 1447 ad
561 1380 847 1447 determinandum
875 1391 908 1446 et
932 1381 1196 1464 extorquendum
1221 1400 1393 1447 assensum
1421 1381 1621 1446 intellectus.

564 1488 746 1554 Confirmat
772 1499 876 1554 totam
903 1489 986 1553 hanc
1006 1488 1187 1554 doctrinam
1215 1487 1392 1573 Angelicus
1420 1488 1470 1553 his
1496 1486 1619 1553 verbis:

495 1602 752 1664 Determinatur
773 1596 913 1662 intellect
911 1614 949 1661 trs
898 1598 1016 1660 tari
1038 1615 1137 1661 unum
1164 1595 1229 1677 trip
1229 1596 1373 1665 liciter...
1402 1597 1439 1663 ln
1461 1589 1623 1660 intellectu

494 1703 577 1768 enim
590 1703 820 1785 primipiorum
838 1718 1000 1771 causatur
1017 1708 1258 1772 determinatio
1281 1727 1324 1771 ex
1342 1713 1425 1781 hoc,
1445 1708 1537 1787 quod
1559 1708 1624 1769 ali-

494 1815 577 1894 quid
595 1832 656 1893 per
674 1818 792 1878 lumen
815 1815 1010 1878 intellectus
1032 1815 1244 1880 sufficienter
1270 1816 1393 1894 inspici
1418 1833 1481 1893 per
1505 1816 1622 1892 ipsum

494 1932 618 1999 potest.
639 1919 675 1985 ln
693 1918 824 1982 utentia
840 1936 914 1983 uero
931 1922 1192 1986 conclusionum
1205 1932 1366 1985 causatur
1380 1922 1622 1985 determinatio

494 2042 534 2088 cx
549 2025 615 2099 lroc,
635 2026 718 2108 quod
732 2024 889 2091 conclusio
901 2026 1070 2090 secundum
1080 2028 1183 2090 actum
1194 2024 1330 2090 rationis
1343 2023 1379 2089 in
1387 2024 1548 2105 principia
1560 2030 1624 2104 prr

494 2148 526 2197 sc
543 2130 613 2197 viso
630 2132 809 2199 resoluitur.
829 2131 865 2197 In
873 2133 944 2218 fide
959 2150 1035 2198 oero
1052 2130 1153 2220 (idem
1173 2134 1224 2199 dic
1242 2132 1284 2197 de
1310 2130 1479 2219 opinione)
1497 2151 1538 2197 ex
1565 2131 1623 2195 noc

494 2242 578 2323 prud
592 2241 738 2305 voluntas
757 2240 930 2306 intellectui
947 2241 1089 2321 imperat.
1106 2242 1170 2307 Sui
1185 2241 1261 2325 quia
1277 2243 1424 2306 uoluntas
1438 2250 1504 2306 hoc
1518 2244 1624 2306 modo

457 2348 463 2361 '
495 2368 565 2413 non
583 2352 791 2414 determinat
808 2352 1036 2425 intellectum
1057 2362 1096 2414 ut
1112 2354 1214 2415 iaciat
1231 2353 1355 2433 inspici
1377 2370 1458 2433 quae
1475 2351 1624 2414 credun·

495 2468 569 2533 tur,
590 2459 680 2520 sicut
698 2460 928 2538 inspiciuntur
945 2459 1111 2538 principia
1134 2479 1197 2537 per
1220 2478 1260 2523 ae
1283 2470 1381 2534 nota,
1405 2456 1457 2523 vti
1481 2477 1562 2539 quae
1583 2460 1624 2520 in

495 2567 570 2644 ipsa
585 2568 818 2641 resolvuntur,
833 2564 888 2628 scd
899 2562 952 2627 hoc
966 2566 1056 2628 modo
1070 2566 1108 2627 ut
1117 2564 1289 2628 intellectus
1299 2562 1440 2647 firmiter
1450 2562 1624 2643 adhorret

495 2668 563 2733 idco
580 2670 750 2745 certitudo,
771 2689 839 2753 qun
853 2674 902 2735 cst
917 2670 952 2734 in
969 2676 1113 2737 scientia
1131 2671 1211 2735 etin
1227 2672 1403 2748 intellectu,
1424 2684 1534 2737 estex
1549 2675 1626 2752 ipsa

445 2803 448 2810 ⁴
495 2783 667 2844 evidentia
683 2799 817 2856 eorum,
837 2802 918 2861 quae
937 2793 1031 2845 certa
1047 2802 1126 2845 esse
1144 2784 1321 2847 dicuntur:
1341 2780 1496 2844 certitudo
1518 2783 1623 2842 aulem

486 2884 569 2969 fidei
593 2904 634 2949 ex
653 2885 755 2972 firmo
776 2885 952 2950 auhaesune
976 2889 1020 2950 cui
1040 2885 1093 2974 rit,
1112 2890 1196 2970 quod
1211 2887 1354 2952 creditur
1373 2884 1437 2975 (t).
1467 2885 1506 2952 Et
1531 2885 1621 2950 alibi:

495 2992 640 3058 Assentit
655 2992 828 3058 intellectus
850 2992 950 3058 alicui
970 2993 1158 3073 dupliciter:
1180 3014 1243 3060 uno
1265 2996 1373 3071 modo,
1400 2994 1476 3078 puio
1501 2996 1546 3058 ori
1567 2993 1625 3058 lroc

494 3113 655 3166 movetur
673 3105 715 3168 ab
733 3105 809 3182 ipso
826 3105 975 3183 obJ'ecto,
991 3103 1076 3184 quod
1087 3106 1136 3167 est
1146 3105 1197 3167 vet
1204 3109 1264 3183 per
1280 3121 1313 3167 se
1331 3103 1433 3183 ipsum
1449 3101 1625 3185 cognitum;

493 3207 577 3272 sicut
587 3210 679 3288 patet
695 3207 729 3271 in
744 3208 911 3289 principiis
921 3209 1052 3289 primis,
1068 3228 1201 3293 quorum
1221 3213 1270 3276 est
1281 3210 1472 3286 intellectus,
1496 3212 1547 3275 vet
1563 3215 1626 3290 per

494 3315 585 3379 aliud
594 3314 769 3398 cognitum,
785 3315 869 3380 sicut
879 3319 970 3396 potet
984 3317 1295 3395 decunctusionilncs,
1316 3337 1450 3402 quorum
1462 3321 1510 3382 est
1525 3316 1626 3381 scien-

496 3422 552 3489 tia.
573 3422 649 3487 Alto
668 3425 758 3488 modo
772 3423 947 3489 intellectus
964 3425 1099 3489 assentit
1108 3424 1218 3501 atroci,
1239 3432 1396 3508 nunquia
1412 3427 1627 3492 sufficienter

494 3533 656 3596 moueatur
672 3531 712 3596 ab
724 3531 840 3618 objecto
853 3531 995 3612 proprio,
1008 3534 1063 3596 sed
1071 3539 1131 3612 prr
1144 3535 1311 3616 quondam
1328 3531 1503 3599 electionem
1513 3533 1628 3598 volun·

496 3638 576 3702 taric
592 3637 754 3704 declinans
768 3638 803 3702 in
817 3657 914 3704 unum
921 3643 1046 3720 parum
1059 3639 1160 3723 nugis
1173 3659 1268 3723 quom
1279 3641 1390 3708 arum.
1407 3641 1490 3706 Etsi
1501 3639 1626 3724 quidem

496 3745 550 3810 boc
563 3745 609 3809 sit
622 3763 693 3810 cum
706 3745 900 3810 dubitatione
914 3749 949 3812 ct
955 3747 1132 3831 formidine
1141 3748 1275 3813 atterius
1283 3748 1407 3829 partis,
1427 3748 1492 3813 erit
1503 3745 1626 3828 opinio,·

495 3853 525 3917 si
543 3856 648 3918 ouum
666 3853 711 3918 sit
726 3871 795 3918 cum
819 3854 1007 3918 certitudine
1024 3855 1139 3938 absque
1157 3855 1217 3920 uu
1224 3855 1419 3939 jormitium,
1443 3854 1510 3920 erit
1523 3854 1622 3940 fides.

495 3961 555 4026 lua
568 3963 672 4026 autem
689 3965 800 4027 videri
813 3961 977 4038 dicuntur,
993 3981 1063 4045 qrue
1074 3983 1137 4044 per·
1149 3969 1263 4045 seipsa
1276 3975 1421 4030 movent
1434 3962 1624 4028 intellectum

499 4072 640 4133 nostrum
655 4069 707 4134 ver
722 4087 845 4134 sensum
863 4070 907 4133 ort
917 4069 969 4134 sui
984 4069 1190 4153 cognitionem
1200 4067 1266 4158 (2).
1471 4089 1480 4102 ·

563 4174 694 4242 Maneat
721 4194 800 4261 ergo
818 4176 1016 4241 evidentiam
1040 4177 1072 4242 in
1101 4177 1156 4243 tali
1175 4177 1291 4264 objecti
1310 4178 1520 4262 proportione
1546 4195 1624 4244 cum

495 4282 669 4367 capacitate
692 4283 887 4350 intellectiva
911 4284 1105 4360 consistere,
1125 4292 1163 4350 ut
1187 4285 1289 4368 possit
1312 4287 1429 4368 inspici
1455 4286 1490 4352 in
1515 4285 1626 4369 seipso

532 4553 573 4624 (r)
610 4576 635 4626 3.
639 4553 733 4612 ·dist.
750 4573 794 4626 ²3·
811 4573 841 4625 q.
858 4573 885 4623 a,
900 4573 928 4611 a.
943 4573 970 4611 a.
987 4552 1125 4625 εοΙυῑ.3.
1139 4551 1200 4610 Cir.
1217 4551 1290 4612 ibid
1305 4552 1469 4612 adzwet
1482 4553 1570 4613 solut
1590 4573 1631 4619 r..

494 4645 595 4703 etloc.
609 4663 676 4715 sup.
692 4642 740 4701 cit.

532 4733 574 4806 (a)
611 4731 760 4792 S..Thom
773 4751 799 4789 a.
817 4751 843 4790 a.
859 4751 889 4803 q.
907 4752 933 4800 r,
946 4744 1001 4791 art.
1013 4749 1041 4803 4.
1058 4729 1122 4790 ctr.
1136 4733 1172 4789 de
1189 4732 1280 4791 Verri.
1293 4749 1324 4804 q.
1342 4752 1389 4807 14,
1403 4752 1432 4792 a.
1449 4754 1472 4792 r.
