3492 5525
261 447 375 512 Anne.
393 460 453 512 au·
466 446 671 514 Pnorosnro
686 465 864 516 tunsurus
878 467 920 513 sn
934 466 1002 516 ren
1014 468 1055 516 ss
1068 468 1153 515 nora
1172 462 1233 535 759
1248 427 1252 440 ¹
1378 520 1381 527 ,

213 623 265 692 Ad
283 623 547 711 investigandam
576 634 686 694 autem
716 625 876 694 rationem
900 625 1216 714 propositionis'per
1239 648 1477 708 seourupmpmno

146 728 245 810 noio,
265 732 508 800 observandum
527 731 561 800 ln
580 741 787 802 antecessum
806 741 872 800 est:
900 741 946 803 ιθ
958 735 1201 819 propositionem
1214 747 1275 824 per
1312 736 1453 781 ΜΝ·

143 858 176 907 se
192 842 298 906 notam
318 857 384 905 non
408 839 470 908 dici
491 841 635 934 praecise,
656 841 733 925 quia
750 845 824 908 actu
841 848 902 925 per
926 860 960 908 se
976 843 1194 928 cognoscitur,
1212 848 1272 918 sed

144 947 222 1032 quia
247 965 358 1033 perse
375 947 593 1042 cognoscibilis
619 957 681 1016 est.
703 947 796 1016 Sicut
818 950 986 1035 objectum
1008 950 1136 1018 euidens
1153 953 1273 1022 dicitur

144 1073 186 1122 ex
203 1073 256 1132 eo,
277 1055 368 1138 quod
387 1053 623 1123 manifestabile
650 1055 705 1124 sit.
726 1067 776 1122 2.⁰
793 1055 975 1142 Propositio
996 1057 1150 1128 trifariam
1168 1061 1270 1148 accipi
1329 1083 1440 1134 nomo.

145 1169 272 1246 potest:
292 1159 332 1249 α)
351 1179 410 1247 pro
425 1163 649 1231 enuntiatione
668 1161 765 1240 orali,
785 1181 843 1230 seu
863 1165 1073 1249 expressione
1087 1163 1204 1235 interni
1219 1170 1273 1255 ju·

143 1269 218 1338 dicii
246 1268 356 1338 verbis
382 1271 484 1348 lacta,
513 1281 547 1340 et
577 1272 624 1366 sic
645 1269 763 1338 dicitur
785 1273 968 1357 propositio
989 1273 1125 1344 omaro:
1152 1273 1194 1364 β)
1212 1295 1271 1361 pro

145 1378 281 1444 mentali
299 1387 374 1446 actu
394 1377 578 1446 affirmandi
597 1387 654 1446 aut
673 1378 813 1466 negandi
834 1399 939 1447 unum
957 1380 1000 1448 de
1018 1381 1099 1459 alio,
1123 1392 1156 1448 et
1168 1401 1270 1450 uoca-

143 1495 198 1553 tur
207 1485 378 1570 sormoh's:
396 1484 438 1580 γ)
457 1505 516 1570 pro
534 1486 608 1571 ipso
622 1486 811 1554 enuntiabili
829 1488 1011 1573 objectivo,
1031 1505 1090 1556 seu
1111 1507 1172 1575 pro
1195 1489 1271 1559 reali

143 1601 177 1658 et
191 1592 350 1679 objectiva
368 1593 573 1660 connexione
592 1593 826 1670 terminorum,
841 1611 917 1678 quae
932 1613 991 1681 per
1009 1596 1181 1664 formalem
1196 1616 1272 1683 pro·

144 1698 342 1784 positionem
361 1699 558 1778 affirmatur,
587 1709 622 1766 et
644 1720 766 1770 nomen
792 1703 926 1769 sortitur
951 1703 1110 1791 objectiva
1129 1706 1271 1796 proposi·

143 1808 252 1876 tionis.
272 1807 309 1876 Et
335 1808 470 1878 nomine
495 1808 728 1894 propositionis
751 1828 809 1894 per
831 1827 866 1876 se
887 1818 991 1887 notre,
1011 1829 1088 1895 quae
1110 1811 1163 1878 hic
1180 1812 1271 1880 venit

142 1915 351 1994 declaranda,
372 1933 440 1982 non
458 1915 650 2003 intelligitur
668 1916 796 2001 propn'e
805 1917 955 2005 formales
976 1936 1036 1985 nec
1054 1919 1189 1996 vocalis,
1210 1918 1269 1987 sed

143 2023 250 2107 primo
269 2032 302 2089 et
327 2023 537 2110 potissimum
562 2022 734 2110 objectiva.
761 2024 845 2090 Nam
869 2026 938 2091 cde
960 2045 1001 2092 eo
1019 2025 1137 2095 dicitur
1157 2046 1214 2112 per
1233 2045 1269 2100 se

145 2139 279 2208 notum,
308 2132 358 2198 cui
391 2131 550 2217 competit
569 2150 626 2216 per
648 2149 685 2198 se
702 2131 869 2217 cognosci.
891 2131 956 2198 Sed
979 2133 1132 2225 cognosci
1161 2133 1269 2220 primo

142 2249 176 2306 et
203 2256 261 2324 per
288 2257 325 2306 se
350 2236 505 2306 convenit
533 2240 649 2317 rebus,
681 2238 961 2324 propositionibus
997 2250 1110 2308 autem
1147 2241 1268 2308 lorma·

143 2345 227 2412 libus
254 2345 446 2414 secundario
468 2355 502 2414 et
523 2346 647 2414 ratione
674 2365 811 2413 rerum»
839 2343 904 2434 (ι).
930 2346 1141 2432 Quamquam
1165 2349 1270 2415 deno·

143 2451 278 2520 minatio
306 2455 374 2519 haec
403 2453 557 2538 deinceps
584 2453 779 2520 extendatur
801 2455 842 2519 ad
873 2456 1045 2521 formalem
1073 2466 1173 2540 atque
1196 2474 1269 2522 ora·

142 2562 208 2626 lem
234 2560 508 2645 propositionem,
521 2569 636 2645 utpote
651 2579 726 2646 quae
746 2561 840 2648 signa
859 2571 938 2630 sunt
959 2562 1191 2648 propositionis
1209 2563 1268 2631 ob-

138 2668 267 2755 jectivae
285 2665 349 2756 (2).

209 2776 303 2843 Hisce
321 2777 523 2862 praehabitis,
549 2777 728 2864 propositio
747 2796 803 2862 per
823 2797 858 2845 se
884 2787 961 2843 nota
979 2779 1117 2845 describi
1144 2788 1265 2864 potest,
1380 2823 1403 2853 „

142 2904 184 2951 ex
208 2883 479 2952 communissima
497 2885 674 2953 sententia:
700 2885 871 2968 propositio
895 2886 1112 2970 cognoscibilis
1135 2906 1175 2953 ex
1200 2887 1268 2953 suis
1319 2898 1329 2928 ¹
1386 2885 1459 2930 ‘⁵⁰⁰⁵'

141 2996 263 3057 tontum
287 2992 426 3057 terminis
450 2990 609 3080 (intellige
627 2992 814 3078 cognitione
843 2993 940 3076 plena
954 3002 998 3059 ,et
1021 2992 1191 3083 periecta);
1220 2995 1270 3061 ni·
1354 2971 1442 3004 ’Μ

143 3100 264 3165 mirum
279 3100 332 3165 illa
347 3100 538 3185 propositio,
554 3119 630 3184 quae
645 3108 682 3164 ut
695 3109 913 3184 cognoscatur
926 3109 958 3166 et
968 3099 1161 3179 affirmetur,
1174 3102 1268 3169 suffr·

140 3207 183 3273 cit
203 3206 260 3273 rite
278 3208 521 3292 apprehendere
539 3205 699 3273 terminos
718 3207 770 3273 vel
784 3214 951 3285 extrema,
973 3208 1024 3273 vel
1044 3210 1137 3295 cujus
1156 3228 1268 3277 assen-

141 3330 200 3381 sus
219 3315 340 3398 paritur
358 3334 399 3381 ex
416 3317 488 3382 sola
513 3315 730 3395 terminorum
750 3314 878 3380 notitia.
906 3315 1138 3397 Proposiirones
1155 3324 1265 3399 perse

141 3425 221 3487 noto
232 3426 322 3499 nont,
342 3422 448 3507 inquit
462 3422 655 3508 Angelicus,
667 3440 737 3507 quo
752 3422 872 3498 statim,
888 3422 970 3487 notis
985 3422 1139 3500 terminis,
1153 3442 1266 3509 cogno·

138 3532 288 3605 scantur,
308 3533 346 3595 ut
360 3529 478 3597 dr'citur
501 3543 545 3598 r.·
562 3529 774 3596 rasoriorum
793 3528 858 3617 (3).

208 3636 302 3703 Ratio
321 3655 399 3703 vero
418 3636 615 3705 definitionis
633 3646 699 3714 est,
721 3636 797 3721 quia
815 3635 995 3721 propositio
1019 3636 1135 3705 dicitur
1152 3644 1214 3721 per
1234 3659 1267 3706 se

140 3747 217 3810 noto
234 3763 291 3828 per
308 3743 551 3829 oppositionem
572 3745 612 3811 ad
631 3742 887 3829 propositionem
897 3744 1062 3831 peroliud
1074 3749 1191 3813 notam.
1209 3746 1268 3814 At-

141 3851 198 3934 qui
217 3870 274 3935 per
301 3852 388 3919 aliud
414 3853 625 3937 cognoscitur
652 3852 704 3918 illa
735 3852 931 3937 propositio,
960 3851 1011 3920 cui
1035 3861 1073 3919 ut
1101 3854 1267 3938 possimus

141 3959 306 4035 assentiri,
328 3978 393 4026 non
406 3958 527 4027 sufficit
537 3958 696 4027 terminos
710 3960 781 4046 ejus
796 3959 854 4025 rite
868 3958 1049 4046 intelligere
1062 3978 1099 4027 ac
1119 3972 1268 4046 penetra·

176 4301 217 4364 (ι)
254 4295 446 4363 Conimbrie„
463 4295 512 4355 lib.
531 4304 569 4354 1!
582 4297 754 4365 Posterior.,
769 4316 831 4367 cup.
850 4318 881 4369 3,
896 4291 1003 4369 quaest‘.
1019 4316 1046 4366 a,
1061 4310 1118 4357 art.
1135 4317 1162 4356 a.

176 4384 218 4458 (a)
254 4385 331 4444 Vide
346 4384 379 4445 Ρ.
403 4386 611 4457 Christophor.
633 4384 768 4453 Gillium,
791 4386 836 4444 De
858 4404 945 4444 sacro
962 4388 1085 4445 scientio
1103 4389 1180 4447 etde
1193 4390 1265 4460 Deo,

141 4476 192 4535 lib.
211 4496 234 4541 ι,
261 4489 345 4535 tract.
359 4476 392 4547 8,
413 4494 475 4547 cop.
492 4495 524 4542 o,
540 4495 570 4533 n.
590 4496 613 4545 13
634 4474 825 4544 Conimbric.,
848 4475 898 4533 lib.
917 4486 956 4533 1.·
969 4477 1144 4547 Posterior.,
1158 4499 1222 4550 cap.
1239 4502 1264 4552 3,

140 4586 171 4637 q.
187 4586 219 4632 a,
233 4587 261 4625 a.
277 4587 309 4637 ος
325 4564 471 4625 Dominio.
488 4564 609 4635 Sotum,
625 4565 674 4623 lib.
695 4576 733 4622 r.·
745 4566 917 4633 Posterior,
932 4586 996 4638 cup.
1012 4586 1029 4623 a
1043 4580 1072 4627 et
1087 4589 1114 4642 3,
1128 4582 1225 4641 quest
1237 4590 1265 4639 2,

141 4656 180 4713 ad
197 4675 313 4729 argum.
328 4666 400 4729 9.¹¹,
416 4653 467 4713 ubi
479 4674 526 4714 res
540 4654 604 4713 suso
616 4668 646 4713 et
659 4654 769 4727 optime
782 4654 957 4713 declaratur.
1065 4731 1067 4738 Ι

180 4750 220 4817 (3)
258 4744 325 4804 Lib.
341 4755 384 4817 4.·
398 4745 640 4820 Metophysicor.,
655 4744 719 4804 lece
738 4762 768 4817 5,
784 4742 835 4802 tin.
