3492 5525
559 508 617 572 2¹4
757 490 883 556 Loorca
904 489 1154 556 Minoa-urso.
1174 505 1216 556 r.·
1232 490 1312 555 Car.
1332 503 1402 576 μω

517 676 727 745 continentur
744 677 944 754 Alcibiades,
961 678 1103 743 Achilles
1119 685 1153 742 et
1171 677 1255 759 Aiax
1272 675 1502 754 Telamonius,
1522 677 1579 760 qui
1597 675 1639 742 ita

517 785 594 852 dicti
612 796 689 852 sunt
705 784 919 871 magnanimi,
932 792 969 851 ut
982 784 1102 852 tuerint
1112 784 1233 850 similes
1244 785 1278 850 in
1288 786 1362 860 hoc,
1379 785 1469 869 quod
1484 786 1564 850 serre
1575 802 1641 850 non

519 902 696 979 potuerunt
710 893 854 981 injurias.
867 892 1051 965 Alcibiades
1063 892 1150 958 enim
1167 910 1233 958 non
1246 893 1501 961 lerensAtbenis
1514 893 1639 979 Lysiam

518 1001 580 1068 sibi
598 1002 756 1086 praeferri,
777 1002 894 1067 defecit
908 1001 948 1067 ad
963 999 1243 1078 Lacedaemonlos,
1264 1008 1298 1065 et
1315 1001 1439 1068 bellum
1458 1000 1567 1066 intulit
1585 1019 1641 1084 pa-

518 1109 600 1190 triae3
615 1109 759 1176 Achilles
770 1109 814 1176 ob
829 1119 958 1194 raptum
979 1108 1039 1177 sibi
1061 1109 1102 1174 ab
1126 1110 1378 1194 Agamemnone
1392 1108 1567 1174 Briseidem
1585 1109 1643 1173 ab

517 1215 633 1284 stinuit
658 1217 761 1298 bello;
785 1217 868 1303 Ajax
886 1218 930 1282 ob
951 1216 1105 1304 Ulyssem
1130 1216 1190 1282 sibl
1205 1218 1375 1298 praelatum
1399 1216 1431 1282 in
1447 1216 1641 1300 accipiendis

452 1327 466 1352 ‘
518 1325 617 1391 armis
631 1324 764 1390 Achillis
778 1325 923 1408 seipsum
938 1323 1108 1391 interfecit.
1126 1324 1159 1389 ln
1174 1324 1317 1390 secunda
1326 1325 1430 1389 classe
1444 1332 1522 1390 sunt
1531 1323 1642 1390 Socra-

517 1442 569 1499 tes
587 1440 619 1497 et
638 1431 889 1519 Lysander,gui
908 1431 982 1498 dicti
1002 1440 1081 1498 sunt
1100 1431 1317 1516 magnanimi,
1338 1439 1371 1496 et
1384 1439 1495 1496 tamen
1510 1433 1641 1497 luerunt

518 1541 694 1607 tolerantes
712 1539 914 1626 injuriarum,
930 1539 1078 1622 adeoque
1096 1540 1228 1605 suerunt
1242 1538 1416 1605 dissimiles
1429 1559 1449 1603 a
1461 1539 1565 1605 tribus
1580 1539 1643 1622 pri-

399 1648 402 1655 ’
519 1647 600 1723 mis,
625 1647 683 1713 sed
705 1649 838 1713 luerunt
856 1647 980 1713 similes
997 1646 1080 1712 inter
1099 1665 1134 1712 se
1158 1646 1191 1711 in
1210 1647 1290 1722 hoc,
1314 1646 1405 1729 quod
1421 1646 1588 1730 aequaliter
1606 1664 1642 1711 se

467 1781 472 1789 ⁴
518 1754 720 1829 babuerunt,
740 1762 813 1819 tunr
837 1753 870 1819 in
893 1753 990 1820 rebus
1009 1754 1161 1820 secundis
1178 1764 1253 1820 tum
1279 1754 1311 1819 in
1331 1753 1488 1819 adversis.
1509 1753 1566 1820 llis
1584 1771 1643 1838 ρο-Δ

517 1860 589 1928 sitis
617 1861 851 1944 quaerendum:
879 1863 1042 1954 aequalitas
1066 1862 1102 1927 in
1127 1861 1269 1927 adversis
1290 1877 1328 1926 ac
1352 1861 1497 1927 secundis
1521 1871 1553 1927 et
1577 1880 1642 1925 non
1726 1947 1727 1954 ἵ

518 1969 684 2035 tolerantia
711 1969 923 2056 injuriarum,
956 1969 1185 2036 conveniantne
1211 1969 1246 2032 in
1272 1967 1379 2052 aliquo
1405 1986 1468 2033 uno
1492 1987 1536 2034 an
1560 1969 1643 2034 non?

431 2123 445 2152 ,
517 2075 550 2142 Si
570 2093 637 2141 non
655 2076 869 2153 conveniunt,
898 2096 977 2161 ergo
995 2087 1075 2142 sunt
1092 2078 1166 2143 duae
1185 2077 1309 2160 species
1329 2096 1366 2141 ac
1387 2075 1460 2140 duae
1479 2073 1642 2140 delinitio·

328 2206 332 2213 ·
384 2203 393 2247 ¹.
520 2201 577 2248 nes
597 2182 892 2268 magnanimitatis,
918 2201 955 2249 ac
979 2183 1114 2267 proinde
1139 2183 1391 2268 magnanimitas
1408 2182 1523 2250 dicitur
1541 2181 1643 2265 aequi-

224 2372 238 2401 ο
335 2289 342 2301 ’
411 2276 479 2406 's'
518 2309 612 2358 voce.
629 2288 663 2356 Si
682 2291 904 2366 conveniunt,
920 2290 953 2357 id
968 2290 1026 2358 erit
1043 2289 1190 2358 delinitio
1204 2301 1238 2358 et
1249 2289 1414 2374 quidditas
1427 2290 1644 2375 magnanimi-

518 2395 606 2466 tatis.
622 2397 662 2463 Et
676 2398 754 2482 quia
767 2397 970 2488 magnanimi
989 2398 1189 2465 conveniunt
1204 2397 1238 2463 in
1253 2400 1330 2474 boc,
1347 2399 1436 2482 quod
1455 2398 1643 2464 existimant

499 2527 503 2534 ·
519 2523 555 2573 se
572 2507 690 2592 dignos
714 2507 860 2592 magnis,
885 2508 1027 2591 ideoque
1044 2507 1180 2590 quidam
1200 2525 1266 2573 non
1287 2509 1395 2574 terunt
1410 2518 1642 2592 contemptum

517 2624 551 2681 et
578 2614 727 2701 injurias,
758 2615 808 2681 alii
836 2623 970 2699 propter
1001 2614 1171 2700 idipsum
1197 2615 1425 2699 aequanimiter
1456 2632 1493 2680 se
1519 2615 1644 2680 habent
1726 2621 1727 2624 ’

517 2723 551 2789 in
563 2721 708 2790 adversis
722 2742 760 2790 ac
782 2723 952 2800 secundis,
969 2740 1044 2807 quae
1062 2723 1246 2807 despiciunt
1267 2732 1383 2809 utpote
1405 2721 1553 2789 interiora
1572 2740 1644 2786 ma-

441 2903 447 2913 ,
517 2830 689 2917 gnitudine
706 2847 783 2912 sua;
810 2830 884 2896 ideo
909 2830 1056 2897 definitio
1082 2830 1361 2915 magnanimitatis
1380 2839 1446 2897 est:
1466 2830 1570 2895 virtus
1582 2836 1645 2912 per

517 2956 611 3024 quam
623 2938 694 3023 quis
706 2956 740 3003 se
757 2936 886 3021 rignum
899 2938 1207 3022 existimotmagnisn
1228 2935 1241 3026 (
1267 2935 1292 3025 ).

585 3046 631 3111 Ex
649 3044 700 3112 bis
718 3045 849 3111 duobus
868 3045 977 3112 modis
999 3046 1140 3112 venandi
1164 3045 1364 3112 delinitionis
1387 3044 1514 3130 primus
1537 3045 1643 3129 aptior
1724 3104 1725 3123 ,

518 3161 570 3219 est
587 3152 781 3239 disciplinae,
804 3162 995 3237 naturaeque
1013 3152 1116 3220 ordini
1135 3154 1354 3229 conveniens,
1374 3154 1541 3219 secundus
1563 3172 1643 3218 vero

519 3259 699 3328 inventioni
719 3278 825 3344 eoque
843 3279 932 3345 saepe
951 3278 1031 3327 usus
1050 3269 1101 3326 est
1119 3259 1269 3327 Socrates
1288 3260 1376 3346 apud
1394 3262 1583 3335 Platonem,
1605 3268 1644 3324 ut
1724 3286 1725 3345 l

519 3368 629 3436 scribit
652 3367 765 3434 Petrus
784 3370 927 3435 Fonseca
944 3366 1008 3458 (2).
1035 3370 1199 3435 Ceterum
1223 3370 1312 3434 nulla
1333 3367 1403 3434 steri
1428 3376 1513 3434 recte
1531 3376 1643 3452 potest

519 3475 665 3544 definitio
679 3475 720 3542 ab
739 3496 796 3555 eo,
816 3476 872 3561 qui
888 3477 1018 3561 penitus
1037 3486 1186 3543 naturam
1205 3476 1249 3544 rei
1265 3495 1331 3543 non
1346 3474 1550 3560 cognoverit.

325 3697 442 3781 ‚mli
564 3692 619 3757 81.
667 3690 841 3758 Scitotmn.
861 3693 936 3758 Non
960 3709 1031 3757 raro
1054 3691 1166 3759 audies
1185 3694 1267 3758 torte
1286 3692 1420 3759 axioma
1442 3690 1644 3776 philosophi·
1723 3708 1724 3717 ¹

317 3768 492 3886 Jssfflffi
517 3817 593 3865 cum
604 3798 779 3883 respiciens
792 3798 1137 3883 definitionem,quod
1151 3800 1304 3866 nimirum
1313 3800 1407 3865 verba
1418 3798 1643 3887 indefinitione
1723 3786 1724 3836 Ὗ

313 3910 495 3965 animatione.
515 3908 668 3973 sumenda
684 3910 762 3972 sunt
774 3906 1037 3989 aptitcdinaliter.
1061 3908 1163 3993 Cujus
1186 3906 1345 4013 proloquii
1369 3908 1456 3991 hunc
1476 3926 1548 3973 esse
1566 3926 1644 3974 sen-

519 4034 593 4081 sum
613 4014 766 4090 arbitror,
791 4014 1015 4080 definitionem
1039 4014 1222 4099 exprimere
1245 4023 1394 4081 naturam
1418 4034 1455 4081 ac
1477 4016 1642 4081 naturales

519 4124 564 4188 rei
584 4121 764 4207 exigendas
782 4130 816 4187 et
834 4121 1058 4188 inclinationes
1082 4123 1134 4188 vel
1157 4122 1370 4207 aptitudines,
1395 4122 1643 4208 praescindendo

518 4228 660 4315 abhoc,
680 4230 771 4314 quod
784 4237 859 4295 actu
878 4228 941 4295 illae
956 4228 1114 4307 existant,
1135 4250 1250 4296 necne.
1272 4229 1358 4298 Cum
1378 4230 1465 4296 enim
1484 4226 1645 4297 definitio

519 4336 570 4402 nis
594 4334 740 4402 osticium
763 4337 806 4403 sit
828 4355 936 4402 rerum
962 4337 1121 4403 essentias
1144 4337 1321 4413 declarare,
1351 4334 1501 4403 essentlae
1529 4345 1641 4402 autem

519 4461 627 4510 rerum
646 4454 824 4510 creatarum
839 4445 892 4510 vel
907 4443 1094 4511 creabilium
1109 4442 1343 4530 praescindant,
1359 4452 1521 4529 quantum
1536 4452 1585 4511 est
1599 4444 1643 4510 de
1721 4524 1722 4527 Ἴ

552 4717 594 4779 (ι)
630 4709 758 4784 Sylvest.
773 4712 872 4771 Mauri
886 4724 929 4772 a.⁰
942 4714 1104 4772 Posterior.
1124 4726 1194 4773 text.
1209 4732 1254 4783 22,
1270 4734 1300 4772 n.
1318 4734 1360 4787 ¹9·

552 4805 594 4869 (a)
628 4802 725 4861 Instit.
741 4802 873 4861 Dialect.
889 4802 947 4891 lib.¹
958 4822 987 4877 5.
1002 4822 1067 4875 cap.
1081 4825 1108 4877 7.
