3492 5525
309 464 425 527 Anne.
451 478 510 542 μ’
531 464 722 527 Samunun
742 481 860 527 vanua
882 481 1062 527 cnrnarnnn
1153 474 1209 544 557

196 647 351 713 Praeterea
369 626 449 712 ratio
468 646 566 731 hujus
594 645 637 711 rei
665 665 719 712 me
746 646 841 729 plane
875 646 1161 714 convincenshaec
1184 652 1248 719 est,

122 752 220 836 quia,
234 762 275 819 ut
291 754 441 837 superius
463 752 652 820 dicebamus
671 750 741 841 (ι),
770 754 938 839 objectum
966 753 1102 820 evidens
1123 762 1173 820 est
1193 751 1252 818 ob·

116 862 248 947 jectum
277 860 557 945 proportionatum
577 862 702 945 riteque
724 862 940 945 applicatum,
963 880 1000 927 ac
1018 859 1155 946 proinde
1174 877 1251 943 pro-

128 966 329 1052 priissimum
361 966 514 1052 potentiae
541 967 787 1053 cognoscitivae,
816 969 907 1051 quod
940 968 1068 1053 penitus
1097 968 1185 1034 illam
1211 966 1252 1032 ad

128 1074 368 1141 ineluctabilem
389 1092 559 1141 assensum
579 1075 787 1143 determinat.
808 1075 852 1140 At
866 1074 1034 1160 objectum
1049 1072 1251 1160 hujusmodi,

130 1182 193 1249 nisi
212 1182 351 1249 velimus
370 1183 538 1249 facultates
558 1194 684 1251 nostras
706 1200 838 1267 prorsus
859 1183 987 1248 fallaces
1003 1201 1076 1248 esse
1095 1192 1194 1265 atque
1212 1180 1254 1245 ad

128 1290 232 1357 sanem
252 1308 350 1357 suum
370 1290 606 1375 ineptissimas
625 1292 738 1374 nequit
753 1310 818 1357 non
843 1290 1013 1359 verissinie
1036 1288 1251 1376 apprehendi.

129 1399 216 1484 Ergo
241 1397 440 1481 ubicumque
468 1416 577 1464 coram
601 1398 694 1465 adest
717 1398 883 1483 objectum
908 1418 983 1465 vere
1009 1397 1160 1474 evidens,
1183 1415 1255 1463 cet·

129 1504 248 1573 tissimi
286 1523 357 1571 esse
380 1506 553 1582 debemus,
581 1506 670 1590 quod
697 1506 854 1591 cognitio,
883 1508 926 1573 ad
953 1507 1033 1577 illud
1066 1504 1251 1581 terminata,

131 1611 315 1679 necessario
340 1612 509 1679 verissima
527 1613 580 1679 sit.

199 1717 313 1803 Neque
338 1738 415 1785 vero
443 1720 495 1785 hic
513 1720 610 1787 etiam
635 1720 770 1788 ulterius
794 1730 883 1807 patet
911 1739 1060 1788 recursus
1090 1720 1131 1786 ad
1158 1719 1253 1784 aliam
1338 1750 1341 1757 ·

127 1826 332 1912 superiorem
354 1827 526 1894 rationem.
547 1828 670 1895 Poteris
689 1828 823 1911 quidem
848 1830 1064 1915 interrogare,
1085 1828 1252 1911 quodnam

129 1936 177 2001 sit
203 1935 376 2001 dicendum
396 1935 561 2020 objectum
582 1935 733 2013 evidens,
765 1946 798 2002 et
816 1937 1005 2021 responderi
1037 1933 1156 2021 poterit
1181 1951 1255 1999 esse

129 2040 229 2119 illud,
250 2028 339 2125 quod
358 2042 480 2109 lumine
511 2042 694 2111 intellectus
721 2045 848 2130 agentis
873 2045 1069 2121 illustratur,
1099 2042 1256 2125 quemad-

132 2150 273 2221 modum
294 2168 398 2234 nuper
420 2151 657 2217 declaravimus
686 2170 727 2218 ex
749 2151 897 2238 Angelici
916 2151 1064 2219 Doctoris
1081 2149 1254 2225 sententia,

131 2258 187 2323 vel
206 2258 302 2323 etiam
322 2257 418 2333 ilud,
444 2259 484 2324 ad
503 2260 594 2341 quod
616 2268 708 2327 actus
727 2259 860 2327 evidens
888 2260 1092 2327 terminatur.
1113 2260 1188 2325 Non
1208 2265 1257 2322 ta-

131 2382 212 2430 men
239 2365 359 2451 poteris
378 2366 560 2450 inquirere,
585 2386 644 2433 cur
669 2367 833 2453 objectum
861 2368 998 2435 evidens
1023 2366 1064 2433 sit
1083 2367 1118 2431 in
1148 2365 1258 2449 seipso

129 2472 215 2551 tale,
244 2474 339 2555 quale
363 2473 404 2538 ab
431 2473 595 2540 intellectu
625 2484 737 2540 nostro
768 2474 972 2556 enuntiatur3
1003 2474 1079 2558 quia
1104 2471 1260 2557 quidquid

128 2579 260 2645 evinas
279 2582 341 2656 est,
358 2596 467 2645 venam
480 2584 528 2645 est
543 2578 607 2668 (a),
627 2581 725 2664 idque
743 2582 1027 2651 evidentissimum
1047 2576 1147 2665 atque
1165 2578 1260 2645 inde·
1292 2574 1295 2581 ‘

130 2687 347 2753 monstrabile
360 2706 432 2753 esse
446 2688 594 2773 superius
607 2689 819 2774 probavimus
833 2686 898 2777 (3).

180 2801 295 2863 Dices.
343 2793 530 2862 Secundum
551 2798 633 2862 hanc
651 2797 830 2864 doctrinam
849 2797 977 2863 videtur
995 2795 1110 2861 ultima
1129 2794 1261 2860 ratioet

130 2902 298 2969 criterium
316 2903 459 2970 veritatis
478 2923 514 2970 ac
541 2903 703 2971 motivum
728 2903 855 2970 reflexae
882 2903 1083 2970 certitudinis
1101 2921 1174 2969 esse
1202 2920 1261 2986 po-

131 3011 201 3076 tius
219 3010 424 3077 veracitatem
445 3012 633 3078 facultatum
653 3011 962 3098 cognoscitivarum.

204 3124 308 3202 Resp.
329 3137 402 3202 neg.
431 3128 609 3196 assertum,
639 3119 714 3204 quia
740 3119 896 3187 veracitas
915 3121 1103 3186 facultatum
1133 3107 1273 3184 nostra·'

133 3244 210 3292 rum
232 3244 297 3291 non
320 3225 472 3310 impedit,
494 3228 671 3311 quominus
690 3247 777 3312 saepe
796 3244 959 3310 erremus3
985 3245 1084 3311 quate
1104 3227 1173 3292 haec
1192 3226 1261 3290 sola

133 3333 250 3416 nequit
277 3332 379 3399 afferri
408 3344 577 3418 tamquam
612 3335 691 3401 ratio
719 3335 860 3402 veritatis
886 3335 1110 3422 cognitionum
1137 3341 1262 3399 nostra·

134 3460 223 3507 rum.
259 3441 303 3506 At
339 3441 414 3525 quia
450 3443 619 3510 facultates
656 3452 775 3510 nostrae
811 3443 893 3509 circa
927 3443 1091 3528 objectum
1128 3440 1262 3506 evidens

133 3547 274 3618 deficere
294 3558 477 3632 nequeunt,
504 3551 576 3616 ideo
597 3569 663 3617 non
681 3551 860 3636 generatim
881 3537 1036 3616 veracita's
1059 3547 1260 3623 facultatum,

132 3655 196 3722 sed
211 3655 374 3740 objectum
389 3657 539 3737 evidens,
558 3657 639 3724 circa
649 3659 737 3742 quod
746 3659 799 3724 illa
807 3660 916 3725 locum
932 3656 1136 3723 infallibiliter
1151 3655 1261 3730 habet,

133 3771 189 3828 est
206 3763 368 3830 criterium
390 3765 543 3831 ultimum
562 3765 716 3832 veritatis

206 3869 385 3938 Dicendum
411 3873 519 3956 itaque
537 3871 675 3942 videtur.
693 3872 759 3939 veri
788 3870 932 3940 nominis
950 3869 1165 3947 evidentiam,
1191 3868 1262 3936 sive

133 3976 332 4062 objectivam
358 3978 426 4045 sive
445 3979 676 4066 subjectivam,
701 3997 773 4046 esse
794 3978 973 4046 criterium.
991 3980 1076 4046 Nam
1096 3977 1260 4064 objectum

134 4085 290 4163 evidens,
311 4085 386 4152 licet
414 4105 490 4153 cum
517 4087 678 4153 evidentia
698 4088 876 4173 subjectiva
898 4093 1126 4162 connectatur,
1158 4084 1265 4151 adhuc

135 4191 304 4278 praecisive
329 4193 370 4259 ab
394 4195 464 4270 illa,
496 4195 580 4280 gerit
612 4195 643 4261 in
676 4211 711 4261 se
742 4193 887 4261 veritatis
918 4195 1143 4280 signaculum,
1176 4193 1262 4258 sicut

135 4321 173 4368 v.
193 4319 228 4384 g.
244 4299 411 4386 objectum
431 4304 610 4370 revelatum
631 4303 663 4368 in
682 4321 717 4369 se
732 4301 804 4388 ipso
823 4302 922 4368 habet
941 4301 1154 4369 necessariam
1179 4298 1263 4366 veri·

172 4573 214 4636 (r)
251 4569 340 4628 Num.
356 4571 402 4645 67,
417 4569 463 4628 68.

175 4663 217 4726 (a)
254 4657 352 4732 Supra
367 4679 397 4720 n.
412 4677 457 4734 74·

172 4746 214 4821 (a)
250 4747 339 4808 Num.
359 4767 404 4824 75·
