3492 5525
552 468 611 534 218
740 469 869 533 Locren
888 410 1136 532 Minox-Dap.
1165 480 1206 530 1.·
1228 467 1306 532 Cae.
1333 479 1403 550 sem

423 696 445 802 ἶ
511 656 613 723 totius
636 620 928 741 potentialis3fflea
945 652 1033 718 enim
1052 650 1310 853 universalis?
1329 669 1403 735 pars
1420 653 1635 736 comprehen-

511 762 612 830 sionis
626 760 816 829 inieriorum
836 760 899 827 sub
913 760 966 826 iila
979 769 1211 826 contentorum
1231 745 1261 846 (ι

311 884 477 967 νηξψςῑω
555 872 611 952 84.
657 868 741 946 Quae
771 888 846 936 cum
872 867 916 933 ita
941 866 1018 944 sint,
1040 865 1209 932 divisionis
1231 851 1306 938 duae
1335 875 1475 951 possunt
1500 865 1634 952 eogitari

326 956 461 1081 iffi*
509 978 652 1062 species,
667 976 802 1044 uitalis
824 985 858 1042 et
867 975 1058 1060 palatualis.
1080 974 1225 1040 Actualis
1250 984 1300 1041 est
1323 973 1439 1041 divisio
1457 974 1559 1042 totius
1578 975 1635 1040 ali·
1726 983 1727 1004 ¹

510 1089 604 1172 cujus
621 1078 998 1169 actuali's3dispescique
1012 1089 1120 1167 potest
1136 1083 1169 1148 in
1184 1083 1364 1167 integralem
1377 1093 1410 1150 et
1428 1082 1633 1152 essentiam.

510 1195 678 1280 integralis
701 1203 751 1260 est
769 1193 887 1259 divisio
905 1191 1006 1257 totius
1032 1190 1064 1256 in
1084 1198 1193 1274 partes
1213 1190 1428 1276 integrantes3
1454 1191 1635 1258 essentialis

511 1301 544 1367 in
559 1311 666 1386 partes
681 1299 883 1368 essentiales.
902 1299 979 1364 Haec
996 1297 1114 1365 iterum
1127 1298 1265 1382 partitur
1278 1299 1310 1364 in
1322 1297 1486 1380 physicam
1498 1307 1531 1364 et
1544 1301 1637 1366 nata-

505 1408 682 1492 physicam:
691 1407 814 1476 divisio
829 1406 1009 1474 essentialis
1023 1405 1158 1493 physica
1174 1417 1224 1474 est
1235 1425 1288 1482 ea,
1304 1425 1379 1490 quae
1392 1405 1430 1472 iit
1445 1406 1477 1473 in
1488 1406 1637 1472 membra

511 1516 693 1583 essentialia
707 1516 832 1581 realiter
851 1516 936 1582 inter
950 1533 985 1580 se
1007 1514 1158 1581 distincta
1177 1523 1207 1580 et
1227 1514 1392 1596 secabilia;
1413 1514 1636 1602 metaphysica

511 1632 561 1690 est
574 1625 643 1699 illa,
659 1642 724 1707 qua
734 1623 856 1707 aliquid
865 1621 1067 1689 distribuitur
1076 1621 1110 1688 in
1121 1629 1228 1705 partes
1238 1623 1306 1688 sola
1316 1621 1440 1688 ratione
1454 1621 1633 1688 distinctas.

369 1781 396 1810 ω,
408 1765 428 1811 1,
438 1767 465 1812 ὴ,
579 1729 699 1798 Divisio
720 1730 903 1814 potentialis
932 1739 983 1796 est
1008 1729 1123 1796 divisio
1142 1729 1243 1796 totius
1267 1729 1469 1814 potentialis,
1492 1748 1552 1796 seu
1578 1729 1636 1794 de-

511 1856 648 1906 scensus
674 1846 708 1903 et
721 1838 900 1904 contractio
915 1837 1047 1904 rationis
1066 1837 1254 1904 communis
1272 1837 1305 1902 in
1328 1837 1477 1903 interiora
1498 1855 1556 1922 per
1580 1838 1636 1902 ad·

507 1946 682 2034 jectionem
693 1946 881 2012 differentiae
895 1945 1040 2030 alicujus:
1055 1945 1142 2012 unde
1156 1943 1205 2020 nt,
1219 1953 1254 2010 ut
1265 1945 1345 2010 ratio
1355 1944 1408 2011 illa
1418 1944 1637 2011 siccontracta

511 2057 563 2122 vel
582 2054 703 2130 divisa,
728 2062 868 2136 nequeat
892 2053 1055 2137 praedicari
1083 2053 1124 2118 de
1153 2053 1321 2129 omnibus,
1341 2053 1522 2137 dequibus
1546 2055 1637 2137 prius
1727 2083 1728 2114 i

510 2171 586 2230 ante
613 2163 803 2248 hujusmodi
826 2161 1021 2228 divisionem
1051 2161 1308 2254 praedicabatur„
1319 2160 1370 2226 Sic
1389 2162 1509 2227 animal
1534 2171 1572 2228 ut
1590 2161 1637 2226 sic

510 2269 702 2356 praedicatur
719 2278 791 2335 tum
809 2270 851 2333 de
867 2267 1000 2334 homine
1019 2277 1091 2335 tum
1106 2269 1147 2334 de
1161 2268 1275 2350 bruto;
1296 2267 1417 2334 animal
1437 2287 1516 2334 vero
1538 2269 1638 2334 ratia-

509 2381 582 2444 nale
596 2387 652 2444 aut
669 2377 854 2443 irrationale
872 2395 939 2442 non
953 2376 1095 2460 amptius
1110 2375 1225 2442 retinet
1249 2375 1402 2444 eamdem
1427 2376 1639 2461 praedicabili-

510 2493 629 2562 tatem‚
651 2465 752 2569 quam
772 2483 891 2550 animal
906 2482 1109 2566 simpliciter.

578 2593 710 2677 Triplex
732 2611 829 2676 porro
858 2599 907 2656 est
930 2590 1047 2657 divisio
1077 2592 1274 2674 potentialis:
1300 2589 1338 2680 α)
1367 2590 1484 2658 divisio
1507 2588 1637 2676 generis

307 2714 328 2744 ¹¹¹
360 2700 367 2744 ῑ
392 2698 489 2782 leiti·
511 2701 633 2770 latioris
659 2701 692 2767 in
712 2701 822 2767 minus
841 2702 904 2769 lata
925 2709 958 2766 et
978 2699 1186 2777 universalia,
1208 2700 1313 2783 qualis
1341 2709 1390 2767 est
1418 2698 1535 2767 divisio
1559 2701 1638 2767 sub-

375 2786 470 2817 ⁶¹¹'³¹⁸‘
511 2810 638 2877 stantiae
656 2808 689 2875 in
702 2809 898 2891 spiritualem
918 2816 951 2873 et
968 2816 1164 2891 corpoream:
1191 2806 1225 2895 β)
1244 2808 1373 2893 generis
1393 2805 1425 2873 in
1445 2806 1569 2893 species
1588 2809 1639 2875 in-

510 2917 619 2995 fimas,
641 2935 708 3001 quo
732 2928 826 3000 pacto
846 2916 966 2983 animal
984 2915 1179 2991 irrationale,
1200 2914 1298 2981 dividi
1320 2925 1427 2999 potest
1447 2916 1479 2983 in
1505 2918 1635 2995 leonem,
1728 2936 1729 2953 ¹

510 3043 635 3111 equam,
650 3042 771 3099 canem,
792 3034 856 3092 etc.
882 3033 915 3090 et
933 3040 1052 3108 corpus
1067 3022 1207 3106 simplex
1226 3022 1257 3089 in
1273 3023 1473 3107 oryganum,
1490 3024 1638 3107 tyaroge-
1728 3082 1729 3095 ,

511 3131 601 3199 nium
626 3140 660 3199 et
685 3139 817 3207 cetera,
847 3149 912 3215 que
940 3128 1097 3196 Chimicis
1127 3130 1326 3197 recensenda
1345 3130 1570 3214 relinquimus:
1599 3130 1637 3223 γ)

475 3249 479 3260 ·
511 3238 630 3324 speciei
659 3236 783 3304 infimae
806 3239 839 3304 in
858 3236 1040 3303 individua:
1067 3237 1112 3303 sic
1140 3238 1241 3303 homo
1268 3237 1422 3304 dividitur
1440 3237 1473 3303 in
1493 3240 1635 3315 Petrum,

511 3348 664 3425 Paulum,
683 3348 863 3428 Andream,
884 3353 947 3413 ete.
969 3345 1044 3411 Haec
1063 3352 1176 3411 tamen
1192 3346 1306 3410 ultima
1327 3344 1451 3430 species
1466 3345 1636 3414 divisionis

512 3454 697 3540 potentialis
721 3453 897 3520 scientifica
925 3472 991 3519 non
1022 3460 1088 3529 est,
1112 3471 1188 3518 narn
1214 3453 1359 3521 scientie
1379 3472 1445 3519 non
1470 3454 1638 3538 disputant

512 3565 553 3630 de
572 3561 759 3629 individuis.

578 3671 663 3737 Nota
690 3678 801 3735 autem
831 3688 948 3735 omnes
974 3671 1031 3734 has
1056 3668 1201 3734 diversas
1225 3669 1349 3751 species
1367 3664 1536 3737 divisionis
1563 3671 1637 3738 neri

378 3813 440 3858 apo
512 3780 564 3845 vel
590 3785 650 3860 per
664 3795 697 3843 se
715 3778 766 3843 vei
780 3785 840 3859 per
856 3778 1014 3843 accidens.
1041 3776 1083 3840 Ea
1104 3784 1154 3841 est
1173 3775 1290 3841 divisio
1309 3796 1366 3860 per
1384 3795 1432 3853 se,
1453 3796 1528 3862 quae
1547 3778 1585 3845 fit
1605 3780 1640 3847 in

342 3900 419 3966 ψ
453 3899 477 3930 ⁶¹
512 3894 636 3969 partes,
660 3902 736 3968 quae
760 3884 883 3949 ratione
907 3884 957 3951 sui
980 3884 1183 3949 conveniunt
1200 3884 1277 3960 toti,
1299 3902 1356 3951 seu
1372 3884 1405 3950 in
1425 3885 1546 3969 quibus
1571 3907 1641 3956 non

343 3971 390 4001 ’ω
419 3972 453 4001 ⁰*
513 3990 707 4077 exprimitur
729 3992 850 4075 aliquid
869 3992 1077 4057 accidentale.
1106 3990 1229 4057 Divisio
1249 4009 1328 4058 vero
1348 4012 1404 4076 per
1423 3994 1570 4061 accidens
1588 4004 1643 4063 est

513 4122 568 4177 ea,
590 4118 668 4197 'quae
693 4099 731 4165 sit
757 4099 790 4165 in
812 4099 977 4177 membra,
1003 4099 1035 4165 in
1054 4098 1175 4182 quibus
1194 4100 1386 4181 exprimitur
1413 4085 1535 4186 aliquid
1567 4101 1643 4191 (aut

514 4208 592 4292 ipsis
610 4216 667 4273 aut
681 4203 757 4293 toti)
770 4207 980 4273 accidentale.
996 4207 1151 4290 Exempla
1162 4204 1360 4273 divisionum
1377 4210 1533 4277 hactenus
1544 4211 1643 4278 allata

514 4316 683 4382 continent
700 4314 812 4380 omnia
833 4314 1029 4381 divisionem
1050 4332 1107 4399 per
1127 4333 1175 4381 se.
1200 4314 1318 4398 Accipe
1343 4334 1442 4394 nunc,
1468 4318 1495 4384 si
1518 4319 1641 4402 placet,

515 4424 668 4506 exempla
683 4421 882 4488 divisionum
898 4422 1089 4489 earumdem
1108 4441 1165 4506 per
1183 4422 1344 4489 accidens:

550 4675 593 4737 (1)
629 4670 694 4818 (gir.
713 4668 747 4730 S.
767 4670 825 4728 Th.
848 4692 859 4728 t
884 4692 914 4743 p.
930 4692 959 4744 q.
974 4672 1020 4744 ὃς,
1037 4692 1063 4729 a.
1081 4690 1106 4745 3.
1123 4670 1159 4729 ad
1181 4680 1243 4729 a.'¹¹
1256 4689 1265 4741 ς
1278 4683 1320 4745 7.⁰
1334 4672 1500 4751 Metaphys.
1517 4674 1581 4734 leet.
1598 4698 1645 4751 13,

516 4781 618 4837 μηδ·
653 4804 660 4818 ·
