3492 5525
411 484 417 501 .
543 452 599 537 508
668 452 788 519 Locren
806 455 1036 529 Maron-istu.
1058 439 1389 535 1.⁰⁸,Dtsu.a.·Cno.
1409 472 1480 539 μω

498 640 699 707 evidentium
722 640 957 724 patrimonium
983 652 1044 709 est.
1065 641 1159 709 Unde
1177 659 1424 725 quemeumque
1441 652 1549 709 aetum
1565 646 1626 709 ob-

498 766 629 813 scutum
649 755 746 832 atque
765 748 1004 825 inevidentem,
1025 768 1065 813 eo
1084 749 1155 833 ipso
1165 747 1326 815 incertum
1338 800 1346 824 ,
1358 748 1496 834 ideoque
1507 761 1626 818 natura

498 873 556 920 sua
567 854 729 921 tallibilem
740 905 749 931 ,
760 856 1008 923 existimabant.
1020 856 1139 942 Operae
1149 854 1289 941 pretium
1301 854 1410 940 itaque
1423 868 1475 924 est
1488 858 1626 925 certitu·

497 962 582 1030 dinis
600 962 780 1030 tractationi
800 964 1058 1049 disputationem
1078 964 1120 1030 de
1137 964 1300 1031 evidentia
1318 966 1526 1033 subnectere.

882 1192 1185 1269 ARTICULUS
1209 1194 1238 1267 Ι.

701 1346 827 1421 Quid
845 1350 892 1409 et
908 1345 1164 1427 quotuplex
1182 1307 1436 1409 evidentia..
1526 1424 1531 1431 Ι

545 1520 600 1606 67.
648 1522 825 1589 Evidentiae
858 1523 1013 1598 nomine,
1046 1540 1122 1589 cum
1161 1521 1268 1607 agitur
1303 1523 1344 1586 de
1380 1522 1624 1607 cognitionibus

501 1632 636 1708 nostris,
658 1648 775 1696 omnes
794 1622 984 1715 intelligunt
998 1628 1177 1695 claritatem
1197 1638 1230 1694 et
1256 1630 1535 1713 perspicuitatem,
1556 1650 1625 1713 qua

499 1740 663 1823 objectum
696 1738 797 1804 menti
826 1738 1053 1804 contuendum
1079 1737 1272 1821 proponitur
1294 1736 1336 1801 ab
1364 1756 1469 1820 eaque
1496 1738 1623 1821 perspi-

498 1848 580 1914 citur
609 1844 672 1934 (t).
704 1845 875 1929 Habetque
902 1864 968 1910 vox
994 1844 1218 1928 metaphoram
1248 1865 1265 1908 a
1294 1845 1365 1910 visu
1394 1846 1618 1929 desumptam.

497 1953 787 2031 Quemadmodum
821 1953 910 2018 enim
948 1952 1032 2017 inter
1060 1963 1192 2019 caeteras
1221 1970 1381 2018 sensuum
1413 1952 1620 2036 cognitiones
1734 1933 1735 2012 f

496 2062 672 2129 clarissima
691 2074 723 2129 et
743 2060 1021 2145 perspicacissima
1040 2068 1089 2126 est
1108 2059 1206 2141 visi0;
1225 2058 1268 2124 ita
1287 2060 1385 2125 etiam
1404 2060 1561 2125 evidentia
1579 2060 1622 2125 ad

494 2170 697 2256 cognitiones
717 2169 949 2235 intellectuales
968 2167 1187 2253 designandas
1205 2169 1377 2242 translata,
1404 2166 1467 2232 illis
1490 2167 1623 2233 dumta-
1734 2251 1735 2254 Ἴ

494 2286 549 2346 xat
567 2276 735 2354 tribuitur,
756 2295 830 2359 quae
850 2275 1020 2359 perspicua
1038 2275 1180 2340 claritate
1204 2276 1295 2340 velut
1323 2273 1460 2339 totidem
1485 2275 1622 2340 visiones

495 2387 658 2472 refulgent
685 2382 749 2472 (2).
771 2384 915 2459 Etenim,
941 2384 1079 2449 docente
1103 2381 1277 2467 Angelico‚
1304 2384 1344 2446 de
1369 2382 1475 2465 alieno
1496 2383 1623 2448 nomine

492 2494 659 2576 dupliciter
684 2493 829 2557 corruenti
855 2477 959 2576 loqui:
987 2509 1050 2555 uno
1075 2492 1165 2555 niodo
1187 2492 1358 2555 secundum
1380 2490 1519 2571 primum
1550 2493 1623 2576 ejus

494 2600 734 2683 impositionem,
762 2600 827 2665 ulio
849 2600 940 2663 modo
961 2600 1132 2663 secundum
1150 2614 1242 2661 usum
1263 2596 1411 2662 nominis.
1432 2596 1524 2662 Sicut
1537 2602 1626 2678 putet

437 2690 441 2699 ’
494 2709 528 2774 in
547 2706 671 2774 nomine
687 2706 834 2786 visionis,
851 2709 935 2792 quod
947 2707 1052 2789 primo
1070 2705 1244 2788 impositum
1261 2707 1309 2770 est
1324 2706 1368 2770 ud
1382 2704 1622 2790 significandum

330 3604 445 3650 Evidenila

323 3677 400 3731 obtecti
424 3687 445 3722 et

319 3747 449 3802 cognitionis

494 2820 598 2884 actum
615 2835 724 2881 sensus
736 2816 841 2895 uisus5
854 2819 910 2880 sed
922 2817 1049 2896 propter
1065 2813 1246 2897 dignidrtem
1258 2817 1291 2877 et
1300 2813 1517 2879 certitudinem
1530 2815 1623 2901 injus

494 2943 605 2990 sensus
623 2927 782 2989 extensum
807 2927 854 2988 est
877 2923 931 2987 boc
959 2941 1087 2998 nomen,
1107 2923 1275 2986 secundum
1301 2941 1393 2986 usum
1417 2923 1621 3005 toquentiuuu
1735 2978 1736 2983 ,

494 3034 538 3097 ud
555 3051 674 3097 omium
691 3031 898 3115 cognitionem
915 3030 1051 3094 aliorum
1069 3047 1228 3103 sensuum,
1248 3028 1382 3092 dicimus
1398 3029 1499 3094 euim:
1517 3035 1621 3103 Vide,

495 3141 646 3224 quomodo
669 3145 774 3221 sapit,
803 3139 854 3202 vet
877 3139 1028 3221 quormdo
1050 3141 1196 3213 redolet,
1222 3138 1274 3200 vet
1294 3137 1445 3220 quomodo
1466 3151 1521 3202 est
1542 3143 1624 3202 eali-

496 3253 581 3314 dum
599 3244 665 3333 (a).
686 3248 728 3311 Εἰ
743 3245 877 3312 ulterius
894 3245 989 3309 etium
1007 3245 1051 3308 od
1067 3243 1272 3326 cognitionem
1297 3243 1490 3318 intellectus,
1515 3263 1624 3308 secam·

496 3356 572 3420 dum
591 3353 672 3419 illud
689 3354 782 3418 Matt.
803 3370 875 3435 cap.
895 3351 943 3426 V,
964 3370 997 3415 v.
1024 3350 1059 3417 8.
1087 3351 1179 3415 Beati
1196 3353 1312 3415 mundo
1338 3352 1447 3425 corde,
1476 3353 1625 3434 quonium

499 3461 560 3544 ipsi
577 3463 678 3527 Deum
696 3466 862 3527 videbunt
879 3455 943 3546 (4).

566 3569 729 3634 Ceeterum
747 3586 812 3635 non
832 3569 941 3633 solum
962 3566 1115 3650 cognitio,
1136 3566 1194 3631 sed
1220 3565 1368 3654 om'ectrnn
1392 3565 1490 3630 etiam
1510 3567 1624 3650 cogni-

499 3678 598 3744 tionis
631 3674 831 3744 denomlnari
869 3678 952 3742 solet
985 3675 1126 3751 evidens,
1162 3682 1198 3738 ut
1225 3683 1353 3740 constat
1383 3692 1424 3739 ex
1451 3674 1622 3740 communi

501 3786 651 3852 omniurn
680 3803 792 3851 sensu.

533 4043 575 4114 (ι)
613 4043 699 4104 Unde
711 4041 835 4101 Tullius:
853 4042 957 4109 Nihil,
971 4039 1083 4110 inquit,
1098 4041 1211 4097 clarius
1221 4028 1375 4122 ἐνάργεια,
1391 4021 1425 4096 ut
1437 4025 1545 4115 gnaeci,
1556 4049 1626 4116 per·

500 4145 687 4218 spicuitotem
711 4151 762 4200 cut
782 4141 959 4198 evidentium
979 4159 1045 4208 nos,
1068 4139 1098 4195 si
1121 4141 1235 4212 placet,
1259 4138 1446 4196 nominemus.
1471 4140 1621 4203 (Academ.

501 4243 601 4307 quiesi.
617 4231 667 4289 lib.
683 4252 715 4304 4,
733 4251 762 4290 u.
778 4229 834 4298 Vl,
853 4237 908 4302 17.)

534 4324 575 4394 (a)
612 4322 673 4380 Cir.
692 4321 724 4378 S.
741 4321 796 4379 Th.
814 4328 854 4391 3.·
867 4319 935 4377 dist.
950 4338 1039 4391 23,q.
1056 4339 1088 4384 a,
1104 4331 1159 4376 art.
1176 4337 1208 4387 a,
1225 4317 1312 4375 solut.
1331 4319 1468 4388 1.·;dist.
1485 4338 1532 4391 ²4,
1548 4339 1579 4390 q.
1599 4340 1622 4384 ι.

500 4434 526 4469 n.
545 4433 575 4480 2,
591 4411 669 4470 solut
687 4423 739 4479 r.·;
757 4422 796 4467 2.⁰
813 4409 922 4467 Contra
938 4408 1022 4468 Gent.
1040 4429 1064 4466 c.
1082 4427 1124 4479 53.
1137 4405 1304 4465 Videetinm
1318 4405 1352 4466 S.
1370 4409 1496 4481 August.
1517 4407 1570 4466 lib.
1594 4431 1621 4466 ιι

500 4503 534 4559 de
553 4501 662 4558 Trinit.
678 4521 708 4557 ca
734 4542 739 4556 .
760 4521 782 4556 1.

535 4597 575 4662 (3)
613 4589 655 4646 Ex
672 4521 804 4660 opgositu
823 4587 949 4653 ratione,
966 4586 1037 4658 quia
1061 4586 1127 4645 fidei
1147 4586 1277 4659 cognitio
1298 4585 1385 4645 hebet
1403 4585 1623 4654 obscuritatem,

500 4681 573 4738 solet
588 4679 731 4736 auditioni
745 4678 917 4749 comparari.
933 4677 1008 4735 Vide
1022 4676 1055 4735 S.
1071 4677 1126 4734 Th.
1141 4677 1195 4735 loc.
1209 4675 1258 4734 cit.

536 4775 576 4844 (4)
616 4790 626 4827 1
644 4789 672 4842 p.
689 4789 717 4841 q.
731 4769 766 4842 67
775 4811 788 4840 ,.
798 4781 853 4828 art.
872 4787 896 4826 1.
