3492 5525
278 479 469 556 annesae·
482 491 574 571 Quto
589 511 632 556 ar
645 507 847 568 Quorurrux
862 492 1106 558 Panorcaurnr:
1158 511 1213 576 173

128 673 241 740 dentia
260 673 482 759 metaphysica
506 692 582 757 quae
607 673 711 759 logice
735 681 814 740 sunt
836 691 946 758 genus
973 675 1026 740 vel
1052 674 1177 760 species
1205 677 1257 742 vel

130 783 318 866 proprium,
336 780 414 865 quia
438 782 512 847 licet
536 781 569 847 in
596 799 656 847 sua
681 792 794 849 natura
819 783 885 846 sint
911 781 1031 865 aliquid
1057 783 1260 850 accidentale

130 907 191 954 seu
210 907 277 955 non
295 889 527 965 substantiale,
547 897 698 973 respectu
717 896 831 954 tamen
849 887 1006 974 subjecti,
1028 890 1069 955 de
1088 907 1157 974 quo
1176 910 1259 976 prae·

130 993 299 1078 dicantem
318 1007 397 1062 sunt
415 995 537 1079 aliquid
554 995 596 1062 ad
614 996 685 1081 ejus
703 993 880 1064 essentiam
900 1006 1055 1080 spectans
1078 999 1129 1062 vel
1151 997 1260 1065 tluens

131 1105 174 1169 ab
191 1103 257 1173 illa.
276 1103 329 1169 Sic
346 1105 432 1169 color
447 1123 481 1167 v.
503 1122 538 1188 g.
559 1110 609 1169 est
627 1101 777 1171 accidens
794 1102 961 1185 quoddam
982 1104 1257 1192 metaphysieum‚

129 1211 189 1276 sed
209 1219 357 1295 respectu
375 1209 547 1285 albedinis,
569 1211 650 1275 ratio
673 1210 791 1276 coloris
804 1228 905 1293 genus
923 1217 990 1277 est:
1017 1209 1161 1294 itemque
1184 1212 1260 1281 risi-

131 1319 239 1384 bilitas
262 1326 296 1383 et
319 1316 480 1402 quantitas
503 1317 536 1383 in
562 1335 600 1383 se
624 1317 759 1401 quidem
786 1318 964 1384 accidentia
990 1326 1088 1396 sunt,
1118 1328 1150 1385 at
1181 1339 1258 1386 vero

131 1426 238 1510 prima
256 1434 404 1510 respectu
422 1425 572 1502 bominis,
592 1435 625 1492 et
643 1427 742 1490 altera
761 1433 911 1508 respectu
932 1427 1085 1508 corporis,
1116 1427 1260 1512 proprie·

130 1543 218 1600 tates
234 1541 330 1616 sunt,
353 1550 418 1598 non
439 1551 516 1597 vero
542 1550 622 1616 pura
648 1531 825 1599 accidentia
852 1533 968 1616 logica.
991 1532 1028 1597 Et
1055 1553 1073 1598 e
1098 1552 1258 1601 converso

131 1640 202 1706 lieri
220 1641 304 1705 bene
323 1647 447 1724 potest,
467 1649 505 1705 ut
522 1640 555 1706 id
574 1641 664 1722 quod
682 1647 732 1705 est
751 1629 933 1706 substantia
953 1641 1191 1727 metaphysice‚
1218 1643 1260 1708 sit

129 1749 282 1814 accidens
299 1745 463 1832 logicum;
489 1748 773 1829 quemadmodum
805 1754 884 1812 sunt
911 1748 1017 1832 logice
1043 1748 1261 1814 accidentales

129 1857 203 1923 istae
219 1854 479 1940 praedicationes,
495 1854 582 1920 honio
600 1854 779 1919 pertineret
798 1856 900 1920 altare
918 1857 1115 1920 deauratum.
1133 1854 1260 1932 Qram·

128 1981 233 2048 quam
253 1961 340 2028 enim
366 1961 461 2028 oestr's
485 1961 518 2027 in
544 1979 580 2027 se
606 1962 648 2028 sit
673 1961 873 2038 substantia,
894 1970 945 2028 est
971 1970 1083 2028 tamen
1109 1963 1261 2029 accidens

129 2069 278 2156 logicum
298 2068 438 2146 bomini,
454 2069 510 2152 qui
529 2089 567 2133 ea
581 2067 743 2149 induitur;
764 2078 796 2134 et
815 2087 931 2134 aurum
949 2071 1024 2136 licet
1043 2069 1083 2136 sit
1101 2079 1133 2134 et
1149 2070 1260 2154 ipsum

129 2177 316 2246 substantia
330 2177 498 2261 quadam,
522 2175 735 2242 nibilominus
749 2184 799 2241 est
814 2175 966 2242 accidens
986 2177 1131 2262 logicum
1153 2178 1259 2269 altari,

129 2285 282 2372 quodab
301 2303 341 2349 eo
358 2282 593 2350 denominatur
610 2285 816 2349 deauratum.

199 2391 412 2460 Conveniunt
441 2410 519 2477 ergo
539 2392 708 2476 proprium
735 2399 768 2454 et
793 2391 942 2458 accidens
969 2392 1113 2482 logie-um
1145 2391 1177 2457 in
1208 2411 1259 2467 eo,

129 2503 224 2587 quod
242 2510 424 2583 utrumque
448 2499 490 2563 sit
516 2498 636 2582 aliquid
657 2506 748 2564 extra
770 2500 946 2564 essentiam
967 2511 1022 2567 aut
1041 2500 1260 2566 substantiam

50 2660 56 2673 .
128 2608 288 2695 subjecti,
316 2607 358 2672 de
382 2625 450 2689 quo
476 2606 685 2691 praedicatur,
713 2607 873 2690 positum.
903 2607 1063 2674 Dinerunt
1087 2617 1199 2674 tamen
1227 2607 1261 2672 in

128 2717 262 2785 multis:
283 2711 319 2803 α)
342 2715 419 2798 quia
444 2715 628 2799 proprium,
658 2731 754 2780 secus
779 2723 878 2798 atque
904 2715 1056 2783 accidens
1081 2733 1261 2782 commune

9 2845 10 2851 ¹
127 2844 189 2891 seu
213 2823 379 2909 logicum,
405 2822 492 2887 omni
507 2822 600 2888 alicui
616 2822 735 2906 speciei
755 2832 788 2888 et
811 2829 929 2905 semper
948 2833 980 2891 et
1005 2822 1262 2891 convertibiliter

126 2937 232 3009 inest,
254 2931 356 2996 modo
376 2931 444 3014 jam
463 2930 638 2998 declarato.
663 2928 700 3016 β)
719 2931 890 3015 Proprium
906 2931 1021 2997 abesse
1047 2930 1163 3016 nequit
1181 2930 1258 2999 abs-

9 3119 10 3132 }
126 3060 195 3125 que
209 3040 347 3125 subjecti
361 3037 582 3121 corruptione,
599 3046 708 3121 potest
727 3056 805 3103 vero
820 3038 985 3115 accidens,
1003 3040 1094 3123 quod
1109 3049 1259 3123 propter-

9 3145 11 3202 ἶ
125 3170 164 3214 ea
182 3148 286 3214 etiam
305 3144 458 3241 delinitur
476 3165 494 3208 a
512 3145 693 3231 Porphyris
717 3145 749 3210 id
766 3147 851 3229 quod
862 3146 1021 3229 contingit
1036 3146 1137 3211 erilem
1160 3146 1259 3211 inesse

10 3261 11 3284 ³
124 3261 159 3321 et
180 3274 249 3320 non
276 3254 375 3319 inesse
397 3255 515 3334 preter
540 3253 670 3337 sulp'ecli
694 3254 922 3335 corruptionem
950 3250 1013 3340 (r).
1044 3252 1256 3338 Quamquam

10 3347 11 3364 ¹
126 3364 220 3429 enim
240 3360 371 3447 negatio
391 3358 594 3445 proprietatis
603 3359 787 3444 formaliter
805 3378 871 3426 non
891 3369 941 3426 est
958 3362 1088 3447 negatio
1110 3360 1263 3427 essentiae

127 3470 256 3557 quippe
275 3487 352 3552 quae
373 3466 526 3552 distincta
550 3467 749 3552 supponitur
766 3468 806 3533 ab
830 3468 900 3549 illa;
926 3478 1037 3535 tamen
1061 3466 1211 3535 indirrcle
1230 3480 1263 3535 et

127 3598 172 3645 ex
197 3575 434 3659 consequenti,
465 3576 596 3660 negatio
624 3576 674 3640 vel
704 3574 848 3640 absentia
877 3576 1082 3661 proprietatis
1107 3577 1263 3661 importat

127 3682 344 3771 negationem
364 3683 523 3750 essentiae.
545 3680 629 3748 Cum
654 3681 744 3761 enim
764 3682 942 3767 proprietas
968 3683 1123 3751 convenit
1143 3690 1264 3766 semper

11 3873 12 3876 Ἴ
123 3792 218 3857 orani
235 3789 368 3855 babenti
387 3789 580 3866 essentiam,
601 3789 657 3855 ubi
676 3788 769 3854 deest
788 3790 968 3874 proprietas
987 3792 1111 3876 aliqua,
1127 3791 1172 3858 ibi
1189 3792 1262 3877 jure

126 3908 274 3985 negatur
292 3898 405 3964 adesse
423 3897 581 3974 essentia,
599 3897 686 3962 unde
700 3897 773 3962 talis
792 3898 972 3983 proprietas
990 3898 1177 3966 naturaliter
1192 3900 1264 3983 pul-

12 4029 13 4058 l
124 4008 225 4074 lulat.
257 4005 367 4089 Atque
391 4006 461 4071 hac
489 4013 540 4073 est
563 4022 680 4091 causa,
698 4013 736 4070 ut
760 4022 849 4073 nunc
877 4007 982 4073 obiter
1008 4008 1176 4085 dicamus,
1205 4026 1264 4073 cur

161 4242 211 4315 (ι)
246 4239 337 4299 Notat
352 4253 450 4297 autem
466 4238 648 4313 Porphyrius
662 4241 784 4312 ejusque
798 4252 1056 4309 commentatores,
1065 4260 1132 4302 eum
1145 4240 1262 4310 dieitur,

12 4325 13 4328 ¹
121 4332 269 4393 accedens
282 4330 382 4388 abesse
395 4350 414 4386 a
425 4325 554 4402 subjecto
563 4335 648 4402 posse
668 4331 774 4404 absque
787 4330 916 4405 ejusdem
931 4332 1128 4404 conspuere,
1152 4330 1265 4389 intelli·

122 4423 263 4499 flendum
277 4418 308 4478 id
325 4438 390 4479 esse
412 4418 449 4476 de
470 4418 654 4491 separatione
666 4419 798 4487 mentali,
823 4439 883 4478 non
905 4432 1003 4491 autern
1026 4419 1062 4478 de
1076 4418 1159 4479 reali.
1186 4418 1264 4479 Sunt

121 4512 209 4573 enim
223 4509 388 4569 accidentia
397 4508 547 4580 quaedam,
562 4528 629 4580 quae
638 4510 800 4580 subjeetum
810 4528 926 4581 semper
936 4508 1108 4569 naturaliter
1122 4508 1263 4578 afficiunt,

123 4604 206 4663 sieut
219 4598 347 4674 nigredo
359 4617 478 4659 cornum
493 4610 523 4656 et
535 4614 659 4672 cycnum
674 4598 787 4657 albedo.
803 4598 920 4659 Tamen
929 4620 980 4671 per
999 4598 1105 4661 mentis
1118 4598 1265 4671 prreeiaio·

124 4713 195 4752 nem
210 4702 269 4755 eut
281 4688 374 4748 etiam-
385 4688 571 4762 negationem
585 4708 673 4748 omae
684 4687 818 4747 accidens
831 4688 943 4761 absque
956 4689 1078 4763 subjecti
1090 4688 1264 4749 destructio·-

125 4804 162 4843 ne
177 4779 317 4855 separari
329 4792 434 4852 potest.
451 4776 484 4837 ld
498 4776 577 4850 quod
591 4778 628 4837 de
642 4778 761 4851 proprio
774 4778 832 4837 dici
847 4779 960 4849 nequit.
1006 4840 1010 4853 ,
1053 4843 1055 4851 2

1312 2635 1433 2683 Discrimeu

1328 2709 1415 2766 proprii

1293 2780 1323 2826 ab
1335 2780 1456 2827 accidente.
