3492 5525
266 448 382 512 Anrrc.
404 461 462 510 rs·
476 446 596 511 Urnun
610 463 744 511 aonrrr.
761 465 860 511 arama
875 467 1038 513 rnrucrrrn
1054 465 1126 512 arc.
1164 465 1222 531 777

141 651 215 716 quae
234 630 365 717 proprio
388 629 512 698 lumine
532 629 801 708 manifestantur,
832 630 876 696 ita
899 631 999 698 etiarn
1026 631 1264 716 propositiones

139 739 276 825 duplicis
300 757 372 806 esse
399 738 544 823 generis,
574 737 669 816 alias,
700 757 774 822 quae
800 755 867 804 non
886 737 997 805 statim
1016 745 1263 824 cognoscuntur

139 867 241 921 verae,
262 845 475 930 quantumvis
494 844 622 910 termini
647 843 724 910 satis
744 853 972 929 penetrentur,
994 845 1051 911 sed
1071 839 1262 931 probatione

138 955 302 1040 indigent,
323 951 400 1019 alias
419 971 513 1030 vero,
535 970 622 1037 quae,
647 949 759 1018 statim
785 971 821 1017 ac
850 951 980 1018 termini
1000 951 1060 1036 ipsi
1079 954 1262 1037 apprehen·

137 1065 277 1137 duntur,
298 1061 422 1145 absque
441 1061 507 1125 ullo
521 1059 667 1126 discursu
682 1059 856 1145 patefiunt.

204 1170 287 1248 Quae
315 1187 391 1234 curn
418 1168 462 1234 ita
491 1169 572 1243 sint,
604 1167 736 1251 quando
768 1166 959 1234 Aristoteles
985 1165 1039 1254 (r)
1068 1167 1163 1234 docet
1191 1167 1260 1233 dari

137 1277 307 1346 scientiam
327 1294 393 1343 non
409 1277 517 1342 solum
532 1275 798 1353 conclusionum,
819 1275 990 1342 sedetiam
1011 1273 1257 1361 principiorum,

138 1403 258 1453 nornen
285 1383 423 1450 scientio
446 1401 512 1449 non
531 1381 679 1448 adhibuit
709 1381 741 1446 in
769 1399 869 1448 sensu
889 1381 1039 1448 strictiori
1068 1399 1128 1466 pru
1147 1381 1260 1467 cogni·

136 1495 226 1561 tione
252 1511 307 1578 per
334 1489 646 1558 demonstrationem
671 1498 875 1574 comparata,
904 1490 963 1556 sed
986 1489 1169 1574 generalius
1201 1508 1260 1574 pro

136 1600 325 1688 cognitione
351 1608 453 1674 certa,
482 1616 556 1682 quae
580 1595 689 1662 haberi
713 1605 837 1682 potest,
859 1598 911 1662 vel
931 1606 988 1681 per
1009 1596 1260 1664 demonstratio-

138 1727 228 1785 nem,
255 1707 341 1774 utin
361 1705 897 1782 conclusionibusdemonstratis,
918 1704 970 1790 vel
995 1723 1036 1770 ex
1054 1705 1122 1770 sola
1146 1703 1259 1769 termi-

138 1835 256 1884 norum
277 1812 545 1899 apprehensione,
569 1823 604 1880 ut
625 1810 658 1878 fn
682 1809 893 1897 principiisac
911 1810 1188 1896 propositionibus
1202 1829 1259 1896 per

136 1945 173 1992 se
195 1923 281 1990 notis
292 1919 355 2010 (2).

465 2079 660 2147 Solvunrun
682 2094 927 2147 ornicutrarrs.

187 2249 260 2332 198.
307 2249 416 2328 Objic.
448 2248 496 2309 ιθ
519 2241 551 2306 ln
575 2240 682 2306 causis
706 2240 802 2307 datur
826 2243 988 2325 perfectus
1004 2241 1152 2309 circulus.
1172 2240 1256 2326 Ergo

137 2354 235 2419 etiam
259 2352 292 2418 in
323 2347 666 2416 demonstrationibus.
703 2347 946 2432 Consequentia
970 2357 1075 2434 patet,
1105 2349 1181 2433 quia
1200 2350 1256 2415 de-

137 2458 329 2527 monstratio
345 2457 381 2524 frt
397 2475 455 2543 per
471 2473 598 2522 causas.

205 2566 411 2633 Antecedens
442 2581 519 2628 vero
546 2561 732 2628 conceditur
760 2563 800 2628 ab
834 2561 1024 2638 Aristotele,
1057 2582 1133 2629 cum
1161 2564 1258 2630 docet

136 2676 296 2760 quasdam
313 2691 385 2739 esse
398 2672 438 2737 ad
456 2669 595 2736 invicem
614 2687 744 2745 causas,
760 2670 844 2736 sicut
855 2669 931 2736 finis
943 2678 975 2735 et
989 2687 1085 2736 causa
1099 2670 1257 2747 efficiens,

138 2803 215 2850 nam
237 2780 311 2848 linis
331 2790 442 2847 movet
461 2778 673 2854 efficientem,
695 2786 728 2843 et
746 2778 890 2845 efficiens
907 2779 1000 2863 ponit
1018 2780 1051 2845 in
1070 2797 1141 2845 esse
1159 2780 1259 2845 tinem

136 2910 238 2977 saepe.
259 2888 297 2955 Et
315 2890 360 2955 ita
377 2887 475 2954 etiarn
505 2884 638 2951 materia
656 2892 689 2950 et
708 2886 811 2951 forma
832 2885 985 2953 dicuntur
1002 2886 1062 2953 sibi
1089 2904 1196 2953 causa
1214 2890 1262 2954 vi·

136 2998 267 3074 cissim,
296 2998 399 3062 forma
427 2994 561 3079 quidem
592 2994 625 3059 in
648 3002 810 3077 quantum
839 2994 895 3059 dat
914 2993 1057 3061 materia·
1075 3012 1149 3062 esse
1175 3003 1261 3071 actu,

138 3106 273 3173 materia
292 3101 421 3169 veroin
440 3109 602 3185 quantum
622 3109 784 3168 sustentat
801 3102 941 3166 formam
958 3098 1023 3189 (7).

207 3220 312 3296 Resp.
339 3228 410 3295 neg.
441 3216 546 3275 antec.
574 3209 659 3275 Nam
690 3216 805 3275 mutua
828 3208 881 3274 illa
908 3208 1141 3293 dependentia,
1161 3228 1262 3293 quarn

138 3320 290 3405 quaedam
310 3336 415 3384 causae
435 3316 572 3391 habent,
593 3314 693 3381 estin
715 3314 843 3382 diverso
861 3334 982 3401 genere
1000 3335 1124 3394 causae,
1145 3334 1264 3401 quem-

138 3427 318 3493 admodum
338 3426 456 3492 diserte
475 3432 565 3489 notat
580 3422 667 3488 idem
687 3422 915 3507 Philosophus.
927 3424 998 3504 Janr
1013 3442 1091 3490 vero
1106 3423 1139 3491 in
1157 3423 1263 3491 diver·

138 3554 177 3601 so
194 3552 314 3620 genere
333 3548 504 3599 causarum
525 3529 602 3596 nihil
622 3538 727 3605 vetat,
745 3528 825 3614 quin
844 3530 964 3615 aliquid
983 3532 1025 3597 sit
1043 3530 1133 3615 prius
1151 3542 1184 3598 et
1203 3550 1263 3617 po·

139 3642 273 3717 sterius,
296 3640 404 3707 notius
425 3638 600 3721 minusque
615 3648 731 3705 notum
751 3637 812 3704 alio
827 3634 891 3725 (4).

185 3754 292 3832 0bjic.
319 3754 369 3815 a.⁰
415 3744 601 3829 Philosophi
632 3745 665 3810 in
693 3744 919 3830 investiganda
946 3764 1053 3812 rerum
1083 3747 1261 3831 praeserlim

139 3856 347 3944 physicarum
362 3852 567 3939 cognitione,
587 3850 707 3919 circulo
727 3852 776 3919 usi
801 3861 896 3932 sunt,
922 3872 963 3920 ex
981 3854 1150 3921 effectibus
1175 3856 1264 3940 prius

142 4104 422 4119 ψ

174 4219 217 4282 (r)
255 4220 292 4271 1.'
304 4211 476 4281 Posterior„
491 4230 554 4281 cap.
572 4231 597 4281 3.

175 4309 215 4371 (a)
253 4302 316 4361 Cir.
333 4300 366 4359 S.
383 4301 489 4360 Thom.
507 4307 544 4357 r.·
558 4300 730 4369 Posterior,
748 4300 812 4358 leet.
827 4320 853 4372 7,
871 4318 988 4371 paragr.
1005 4302 1033 4357 d.

175 4399 216 4464 (7)
252 4392 330 4449 Vide
343 4390 446 4461 Arist„
461 4389 512 4448 lib.
527 4408 554 4447 a.
566 4390 727 4463 Physicor„
743 4408 805 4461 cap.
818 4408 861 4460 70,
879 4402 948 4448 text.
959 4388 1073 4449 Comm.
1091 4409 1136 4463 3⁰3
1152 4403 1192 4464 5.·
1202 4394 1265 4451 Me-

140 4483 331 4558 taplysicor,
348 4500 410 4552 cap,
427 4500 453 4549 a,
469 4491 538 4538 text.
556 4478 670 4537 Comm.
688 4500 713 4537 a.
731 4476 793 4536 cfr.
809 4476 849 4536 ib.
865 4476 1031 4548 S.'Thom.,
1047 4478 1129 4538 liba
1149 4482 1264 4556 Physi-

138 4592 211 4642 εον,
226 4572 290 4630 lect.
310 4588 336 4644 5,
352 4590 469 4643 paragr.
481 4589 508 4638 c,-
521 4581 551 4628 et
566 4579 606 4641 5?
621 4569 795 4642 Meraprys,
811 4568 876 4627 leet.
891 4588 920 4638 a,
935 4588 1050 4643 paragr.
1066 4589 1091 4628 c.

175 4660 217 4735 (4)
253 4658 497 4730 conimbricens,
513 4658 543 4716 in
557 4657 606 4717 lib.
625 4680 636 4715 r
653 4658 825 4728 Pastorian,
840 4677 903 4729 cap.
919 4678 946 4728 7,
957 4678 985 4730 q.
1004 4679 1030 4728 r,
1044 4671 1099 4718 art.
1114 4679 1141 4730 7,
1155 4660 1193 4719 ad
1205 4671 1266 4719 r.'⁸

140 4750 203 4811 Cir.
218 4762 273 4809 art.
288 4770 311 4819 r,
323 4769 385 4823 arg.
400 4761 448 4819 r.·;
460 4762 489 4808 et
498 4748 629 4818 joanna
640 4746 673 4806 S.
684 4747 808 4818 Thomu,
823 4748 940 4823 Logia,
955 4767 983 4820 q.
1001 4766 1047 4821 25,
1062 4768 1090 4809 a.
1106 4770 1133 4823 7,
1144 4749 1182 4807 ad
1200 4760 1257 4809 r.··
