3492 5525
559 409 614 478 rito
743 409 866 478 Loorcu
888 408 1136 476 Minoa-om.
1164 423 1206 474 r.·
1227 402 1305 473 Cur».
1331 423 1402 492 ψ

583 595 737 663 Secundo
755 596 788 662 in
814 595 954 663 relativis
972 595 1110 662 alterum
1134 593 1229 660 insert
1249 592 1456 659 existentiam
1489 592 1636 667 alterius,

516 721 582 768 non
599 721 677 770 vero
690 704 723 770 in
747 703 927 770 contrariis.
942 700 1051 778 Quam
1065 701 1280 768 differentiam
1300 702 1421 766 habent
1438 717 1572 784 quoque
1589 717 1637 764 re

516 810 613 876 lativa
626 829 702 878 cum
717 810 962 880 contradictorie
976 830 1013 876 ae
1027 809 1184 894 privative
1198 807 1357 892 oppositis
1374 804 1439 895 (ι).
1489 849 1497 859 «

583 918 741 986 Privativa
771 921 839 1004 jam
866 931 965 1002 supra
986 917 1146 994 diximus,
1162 915 1331 1000 quomodo
1353 914 1601 999 distinguuntur
1620 935 1638 978 a

508 1025 696 1116 contrariis.
711 1025 776 1102 Qui
792 1044 870 1092 vero
885 1027 978 1110 plura
989 1025 1114 1109 cupiat,
1130 1023 1320 1090 Suarezium
1335 1024 1485 1088 consulat
1498 1020 1564 1110 (ι).

584 1133 837 1201 Contradictoria
855 1151 989 1218 quoque
1002 1132 1144 1199 vidimus
1158 1149 1225 1214 quo
1244 1130 1429 1198 discrimine
1447 1143 1639 1213 separentur

516 1263 535 1306 a
549 1239 692 1324 reliquis·

585 1349 752 1416 Contraria
770 1368 848 1416 vero
877 1357 910 1415 et
928 1347 1085 1433 privativa
1112 1347 1145 1412 in
1173 1366 1213 1412 eo
1236 1346 1518 1423 discriminantur,
1547 1346 1638 1428 quod

516 1451 672 1540 privativa
688 1468 851 1541 nequeant
870 1457 987 1522 habere
1002 1455 1149 1521 medium
1158 1454 1287 1539 generis
1297 1473 1334 1520 ac
1349 1461 1474 1519 naturae
1481 1448 1613 1540 ,Lquod
1605 1471 1639 1516 ιιι

476 1587 496 1646 7
516 1563 681 1647 privativis
696 1585 715 1629 a
733 1565 913 1648 privatione
927 1582 993 1628 non
1007 1562 1066 1628 siat
1079 1580 1246 1646 regressus
1262 1562 1302 1626 ad
1314 1546 1494 1640 habitum(
1495 1577 1591 1627 secus
1604 1559 1639 1624 in

478 4540 492 4676 l

476 1671 695 1749 contrariis,
711 1691 912 1756 quamquam
927 1670 1066 1754 quaestio
1081 1672 1149 1735 hec
1159 1667 1411 1737 controvertitur
1423 1669 1510 1751 apud
1523 1677 1638 1732 aucto-

516 1798 582 1858 res,
603 1799 687 1864 quos
700 1780 808 1848 videre
823 1789 933 1864 potes,
946 1779 973 1844 si
992 1787 1085 1846 vacat
1103 1775 1167 1866 (5).

870 2313 873 2318 Ι
922 2185 1123 2272 catur
1153 2182 1225 2270 111.

643 2387 780 2460 ,DE
822 2368 1474 2449 PRAEDIGAMENTIS

829 2533 889 2598 ΕΤ
910 2531 1326 2600 pauprcussrnrssus

561 2762 616 2827 4¹·
663 2741 873 2827 Quamquam
898 2743 1066 2827 proprium
1086 2743 1193 2829 logici
1218 2763 1285 2811 non
1308 2742 1351 2809 sit
1364 2762 1415 2810 res
1430 2742 1533 2828 ipsas,
1556 2762 1641 2828 quas

515 2861 654 2919 tractant
676 2851 834 2929 scientiae,
850 2852 1035 2928 enucleare,
1053 2852 1110 2917 sed
1131 2853 1268 2918 modum
1287 2860 1416 2917 tantum
1439 2852 1561 2917 sciendi
1580 2852 1642 2917 do-

515 2978 602 3041 cere;
640 2958 774 3029 minime
799 2968 911 3025 tamen
938 2961 1009 3045 ejus
1034 2959 1152 3025 limites
1174 2960 1409 3044 transgreditur
1434 2961 1641 3026 enumeratio

516 3076 612 3151 atque
636 3067 668 3133 in
696 3076 799 3133 certas
825 3069 929 3134 clases
957 3075 989 3131 et
1008 3086 1163 3152 suprema
1184 3068 1289 3151 capita
1316 3066 1501 3133 distributio
1528 3086 1641 3134 rerum

515 3174 683 3252 omnium,
712 3194 787 3258 quae
810 3193 867 3259 per
893 3177 1066 3242 terminos
1075 3175 1298 3261 significantur
1324 3182 1357 3240 et
1379 3194 1434 3259 per
1455 3174 1641 3260 simplicem

516 3280 804 3366 apprehensionem
820 3282 1055 3368 intelliguntur,
1071 3301 1212 3367 quaeque
1226 3282 1335 3350 venire
1345 3282 1498 3367 proinde
1489 3301 1520 3349 ιιι
1537 3293 1643 3350 mate·

516 3389 596 3455 riam
621 3389 889 3473 disputationis
881 3410 913 3456 ιιι
932 3392 1077 3475 qualibet
1103 3390 1271 3476 disciplina
1299 3400 1451 3475 possunt.
1467 3390 1721 3476 Propterea

514 3498 661 3565 solemne
674 3496 798 3583 Logrcrs
809 3516 939 3583 semper
952 3499 1014 3564 tuit
1026 3499 1067 3565 de
1081 3498 1337 3565 Proedicameatts
1350 3497 1518 3567 disserere.
1534 3498 1646 3581 Quili-

515 3606 565 3671 bet
576 3604 738 3685 daminus,
753 3606 811 3691 qui
822 3605 890 3671 sine
902 3606 1109 3689 complexum
1116 3606 1251 3685 dicatur,
1264 3606 1422 3691 significat
1435 3608 1645 3674 substanttam

514 3717 573 3779 aut
589 3713 804 3799 quantitatem,
820 3718 880 3781 aut
893 3716 1086 3801 qualitatem,
1112 3717 1171 3781 aut
1188 3714 1313 3799 aliquali
1335 3714 1472 3782 aliorum
1483 3716 1646 3799 pradr'ca·

516 3824 706 3903 mentorum·
719 3825 751 3887 et
771 3822 840 3887 ideo
856 3826 1023 3908 antequam
1044 3824 1085 3889 da
1106 3821 1321 3890 enanuaauna
1339 3826 1502 3901 tractem,
1525 3828 1651 3907 oportet

515 3929 776 3996 determinanda
794 3930 1062 4011 praeauamenris.
1084 3928 1212 4014 thuia
1227 3929 1519 4015 predicamentum,
1539 3936 1578 3999 ut
1592 3932 1647 3999 tic
1720 3943 1721 4014 l

516 4036 664 4114 sumitur,
679 4035 861 4103 nititatr'ud
867 4040 924 4115 ast,
936 4055 1032 4124 quam
1047 4037 1465 4133 ordmatrapraedr‘caditium
1479 4038 1514 4105 ta
1529 4040 1648 4107 ordina

518 4244 797 4261 m

553 4344 593 4407 (ι)
629 4338 754 4400 Vides
765 4338 869 4399 Thom.
875 4353 1002 4414 ,quaeat
1019 4335 1223 4417 7uePorenr,
1238 4353 1294 4402 art.
1304 4340 1440 4417 eada
1440 4364 1465 4397 n

553 4433 594 4499 (ι)
631 4429 715 4503 Diap.
732 4430 864 4506 Metapa.
882 4449 932 4506 54,
946 4444 1061 4504 aecus,
1077 4452 1108 4490 n.
1122 4451 1150 4504 7.
1166 4451 1246 4503 seqq.
1349 4452 1355 4463 ·

552 4525 594 4592 (7)
631 4518 735 4581 Vide
727 4521 890 4581 rntcralioa
905 4520 1004 4593 Suar,
1024 4520 1100 4594 disp.
1124 4522 1197 4581 Met.
1218 4539 1271 4595 45,-
1283 4534 1394 4593 tect.,a
1410 4542 1440 4582 ιι.
1463 4524 1518 4583 ult.
1534 4521 1645 4584 etCo-
1719 4577 1720 4600 ,

518 4607 650 4669 nimbric.
662 4610 706 4669 Dc
724 4612 894 4671 Proedr'cum.
911 4634 937 4671 c.
954 4631 1004 4684 ιο,
1023 4624 1128 4685 quaest.
1144 4610 1239 4682 unio,
1254 4623 1311 4673 att·
1328 4628 1353 4683 5.

589 4698 679 4765 Plura
686 4698 724 4761 da
736 4700 783 4763 hia
795 4702 888 4763 videri
902 4714 1026 4778 possunt
1037 4702 1117 4776 apud
1130 4701 1264 4763 nudatos
1276 4715 1420 4763 auctores.
