3492 5525
549 468 587 531 an
722 476 725 481 ·
955 444 1217 551 lurnooucsro.
1276 484 1280 489 Δ
1373 467 1403 526 g

509 553 827 573 Μ

508 674 511 683 ·
577 631 774 699 Laudatores
790 626 904 695 habuit
919 625 1112 693 Aristoteles
1124 627 1302 711 plurimos,
1317 647 1441 713 eosque
1451 641 1483 697 et
1497 630 1628 715 ingenio
1739 676 1741 694 ,

507 752 540 810 et
560 738 705 809 doctrina
720 753 875 809 summos
892 734 996 810 viros,
1017 752 1221 819 quamquam
1237 754 1297 801 nec
1315 737 1418 803 caruit
1438 737 1628 803 adversariis

507 857 607 931 atque
626 842 916 926 obtrectatoribus;
935 850 1215 911 commentatores
1232 862 1311 917 vero
1329 843 1539 929 interpretes,
1560 846 1629 911 fau·

454 934 472 1047 i
506 968 594 1024 tores
609 961 707 1036 atque
721 952 859 1017 asseclas
874 958 988 1015 nactus
1002 958 1051 1025 est
1067 950 1308 1035 propemodum
1328 951 1489 1017 intinitos:
1506 952 1539 1017 in
1556 951 1628 1035 qui·
1739 1007 1741 1015 ,

506 1064 569 1131 bus
576 1060 772 1129 recensendi
787 1058 967 1143 praesertim
983 1067 1080 1135 sunt,
1097 1059 1281 1123 Alexander
1292 1056 1534 1140 Aphrodireus',
1549 1061 1628 1125 Por·
1739 1058 1741 1065 '

500 1170 648 1254 plurius,
683 1166 885 1243 Amazonius,
923 1164 1122 1242 Themistius,
1154 1166 1344 1251 Philopouus
1371 1176 1404 1231 et
1434 1166 1625 1248 Simplicius,

505 1280 676 1354 Auerroes,
703 1276 785 1359 aqui
806 1274 847 1341 ab
866 1275 936 1359 ejus
959 1272 1106 1357 diligenti
1125 1274 1351 1357 explanatione
1373 1272 1628 1341 Commentatoris

505 1367 1539 1471 cognomineappellatusestu(1),Alpdaralrius,AldertusM.,S.
1553 1382 1628 1447 Tho

504 1512 591 1570 uras,
615 1494 651 1559 S.
681 1492 917 1565 Beneventum,
931 1489 1070 1571 loannes
1093 1489 1185 1552 Duns
1206 1488 1333 1565 Scotus,
1359 1487 1489 1555 Thomas
1508 1493 1547 1554 de
1568 1490 1628 1555 Vio

507 1600 692 1667 cardinalis
717 1598 902 1685 Cajetunus,
926 1595 1111 1662 Dominicus
1130 1597 1219 1674 Solo,
1242 1596 1424 1663 Cardinalis
1442 1598 1628 1663 Franciscus

510 1708 648 1786 Tolelus,
664 1709 777 1775 Petrus
787 1708 938 1788 Fonsecu,
961 1703 1239 1782 Conimdricenscs,
1259 1706 1416 1786 sylvester
1423 1706 1542 1782 Mauri,
1560 1706 1627 1770 aiii·

505 1836 570 1900 que
585 1816 669 1882 bene
690 1815 798 1882 multi.
816 1814 868 1877 illa
887 1830 965 1877 vero
987 1812 1192 1897 praecaeteris
1210 1821 1259 1878 est
1278 1813 1415 1897 insignis
1436 1814 1536 1899 gloria
1556 1813 1627 1879 Sta·

505 1925 625 2011 giritae,
652 1930 689 1988 ut
714 1921 797 1987 illius
826 1922 989 1996 doctrina,
1019 1920 1109 1985 omni
1134 1921 1250 1985 erroris
1276 1940 1370 1987 naevo
1396 1932 1510 1988 contra
1526 1922 1625 1987 fidem

506 2040 643 2117 purgata
661 2028 712 2118 (2)
730 2038 829 2112 atque
850 2048 868 2092 e
892 2027 998 2093 Sacrae
1021 2028 1208 2111 Theologiae
1228 2027 1414 2113 magisterio
1434 2030 1538 2115 magis
1556 2049 1629 2115 per-

506 2142 589 2204 lecta
617 2148 649 2205 et
677 2136 852 2221 perpolita,
881 2154 938 2219 per
971 2137 1061 2219 plura
1089 2136 1207 2201 saecula
1234 2136 1299 2200 fere
1332 2139 1515 2222 regnaverit
1543 2138 1628 2204 inter

507 2246 662 2311 Doctores
680 2242 873 2319 catholicos,
891 2254 924 2309 et
939 2240 1057 2307 nostris
1076 2260 1209 2325 quoque
1223 2239 1429 2327 temporibus
1448 2246 1627 2312 novissime

506 2372 524 2417 a
542 2352 754 2419 Sanctissimo
774 2350 917 2415 Domino
930 2350 1054 2415 Nostro
1072 2347 1178 2413 Leone
1197 2350 1260 2413 11111
1282 2351 1314 2415 in
1331 2351 1502 2433 pristinum
1522 2353 1628 2419 hono·

353 2530 359 2545 ,
507 2478 574 2526 rem
591 2459 736 2526 restituta
754 2458 809 2534 sit,
826 2464 859 2522 et
873 2474 1074 2541 magnopere
1093 2456 1336 2522 commendata.

299 2596 485 2654 mmmm.
511 2576 515 2584 '
552 2585 616 2652 25··
653 2565 721 2647 Jam
747 2566 774 2631 si
797 2563 1006 2631 Aristotelem
1030 2562 1154 2629 Platoni
1180 2582 1362 2649 compares,
1387 2566 1419 2631 in
1444 2569 1557 2634 multis
1569 2588 1629 2634 eos

293 2672 494 2789 '‘vigum‘'
507 2675 687 2758 discrepare
717 2672 880 2758 invenies,
910 2679 1071 2755 quantum
1104 2672 1219 2737 attinet
1246 2670 1415 2756 ingenium
1444 2683 1478 2739 et
1508 2676 1629 2742 doctri-

359 2745 453 2792 hm‘m
509 2803 584 2849 nam
607 2779 671 2870 (3).
698 2781 729 2847 Si
749 2789 859 2847 autem
886 2797 1013 2863 quaeras
1036 2787 1108 2845 uter
1133 2789 1208 2846 utro
1231 2783 1333 2866 major
1355 2783 1468 2860 luerit,
1490 2784 1627 2851 diversae

508 2899 622 2957 extant
633 2889 816 2956 sententie.
837 2888 1004 2955 Platonem
1018 2888 1113 2952 multi
1128 2889 1317 2970 praeferunt,
1330 2879 1436 2973 primo
1446 2892 1521 2974 quia
1536 2892 1629 2958 Plato

492 3043 495 3050 -
509 2999 614 3064 multo
635 2999 726 3082 plura
744 2997 785 3078 de
798 2995 916 3062 divinis
931 2995 1029 3062 rebus
1042 2993 1169 3080 scripsit
1183 3013 1284 3079 quam
1301 2996 1505 3065 Aristoteles:
1526 3018 1628 3082 quare

382 3107 384 3114 ¹
508 3125 675 3218 Platonem
696 3125 766 3208 ejus
786 3130 962 3188 sectatores
980 3119 1148 3198 Divinum,
1173 3122 1381 3187 Aristotelem
1402 3142 1480 3189 vero
1501 3125 1629 3190 Doemo-

507 3231 612 3306 nium,
634 3230 727 3312 quasi
747 3228 845 3294 medii
864 3229 1036 3314 cujusdam
1057 3228 1178 3313 ingenii
1193 3230 1277 3294 inter
1294 3230 1444 3315 divinum
1464 3241 1497 3297 et
1511 3232 1628 3299 huma-

508 3357 588 3406 num
605 3338 808 3422 appellarunt
822 3333 886 3423 (4).

574 3444 697 3512 Deinde
723 3444 799 3527 quia
829 3452 1048 3509 «ornamenta
1073 3443 1125 3508 illa
1148 3442 1286 3528 ingenii,
1316 3445 1446 3526 quaein
1473 3446 1628 3512 orationis

506 3553 678 3638 splendore
697 3562 729 3619 et
753 3551 932 3619 eruditione
956 3551 1062 3634 posita
1080 3559 1176 3626 sunt,
1198 3551 1230 3615 in
1249 3549 1381 3617 Platone
1401 3554 1507 3638 magis
1524 3573 1626 3638 quam

559 3839 602 3896 De
615 3857 646 3896 re
660 3836 763 3896 morali
776 3847 847 3894 sunt
866 3835 956 3893 etiam
977 3819 1249 3910 Muguu'moruliu,
1270 3835 1374 3893 Etlricu
1395 3837 1432 3893 ud
1454 3837 1627 3910 Eudemum,

504 3929 691 3987 AEcouomicu
704 3936 733 3984 el
746 3928 780 3983 de
793 3925 976 3994 Virtutibus,
991 3943 1058 3997 quae
1070 3923 1146 3984 inter
1159 3923 1259 3995 spuria
1273 3943 1361 3996 opera
1375 3924 1540 3985 Aristotelis
1554 3949 1570 3985 a
1582 3949 1628 3986 re·

503 4016 680 4076 eontioribus
693 4014 898 4073 amandantur.
914 4012 979 4071 Alia
992 4013 1081 4072 etiam
1090 4013 1386 4072 uideturAristoteles
1395 4015 1545 4087 scripsisse
1558 4036 1629 4089 ope·

503 4127 545 4177 ra,
559 4126 625 4180 quae
639 4105 796 4178 perierunt.
808 4101 870 4162 Cir.
889 4103 1027 4171 Fonseea,
1044 4103 1236 4161 Commenlor.
1251 4105 1282 4159 iu
1296 4105 1385 4162 libros
1400 4105 1627 4180 Metaplysicor.

503 4197 598 4256 Arist.
615 4196 665 4253 lib.
684 4217 694 4252 1
713 4195 837 4252 Prooem.
852 4193 927 4265 Cap.
942 4212 971 4266 4.

538 4291 579 4354 (1)
615 4285 736 4344 Fonsec.
753 4285 805 4342 loe.
822 4303 895 4355 nup.
910 4282 959 4341 cit.
973 4303 1036 4355 cap.
1053 4304 1067 4356 3
1083 4283 1133 4341 fin.
1201 4304 1204 4312 ·

538 4375 579 4447 (2)
615 4373 659 4433 De
672 4373 820 4432 erroribus
836 4373 865 4430 in
881 4392 956 4444 quos
971 4371 1074 4431 incidit
1084 4371 1256 4431 Aristoteles
1274 4371 1369 4431 videri
1382 4384 1479 4443 potest
1491 4372 1630 4436 Salvator

500 4463 620 4523 Telamo
634 4464 854 4522 Aristotelismo
868 4464 948 4520 della
961 4462 1140 4528 scolastica,
1156 4483 1218 4534 par.
1236 4482 1249 4517 2
1264 4482 1327 4533 cap.
1342 4482 1358 4518 2
1373 4474 1401 4519 et
1416 4483 1441 4533 3.

536 4560 576 4627 (3)
613 4553 690 4614 Vide
703 4552 738 4610 de
758 4552 812 4610 hac
833 4573 863 4610 re
885 4553 919 4610 P.
940 4551 1071 4610 Renatus
1091 4547 1185 4624 Rapin
1204 4573 1220 4609 e
1237 4550 1380 4610 Societate
1396 4551 1465 4620 Jesu
1483 4565 1512 4611 et
1534 4553 1625 4614 Card.
1739 4595 1741 4600 ·

500 4641 659 4712 Gonzalez,
675 4643 728 4700 loc.
744 4641 792 4700 cit.
809 4662 909 4715 parag.
923 4644 975 4715 76,
991 4662 1057 4715 pag.
1074 4640 1142 4713 3201,
1159 4641 1228 4700 edit.
1244 4640 1357 4699 Matrit,
1375 4641 1452 4700 1886.

534 4737 575 4808 (4)
611 4732 681 4792 vid.
698 4731 821 4807 Caelium
836 4732 889 4791 lib:
906 4753 937 4806 17
950 4753 1010 4804 cap.
1026 4753 1057 4808 17
1069 4731 1190 4790 citatum
1207 4753 1223 4790 a
1238 4731 1365 4790 Fonseca
1382 4732 1434 4790 loc.
1450 4729 1498 4790 cit.
1513 4753 1578 4806 cap.
1598 4757 1625 4808 3·
