<?xml version="1.0" encoding="UTF-8"?>
<!DOCTYPE html PUBLIC "-//W3C//DTD XHTML 1.0 Transitional//EN"
    "http://www.w3.org/TR/xhtml1/DTD/xhtml1-transitional.dtd">
<html xmlns="http://www.w3.org/1999/xhtml" xml:lang="en" lang="en">
 <head>
  <title>
</title>
<meta http-equiv="Content-Type" content="text/html;charset=utf-8" />
  <meta name='ocr-system' content='tesseract 3.04.00' />
  <meta name='ocr-capabilities' content='ocr_page ocr_carea ocr_par ocr_line ocrx_word'/>
</head>
<body>
  <div class='ocr_page' id='page_1' title='image "./institutionesph00urrgoog_1048.png"; bbox 0 0 3492 5525; ppageno 0'>
   <div class='ocr_carea' id='block_1_1' title="bbox 568 375 1493 506">
    <p class='ocr_par' dir='ltr' id='par_1_1' title="bbox 568 375 1493 506">
     <span class='ocr_line' id='line_1_1' title="bbox 568 375 1493 506; baseline 0 -21"><span class='ocrx_word' id='word_1_1' title='bbox 568 420 644 494; x_wconf 78' lang='lat'>1028</span> <span class='ocrx_word' id='word_1_2' title='bbox 685 375 809 488; x_wconf 60' lang='lat' dir='ltr'>[ocrea</span> <span class='ocrx_word' id='word_1_3' title='bbox 823 424 1053 498; x_wconf 73' lang='lat' dir='ltr'>Maron-Lm.</span> <span class='ocrx_word' id='word_1_4' title='bbox 1072 438 1143 501; x_wconf 57' lang='grc' dir='ltr'>μ’,</span> <span class='ocrx_word' id='word_1_5' title='bbox 1160 424 1252 488; x_wconf 76' lang='lat' dir='ltr'>Drsa.</span> <span class='ocrx_word' id='word_1_6' title='bbox 1270 437 1315 506; x_wconf 83' lang='lat'>4·</span> <span class='ocrx_word' id='word_1_7' title='bbox 1328 424 1405 486; x_wconf 72' lang='lat' dir='ltr'>Can.</span> <span class='ocrx_word' id='word_1_8' title='bbox 1425 438 1493 501; x_wconf 63' lang='lat' dir='ltr'>pum</span> 
     </span>
    </p>
   </div>
   <div class='ocr_carea' id='block_1_2' title="bbox 523 606 1642 960">
    <p class='ocr_par' dir='ltr' id='par_1_2' title="bbox 523 606 1642 960">
     <span class='ocr_line' id='line_1_2' title="bbox 688 606 1034 645; baseline -0.003 -1"><span class='ocrx_word' id='word_1_9' title='bbox 688 606 698 632; x_wconf 34' lang='grc' dir='ltr'>κ</span> <span class='ocrx_word' id='word_1_10' title='bbox 760 626 768 645; x_wconf 80' lang='lat' dir='ltr'>s</span> <span class='ocrx_word' id='word_1_11' title='bbox 1029 632 1034 643; x_wconf 76' lang='grc' dir='ltr'>ι</span> 
     </span>
     <span class='ocr_line' id='line_1_3' title="bbox 532 660 1641 746; baseline -0.003 -20"><span class='ocrx_word' id='word_1_12' title='bbox 532 712 535 720; x_wconf 92' lang='grc'>.</span> <span class='ocrx_word' id='word_1_13' title='bbox 569 677 647 745; x_wconf 76' lang='lat'>304.</span> <span class='ocrx_word' id='word_1_14' title='bbox 695 660 954 744; x_wconf 62' lang='lat' dir='ltr'>Paoiosmoa*</span> <span class='ocrx_word' id='word_1_15' title='bbox 1001 667 1157 746; x_wconf 73' lang='lat' dir='ltr'>Reliquae</span> <span class='ocrx_word' id='word_1_16' title='bbox 1171 666 1326 727; x_wconf 76' lang='lat' dir='ltr'>scientiae</span> <span class='ocrx_word' id='word_1_17' title='bbox 1340 665 1412 726; x_wconf 82' lang='lat' dir='ltr'>fere</span> <span class='ocrx_word' id='word_1_18' title='bbox 1429 681 1568 735; x_wconf 85' lang='lat' dir='ltr'>omnes,</span> <span class='ocrx_word' id='word_1_19' title='bbox 1586 672 1641 723; x_wconf 84' lang='lat' dir='ltr'>aut</span> 
     </span>
     <span class='ocr_line' id='line_1_4' title="bbox 525 768 1642 852; baseline -0.003 -19"><span class='ocrx_word' id='word_1_20' title='bbox 525 782 607 833; x_wconf 91' lang='lat' dir='ltr'>sunt</span> <span class='ocrx_word' id='word_1_21' title='bbox 629 783 744 851; x_wconf 83' lang='lat' dir='ltr'>partes</span> <span class='ocrx_word' id='word_1_22' title='bbox 766 774 911 852; x_wconf 83' lang='lat' dir='ltr'>alicujus</span> <span class='ocrx_word' id='word_1_23' title='bbox 929 774 1076 835; x_wconf 82' lang='lat' dir='ltr'>istarum</span> <span class='ocrx_word' id='word_1_24' title='bbox 1098 774 1248 852; x_wconf 86' lang='lat' dir='ltr'>quinque</span> <span class='ocrx_word' id='word_1_25' title='bbox 1271 772 1515 851; x_wconf 79' lang='lat' dir='ltr'>praedictarum</span> <span class='ocrx_word' id='word_1_26' title='bbox 1533 768 1642 831; x_wconf 86' lang='lat' dir='ltr'>scien-</span> 
     </span>
     <span class='ocr_line' id='line_1_5' title="bbox 523 879 1395 960; baseline 0 -19"><span class='ocrx_word' id='word_1_27' title='bbox 523 879 668 953; x_wconf 83' lang='lat' dir='ltr'>tiaram,</span> <span class='ocrx_word' id='word_1_28' title='bbox 689 890 748 943; x_wconf 83' lang='lat' dir='ltr'>aut</span> <span class='ocrx_word' id='word_1_29' title='bbox 766 889 859 942; x_wconf 88' lang='lat' dir='ltr'>certe</span> <span class='ocrx_word' id='word_1_30' title='bbox 873 882 915 943; x_wconf 83' lang='lat' dir='ltr'>ab</span> <span class='ocrx_word' id='word_1_31' title='bbox 928 884 1042 960; x_wconf 87' lang='lat' dir='ltr'>aliqua</span> <span class='ocrx_word' id='word_1_32' title='bbox 1057 899 1177 943; x_wconf 87' lang='lat' dir='ltr'>earum</span> <span class='ocrx_word' id='word_1_33' title='bbox 1191 881 1395 959; x_wconf 88' lang='lat' dir='ltr'>dependent.</span> 
     </span>
    </p>
   </div>
   <div class='ocr_carea' id='block_1_3' title="bbox 243 1034 1646 3486">
    <p class='ocr_par' dir='ltr' id='par_1_3' title="bbox 243 1034 1644 2071">
     <span class='ocr_line' id='line_1_6' title="bbox 385 1034 1641 1121; baseline -0.008 -15"><span class='ocrx_word' id='word_1_34' title='bbox 385 1062 444 1116; x_wconf 73' lang='lat' dir='ltr'>Quia</span> <span class='ocrx_word' id='word_1_35' title='bbox 509 1076 515 1087; x_wconf 92' lang='lat'>·</span> <span class='ocrx_word' id='word_1_36' title='bbox 591 1042 771 1103; x_wconf 85' lang='lat' dir='ltr'><strong>Probatur.</strong></span> <span class='ocrx_word' id='word_1_37' title='bbox 790 1036 875 1102; x_wconf 88' lang='lat' dir='ltr'>Nam</span> <span class='ocrx_word' id='word_1_38' title='bbox 897 1039 928 1102; x_wconf 95' lang='lat' dir='ltr'>in</span> <span class='ocrx_word' id='word_1_39' title='bbox 949 1039 1061 1121; x_wconf 87' lang='lat' dir='ltr'>primis</span> <span class='ocrx_word' id='word_1_40' title='bbox 1085 1038 1240 1103; x_wconf 86' lang='lat' dir='ltr'>Mathesis</span> <span class='ocrx_word' id='word_1_41' title='bbox 1259 1037 1362 1101; x_wconf 86' lang='lat' dir='ltr'>varias</span> <span class='ocrx_word' id='word_1_42' title='bbox 1384 1034 1544 1112; x_wconf 88' lang='lat' dir='ltr'>continet,</span> <span class='ocrx_word' id='word_1_43' title='bbox 1568 1051 1641 1117; x_wconf 74' lang='lat' dir='ltr'>quta</span> 
     </span>
     <span class='ocr_line' id='line_1_7' title="bbox 243 1132 1641 1245; baseline -0.004 -37"><span class='ocrx_word' id='word_1_44' title='bbox 243 1132 247 1137; x_wconf 68' lang='grc'><strong>’</strong></span> <span class='ocrx_word' id='word_1_45' title='bbox 333 1133 489 1245; x_wconf 51' lang='lat' dir='ltr'>‘¹³⁰‘qdllffd‘</span> <span class='ocrx_word' id='word_1_46' title='bbox 524 1143 565 1208; x_wconf 90' lang='lat' dir='ltr'>de</span> <span class='ocrx_word' id='word_1_47' title='bbox 584 1162 618 1207; x_wconf 91' lang='lat' dir='ltr'>re</span> <span class='ocrx_word' id='word_1_48' title='bbox 637 1142 864 1209; x_wconf 86' lang='lat' dir='ltr'>Mathematica</span> <span class='ocrx_word' id='word_1_49' title='bbox 883 1145 1066 1228; x_wconf 91' lang='lat' dir='ltr'>disputant,</span> <span class='ocrx_word' id='word_1_50' title='bbox 1088 1145 1253 1221; x_wconf 89' lang='lat' dir='ltr'>scientias,</span> <span class='ocrx_word' id='word_1_51' title='bbox 1272 1142 1523 1216; x_wconf 75' lang='lat' dir='ltr'>Ariihnaeh&#39;cam,</span> <span class='ocrx_word' id='word_1_52' title='bbox 1545 1142 1641 1223; x_wconf 82' lang='lat' dir='ltr'>Alge-</span> 
     </span>
     <span class='ocr_line' id='line_1_8' title="bbox 356 1220 1641 1336; baseline -0.009 -15"><span class='ocrx_word' id='word_1_53' title='bbox 356 1220 460 1321; x_wconf 39' lang='lat' dir='ltr'>ciffi.</span> <span class='ocrx_word' id='word_1_54' title='bbox 524 1252 627 1326; x_wconf 71' lang='lat' dir='ltr'>ham,</span> <span class='ocrx_word' id='word_1_55' title='bbox 650 1250 873 1327; x_wconf 84' lang='lat' dir='ltr'>Geometriam,</span> <span class='ocrx_word' id='word_1_56' title='bbox 894 1263 957 1317; x_wconf 89' lang='lat' dir='ltr'>etc.</span> <span class='ocrx_word' id='word_1_57' title='bbox 980 1252 1185 1336; x_wconf 74' lang='lat' dir='ltr'>Philosophia</span> <span class='ocrx_word' id='word_1_58' title='bbox 1198 1270 1275 1315; x_wconf 88' lang='lat' dir='ltr'>vero</span> <span class='ocrx_word' id='word_1_59' title='bbox 1292 1250 1442 1316; x_wconf 85' lang='lat' dir='ltr'>naturalis</span> <span class='ocrx_word' id='word_1_60' title='bbox 1454 1267 1519 1313; x_wconf 91' lang='lat' dir='ltr'>non</span> <span class='ocrx_word' id='word_1_61' title='bbox 1532 1248 1641 1313; x_wconf 91' lang='lat' dir='ltr'>solum</span> 
     </span>
     <span class='ocr_line' id='line_1_9' title="bbox 524 1354 1642 1443; baseline -0.005 -20"><span class='ocrx_word' id='word_1_62' title='bbox 524 1358 751 1441; x_wconf 83' lang='lat' dir='ltr'>complectitur</span> <span class='ocrx_word' id='word_1_63' title='bbox 779 1358 1005 1443; x_wconf 83' lang='lat' dir='ltr'>CosmoIogiam</span> <span class='ocrx_word' id='word_1_64' title='bbox 1024 1370 1056 1424; x_wconf 89' lang='lat' dir='ltr'>et</span> <span class='ocrx_word' id='word_1_65' title='bbox 1074 1359 1308 1441; x_wconf 81' lang='lat' dir='ltr'>PsychoIogiam</span> <span class='ocrx_word' id='word_1_66' title='bbox 1328 1357 1563 1429; x_wconf 85' lang='lat' dir='ltr'>recentiorum,</span> <span class='ocrx_word' id='word_1_67' title='bbox 1587 1354 1642 1418; x_wconf 88' lang='lat' dir='ltr'>sed</span> 
     </span>
     <span class='ocr_line' id='line_1_10' title="bbox 524 1462 1640 1556; baseline -0.004 -27"><span class='ocrx_word' id='word_1_68' title='bbox 524 1465 620 1531; x_wconf 88' lang='lat' dir='ltr'>etiam</span> <span class='ocrx_word' id='word_1_69' title='bbox 642 1485 729 1556; x_wconf 84' lang='lat' dir='ltr'>earn,</span> <span class='ocrx_word' id='word_1_70' title='bbox 752 1486 827 1549; x_wconf 90' lang='lat' dir='ltr'>quae</span> <span class='ocrx_word' id='word_1_71' title='bbox 846 1467 992 1552; x_wconf 87' lang='lat' dir='ltr'>Physicae</span> <span class='ocrx_word' id='word_1_72' title='bbox 1022 1485 1143 1531; x_wconf 90' lang='lat' dir='ltr'>nomen</span> <span class='ocrx_word' id='word_1_73' title='bbox 1169 1466 1252 1531; x_wconf 87' lang='lat' dir='ltr'>inter</span> <span class='ocrx_word' id='word_1_74' title='bbox 1277 1466 1452 1530; x_wconf 91' lang='lat' dir='ltr'>modernos</span> <span class='ocrx_word' id='word_1_75' title='bbox 1479 1462 1640 1534; x_wconf 87' lang='lat' dir='ltr'>obtinuit,</span> 
     </span>
     <span class='ocr_line' id='line_1_11' title="bbox 524 1568 1643 1657; baseline -0.004 -20"><span class='ocrx_word' id='word_1_76' title='bbox 524 1583 559 1648; x_wconf 70' lang='lat' dir='ltr'>et,</span> <span class='ocrx_word' id='word_1_77' title='bbox 572 1573 746 1651; x_wconf 82' lang='lat' dir='ltr'>Chiniam,</span> <span class='ocrx_word' id='word_1_78' title='bbox 767 1573 993 1657; x_wconf 78' lang='lat' dir='ltr'>Physiologiam</span> <span class='ocrx_word' id='word_1_79' title='bbox 1004 1584 1035 1639; x_wconf 93' lang='lat' dir='ltr'>et</span> <span class='ocrx_word' id='word_1_80' title='bbox 1050 1568 1425 1647; x_wconf 81' lang='lat' dir='ltr'>Historiam&#39;naturalem,</span> <span class='ocrx_word' id='word_1_81' title='bbox 1442 1588 1514 1654; x_wconf 86' lang='lat' dir='ltr'>quae</span> <span class='ocrx_word' id='word_1_82' title='bbox 1524 1588 1643 1634; x_wconf 90' lang='lat' dir='ltr'>omnes</span> 
     </span>
     <span class='ocr_line' id='line_1_12' title="bbox 525 1681 1644 1762; baseline -0.004 -17"><span class='ocrx_word' id='word_1_83' title='bbox 525 1700 591 1745; x_wconf 89' lang='lat' dir='ltr'>aon</span> <span class='ocrx_word' id='word_1_84' title='bbox 619 1691 716 1756; x_wconf 88' lang='lat' dir='ltr'>sunt,</span> <span class='ocrx_word' id='word_1_85' title='bbox 747 1682 807 1747; x_wconf 88' lang='lat' dir='ltr'>nisi</span> <span class='ocrx_word' id='word_1_86' title='bbox 833 1682 1002 1748; x_wconf 86' lang='lat' dir='ltr'>ulteriores</span> <span class='ocrx_word' id='word_1_87' title='bbox 1029 1682 1234 1760; x_wconf 78' lang='lat' dir='ltr'>evolutiones</span> <span class='ocrx_word' id='word_1_88' title='bbox 1264 1681 1520 1762; x_wconf 86' lang='lat' dir='ltr'>minutioresque</span> <span class='ocrx_word' id='word_1_89' title='bbox 1544 1696 1644 1759; x_wconf 81' lang='lat' dir='ltr'>expo</span> 
     </span>
     <span class='ocr_line' id='line_1_13' title="bbox 524 1786 1644 1872; baseline -0.004 -19"><span class='ocrx_word' id='word_1_90' title='bbox 524 1788 659 1853; x_wconf 89' lang='lat' dir='ltr'>sitiones</span> <span class='ocrx_word' id='word_1_91' title='bbox 671 1788 884 1870; x_wconf 80' lang='lat' dir='ltr'>&#39;quarumdan</span> <span class='ocrx_word' id='word_1_92' title='bbox 914 1788 1052 1871; x_wconf 90' lang='lat' dir='ltr'>partium</span> <span class='ocrx_word' id='word_1_93' title='bbox 1084 1788 1297 1872; x_wconf 72' lang='lat' dir='ltr'>Philosophiae</span> <span class='ocrx_word' id='word_1_94' title='bbox 1325 1786 1496 1867; x_wconf 89' lang='lat' dir='ltr'>naturalis;</span> <span class='ocrx_word' id='word_1_95' title='bbox 1525 1804 1644 1849; x_wconf 91' lang='lat' dir='ltr'>omnes</span> 
     </span>
     <span class='ocr_line' id='line_1_14' title="bbox 524 1894 1643 1981; baseline -0.004 -22"><span class='ocrx_word' id='word_1_96' title='bbox 524 1895 610 1961; x_wconf 92' lang='lat' dir='ltr'>enim</span> <span class='ocrx_word' id='word_1_97' title='bbox 638 1897 686 1961; x_wconf 88' lang='lat' dir='ltr'>hae</span> <span class='ocrx_word' id='word_1_98' title='bbox 706 1896 884 1980; x_wconf 85' lang='lat' dir='ltr'>disciplinae</span> <span class='ocrx_word' id='word_1_99' title='bbox 909 1897 1030 1962; x_wconf 89' lang='lat' dir='ltr'>habent</span> <span class='ocrx_word' id='word_1_100' title='bbox 1059 1916 1116 1981; x_wconf 94' lang='lat' dir='ltr'>pro</span> <span class='ocrx_word' id='word_1_101' title='bbox 1135 1899 1263 1981; x_wconf 86' lang='lat' dir='ltr'>objecto</span> <span class='ocrx_word' id='word_1_102' title='bbox 1287 1896 1418 1979; x_wconf 81' lang='lat' dir='ltr'>aliquod</span> <span class='ocrx_word' id='word_1_103' title='bbox 1433 1912 1538 1979; x_wconf 81' lang='lat' dir='ltr'>genus</span> <span class='ocrx_word' id='word_1_104' title='bbox 1559 1894 1643 1957; x_wconf 83' lang='lat' dir='ltr'>entis</span> 
     </span>
     <span class='ocr_line' id='line_1_15' title="bbox 524 2004 1161 2071; baseline 0.009 -3"><span class='ocrx_word' id='word_1_105' title='bbox 524 2004 664 2071; x_wconf 91' lang='lat' dir='ltr'>mobilis.</span> <span class='ocrx_word' id='word_1_106' title='bbox 1158 2015 1161 2025; x_wconf 89' lang='grc'><strong>’</strong></span> 
     </span>
    </p>

    <p class='ocr_par' dir='ltr' id='par_1_4' title="bbox 499 2106 1646 2823">
     <span class='ocr_line' id='line_1_16' title="bbox 499 2106 1645 2192; baseline -0.003 -15"><span class='ocrx_word' id='word_1_107' title='bbox 499 2135 511 2143; x_wconf 94' lang='grc'><em>·</em></span> <span class='ocrx_word' id='word_1_108' title='bbox 590 2111 800 2177; x_wconf 81' lang='lat' dir='ltr'>Astronomia</span> <span class='ocrx_word' id='word_1_109' title='bbox 837 2120 870 2176; x_wconf 92' lang='lat' dir='ltr'>et</span> <span class='ocrx_word' id='word_1_110' title='bbox 903 2106 1087 2178; x_wconf 86' lang='lat' dir='ltr'>Mechanica</span> <span class='ocrx_word' id='word_1_111' title='bbox 1120 2113 1270 2178; x_wconf 88' lang='lat' dir='ltr'>videntur</span> <span class='ocrx_word' id='word_1_112' title='bbox 1299 2110 1510 2177; x_wconf 90' lang='lat' dir='ltr'>subalternari</span> <span class='ocrx_word' id='word_1_113' title='bbox 1543 2110 1645 2192; x_wconf 84' lang='lat' dir='ltr'>potis-</span> 
     </span>
     <span class='ocr_line' id='line_1_17' title="bbox 522 2216 1642 2302; baseline -0.003 -19"><span class='ocrx_word' id='word_1_114' title='bbox 522 2217 644 2284; x_wconf 92' lang='lat' dir='ltr'>simum</span> <span class='ocrx_word' id='word_1_115' title='bbox 678 2220 832 2295; x_wconf 87' lang='lat' dir='ltr'>Mathesi‚</span> <span class='ocrx_word' id='word_1_116' title='bbox 864 2236 940 2286; x_wconf 90' lang='lat' dir='ltr'>cum</span> <span class='ocrx_word' id='word_1_117' title='bbox 973 2221 1083 2285; x_wconf 90' lang='lat' dir='ltr'>omnia</span> <span class='ocrx_word' id='word_1_118' title='bbox 1107 2222 1171 2284; x_wconf 87' lang='lat' dir='ltr'>lere</span> <span class='ocrx_word' id='word_1_119' title='bbox 1192 2220 1330 2302; x_wconf 89' lang='lat' dir='ltr'>probent</span> <span class='ocrx_word' id='word_1_120' title='bbox 1363 2238 1403 2283; x_wconf 86' lang='lat' dir='ltr'>ex</span> <span class='ocrx_word' id='word_1_121' title='bbox 1440 2216 1642 2291; x_wconf 77' lang='lat' dir='ltr'>Geometria⁷</span> 
     </span>
     <span class='ocr_line' id='line_1_18' title="bbox 522 2325 1646 2410; baseline -0.002 -21"><span class='ocrx_word' id='word_1_122' title='bbox 522 2327 686 2410; x_wconf 87' lang='lat' dir='ltr'>hujusque</span> <span class='ocrx_word' id='word_1_123' title='bbox 711 2325 892 2393; x_wconf 85' lang='lat' dir='ltr'>doctrinam</span> <span class='ocrx_word' id='word_1_124' title='bbox 921 2328 962 2393; x_wconf 89' lang='lat' dir='ltr'>ad</span> <span class='ocrx_word' id='word_1_125' title='bbox 990 2328 1092 2393; x_wconf 89' lang='lat' dir='ltr'>varias</span> <span class='ocrx_word' id='word_1_126' title='bbox 1121 2326 1269 2392; x_wconf 85' lang='lat' dir='ltr'>materias</span> <span class='ocrx_word' id='word_1_127' title='bbox 1292 2326 1521 2393; x_wconf 84' lang='lat' dir='ltr'>determinatas</span> <span class='ocrx_word' id='word_1_128' title='bbox 1540 2325 1646 2409; x_wconf 88' lang='lat' dir='ltr'>appli-</span> 
     </span>
     <span class='ocr_line' id='line_1_19' title="bbox 521 2432 1644 2521; baseline -0.003 -23"><span class='ocrx_word' id='word_1_129' title='bbox 521 2442 596 2499; x_wconf 88' lang='lat' dir='ltr'>cent</span> <span class='ocrx_word' id='word_1_130' title='bbox 614 2432 678 2521; x_wconf 84' lang='lat' dir='ltr'>(r),</span> <span class='ocrx_word' id='word_1_131' title='bbox 700 2453 901 2518; x_wconf 89' lang='lat' dir='ltr'>quamquam</span> <span class='ocrx_word' id='word_1_132' title='bbox 922 2436 1018 2502; x_wconf 89' lang='lat' dir='ltr'>etiam</span> <span class='ocrx_word' id='word_1_133' title='bbox 1038 2437 1070 2503; x_wconf 90' lang='lat' dir='ltr'>in</span> <span class='ocrx_word' id='word_1_134' title='bbox 1091 2436 1238 2519; x_wconf 83' lang='lat' dir='ltr'>pluribus</span> <span class='ocrx_word' id='word_1_135' title='bbox 1262 2435 1329 2499; x_wconf 86' lang='lat' dir='ltr'>aliis</span> <span class='ocrx_word' id='word_1_136' title='bbox 1357 2455 1374 2497; x_wconf 91' lang='lat' dir='ltr'>a</span> <span class='ocrx_word' id='word_1_137' title='bbox 1402 2433 1537 2519; x_wconf 85' lang='lat' dir='ltr'>Physica</span> <span class='ocrx_word' id='word_1_138' title='bbox 1565 2452 1644 2516; x_wconf 91' lang='lat' dir='ltr'>pen-</span> 
     </span>
     <span class='ocr_line' id='line_1_20' title="bbox 521 2541 1645 2624; baseline -0.001 -20"><span class='ocrx_word' id='word_1_139' title='bbox 521 2542 630 2607; x_wconf 84' lang='lat' dir='ltr'>deant.</span> <span class='ocrx_word' id='word_1_140' title='bbox 662 2541 770 2624; x_wconf 82' lang='lat' dir='ltr'>Atque</span> <span class='ocrx_word' id='word_1_141' title='bbox 795 2543 881 2607; x_wconf 88' lang='lat' dir='ltr'>idem</span> <span class='ocrx_word' id='word_1_142' title='bbox 905 2542 1079 2608; x_wconf 91' lang='lat' dir='ltr'>dicendum</span> <span class='ocrx_word' id='word_1_143' title='bbox 1109 2542 1237 2607; x_wconf 89' lang='lat' dir='ltr'>videtur</span> <span class='ocrx_word' id='word_1_144' title='bbox 1259 2543 1299 2606; x_wconf 91' lang='lat' dir='ltr'>de</span> <span class='ocrx_word' id='word_1_145' title='bbox 1327 2552 1394 2606; x_wconf 89' lang='lat' dir='ltr'>arte</span> <span class='ocrx_word' id='word_1_146' title='bbox 1424 2541 1645 2605; x_wconf 80' lang='lat' dir='ltr'>architectoni-</span> 
     </span>
     <span class='ocr_line' id='line_1_21' title="bbox 519 2646 1644 2733; baseline -0.003 -22"><span class='ocrx_word' id='word_1_147' title='bbox 519 2666 568 2712; x_wconf 81' lang='lat' dir='ltr'>ca.</span> <span class='ocrx_word' id='word_1_148' title='bbox 590 2646 745 2712; x_wconf 83' lang='lat' dir='ltr'>Medicina</span> <span class='ocrx_word' id='word_1_149' title='bbox 770 2650 1009 2716; x_wconf 88' lang='lat' dir='ltr'>subalternatur</span> <span class='ocrx_word' id='word_1_150' title='bbox 1037 2648 1253 2733; x_wconf 87' lang='lat' dir='ltr'>Philosophiae</span> <span class='ocrx_word' id='word_1_151' title='bbox 1279 2649 1430 2724; x_wconf 87' lang='lat' dir='ltr'>naturali,</span> <span class='ocrx_word' id='word_1_152' title='bbox 1461 2659 1493 2713; x_wconf 92' lang='lat' dir='ltr'>et</span> <span class='ocrx_word' id='word_1_153' title='bbox 1516 2648 1644 2713; x_wconf 79' lang='lat' dir='ltr'>Musica</span> 
     </span>
     <span class='ocr_line' id='line_1_22' title="bbox 521 2754 754 2823; baseline 0 -3"><span class='ocrx_word' id='word_1_154' title='bbox 521 2754 754 2823; x_wconf 82' lang='lat' dir='ltr'>Arithmeticae.</span> 
     </span>
    </p>

    <p class='ocr_par' dir='ltr' id='par_1_5' title="bbox 520 2863 1644 3056">
     <span class='ocr_line' id='line_1_23' title="bbox 588 2863 1644 2949; baseline -0.001 -21"><span class='ocrx_word' id='word_1_155' title='bbox 588 2864 698 2947; x_wconf 89' lang='lat' dir='ltr'>lpsum</span> <span class='ocrx_word' id='word_1_156' title='bbox 718 2863 815 2930; x_wconf 89' lang='lat' dir='ltr'>etiam</span> <span class='ocrx_word' id='word_1_157' title='bbox 834 2864 891 2943; x_wconf 88' lang='lat' dir='ltr'>Jus</span> <span class='ocrx_word' id='word_1_158' title='bbox 909 2864 1002 2930; x_wconf 88' lang='lat' dir='ltr'>civile</span> <span class='ocrx_word' id='word_1_159' title='bbox 1023 2865 1055 2935; x_wconf 89' lang='lat' dir='ltr'>in</span> <span class='ocrx_word' id='word_1_160' title='bbox 1075 2866 1129 2940; x_wconf 59' lang='lat' dir='ltr'>iis,</span> <span class='ocrx_word' id='word_1_161' title='bbox 1151 2885 1224 2949; x_wconf 88' lang='lat' dir='ltr'>quae</span> <span class='ocrx_word' id='word_1_162' title='bbox 1252 2885 1292 2930; x_wconf 89' lang='lat' dir='ltr'>ex</span> <span class='ocrx_word' id='word_1_163' title='bbox 1312 2865 1442 2931; x_wconf 87' lang='lat' dir='ltr'>rationis</span> <span class='ocrx_word' id='word_1_164' title='bbox 1465 2865 1644 2930; x_wconf 88' lang='lat' dir='ltr'>dictamine</span> 
     </span>
     <span class='ocr_line' id='line_1_24' title="bbox 520 2971 1183 3056; baseline 0.009 -22"><span class='ocrx_word' id='word_1_165' title='bbox 520 2971 740 3046; x_wconf 91' lang='lat' dir='ltr'>demonstrat,</span> <span class='ocrx_word' id='word_1_166' title='bbox 762 2991 803 3036; x_wconf 92' lang='lat' dir='ltr'>ex</span> <span class='ocrx_word' id='word_1_167' title='bbox 815 2973 889 3052; x_wconf 85' lang='lat' dir='ltr'>Jure</span> <span class='ocrx_word' id='word_1_168' title='bbox 910 2983 1032 3037; x_wconf 88' lang='lat' dir='ltr'>naturae</span> <span class='ocrx_word' id='word_1_169' title='bbox 1051 2973 1183 3056; x_wconf 88' lang='lat' dir='ltr'>pendet.</span> 
     </span>
    </p>

    <p class='ocr_par' dir='ltr' id='par_1_6' title="bbox 519 3078 1644 3486">
     <span class='ocr_line' id='line_1_25' title="bbox 587 3078 1643 3162; baseline -0.001 -19"><span class='ocrx_word' id='word_1_170' title='bbox 587 3078 734 3162; x_wconf 89' lang='lat' dir='ltr'>Denique</span> <span class='ocrx_word' id='word_1_171' title='bbox 754 3079 897 3145; x_wconf 84' lang='lat' dir='ltr'>scientiae</span> <span class='ocrx_word' id='word_1_172' title='bbox 916 3079 1052 3162; x_wconf 89' lang='lat' dir='ltr'>politicae</span> <span class='ocrx_word' id='word_1_173' title='bbox 1072 3088 1170 3162; x_wconf 89' lang='lat' dir='ltr'>atque</span> <span class='ocrx_word' id='word_1_174' title='bbox 1195 3079 1461 3146; x_wconf 84' lang='lat' dir='ltr'>administrativae</span> <span class='ocrx_word' id='word_1_175' title='bbox 1486 3079 1643 3144; x_wconf 86' lang='lat' dir='ltr'>videntur</span> 
     </span>
     <span class='ocr_line' id='line_1_26' title="bbox 520 3186 1641 3272; baseline 0 -22"><span class='ocrx_word' id='word_1_176' title='bbox 520 3205 538 3250; x_wconf 92' lang='lat' dir='ltr'>a</span> <span class='ocrx_word' id='word_1_177' title='bbox 557 3186 670 3250; x_wconf 90' lang='lat' dir='ltr'>morali</span> <span class='ocrx_word' id='word_1_178' title='bbox 689 3188 896 3270; x_wconf 89' lang='lat' dir='ltr'>Philosophia</span> <span class='ocrx_word' id='word_1_179' title='bbox 916 3205 972 3252; x_wconf 92' lang='lat' dir='ltr'>seu</span> <span class='ocrx_word' id='word_1_180' title='bbox 993 3186 1102 3252; x_wconf 87' lang='lat' dir='ltr'>Ethica</span> <span class='ocrx_word' id='word_1_181' title='bbox 1127 3187 1328 3270; x_wconf 87' lang='lat' dir='ltr'>dependere,</span> <span class='ocrx_word' id='word_1_182' title='bbox 1349 3190 1442 3272; x_wconf 84' lang='lat' dir='ltr'>cujus</span> <span class='ocrx_word' id='word_1_183' title='bbox 1468 3189 1641 3270; x_wconf 85' lang='lat' dir='ltr'>proprium</span> 
     </span>
     <span class='ocr_line' id='line_1_27' title="bbox 519 3294 1644 3379; baseline 0.001 -23"><span class='ocrx_word' id='word_1_184' title='bbox 519 3305 569 3357; x_wconf 88' lang='lat' dir='ltr'>est</span> <span class='ocrx_word' id='word_1_185' title='bbox 594 3294 724 3368; x_wconf 90' lang='lat' dir='ltr'>docere,</span> <span class='ocrx_word' id='word_1_186' title='bbox 750 3313 816 3376; x_wconf 89' lang='lat' dir='ltr'>quo</span> <span class='ocrx_word' id='word_1_187' title='bbox 843 3304 936 3377; x_wconf 86' lang='lat' dir='ltr'>pacto</span> <span class='ocrx_word' id='word_1_188' title='bbox 965 3294 1140 3379; x_wconf 85' lang='lat' dir='ltr'>dirigendae</span> <span class='ocrx_word' id='word_1_189' title='bbox 1166 3305 1262 3374; x_wconf 84' lang='lat' dir='ltr'>atque</span> <span class='ocrx_word' id='word_1_190' title='bbox 1287 3295 1472 3361; x_wconf 86' lang='lat' dir='ltr'>ordinandae</span> <span class='ocrx_word' id='word_1_191' title='bbox 1496 3303 1581 3359; x_wconf 90' lang='lat' dir='ltr'>sunt</span> <span class='ocrx_word' id='word_1_192' title='bbox 1606 3295 1644 3358; x_wconf 89' lang='lat' dir='ltr'>ad</span> 
     </span>
     <span class='ocr_line' id='line_1_28' title="bbox 520 3400 1642 3486; baseline 0.007 -22"><span class='ocrx_word' id='word_1_193' title='bbox 520 3400 674 3465; x_wconf 91' lang='lat' dir='ltr'>ultimum</span> <span class='ocrx_word' id='word_1_194' title='bbox 696 3401 799 3466; x_wconf 88' lang='lat' dir='ltr'>tinem</span> <span class='ocrx_word' id='word_1_195' title='bbox 820 3402 962 3468; x_wconf 90' lang='lat' dir='ltr'>actiones</span> <span class='ocrx_word' id='word_1_196' title='bbox 977 3421 1094 3467; x_wconf 88' lang='lat' dir='ltr'>omnes</span> <span class='ocrx_word' id='word_1_197' title='bbox 1109 3404 1177 3468; x_wconf 89' lang='lat' dir='ltr'>sive</span> <span class='ocrx_word' id='word_1_198' title='bbox 1192 3402 1333 3468; x_wconf 91' lang='lat' dir='ltr'>hominis</span> <span class='ocrx_word' id='word_1_199' title='bbox 1347 3401 1485 3468; x_wconf 86' lang='lat' dir='ltr'>solitarie</span> <span class='ocrx_word' id='word_1_200' title='bbox 1499 3404 1642 3486; x_wconf 89' lang='lat' dir='ltr'>accepti.</span> 
     </span>
    </p>
   </div>
   <div class='ocr_carea' id='block_1_4' title="bbox 508 3507 1501 3595">
    <p class='ocr_par' dir='ltr' id='par_1_7' title="bbox 508 3507 1501 3595">
     <span class='ocr_line' id='line_1_29' title="bbox 508 3507 1501 3595; baseline 0.006 -25"><span class='ocrx_word' id='word_1_201' title='bbox 508 3507 588 3572; x_wconf 87' lang='lat' dir='ltr'>&#39;sive</span> <span class='ocrx_word' id='word_1_202' title='bbox 607 3508 738 3574; x_wconf 82' lang='lat' dir='ltr'>familiae</span> <span class='ocrx_word' id='word_1_203' title='bbox 758 3509 877 3586; x_wconf 91' lang='lat' dir='ltr'>totius,</span> <span class='ocrx_word' id='word_1_204' title='bbox 899 3509 969 3574; x_wconf 91' lang='lat' dir='ltr'>sive</span> <span class='ocrx_word' id='word_1_205' title='bbox 987 3509 1126 3576; x_wconf 85' lang='lat' dir='ltr'>civitatis</span> <span class='ocrx_word' id='word_1_206' title='bbox 1145 3520 1243 3594; x_wconf 88' lang='lat' dir='ltr'>atque</span> <span class='ocrx_word' id='word_1_207' title='bbox 1263 3510 1379 3595; x_wconf 82' lang='lat' dir='ltr'>integri</span> <span class='ocrx_word' id='word_1_208' title='bbox 1399 3509 1501 3594; x_wconf 84' lang='lat' dir='ltr'>regni.</span> 
     </span>
    </p>
   </div>
   <div class='ocr_carea' id='block_1_5' title="bbox 304 3667 1647 4076">
    <p class='ocr_par' dir='ltr' id='par_1_8' title="bbox 304 3667 1647 4076">
     <span class='ocr_line' id='line_1_30' title="bbox 365 3667 1646 3755; baseline 0.003 -21"><span class='ocrx_word' id='word_1_209' title='bbox 365 3688 444 3734; x_wconf 73' lang='lat' dir='ltr'>unum</span> <span class='ocrx_word' id='word_1_210' title='bbox 529 3672 532 3679; x_wconf 87' lang='lat'>&#39;</span> <span class='ocrx_word' id='word_1_211' title='bbox 563 3685 640 3752; x_wconf 75' lang='lat'>305.</span> <span class='ocrx_word' id='word_1_212' title='bbox 689 3667 883 3734; x_wconf 75' lang='lat' dir='ltr'>Pnoiosmo</span> <span class='ocrx_word' id='word_1_213' title='bbox 904 3677 952 3755; x_wconf 71' lang='lat'>§.⁸</span> <span class='ocrx_word' id='word_1_214' title='bbox 998 3677 1092 3736; x_wconf 88' lang='lat' dir='ltr'>Inter</span> <span class='ocrx_word' id='word_1_215' title='bbox 1109 3677 1259 3753; x_wconf 88' lang='lat' dir='ltr'>quinque</span> <span class='ocrx_word' id='word_1_216' title='bbox 1277 3674 1456 3752; x_wconf 85' lang='lat' dir='ltr'>primarias</span> <span class='ocrx_word' id='word_1_217' title='bbox 1475 3676 1646 3738; x_wconf 86' lang='lat' dir='ltr'>scientias</span> 
     </span>
     <span class='ocr_line' id='line_1_31' title="bbox 304 3761 1643 3887; baseline 0.004 -48"><span class='ocrx_word' id='word_1_218' title='bbox 304 3761 503 3887; x_wconf 52' lang='grc' dir='ltr'>ρ’ἕζζήξξᾞξξ</span> <span class='ocrx_word' id='word_1_219' title='bbox 517 3796 642 3856; x_wconf 82' lang='lat' dir='ltr'>magna</span> <span class='ocrx_word' id='word_1_220' title='bbox 658 3781 798 3858; x_wconf 89' lang='lat' dir='ltr'>quidem</span> <span class='ocrx_word' id='word_1_221' title='bbox 816 3782 996 3843; x_wconf 88' lang='lat' dir='ltr'>intercedit</span> <span class='ocrx_word' id='word_1_222' title='bbox 1013 3783 1179 3845; x_wconf 85' lang='lat' dir='ltr'>connexio</span> <span class='ocrx_word' id='word_1_223' title='bbox 1195 3791 1382 3860; x_wconf 87' lang='lat' dir='ltr'>mutuaque</span> <span class='ocrx_word' id='word_1_224' title='bbox 1399 3782 1643 3860; x_wconf 85' lang='lat' dir='ltr'>dependentia,</span> 
     </span>
     <span class='ocr_line' id='line_1_32' title="bbox 327 3887 1647 3967; baseline 0.005 -21"><span class='ocrx_word' id='word_1_225' title='bbox 327 3902 476 3956; x_wconf 59' lang='lat' dir='ltr'>rtasphttosw</span> <span class='ocrx_word' id='word_1_226' title='bbox 516 3887 610 3947; x_wconf 88' lang='lat' dir='ltr'>nulla</span> <span class='ocrx_word' id='word_1_227' title='bbox 635 3896 752 3949; x_wconf 88' lang='lat' dir='ltr'>tamen</span> <span class='ocrx_word' id='word_1_228' title='bbox 779 3907 900 3951; x_wconf 84' lang='lat' dir='ltr'>earum</span> <span class='ocrx_word' id='word_1_229' title='bbox 918 3889 1016 3950; x_wconf 84' lang='lat' dir='ltr'>alteri</span> <span class='ocrx_word' id='word_1_230' title='bbox 1042 3890 1178 3967; x_wconf 89' lang='lat' dir='ltr'>proprie</span> <span class='ocrx_word' id='word_1_231' title='bbox 1203 3890 1471 3962; x_wconf 81' lang='lat' dir='ltr'>subalternatur;</span> <span class='ocrx_word' id='word_1_232' title='bbox 1499 3892 1536 3950; x_wconf 83' lang='lat' dir='ltr'>si</span> <span class='ocrx_word' id='word_1_233' title='bbox 1563 3910 1647 3953; x_wconf 86' lang='lat' dir='ltr'>vero</span> 
     </span>
     <span class='ocr_line' id='line_1_33' title="bbox 329 3971 1644 4076; baseline 0.005 -24"><span class='ocrx_word' id='word_1_234' title='bbox 329 3971 477 4026; x_wconf 53' lang='lat' dir='ltr'>&#39;&#39;mmm&#39;‘</span> <span class='ocrx_word' id='word_1_235' title='bbox 515 3993 558 4054; x_wconf 90' lang='lat' dir='ltr'>de</span> <span class='ocrx_word' id='word_1_236' title='bbox 590 3988 880 4057; x_wconf 84' lang='lat' dir='ltr'>subalternatione</span> <span class='ocrx_word' id='word_1_237' title='bbox 911 3997 1021 4058; x_wconf 85' lang='lat' dir='ltr'>latiori</span> <span class='ocrx_word' id='word_1_238' title='bbox 1054 3983 1237 4075; x_wconf 85' lang='lat' dir='ltr'>minusque</span> <span class='ocrx_word' id='word_1_239' title='bbox 1267 3998 1403 4076; x_wconf 86' lang='lat' dir='ltr'>propria</span> <span class='ocrx_word' id='word_1_240' title='bbox 1434 4001 1561 4060; x_wconf 78' lang='lat' dir='ltr'>serino</span> <span class='ocrx_word' id='word_1_241' title='bbox 1589 4001 1644 4068; x_wconf 83' lang='lat' dir='ltr'>eit,</span> 
     </span>
    </p>
   </div>
   <div class='ocr_carea' id='block_1_6' title="bbox 323 4041 1368 4184">
    <p class='ocr_par' dir='ltr' id='par_1_9' title="bbox 323 4041 1368 4184">
     <span class='ocr_line' id='line_1_34' title="bbox 323 4041 1368 4184; baseline 0.072 -44"><span class='ocrx_word' id='word_1_242' title='bbox 323 4041 488 4087; x_wconf 49' lang='lat' dir='ltr'>&#39;mmm</span> <span class='ocrx_word' id='word_1_243' title='bbox 516 4100 660 4178; x_wconf 83' lang='lat' dir='ltr'>reliquae</span> <span class='ocrx_word' id='word_1_244' title='bbox 678 4102 841 4164; x_wconf 84' lang='lat' dir='ltr'>videntur</span> <span class='ocrx_word' id='word_1_245' title='bbox 860 4105 1109 4184; x_wconf 55' lang='lat' dir='ltr'>Memphysicae</span> <span class='ocrx_word' id='word_1_246' title='bbox 1128 4105 1368 4167; x_wconf 59' lang='lat' dir='ltr'>⁸⁰b³¹t⁶mari&#39;</span> 
     </span>
    </p>
   </div>
   <div class='ocr_carea' id='block_1_7' title="bbox 512 4255 1647 4449">
    <p class='ocr_par' dir='ltr' id='par_1_10' title="bbox 512 4255 1647 4449">
     <span class='ocr_line' id='line_1_35' title="bbox 525 4255 1647 4348; baseline 0.005 -26"><span class='ocrx_word' id='word_1_247' title='bbox 525 4295 529 4302; x_wconf 88' lang='lat'><em>-</em></span> <span class='ocrx_word' id='word_1_248' title='bbox 559 4265 661 4324; x_wconf 83' lang='lat' dir='ltr'>Prob.</span> <span class='ocrx_word' id='word_1_249' title='bbox 677 4255 789 4342; x_wconf 79' lang='lat' dir='ltr'>prima</span> <span class='ocrx_word' id='word_1_250' title='bbox 802 4282 894 4342; x_wconf 83' lang='lat' dir='ltr'>pars:</span> <span class='ocrx_word' id='word_1_251' title='bbox 942 4262 1025 4326; x_wconf 86' lang='lat' dir='ltr'>Inter</span> <span class='ocrx_word' id='word_1_252' title='bbox 1035 4261 1170 4345; x_wconf 84' lang='lat' dir='ltr'>quinque</span> <span class='ocrx_word' id='word_1_253' title='bbox 1180 4261 1350 4344; x_wconf 83' lang='lat' dir='ltr'>primarias</span> <span class='ocrx_word' id='word_1_254' title='bbox 1362 4262 1509 4327; x_wconf 80' lang='lat' dir='ltr'>scientias</span> <span class='ocrx_word' id='word_1_255' title='bbox 1528 4283 1647 4348; x_wconf 79' lang='lat' dir='ltr'>neagm</span> 
     </span>
     <span class='ocr_line' id='line_1_36' title="bbox 512 4363 1300 4449; baseline 0.009 -22"><span class='ocrx_word' id='word_1_256' title='bbox 512 4363 679 4430; x_wconf 73' lang='lat' dir='ltr'>intercedit</span> <span class='ocrx_word' id='word_1_257' title='bbox 691 4368 844 4432; x_wconf 77' lang='lat' dir='ltr'>eonnext‘o</span> <span class='ocrx_word' id='word_1_258' title='bbox 860 4371 892 4432; x_wconf 80' lang='lat' dir='ltr'>et</span> <span class='ocrx_word' id='word_1_259' title='bbox 907 4369 1111 4449; x_wconf 81' lang='lat' dir='ltr'>dependentia</span> <span class='ocrx_word' id='word_1_260' title='bbox 1129 4373 1250 4435; x_wconf 73' lang='lat' dir='ltr'>mutata.</span> <span class='ocrx_word' id='word_1_261' title='bbox 1296 4391 1300 4400; x_wconf 82' lang='grc'><strong>’</strong></span> 
     </span>
    </p>
   </div>
   <div class='ocr_carea' id='block_1_8' title="bbox 454 4609 1646 4776">
    <p class='ocr_par' dir='ltr' id='par_1_11' title="bbox 454 4609 1646 4776">
     <span class='ocr_line' id='line_1_37' title="bbox 547 4609 1646 4686; baseline 0.008 -19"><span class='ocrx_word' id='word_1_262' title='bbox 547 4617 589 4678; x_wconf 89' lang='grc' dir='ltr'>(ι)</span> <span class='ocrx_word' id='word_1_263' title='bbox 626 4610 701 4667; x_wconf 85' lang='lat' dir='ltr'>Vide</span> <span class='ocrx_word' id='word_1_264' title='bbox 714 4609 878 4680; x_wconf 81' lang='lat' dir='ltr'>Conimbr.,</span> <span class='ocrx_word' id='word_1_265' title='bbox 894 4612 997 4686; x_wconf 71' lang='lat' dir='ltr'>Phys„</span> <span class='ocrx_word' id='word_1_266' title='bbox 1014 4612 1063 4670; x_wconf 90' lang='lat' dir='ltr'>lib.</span> <span class='ocrx_word' id='word_1_267' title='bbox 1080 4633 1107 4682; x_wconf 80' lang='lat' dir='ltr'>a,</span> <span class='ocrx_word' id='word_1_268' title='bbox 1123 4634 1185 4684; x_wconf 86' lang='lat' dir='ltr'>cap.</span> <span class='ocrx_word' id='word_1_269' title='bbox 1202 4633 1228 4684; x_wconf 80' lang='lat' dir='ltr'>a,</span> <span class='ocrx_word' id='word_1_270' title='bbox 1247 4627 1350 4685; x_wconf 74' lang='lat' dir='ltr'>quaest.</span> <span class='ocrx_word' id='word_1_271' title='bbox 1367 4614 1446 4674; x_wconf 88' lang='lat' dir='ltr'>unic.</span> <span class='ocrx_word' id='word_1_272' title='bbox 1464 4615 1531 4675; x_wconf 78' lang='lat' dir='ltr'>Cir.</span> <span class='ocrx_word' id='word_1_273' title='bbox 1552 4619 1646 4678; x_wconf 87' lang='lat' dir='ltr'>Bene·</span> 
     </span>
     <span class='ocr_line' id='line_1_38' title="bbox 454 4699 1093 4776; baseline 0.002 -15"><span class='ocrx_word' id='word_1_274' title='bbox 454 4735 460 4744; x_wconf 84' lang='lat'><strong>·</strong></span> <span class='ocrx_word' id='word_1_275' title='bbox 511 4701 582 4762; x_wconf 86' lang='lat' dir='ltr'>dict.</span> <span class='ocrx_word' id='word_1_276' title='bbox 597 4701 708 4772; x_wconf 79' lang='lat' dir='ltr'>Peren,</span> <span class='ocrx_word' id='word_1_277' title='bbox 723 4699 781 4774; x_wconf 88' lang='lat' dir='ltr'>Op.</span> <span class='ocrx_word' id='word_1_278' title='bbox 795 4700 857 4773; x_wconf 76' lang='lat' dir='ltr'>cit.¹</span> <span class='ocrx_word' id='word_1_279' title='bbox 872 4701 922 4760; x_wconf 84' lang='lat' dir='ltr'>lib.</span> <span class='ocrx_word' id='word_1_280' title='bbox 944 4722 972 4774; x_wconf 76' lang='lat' dir='ltr'>r,</span> <span class='ocrx_word' id='word_1_281' title='bbox 987 4719 1050 4775; x_wconf 84' lang='lat' dir='ltr'>cap.</span> <span class='ocrx_word' id='word_1_282' title='bbox 1067 4724 1093 4776; x_wconf 82' lang='lat'>3.</span> 
     </span>
    </p>
   </div>
   <div class='ocr_carea' id='block_1_9' title="bbox 0 0 1750 5525">
    <p class='ocr_par' dir='ltr' id='par_1_12' title="bbox 0 0 1750 5525">
     <span class='ocr_line' id='line_1_39' title="bbox 0 0 1750 5525; baseline 0 0"><span class='ocrx_word' id='word_1_283' title='bbox 0 0 1750 5525; x_wconf 95' lang='lat' dir='ltr'> </span> 
     </span>
    </p>
   </div>
  </div>
 </body>
</html>
