3492 5525
203 409 206 416 ’
301 432 413 496 Arene.
430 446 492 514 «μ’
506 431 558 495 De
577 432 808 497 Scrcnruueun
823 410 1145 496 suoxcrcnnnrroric
1169 446 1240 493 rorr

162 615 227 679 lata
244 634 285 681 ex
304 615 460 700 superiori
477 616 628 694 scientia,
655 634 775 701 nempe
794 615 849 695 Dei
870 626 904 681 et
923 614 1114 692 Beatorum,
1140 610 1285 699 procedit
1394 638 1396 643 ¹

162 722 204 788 ad
222 724 408 808 probandas
426 742 503 791 suas
521 721 775 812 conclusiones(
801 722 826 811 ).

231 831 354 897 Vereor
379 842 491 898 tamen
510 851 550 899 ne
578 834 661 898 forte
677 833 719 899 sit
747 833 830 899 inter
847 834 906 898 has
923 833 1006 899 duas
1025 830 1193 917 oppositas
1211 848 1287 897 sen·
1326 840 1478 924 conciliamur

128 970 134 980 ·
163 938 281 1005 tentias
299 940 517 1007 controversia
538 940 645 1025 magis
663 941 704 1005 de
724 958 823 1016 voce,
843 958 945 1023 quam
964 941 1005 1005 de
1021 959 1066 1005 re.
1088 939 1285 1005 Persuadere
1338 923 1463 989 '⁸⁰'¹⁰'¹¹¹²'

94 1114 101 1124 ,
164 1046 253 1111 enim
273 1047 353 1112 milri
377 1066 444 1113 non
462 1064 618 1133 possum,
638 1060 787 1116 auctores
815 1056 973 1135 negantes
987 1046 1158 1114 scientiam
1178 1046 1287 1113 subal-

163 1163 324 1220 ternatam
336 1154 375 1221 ,in
394 1174 451 1230 eo,
471 1154 527 1238 qui
543 1155 722 1221 nonhabet
741 1154 1036 1231 subalternantem,
1053 1154 1119 1221 veri
1144 1153 1287 1221 nominis

164 1262 333 1329 scientiam
362 1281 453 1337 csse,
473 1262 566 1328 ineo
593 1262 695 1329 luisse
712 1262 839 1338 animo,
866 1273 903 1328 ut
930 1273 1099 1351 negarent·
1114 1282 1210 1338 eum,
1231 1260 1286 1345 qui

164 1370 293 1454 ignorat
307 1371 585 1436 subalternantem
600 1369 786 1448 scientiam,
807 1389 906 1454 posse
921 1370 1050 1454 assequi
1064 1370 1285 1455 cognitionem

164 1487 286 1543 certam
307 1486 406 1561 atque
425 1478 611 1544 evidentem
630 1479 879 1552 subalternatae.
901 1480 1016 1545 saltem
1036 1476 1288 1545 demonstratio-

165 1602 207 1651 ne
224 1585 300 1669 quiu
321 1595 354 1651 et
375 1605 395 1649 a
414 1585 596 1668 posteriori.
617 1586 928 1672 Quaemnjectura,
949 1586 976 1652 si
1000 1582 1167 1677 quidpiam
1187 1586 1285 1661 valet,
1360 1646 1363 1679 :

160 1696 229 1779 jam
249 1702 387 1777 utraque
405 1693 566 1759 sententia
585 1692 617 1759 in
636 1693 844 1760 concordiam
860 1703 1005 1760 vocatur.
1027 1695 1136 1778 ltaque
1154 1692 1196 1759 sit

210 1827 288 1939 298.
335 1855 538 1922 ProvosrnO.
585 1859 735 1921 Scientia
752 1862 985 1950 subalternata
996 1852 1034 1922 in
1053 1878 1106 1935 eo,
1122 1860 1181 1939 qui
1195 1869 1289 1923 caret

164 1968 432 2041 subalternante,
452 1984 523 2029 non
539 1976 653 2045 potest
665 1986 744 2030 esse
766 1969 909 2031 scientia
935 1970 1084 2046 perlecta
1109 1977 1144 2030 et
1161 1965 1290 2045 propter

164 2068 260 2154 quid;
277 2082 391 2153 potest
409 2083 527 2136 tamen
545 2091 624 2136 esee
642 2074 841 2153 imperfecta
858 2084 893 2137 et
910 2070 997 2155 quia.
1298 2076 1300 2081 '

233 2236 350 2297 Prima
378 2252 459 2312 pars
486 2239 626 2297 constat.
658 2230 742 2307 Qria
769 2230 903 2297 scientia
931 2234 1071 2315 perfecta
1096 2240 1128 2303 et
1157 2242 1288 2316 propter
1349 2238 1456 2320 Probatur

165 2337 245 2421 quid
258 2338 413 2423 importat
426 2338 648 2423 cognitionem
659 2347 781 2404 certam
795 2350 894 2422 atque
908 2340 1094 2407 evidentem
1108 2338 1286 2409 derivatam
1298 2406 1300 2411 ,
1313 2323 1367 2357 '⁸¹⁸
1382 2309 1489 2355 ⁶⁰⁶¹¹¹⁰⁸'

165 2466 207 2511 ex
235 2446 513 2511 demonstratione
537 2465 605 2529 per,
620 2466 752 2512 causam
786 2448 983 2531 proximam.
1015 2446 1114 2531 Atqui
1145 2448 1288 2531 cognitio

165 2554 310 2620 callentis
337 2553 508 2619 dumtaxat
534 2554 807 2631 subalternatam,
834 2574 900 2621 non
931 2566 980 2622 est
1009 2555 1211 2639 huiusmodi.
1242 2554 1289 2620 Si·

165 2661 299 2745 quidem
314 2680 422 2727 causae
440 2679 476 2726 ac
497 2661 651 2746 principia
669 2660 918 2729 conclusionum
938 2664 1166 2729 subalternatae
1185 2661 1290 2729 conti·

168 2780 288 2835 nentur
304 2771 338 2836 in
354 2769 608 2837 subalternante.
627 2770 752 2855 Ergo...

235 2883 392 2946 Secunda
408 2901 489 2961 pars
508 2897 574 2943 non
594 2877 704 2944 minus
722 2887 772 2945 est
788 2879 970 2945 manifesta.
990 2881 1074 2945 Nam
1091 2879 1147 2962 qui
1162 2878 1290 2964 ignorat

167 2988 447 3052 subalternantem
467 3006 500 3054 v.
519 3006 554 3070 g.
576 2987 721 3052 Musicus
738 2995 794 3052 aut
808 2987 973 3062 Medicus,
995 2997 1105 3071 potest
1123 2987 1290 3052 evidenter

168 3095 393 3160 demonstrare
412 3111 469 3178 per
487 3081 720 3178 experientiam
735 3103 768 3159 et
782 3094 823 3159 ab
842 3091 1198 3178 effectibusprincipia,
1219 3092 1291 3176 qui-

169 3201 232 3266 bus
250 3199 353 3267 utitur
370 3200 411 3265 ad
428 3201 704 3268 demonstrandas
718 3201 943 3268 conclusiones
958 3201 1199 3268 subalternatae:
1214 3220 1290 3285 quae

170 3308 323 3392 principia
341 3317 417 3374 sunt
431 3309 658 3375 conclusiones
678 3309 950 3377 demonstrabiles
964 3309 996 3375 in
1011 3309 1168 3394 superiori
1187 3309 1292 3376 scien·

169 3410 227 3482 tia.
252 3416 345 3482 Tunc
370 3434 449 3501 ergo
474 3417 546 3492 ille,
586 3416 642 3501 qui
673 3419 777 3483 solam
808 3427 898 3483 tenet
928 3417 1196 3494 subalternatam,
1230 3417 1291 3483 scit

169 3523 304 3605 quidem
322 3523 552 3589 conclusiones
566 3541 625 3608 per
639 3524 969 3602 demonstrationem,
987 3533 1177 3590 nontamen
1193 3525 1290 3593 habet

172 3632 347 3715 perlectam
358 3631 546 3708 scientiam,
562 3649 637 3717 quae
653 3632 777 3700 tructus
787 3643 840 3701 est
854 3632 1142 3701 demonstrationis
1161 3641 1292 3718 propter

169 3739 252 3821 quid
270 3738 455 3805 dumtaxat.
1216 3807 1219 3812 λ
1293 3823 1296 3835 ¹

239 3847 312 3914 Alio
332 3847 432 3914 modo
451 3842 549 3912 etiam
568 3847 722 3914 declarari
736 3857 845 3934 potest
859 3867 911 3916 res
926 3869 967 3916 ex
981 3848 1128 3916 doctrina
1143 3848 1291 3935 Angelici

169 3954 322 4040 superius
349 3953 500 4021 indicata.
531 3954 596 4032 Qui
620 3956 707 4022 enim
731 3955 859 4042 ignorat
878 3955 1079 4043 superiorem
1107 3957 1290 4032 scientiam,

170 4061 279 4147 potest
306 4062 498 4130 certitudine
518 4062 635 4127 saltem
655 4065 768 4129 morali
797 4064 946 4143 credere,
976 4075 1009 4132 et
1036 4065 1081 4131 sic
1108 4082 1293 4150 supponere

170 4169 293 4253 absque
322 4169 523 4235 lraesitatione
558 4170 724 4254 principia,
754 4189 828 4256 quae
857 4172 932 4238 inde
956 4172 1117 4239 sumenda
1146 4180 1224 4238 sunt
1252 4171 1293 4237 ad

170 4278 356 4362 probandas
374 4276 600 4345 conclusiones
614 4277 757 4345 scientiae
775 4279 1016 4347 subalternatae.
1034 4281 1118 4347 Nam
1134 4275 1294 4363 quemad·

171 4386 318 4451 modum
338 4385 413 4450 alibi
440 4383 626 4462 innuimus,
653 4405 719 4452 non
739 4399 899 4472 repugnat
918 4387 1145 4456 testimonium
1174 4386 1295 4456 doctri·

171 4493 246 4558 nale
274 4491 489 4577 sapientium,
509 4493 537 4558 si
556 4492 767 4578 potissimum
795 4495 1000 4562 conveniant·
1019 4495 1242 4563 communiter
1260 4496 1292 4564 in

208 4724 250 4796 (r)
286 4723 370 4785 Locis
383 4723 433 4797 cit,
449 4724 527 4784 etde
545 4719 651 4798 Varia,
667 4746 696 4798 q.
715 4745 757 4799 14,
772 4745 799 4784 a.
812 4747 840 4800 9,
855 4726 892 4786 ad
906 4735 965 4801 3³¹²
