3492 5525
553 487 615 552 ²9²
738 466 864 531 laoorce
885 459 1137 530 Mruon-Drsn.
1162 466 1207 519 a·
1228 454 1309 519 Cae.
1331 467 1403 533 num

513 650 797 726 contradictorios,
810 648 956 730 itemque
965 640 1114 711 Possilile
1126 647 1159 705 et
1169 634 1370 719 Impossibile.
1385 635 1495 717 ltaque
1505 628 1636 697 ionnari

514 756 631 844 poterit
649 758 718 823 haec
735 753 954 842 quadruplicis
971 746 1189 837 oppositionis
1209 743 1389 814 modalium
1410 741 1540 809 tabella:

974 942 1170 1000 contuente

573 1060 698 1119 Necesse
713 1068 757 1119 est
770 1060 892 1119 Petrum
1263 1042 1443 1119 Impossibile
1456 1049 1498 1099 est
1512 1040 1570 1099 Pe·

690 1151 772 1223 loqui
812 1194 816 1201 .
948 1114 985 1188 ⁰0
1138 1091 1207 1231 0²³ss
1331 1142 1407 1191 irum
1423 1132 1504 1205 logui

975 1169 1144 1317 *aa

520 1515 546 1591 su
518 1170 547 1509 BALTERNAE

1604 1512 1627 1571 εν
1603 1146 1628 1505 κυεηηνειηε

1135 1514 1205 1655 OQ
1245 1532 1390 1592 Possiba'le
1405 1539 1449 1590 esi
1462 1531 1583 1612 Petrum

562 1621 712 1679 Possibe'ie
724 1630 768 1679 est
781 1622 900 1680 Petrum
1330 1641 1387 1679 non
1402 1622 1494 1713 loqui,

698 1710 783 1783 loqui
950 1742 1197 1808 SUBOONTRAM
1261 1728 1443 1875 Contingseeuus
1456 1810 1500 1859 est
1511 1801 1567 1860 Pe·

1327 1899 1402 1947 trum
1418 1890 1498 1964 logui

580 2060 644 2127 Sed
662 2062 796 2146 insuper
813 2061 846 2127 in
865 2060 1005 2147 singulis
1024 2060 1132 2127 modis
1150 2062 1355 2147 quadruplex
1370 2062 1484 2127 eadem
1505 2061 1640 2145 opposi-

513 2167 561 2233 tio
578 2168 705 2237 institui
724 2178 846 2255 potest.
866 2168 967 2245 Quod
993 2177 1030 2235 ut
1053 2170 1171 2235 melius
1195 2168 1375 2254 intelligas,
1398 2178 1475 2236 nota
1495 2168 1636 2235 modum
1729 2212 1730 2233 1

515 2293 780 2360 quemcumque,
800 2276 828 2343 si
849 2277 980 2361 negatio
1004 2286 1229 2361 praeponatur,
1249 2275 1319 2342 fieri
1337 2274 1637 2351 contradictorium,
1729 2282 1730 2287 ’

515 2392 553 2449 ut
581 2403 685 2468 nuper
714 2385 918 2467 notavimus;
949 2384 976 2449 si
1007 2402 1086 2449 vero
1118 2383 1248 2469 negatio
1275 2391 1491 2470 postponatur
1513 2383 1575 2460 ita,
1601 2391 1639 2449 ut
1729 2382 1730 2445 1

514 2491 618 2557 solam
639 2490 757 2568 afficiat
776 2493 930 2576 copulam
954 2492 1046 2567 dicti,
1074 2492 1211 2557 modum
1236 2492 1452 2557 universalem
1472 2488 1540 2557 lteri
1559 2508 1639 2557 con·

514 2599 666 2674 trarium',
703 2598 927 2683 particularem
970 2610 1079 2666 autem
1117 2599 1396 2665 subcontrarium:
1432 2598 1573 2682 denique
1609 2598 1638 2663 si
1729 2686 1730 2691 Ἰ

516 2706 646 2792 negatio
669 2715 878 2792 praeponatur
901 2726 937 2773 ac
963 2715 1195 2793 postponatur,
1222 2707 1360 2774 modum
1383 2705 1453 2773 fieri
1477 2706 1640 2772 subalter-

516 2831 610 2880 num.
631 2816 732 2881 itaut
751 2817 857 2882 modis
876 2815 1024 2900 applicari
1043 2816 1144 2900 possit
1163 2815 1342 2882 versiculus
1356 2815 1409 2880 ille
1423 2815 1639 2899 aequipollen-
1729 2805 1730 2850 ἶ

514 2922 599 2990 tium
619 2923 686 2988 de
678 2941 803 2989 messe:
826 2930 905 2992 Prae
924 2925 1111 2999 contradic,
1134 2930 1218 2990 Post
1239 2927 1365 2998 contra,
1384 2929 1464 2990 Prae
1489 2928 1641 3006 Postque

514 3031 686 3095 suballern
707 3031 746 3096 Et
764 3029 920 3114 quoniam
941 3029 1104 3096 difficilius
1125 3031 1337 3116 assignantur
1360 3027 1585 3115 oppositiones
1604 3027 1638 3094 in
1729 3045 1730 3078 t

516 3136 702 3204 modalibus
715 3139 756 3203 de
770 3137 858 3204 dicto
872 3136 1056 3215 communi,
1073 3155 1174 3221 quam
1188 3138 1231 3204 de
1243 3137 1329 3203 dicto
1344 3135 1513 3222 singulari,
1530 3154 1639 3219 operae
1729 3159 1730 3178 ¹

516 3244 656 3329 pretium
676 3254 727 3311 est
744 3246 895 3330 exempla
913 3245 1083 3328 utriusque
1102 3245 1230 3331 generis
1255 3244 1433 3310 modalium
1460 3243 1638 3325 subjicere.

515 3351 554 3418 Et
572 3351 678 3436 primo
696 3354 831 3438 quidem
852 3353 893 3420 de
912 3352 998 3420 dicto
1018 3352 1173 3438 singulari

980 3613 1208 3674 cournnltlffi

578 3727 704 3788 Necesse
717 3738 763 3787 est
775 3727 895 3788 Petrum
1252 3724 1380 3784 Necesse
1396 3736 1441 3784 est
1456 3727 1574 3784 Petrum

774 3821 781 3834 '
1340 3835 1397 3874 nort
1411 3815 1491 3890 loqui

523 4278 526 4284 ·
524 3828 567 4252 susanna-ennae

1603 3915 1632 4256 affluas-‘lvo
1597 3833 1630 3909 ‘n‘s

575 4277 646 4347 -No'e
660 4307 775 4358 necesse
788 4297 832 4347 est
845 4288 905 4348 Pe·
1023 4341 1027 4346 ,

577 4387 582 4392 “
609 4385 694 4435 'trum
709 4382 767 4436 nore
782 4379 863 4450 loqui
950 4411 1204 4466 SUBCONTRARIAE
1332 4386 1409 4436 trum
1423 4377 1505 4451 loqui

523 4645 527 4655 ·
567 4629 620 4696 'Et
638 4619 719 4698 ratio
737 4618 789 4697 est
807 4593 994 4715 perspicua,
1014 4629 1238 4728 quiaNecesse
1252 4638 1285 4697 et
1299 4629 1430 4699 Necesse
1444 4647 1508 4696 non
1521 4638 1644 4714 utpote

515 4737 602 4805 idem
621 4757 659 4805 ac
674 4737 881 4823 impossibile,
902 4738 1058 4807 contrarie
1086 4747 1313 4823 opponuntur:
1334 4739 1483 4822 itemque
1496 4735 1570 4805 Non
1584 4757 1640 4805 ne-
