3492 5525
553 471 614 536 430
674 451 798 517 [ικιιοιι
812 451 1042 527 hinton-Lm
1062 466 1131 527 ι.··,
1147 449 1241 515 urst».
1261 463 1304 514 r.·
1315 452 1394 516 Cre.
1411 467 1483 515 a*

513 633 635 700 lectum
659 633 732 718 ipso
754 653 816 700 suo
842 652 942 718 opere
969 632 1130 698 neumare
1157 651 1269 698 veram
1295 651 1371 699 esse
1396 651 1492 699 suam
1519 633 1635 718 cogni-

513 741 650 810 tionem.

578 847 722 916 Primum
741 849 851 932 itaque
866 864 933 914 non
947 846 1107 932 contingit
1125 846 1262 914 inomni
1273 846 1412 931 judicio,
1425 847 1483 913 sed
1497 855 1630 913 tantum

512 957 544 1022 in
574 941 714 1024 ieliexis.
744 955 850 1022 lmmo
878 973 945 1021 non
973 954 1085 1020 minus
1113 955 1257 1021 accidere
1288 963 1399 1038 potest
1429 953 1464 1020 in
1492 955 1630 1038 simplici

511 1065 786 1149 apprehensione;
807 1072 845 1129 ut
858 1063 992 1146 quando
1009 1060 1176 1146 concipio,
1196 1063 1277 1145 quid
1295 1064 1338 1128 sit
1354 1061 1404 1138 id,
1424 1063 1516 1146 quod
1533 1061 1632 1152 signi·

510 1171 626 1236 ficatur
652 1173 711 1237 hac
739 1189 818 1236 voce
842 1170 977 1246 veritas,
1002 1171 1054 1234 vel
1081 1169 1161 1252 quid
1182 1170 1229 1235 sit
1238 1170 1399 1256 judiciem
1418 1187 1484 1235 esse
1505 1187 1628 1247 oentnr,

510 1280 561 1344 vel
586 1279 665 1362 quid
688 1279 729 1346 sit
750 1279 952 1364 conformitas
975 1277 1148 1342 intellectu
1168 1279 1301 1342 adrem
1324 1287 1390 1343 etc.
1410 1278 1445 1343 ln
1470 1277 1522 1344 his
1538 1278 1627 1343 enim

508 1387 662 1453 omnibus
686 1385 816 1452 casibus
841 1387 949 1470 cogito
976 1384 1147 1450 veritatem
1169 1384 1233 1450 sub
1265 1386 1397 1468 proprio
1421 1386 1525 1468 ipsius
1546 1405 1628 1451 con-

507 1503 604 1580 ceptu
631 1511 786 1579 expresso
814 1505 847 1560 et
875 1493 1018 1578 signato.
1051 1491 1085 1558 ln
1112 1493 1203 1557 omni
1233 1501 1345 1557 autem
1374 1492 1498 1576 judicio
1528 1494 1627 1560 etiam

507 1603 646 1680 directo,
667 1621 708 1668 ex
727 1609 841 1667 natura
854 1601 925 1685 ipsa
936 1599 1047 1684 judicii
1061 1599 1217 1683 reperitur
1228 1600 1375 1684 cognitio
1390 1600 1528 1665 exercita
1542 1601 1628 1666 veri·

506 1710 593 1778 tatis.
612 1709 714 1787 Nam,
735 1717 773 1776 ut
790 1717 877 1773 recte
894 1707 1048 1773 observat
1064 1705 1236 1773 Suarezius
1257 1703 1327 1794 (r),
1353 1706 1539 1774 intellectus
1557 1725 1625 1773 non

506 1826 617 1903 potest
635 1834 702 1883 uno
720 1824 793 1883 actu
811 1824 917 1880 totam
936 1831 1004 1879 rem
1023 1814 1195 1898 adaequate
1211 1831 1430 1898 cognoscere,
1449 1815 1510 1881 sed
1527 1815 1629 1899 pede·

504 1925 622 1992 tentim
641 1942 677 1990 ac
695 1943 754 2008 per
771 1935 897 2009 partes,
912 1921 957 1986 ita
975 1929 1012 1988 ut
1032 1921 1137 2006 primo
1155 1921 1243 1986 illam
1262 1921 1415 1988 exhibeat
1430 1919 1466 1986 in
1484 1923 1625 1990 contuso

505 2051 564 2116 per
581 2031 762 2116 simplicem
782 2029 1094 2116 apprehensionem,
1115 2029 1233 2095 deinde
1250 2029 1407 2095 attributa
1420 2027 1465 2095 rei
1482 2030 1629 2114 singilla-

504 2139 563 2206 tim
583 2139 818 2226 apprehendit,
838 2138 935 2222 eique
946 2137 1077 2218 tribuit;
1092 2145 1127 2203 et
1140 2139 1204 2203 hoc
1216 2145 1267 2202 est
1276 2137 1440 2222 judicare,
1455 2138 1626 2203 enuntiare

503 2248 544 2314 de
564 2266 598 2313 re
616 2249 665 2324 id,
685 2247 775 2332 quod
793 2247 825 2312 in
840 2246 893 2312 illa
905 2263 1001 2311 mens
1016 2243 1163 2329 percipit.
1178 2245 1294 2328 Neque
1307 2244 1396 2310 enim
1406 2243 1569 2312 affirmare
1582 2247 1625 2312 de

503 2356 638 2421 homine
660 2354 872 2421 risibilitatem
896 2371 1051 2438 possum,
1079 2351 1140 2418 nisi
1165 2352 1255 2437 pn'us
1277 2350 1493 2419 risibilitatem
1515 2353 1550 2419 in
1567 2353 1625 2420 illo

502 2462 762 2547 apprehendam
778 2481 837 2528 nec
857 2479 978 2546 negare
995 2477 1132 2545 possum
1147 2460 1188 2525 de
1202 2459 1338 2526 homine
1356 2469 1507 2527 naturam
1525 2462 1624 2528 asini·

503 2587 599 2648 nam,
621 2569 681 2636 nisi
699 2569 790 2654 prius
812 2585 1010 2653 cognoscam
1033 2586 1106 2632 earn
1135 2566 1271 2632 minime
1292 2567 1401 2634 inesse
1418 2568 1452 2634 in
1471 2567 1621 2634 homine.

501 2676 596 2742 Unde
611 2677 769 2764 judicium
787 2676 922 2742 tandem
947 2683 998 2741 est
1025 2675 1059 2741 in
1085 2673 1324 2759 compositione
1342 2677 1431 2760 ejus,
1451 2677 1543 2759 quod
1567 2695 1623 2742 co-

499 2787 670 2871 gnoscitur
685 2786 729 2851 rei
747 2785 870 2869 inesse,
887 2802 964 2850 curn
982 2784 1053 2869 ipsa
1070 2802 1121 2860 re,
1138 2784 1190 2849 vel
1209 2784 1243 2849 in
1260 2784 1422 2853 diuisione
1435 2804 1495 2851 seu
1512 2803 1622 2851 remo

499 2893 589 2961 tione
615 2896 699 2978 eius,
724 2892 815 2977 quod
838 2892 1050 2977 cognoscitur
1076 2890 1121 2957 rei
1148 2890 1285 2957 minime
1300 2892 1490 2959 convenire.
1509 2892 1548 2959 Et
1566 2894 1621 2959 illa

498 3000 694 3087 compositio
713 3008 770 3066 aut
788 2998 906 3066 divisio
924 2998 1117 3083 exprimitur
1138 3016 1197 3084 per
1215 3000 1381 3083 copulam.
1406 2999 1530 3067 Verum
1550 3020 1619 3069 non

498 3128 635 3196 possum
655 3108 816 3175 affirmare
835 3108 877 3173 de
895 3107 1029 3173 homine
1046 3108 1187 3173 formam
1210 3105 1372 3189 aliquam,
1393 3118 1474 3194 puta
1492 3107 1621 3177 risibili·

498 3226 600 3284 tatem
619 3236 638 3282 a
654 3236 708 3283 me
725 3214 892 3301 cognitam
912 3214 947 3279 in
964 3214 1037 3298 ipso
1054 3213 1207 3289 homine,
1226 3232 1287 3280 nec
1301 3234 1422 3301 negare
1438 3218 1481 3283 de
1498 3219 1618 3285 eodem

498 3334 646 3392 naturam
667 3324 845 3400 asininam,
874 3340 975 3407 quarn
999 3320 1033 3388 in
1060 3322 1132 3406 ipso
1151 3338 1218 3388 non
1246 3324 1475 3408 apprehendo,
1495 3324 1558 3391 nisi
1576 3346 1619 3391 eo

498 3432 586 3519 ipso,
607 3430 761 3516 implicite
780 3431 916 3508 saltem,
936 3428 1098 3497 aestimem
1113 3429 1213 3496 talem
1232 3439 1428 3515 conceptum
1443 3448 1556 3497 meum
1571 3432 1617 3498 rei

496 3558 568 3607 esse
585 3542 807 3615 conformem,
836 3538 992 3605 nimimm
1019 3536 1244 3623 cognitionem
1265 3557 1374 3605 meam
1392 3557 1504 3605 veram
1527 3556 1615 3607 esse.

496 3648 587 3717 Sicut
604 3666 684 3734 ergo
701 3648 758 3733 qui
777 3644 927 3730 frigidam
947 3662 1068 3729 aquam
1086 3643 1186 3722 bibit,
1212 3645 1286 3729 ipso
1304 3658 1379 3713 actu
1403 3664 1462 3713 seu
1480 3647 1617 3715 exercite

494 3757 651 3834 ostendit,
672 3774 708 3821 ac
725 3754 802 3820 dicit
819 3771 855 3819 se
873 3752 962 3819 sitim
980 3752 1115 3834 habere;
1140 3752 1185 3817 ita
1206 3751 1390 3820 intellectus
1410 3772 1615 3840 cognoscens

494 3884 531 3931 ac
551 3864 701 3951 judicans
719 3861 932 3948 praedicatum
950 3860 1099 3945 subjecto
1116 3859 1311 3938 conuenire,
1330 3881 1371 3927 eo
1388 3862 1460 3945 ipso
1480 3864 1616 3930 aetate

493 3970 658 4039 existimat
669 3988 705 4037 se
720 3988 786 4035 non
801 3967 884 4043 lalli,
897 3968 955 4033 sed
973 3966 1198 4052 cognitionem
1213 3987 1325 4034 veram
1341 3969 1471 4035 habere.
1488 3970 1614 4037 Revera

492 4078 615 4147 dicere:
636 4078 736 4145 Homo
756 4078 806 4141 est
819 4074 969 4149 risibilis,
992 4074 1184 4157 aequivalet,
1208 4085 1243 4142 et
1262 4074 1440 4144 virtualiter
1455 4076 1542 4142 idern
1561 4088 1612 4145 est

492 4186 668 4253 aedicere:
689 4185 805 4261 Homo,
834 4182 974 4268 cognitus
990 4186 1028 4248 ut
1050 4180 1202 4259 risibilis,
1220 4187 1269 4250 est
1285 4202 1358 4249 nere
1383 4182 1534 4266 n'srbrtiu
1550 4202 1613 4252 seu

490 4294 622 4379 cognitio
647 4294 687 4360 de
711 4291 890 4359 rr'sibilitate
915 4288 1049 4356 bominis
1072 4290 1189 4379 werlo
1212 4290 1381 4377 conformis
1405 4294 1456 4358 est
1473 4288 1541 4380 (a).
1563 4294 1613 4360 Ac

526 4473 567 4544 (ι)
603 4470 721 4544 ὓίιρυῑ.
738 4467 868 4544 Melaph.
883 4467 919 4536 8,
934 4480 1004 4526 tect.
1019 4486 1052 4541 4,
1068 4486 1098 4526 n.
1117 4467 1160 4525 18.

526 4564 568 4636 (a)
603 4560 680 4620 Vide
694 4558 819 4629 Suam,
834 4556 890 4617 loc.
904 4555 967 4629 cit.;
982 4554 1057 4615 Ruir
1069 4556 1107 4615 de
1123 4557 1236 4618 Sciant.
1251 4557 1323 4628 net,
1340 4555 1418 4630 disp.
1435 4556 1482 4631 87,
1496 4570 1568 4617 tect.
1584 4580 1613 4634 ³3

489 4648 691 4818 Xalgntiain
715 4658 770 4708 ι.“
783 4660 856 4722 pert
877 4646 957 4721 disp.
974 4668 999 4716 ι,
1018 4666 1049 4719 q.
1067 4647 1116 4719 ro,
1139 4659 1240 4721 punct·
1254 4666 1290 4717 at
1303 4646 1397 4709 rotet
1411 4644 1444 4707 in
1461 4652 1518 4708 r.'·
1531 4661 1612 4723 pm.

512 4786 519 4802 .
577 4782 585 4814 ,
621 4784 628 4800 .
664 4782 671 4799 .
