3492 5525
247 454 363 520 Anne.
381 471 441 520 2³¹·
455 454 507 521 Dra
521 472 714 521 narrocrnro
729 473 771 520 er
783 474 1095 521 xnounnnrnrrone
1140 474 1197 539 3¹7

108 635 221 700 omnia
239 635 292 700 illa
318 637 440 719 quibus
460 636 669 721 aequivalent,
690 646 723 703 et
742 657 800 722 per
830 657 905 722 quae
924 639 1029 725 logice
1056 639 1237 707 declaratur

111 743 211 826 plena
229 743 356 808 illarum
377 744 426 811 vis
438 764 474 810 ac
488 744 696 830 significatio.

179 849 245 916 Sed
262 852 332 937 jam
360 851 534 918 dicendum
552 851 674 936 aliquid
694 862 745 919 est
764 853 805 919 de
825 853 904 919 orali
923 854 1078 921 ratiocinii
1107 872 1238 940 expres·
1272 860 1432 913 Discernere

113 957 221 1035 sione,
237 976 294 1024 seu
310 960 606 1044 argumentatione.
1260 938 1441 1065 mflssffiffi'

177 1066 427 1151 Argumentatio
442 1066 563 1151 passim
578 1067 731 1134 definitur
743 1068 855 1144 oralia
872 1068 906 1135 in
920 1088 982 1153 qua
993 1087 1090 1136 unum
1103 1069 1240 1154 insertur

108 1192 150 1237 ex
163 1172 248 1249 alio,
269 1175 333 1249 vel,
355 1182 392 1239 ut
420 1175 536 1240 clarius
554 1175 753 1242 discernatur
772 1176 813 1241 ab
832 1178 1041 1261 expressione
1070 1176 1149 1263 men¹
1175 1178 1238 1243 vir-

107 1278 207 1346 tualis
227 1280 405 1359 discursus,
427 1279 489 1348 dici
508 1294 619 1367 potest
635 1284 748 1360 οναίίο,
765 1284 800 1349 in
817 1302 882 1368 qua
894 1304 934 1351 ex
945 1304 1011 1351 una
1029 1286 1080 1349 ael
1087 1283 1235 1365 pluribus

102 1388 368 1471 propositionibus
384 1391 485 1455 altera
511 1378 660 1475 insertur.
690 1393 821 1457 Nomen
840 1392 1020 1475 accepitab
1044 1395 1237 1476 argumento:

108 1496 198 1561 unde
217 1504 352 1562 vocatur
370 1495 469 1563 etiam
488 1516 508 1561 a
525 1497 631 1563 Tullio
644 1499 824 1583 argumenti
840 1500 1019 1581 explicatio.
1043 1499 1128 1565 Cum
1149 1498 1237 1564 enim

108 1612 345 1688 argumentum
374 1604 416 1670 sit
441 1603 613 1671 inventum
632 1606 764 1689 aliquod
783 1606 824 1671 ad
839 1605 939 1672 tidem
961 1604 1155 1690 faciendam,
1178 1624 1236 1671 seu

111 1711 258 1778 medium
284 1712 375 1795 quod
404 1713 446 1777 ad
474 1711 596 1796 aliquid
621 1713 827 1798 probandum
856 1714 1049 1791 assumitur,
1079 1714 1132 1779 ille
1161 1733 1237 1779 vere

109 1818 331 1905 argumentari
359 1819 487 1896 dicitur,
512 1820 569 1904 qui
586 1826 801 1904 argumentum
828 1829 961 1899 tractat,
991 1821 1112 1887 evolvit
1138 1828 1237 1904 atque

108 1937 186 2009 apte
203 1924 359 2012 disponit,
381 1936 418 1992 ut
432 1926 616 1994 intellectus
634 1928 791 1995 lluentem
812 1948 853 1995 ex
873 1930 1085 1997 antecedente
1104 1928 1237 1994 conclu-

108 2034 238 2099 sionem
263 2034 434 2120 perspiciat
462 2036 690 2119 enuntietque.
711 2037 749 2102 Et
767 2037 839 2103 ideo
858 2037 956 2104 etiam
982 2036 1173 2103 describitur
1191 2055 1237 2101 ar·
1269 2072 1272 2081 ι
1384 2044 1386 2051 “

106 2142 314 2226 gumentatio
330 2143 446 2221 oratio,
463 2143 496 2209 in
519 2162 585 2228 qua
608 2163 649 2209 ex
672 2144 880 2230 praejudicato
898 2151 1093 2231 argumento
1109 2144 1236 2209 conclu-

108 2248 200 2314 ditur
216 2249 350 2333 aliquid,
367 2252 418 2315 vel
436 2250 551 2328 oratio,
568 2252 601 2316 in
615 2270 680 2336 qua
695 2271 736 2317 ex
750 2262 947 2338 argumento
962 2252 1122 2335 explicato
1137 2252 1235 2317 altera

108 2374 185 2441 pars
204 2357 394 2441 quaestionis
412 2358 626 2428 concluditur.
646 2357 792 2435 Quaestio
812 2362 899 2425 enim
916 2368 966 2426 est
985 2360 1044 2425 «in
1064 2358 1235 2425 dubitatio-

109 2484 186 2530 nem
198 2465 513 2551 ambiguitatemque
524 2467 664 2533 adducta
676 2468 868 2534 enuntiatio:
883 2486 957 2551 quae
968 2468 1102 2552 quidem
1115 2478 1235 2535 utram-

107 2590 175 2657 que
185 2581 312 2656 partem
322 2576 584 2641 contradictionis
598 2576 839 2661 complectitur,
852 2575 1103 2641 affirmationem
1115 2574 1233 2641 scilicet

108 2689 141 2744 et
161 2681 384 2766 negationem,
404 2683 538 2749 alteram
553 2702 721 2770 expresse,
743 2684 876 2749 alteram
897 2682 1065 2768 implicite,
1080 2691 1129 2748 ut:
1145 2682 1234 2749 Sitne

107 2788 210 2854 omnis
239 2788 341 2856 virale
365 2794 580 2874 anteponendo
603 2791 712 2874 opibus
729 2811 772 2858 an
793 2811 886 2857 non»
913 2789 977 2880 (r).
1014 2791 1098 2857 Cum
1123 2798 1232 2856 autem

107 2906 341 2982 argumentum
369 2899 558 2982 explicatur,
588 2909 700 2966 utrum
728 2900 917 2965 membrum
946 2899 1137 2984 quaestionis
1168 2918 1234 2963 am-

107 3005 321 3088 plectendum
336 3005 390 3083 sit,
407 3006 554 3089 patescit,
574 3007 673 3092 idque
693 3006 910 3075 concluditur.

175 3111 260 3188 Quae
278 3132 354 3180 curn
370 3114 414 3181 ita
427 3115 509 3192 sint,
522 3115 563 3181 ad
577 3134 712 3181 omnem
728 3117 900 3181 formalem
912 3114 1229 3200 argumentationem
1252 3117 1311 3176 Quid
1319 3118 1441 3177 serutatur

107 3219 329 3323 requiruntur:
349 3221 397 3288 r.⁰
411 3222 497 3300 duae,
510 3231 546 3289 ut
559 3223 748 3300 minimum,
765 3221 1017 3309 propositiones,
1035 3221 1231 3290 antecedens
1280 3189 1421 3317 ,⁸322ssss

107 3338 141 3393 et
159 3347 378 3412 consequens,
399 3329 453 3398 2.⁰
473 3331 708 3414 consequentia
733 3331 819 3397 inter
846 3332 928 3408 illas,
949 3329 994 3395 ita
1012 3337 1049 3395 ut
1067 3332 1166 3397 altera
1188 3327 1231 3396 sit
1306 3334 1386 3379 tinem

107 3454 219 3511 causa,
247 3454 305 3501 cur
327 3455 422 3504 mens
440 3439 610 3504 inducatur
628 3440 668 3505 ad
687 3441 821 3506 alteram
842 3437 1075 3505 enuntiandam
1100 3445 1233 3522 propter

105 3542 350 3609 connexionem
369 3546 683 3630 acdependentiam,
696 3565 797 3632 quam
813 3546 897 3613 inter
914 3547 984 3612 illas
1002 3544 1228 3630 deprehendit:

108 3659 160 3735 3.⁰
178 3651 313 3736 signum
332 3652 464 3736 aliquod
475 3673 547 3719 eam
563 3654 833 3737 consequentiam
852 3655 1027 3730 denotans,
1043 3651 1230 3740 cujusmodi

105 3768 185 3825 sunt
204 3758 369 3842 particulae
386 3760 502 3845 igitur,
522 3779 592 3846 ergo
611 3773 643 3829 et
662 3762 732 3828 aliae
751 3760 885 3828 similes.
906 3761 975 3828 Nisi
995 3759 1081 3827 enirn
1097 3760 1231 3846 signum

104 3865 196 3932 istud
224 3875 419 3951 apponatur,
440 3869 560 3953 poterit
578 3869 712 3954 quidem
736 3871 849 3936 adesse
869 3867 902 3935 in
922 3869 1020 3936 rebus
1049 3867 1127 3952 ipsis
1144 3867 1234 3952 obje-

104 3974 443 4060 clive-consequentia
459 3975 559 4042 unius
577 3975 784 4043 enuntiabilis
802 3977 843 4042 ab
857 3977 971 4054 altero,
994 3973 1112 4061 poterit
1131 3973 1231 4042 etiam

105 4081 138 4147 in
168 4081 299 4167 judiciis
331 4083 453 4150 mentis
482 4084 598 4151 adesse
624 4083 824 4150 ratiocinatio
850 4083 1119 4168 consequentiam
1142 4081 1230 4148 illam

104 4189 301 4274 objectivam
320 4190 465 4256 idealiter
476 4192 680 4276 'exprimens3
698 4211 765 4258 non
781 4203 893 4258 autem
913 4192 1084 4259 habebitur
1098 4197 1233 4256 externa
1318 4179 1319 4184 ’

104 4297 263 4363 ratiocinii
291 4299 512 4366 manifestatio
540 4318 599 4366 seu
626 4299 881 4386 argumentatio,
907 4301 966 4366 sed
994 4296 1232 4384 propositiones

103 4405 281 4473 dumtaxat
293 4405 488 4476 dissociatae.

133 4751 177 4823 (r)
214 4747 293 4807 Vide
306 4747 425 4808 Fonaec.
441 4745 515 4806 lior.
531 4745 652 4806 dialect.
665 4745 714 4806 lib.
728 4747 757 4821 6,
770 4766 835 4819 cap.
847 4747 877 4808 6.
