3492 5525
289 346 406 410 Aarrc.
421 344 482 409 ew
496 344 646 409 Comma.
664 366 765 409 turea
777 364 945 411 scientiae
960 366 1132 411 narniens
1156 364 1231 428 1037

194 582 384 648 Prorosrrro
408 566 451 648 ιζ·
496 588 533 651 Si
551 588 811 665 demonstrandi
825 588 1068 651 certitudinem
1087 597 1190 667 atque
1203 588 1271 649 evi·

145 693 299 755 dentiam
312 696 542 768 attendamus,
557 697 710 773 primum
729 698 843 758 locum
857 697 1034 773 dignitatis
1053 696 1184 758 obtinet
1197 694 1270 759 Ma·

145 802 269 874 thesis,
286 802 476 863 secundum
495 804 661 865 naturalis
681 804 913 881 Philosophia;
935 803 1172 883 Metaphysica
1188 820 1272 864 vero

145 910 226 969 licet
243 908 278 969 in
298 910 411 989 seipsa
428 902 623 972 certissima
641 911 703 989 sit,
724 920 759 972 at
773 912 878 972 relate
896 909 939 971 ad
958 928 1023 971 noe
1041 910 1131 972 cedit
1145 910 1181 972 in
1192 928 1275 991 ¹cer-

145 1015 305 1077 titudine.

216 1177 332 1238 Prima
348 1195 431 1255 pars
448 1174 683 1257 comprobatur
698 1194 738 1239 ex
752 1174 922 1239 communi
942 1166 1042 1239 sensu
1058 1172 1273 1255 Philosopho-

148 1297 241 1356 rum,
273 1275 486 1345 asserentium
518 1281 766 1347 mathematicas
795 1268 1092 1347 demonstrationes
1120 1280 1269 1345 omniunt

148 1403 221 1451 esse
240 1384 443 1452 firmissimas
460 1383 525 1474 (t).
543 1388 580 1451 Et
600 1398 687 1471 patet
706 1389 803 1452 etiam
824 1387 1038 1472 experientia,
1057 1387 1132 1471 quia
1146 1386 1274 1452 hlathe-

147 1493 193 1557 sis
208 1494 239 1558 in
259 1494 414 1559 omnibus
428 1496 744 1561 demonstrationem
764 1495 881 1578 quaerit
895 1504 927 1561 et
938 1496 1083 1569 obtinet,
1101 1490 1270 1576 nunquam

148 1610 301 1666 contenta
333 1599 511 1667 rationibus
546 1612 602 1668 aut
629 1604 737 1668 dubiis
764 1613 820 1668 aut
850 1601 1089 1686 probabilibus3
1121 1602 1203 1666 adeo
1236 1612 1272 1667 ut

146 1710 346 1791 quandoque
365 1711 415 1774 vel
436 1730 474 1773 ea
492 1710 578 1793 ipsa,
604 1727 678 1793 quae
701 1710 852 1777 sensibus
871 1694 996 1794 patent,
1018 1708 1122 1775 lirmls
1141 1707 1273 1773 rationi·

148 1815 214 1881 bus
226 1817 443 1884 demonstret.

1334 1184 1439 1232 blatheaia

1286 1258 1407 1301 certissima
1423 1258 1486 1303 nobie

1313 1338 1344 1373 eat
1360 1330 1459 1385 scientia,

216 1923 310 1989 Ratio
337 1942 416 1989 vero
440 1926 537 2010 hujus
555 1925 755 1990 excellentiae
773 1934 840 2000 est,
861 1918 936 2007 quia
961 1924 1133 1990 Mathessis
1152 1942 1228 1989 curn
1255 1942 1292 1989 a¹
1314 2010 1318 2019 ¹

150 2032 284 2096 materia
303 2032 445 2096 sensibili
465 2041 626 2117 motuque
654 2032 804 2097 absoluta
832 2031 890 2106 sit,
921 2031 1031 2096 minus
1053 2030 1194 2096 obnoxia
1221 2036 1272 2095 est

149 2136 426 2204 vicissitudinibus
456 2147 488 2203 et
516 2139 764 2225 contingentiae,
797 2150 894 2226 atque
923 2140 1004 2203 adeo
1033 2138 1143 2204 minus
1171 2138 1270 2202 etiam

149 2245 281 2313 incerta.
310 2245 448 2312 Aliunde
479 2266 575 2323 vero,
596 2268 671 2312 cum
692 2249 745 2313 vix
765 2258 859 2332 egeat
888 2234 1085 2330 experientia
1112 2226 1269 2320 sensibili,

149 2353 259 2418 minus
278 2363 366 2437 patet
391 2337 650 2437 deceptionibus,
677 2374 736 2420 nec
760 2364 941 2420 accuratam
966 2354 1054 2418 illam
1074 2352 1271 2418 observandi

149 2461 364 2542 phaenomena
399 2462 609 2546 sagacitatem
648 2472 745 2545 atque
773 2463 988 2530 attentionem
1019 2461 1162 2544 requirit,
1196 2478 1271 2544 quae

149 2568 329 2633 necessaria
342 2578 392 2634 est
412 2571 565 2656 physicas
583 2570 735 2636 scientias
753 2571 885 2642 colenti.
1091 2552 1095 2559 ⁸

214 2681 370 2743 Secunda
386 2700 468 2764 pars
486 2679 657 2762 probatur,
678 2678 754 2762 quia
767 2694 843 2742 cum
858 2678 1024 2763 objectum
1040 2676 1194 2764 Physices
1209 2692 1267 2741 seu

149 2775 302 2849 natatilis
321 2785 536 2869 Philosophiae
555 2795 683 2851 constet
702 2787 837 2851 materia
859 2785 1003 2851 sensibili
1023 2803 1064 2850 ac
1079 2783 1272 2850 mutationi-

150 2892 213 2956 bus
232 2891 386 2968 obnoxia,
411 2911 476 2958 non
495 2903 620 2958 tantam
640 2894 738 2957 habet
757 2893 1001 2968 necessitatem,
1033 2902 1191 2974 quantam
1212 2891 1271 2956 ob-

144 3001 269 3083 jectum
295 3000 497 3081 Matheseos;
527 3019 602 3064 cum
637 2999 844 3082 potissimum
877 3001 989 3065 multae
1024 2997 1210 3064 affectiones
1238 3006 1270 3063 et

147 3107 284 3171 effectus
302 3106 427 3192 physici
446 3107 519 3189 qui,
544 3118 706 3190 quantum
734 3103 848 3174 attinet
868 3093 1071 3191 propriarum
1096 3105 1269 3172 ca'usarum

148 3220 315 3289 naturam,
337 3215 517 3280 necessario
532 3226 790 3298 consequuntur,
808 3213 978 3279 deficiente
993 3199 1103 3280 tamen
1119 3226 1175 3280 aut
1190 3231 1272 3295 prae·

148 3320 258 3404 pedito
287 3339 446 3388 concursu
476 3323 610 3388 aliarum
639 3335 830 3400 causarum,
870 3321 1071 3406 quandoque
1103 3311 1268 3388 deficiant.

147 3427 241 3493 Unde
259 3428 314 3503 tit,
335 3437 372 3493 ut
387 3429 529 3514 physice
545 3429 841 3495 demonstrationes
856 3437 1027 3514 propterea
1045 3446 1102 3512 per
1122 3426 1271 3493 accidens

151 3536 359 3619 exceptiones
375 3521 439 3621 pati
459 3539 597 3621 possint.

215 3643 369 3709 Praeterea
398 3645 569 3711 sensibiles
596 3645 801 3720 affectiones,
835 3662 918 3728 quas
946 3651 1088 3709 sectatur
1117 3640 1271 3709 naturalis

146 3750 370 3834 Philosophia,
391 3753 624 3819 reconditiores
641 3765 737 3830 sunt,
760 3755 922 3836 longaque
948 3751 1097 3835 indigent
1120 3758 1153 3814 et
1177 3767 1272 3815 accu-

147 3868 215 3922 rata
243 3859 470 3925 observatione
493 3880 529 3925 ac
559 3860 807 3945 diligentissima
830 3857 1042 3944 experientia.
1070 3857 1187 3923 idcirco
1212 3857 1273 3921 mi-

148 3985 260 4030 norem
292 3953 413 4033 habent
442 3966 637 4034 evidentiam
663 3969 805 4053 physicae
828 3965 1141 4040 demonstrationes,
1171 3980 1270 4047 quam

148 4074 399 4139 mathematicae.
434 4075 471 4141 Et
502 4077 581 4142 ratio
612 4077 682 4142 haec
715 4076 805 4141 reddi
835 4085 960 4159 potest,
995 4074 1071 4156 quia
1103 4073 1268 4156 objectum

147 4181 301 4247 Mathesis
329 4194 379 4247 est
405 4182 558 4250 sensibile
587 4201 783 4258 commune,
813 4183 905 4266 quod
935 4199 1045 4246 revera
1072 4188 1121 4246 est
1151 4196 1207 4262 per
1236 4196 1272 4244 se

146 4288 312 4370 sensibile;
334 4309 432 4373 quare
452 4289 528 4354 nihil
549 4302 599 4357 est
619 4291 728 4356 notius
742 4289 915 4372 omnibus,
932 4306 1033 4373 quam
1053 4285 1165 4362 lineae,
1186 4283 1273 4370 figu-

148 4413 190 4459 rae
208 4404 242 4459 et
260 4390 405 4462 numeri:
426 4405 458 4462 at
487 4416 563 4463 vero
590 4398 755 4484 objectum
783 4396 936 4482 Physices
961 4405 1011 4462 est
1041 4393 1191 4462 sensibile
1211 4411 1267 4477 per

181 4635 221 4697 (r)
258 4629 321 4690 ch.
335 4627 467 4699 Ariston,
484 4629 534 4703 libr
555 4641 591 4695 ιθ
602 4591 749 4705 ΙΙιἾΙιὶεοη,
769 4649 831 4702 cap.
845 4649 878 4702 ,3,
895 4642 924 4688 et
945 4636 986 4694 a:
1007 4625 1150 4701 Melabbq
1165 4644 1227 4700 etp,
1245 4645 1270 4700 3·
