3492 5525
557 451 614 535 556
661 450 783 516 Loorcn
798 408 1026 525 Maiore-Lm.
1049 463 1116 526 μ’,
1132 449 1225 515 Drsn.
1244 463 1288 532 3.·
1303 450 1384 515 Cae.
1401 464 1470 514 ψ

515 634 639 709 Quare,
655 634 696 699 ad
712 631 834 718 praxim
854 634 945 718 quod
962 641 1102 716 spectat,
1119 633 1233 717 nequit
1249 633 1410 700 evidentia
1423 632 1637 699 ut'criterium

516 740 657 807 adhiberi
676 742 716 807 ad
731 740 944 827 judicindum
964 740 1004 806 de
1031 741 1166 807 veritate
1184 741 1410 827 cognitionum
1431 737 1635 817 nostrarum,

516 848 595 932 quin
615 855 750 931 utraque
770 848 931 915 evidentia
949 847 1154 917 interveniat.
1730 841 1731 846 ’

352 972 450 1029 Utraque
582 964 622 1023 ln
647 965 711 1023 hac
737 962 973 1024 controversia
996 961 1201 1024 crediderim
1217 978 1281 1040 ego
1303 962 1474 1023 utramvis
1491 960 1638 1023 eviden-

303 1045 502 1161 ‘'⁵d⁰ss‡i:‘r{⁰¹‘'¹
515 1070 598 1130 tiam
612 1086 714 1147 poem
728 1086 806 1131 ease
826 1071 989 1131 ultimum
1002 1067 1179 1131 criterium
1197 1069 1365 1131 veritatis·
1383 1063 1420 1129 Et
1439 1064 1543 1147 primo
1561 1061 1638 1147 qui-

349 1188 455 1231 nionem
515 1171 590 1236 dem
610 1172 643 1235 id
662 1180 748 1255 patet
767 1173 808 1237 de
822 1171 1000 1257 subjectiva
1011 1171 1172 1237 evidentia
1186 1190 1228 1237 ex
1241 1189 1341 1237 sensu
1354 1172 1542 1247 communi,
1557 1170 1637 1254 quia
1730 1215 1731 1248 2

361 1259 446 1353 f¹⁵¹⁰¹¹⁵·
516 1279 635 1363 passim
664 1279 798 1345 affertur
819 1280 954 1345 evidens
975 1279 1124 1365 cognitio
1145 1278 1188 1347 rei
1208 1287 1378 1363 tamquam
1398 1279 1512 1345 ultima
1539 1279 1634 1354 ratio,
1730 1291 1731 1300 ¹

515 1404 572 1451 cur
591 1404 641 1452 res
659 1404 694 1451 se
714 1386 829 1453 babeat
858 1398 955 1470 prout
972 1406 991 1451 a
1017 1387 1112 1452 nobis
1131 1386 1341 1472 cognoscitur
1362 1388 1414 1453 vel
1440 1386 1633 1452 affirmatur.

515 1492 686 1559 Enimvero
714 1494 793 1577 quid
820 1492 881 1559 sibi
901 1496 1018 1559 volunt
1036 1491 1098 1559 illae
1118 1513 1233 1559 voces:
1255 1494 1316 1562 Res
1331 1494 1378 1559 ilo
1394 1498 1455 1569 est,
1479 1493 1554 1578 quir
1570 1495 1637 1558 cla-

514 1600 637 1667 rissime
655 1601 744 1666 niden
760 1601 857 1666 aliter
872 1618 938 1666 csse
956 1620 1020 1666 non
1035 1608 1145 1685 posse:
1162 1600 1234 1667 Tale
1248 1602 1439 1667 enuntiabile
1455 1618 1564 1666 nerum
1576 1604 1633 1675 cst,

515 1709 590 1793 quia
607 1707 695 1773 video
708 1709 915 1791 praedicatum
932 1709 966 1773 in
984 1708 1055 1774 idea
1072 1710 1200 1795 subjecti
1216 1710 1387 1774 contineri:
1410 1707 1494 1774 Talis
1510 1710 1636 1773 conclu-

515 1816 562 1882 sio
579 1816 741 1881 oerissima
758 1820 818 1891 cst,
840 1816 916 1900 quia
934 1817 1096 1900 manifeste
1113 1816 1204 1881 video
1220 1835 1242 1880 a
1251 1816 1423 1898 premissis
1442 1816 1636 1881 mallentibus
1730 1795 1731 1808 ¹

516 1924 622 1993 tinere.
644 1922 838 2008 Hujusmodi
858 1924 998 1989 rationes
1016 1925 1122 1990 solent
1141 1924 1264 2009 passim
1284 1924 1405 1999 aneni,
1428 1942 1488 1989 nec
1510 1942 1588 1989 vero
1616 1942 1636 1987 a
1730 1945 1731 1996 3

515 2033 589 2097 talia
603 2032 772 2117 oggerenti
793 2030 972 2114 exquiritur
992 2031 1123 2104 ulterior
1140 2050 1236 2097 causa
1251 2051 1319 2098 suae
1337 2030 1556 2107 certitudinis,
1576 2031 1636 2097 sed
1730 2057 1731 2122 j

517 2140 567 2205 vel
598 2146 736 2223 negatur
766 2140 904 2223 allegata
934 2140 1028 2214 ratio,
1060 2138 1110 2203 vel
1139 2137 1330 2223 simpliciter
1361 2157 1411 2205 res
1442 2138 1632 2204 admittitur.
1730 2141 1731 2190 t

516 2244 727 2329 Quamquam
757 2246 843 2311 enim
867 2238 1011 2330 cognitio
1038 2265 1112 2311 mea
1138 2246 1271 2312 evidens
1300 2265 1365 2312 non
1393 2246 1436 2312 sit
1462 2264 1558 2311 causa
1583 2248 1636 2310 vel
1730 2267 1731 2276 ¹

517 2354 614 2428 ratio,
634 2372 690 2419 cur
710 2370 759 2418 res
773 2353 808 2418 in
827 2353 929 2435 seipsa
946 2353 1005 2433 sit,·
1020 2353 1079 2419 sed
1090 2366 1140 2419 est
1157 2362 1232 2438 apta
1250 2355 1348 2442 ratio,
1368 2373 1426 2420 cur
1439 2372 1502 2439 ego
1520 2354 1635 2419 finnus

518 2470 550 2527 et
568 2470 721 2527 constans
735 2460 796 2525 sim
817 2459 849 2524 in
861 2459 1038 2545 judicando
1058 2479 1127 2526 rem
1146 2462 1190 2527 ita
1208 2480 1292 2530 esse.

584 2566 677 2633 Ratio
691 2584 768 2633 vero
787 2568 885 2652 hujus
898 2567 1087 2633 assertionis
1102 2587 1121 2632 a
1136 2568 1231 2652 priori
1247 2577 1310 2644 est,
1323 2568 1551 2653 quia'cognitio
1561 2586 1637 2633 vere

518 2674 651 2741 evidens
678 2683 765 2739 certa
787 2685 837 2740 est
866 2685 978 2739 natura
1004 2693 1074 2749 sua,
1104 2696 1141 2739 ac
1173 2675 1309 2759 proinde
1336 2677 1518 2742 necessario
1544 2694 1633 2744 vera.

519 2783 725 2866 Ubicumque
744 2802 821 2866 ergo
839 2782 969 2848 animus
988 2783 1020 2849 in
1041 2802 1076 2849 se
1096 2783 1265 2850 rellectens
1284 2785 1507 2868 deprehendat
1523 2784 1638 2868 cogni·
1730 2826 1731 2829 =

518 2892 640 2957 tionem
655 2891 840 2955 evidentem
855 2890 990 2973 aiicujus
1005 2891 1066 2966 rei,
1079 2893 1146 2976 jam
1161 2901 1268 2973 potest
1277 2909 1412 2956 ornnem
1428 2891 1635 2956 formidinem

519 2997 633 3063 erroris
651 2999 813 3081 deponere
828 3005 860 3063 et
875 2998 1041 3081 quiescere
1060 3017 1192 3064 securus
1210 2998 1251 3063 de
1265 3001 1338 3065 talis
1361 2999 1557 3085 cognitionis
1583 3019 1638 3093 ve-

520 3107 624 3171 ritate.
653 3107 736 3170 Nam
765 3105 917 3188 quamvis
947 3105 1051 3188 possit
1077 3106 1192 3190 aliquis
1219 3108 1324 3172 adhuc
1349 3108 1498 3193 physicas
1520 3085 1636 3172 causas

520 3226 610 3281 actus
628 3211 787 3278 evidentis
815 3213 1021 3296 investigare,
1043 3232 1117 3295 quae
1136 3223 1215 3278 sunt
1233 3215 1336 3279 virtus
1358 3215 1584 3280 intellectualis
1605 3223 1638 3279 et
1730 3230 1731 3233 ’

520 3320 685 3405 objectum
704 3318 851 3396 evidens,
879 3338 943 3385 non
963 3331 1076 3385 tamen
1096 3321 1208 3386 afferre
1233 3328 1339 3405 potest
1359 3321 1515 3387 rationem
1540 3339 1640 3407 supe-

522 3426 657 3502 riorem,
678 3436 810 3511 propter
832 3445 931 3508 quam
950 3425 1093 3510 cognitio
1117 3428 1251 3494 evidens
1280 3447 1354 3495 vera
1383 3431 1563 3496 necessario
1581 3431 1636 3507 sit,

521 3533 555 3601 id
587 3534 673 3599 enirn
707 3541 832 3617 spectat
864 3534 906 3598 ad
939 3534 1009 3617 ejus
1042 3542 1207 3602 naturam.
1236 3533 1401 3601 Evidentia
1423 3555 1502 3622 ergo
1528 3539 1640 3622 cogni-

522 3641 620 3709 tionis
650 3641 783 3706 dicenda
816 3650 866 3708 est
901 3639 1073 3707 infallibilis
1110 3652 1232 3708 tessera
1272 3645 1461 3710 necessaria
1495 3644 1638 3711 veritatis

523 3749 618 3816 illius.

590 3853 659 3921 Dixi
679 3865 834 3940 praeterea
848 3855 946 3920 etiarn
962 3855 1094 3922 evidens
1109 3856 1274 3939 objectum
1290 3856 1436 3924 obtinere
1448 3859 1637 3944 dignitatern

523 3964 667 4048 supremi
686 3963 813 4028 criterii.
836 3961 935 4046 ldque
953 3963 1048 4028 simili
1070 3963 1169 4028 modo
1189 3965 1343 4048 probatur
1360 3965 1468 4050 primo
1486 3985 1638 4035 exsensu

523 4071 691 4137 communi
710 4069 901 4147 bominum,
922 4089 999 4135 nam
1020 4070 1140 4154 passim
1162 4073 1259 4138 etiam
1277 4073 1424 4139 solemus
1446 4073 1637 4142 evidentiam

524 4178 568 4244 rei
584 4179 697 4243 afferre
715 4177 747 4242 in
763 4177 1038 4262 disputationibus
1057 4197 1115 4263 pro
1134 4197 1290 4263 supremo
1313 4192 1508 4266 argumento
1526 4184 1640 4248 verita·
1730 4198 1731 4221 ³

524 4285 578 4362 tis,
595 4285 639 4350 ita
654 4293 690 4350 ut
703 4285 729 4351 si
749 4285 882 4350 evidens
900 4283 942 4350 sit
960 4285 1144 4370 objectum,
1165 4305 1205 4351 eo
1224 4287 1294 4370 ipso
1317 4287 1454 4370 quilibet
1470 4289 1640 4359 arbitretur
1730 4330 1731 4357 r

525 4411 560 4459 se
581 4392 716 4458 liberum
737 4410 835 4456 onere
855 4391 1011 4476 probandi
1027 4410 1120 4458 suam
1135 4394 1366 4471 assertionem,
1381 4378 1551 4463 idversarii
1565 4420 1640 4467 vero

526 4509 582 4564 aut
601 4501 701 4564 victas
730 4500 808 4564 dent
828 4517 966 4574 manus,
987 4509 1049 4565 ‘aut
1070 4501 1265 4567 evidentiam
1294 4512 1429 4588 negent,
1460 4523 1640 4590 numquam

526 4615 637 4672 tamen
669 4607 849 4672 detrectent
878 4625 960 4682 rem,
990 4625 1090 4689 quam
1119 4607 1306 4673 evidentem
1335 4620 1532 4694 agnoscant,
1560 4613 1641 4680 illico
1730 4668 1731 4679 ,

527 4721 696 4798 tamquam
717 4712 920 4778 verissimam
940 4713 1096 4797 accipere.
