3492 5525
244 447 358 509 Anne.
376 460 437 528 4¹¹⁵
452 445 501 508 Dr:
513 461 618 508 causa
633 459 830 506 ereremum:
845 440 1103 505 Uurvsasacrun
1134 455 1192 520 723

109 627 201 692 tione
220 645 304 710 opus
322 612 385 694 est.
406 625 583 710 Dupliciter
601 627 688 691 enirn
710 623 868 700 diximus,
890 631 1039 689 naturam
1059 640 1156 706 posse
1176 622 1234 686 de-

112 733 272 801 nominari
291 725 525 816 universalem3
553 733 660 819 primo
679 732 945 800 denominatione
964 731 1130 806 absoluta,
1150 748 1187 795 ac
1204 729 1232 796 si
1308 711 1319 724 ’

112 839 338 909 universaliter
355 841 565 923 subsisteret;
587 841 732 907 secundo
755 839 1023 906 denominatione
1041 837 1230 923 respectiva.

110 949 209 1015 Priori
229 949 330 1016 modo
349 967 414 1015 non
433 959 484 1016 est
499 949 722 1014 universalitas
741 966 800 1014 ens
819 947 968 1023 rationis,
987 957 1158 1029 tamquam
1177 947 1234 1012 ali-

109 1057 190 1140 quid
209 1055 385 1130 confictum
406 1077 424 1121 a
443 1056 583 1133 ratione,
604 1057 662 1122 sed
689 1056 796 1121 solum
821 1063 992 1139 tamquam
1011 1053 1234 1120 denominatio

109 1165 288 1231 extrinseca
304 1165 499 1248 proveniens
515 1165 556 1230 ab
570 1171 642 1229 actu
660 1163 809 1240 rationis,
829 1163 913 1229 sicut
929 1182 1002 1230 esse
1019 1163 1231 1239 abstractum,

109 1273 296 1358 cognitum,
313 1283 345 1339 et
360 1271 420 1338 alia
433 1273 634 1357 hujusmodi,
650 1289 725 1355 quae
742 1290 806 1338 non
822 1271 935 1338 dicunt
951 1271 1071 1354 aliquid
1089 1270 1234 1337 existens

111 1373 239 1447 realiter
256 1381 288 1446 in
305 1389 418 1446 natura
432 1379 658 1456 denominata,
676 1398 735 1445 nec
752 1377 1013 1464 proprie'dicunt
1024 1378 1234 1463 aliquod'ens

111 1486 245 1554 rationis
265 1487 469 1554 falsificatum
493 1488 535 1553 ab
560 1487 745 1562 intellectu,
765 1497 937 1570 tamquam
956 1485 1115 1573 objective
1133 1484 1237 1552 conli-

109 1605 202 1661 ctum
228 1595 269 1660 ab
288 1595 372 1680 ipso.
393 1595 477 1672 Qria
493 1595 569 1662 talia
595 1595 683 1660 entia
702 1613 767 1661 non
787 1594 975 1679 finguntur,
1001 1593 1062 1661 nisi
1081 1595 1162 1660 dum
1180 1612 1237 1659 co·

111 1703 273 1788 gitantur;
294 1714 373 1770 tunc
391 1712 501 1769 autem
518 1703 702 1769 intellectus
722 1702 799 1768 nihil
818 1703 883 1767 tale
902 1702 1026 1786 cogitat
1043 1702 1095 1767 vel
1114 1719 1237 1787 cogno-
1317 1717 1320 1722 ·

111 1809 193 1876 scit!
206 1810 260 1876 Est
280 1829 358 1895 ergo
378 1809 602 1877 denominatio
621 1811 800 1877 extrinseca
817 1829 835 1876 a
858 1819 1020 1894 conceptu
1039 1809 1234 1891 intellectus;

112 1936 203 1995 nam,
221 1919 296 2002 quia
312 1937 368 2002 per
377 1928 572 2002 conceptum
588 1918 748 1984 abstracte
762 1926 796 1984 et
810 1917 963 1984 universe
973 1923 1242 2001 repraesentatur.

111 2025 187 2091 ideo
206 2025 437 2093 denominatur
455 2024 647 2092 universalis
667 2023 825 2111 praedicto
841 2025 954 2092 modo.
974 2023 1182 2110 Qrapropter
1198 2035 1236 2092 ut

112 2134 183 2198 haec
201 2133 423 2200 universalitas
442 2133 565 2200 dicatur
582 2151 673 2209 esse,
695 2151 760 2199 non
780 2141 927 2218 oportet,
944 2143 988 2200 ut
1006 2133 1076 2217 ipsa
1094 2133 1238 2200 formali-

110 2252 162 2306 ter
180 2242 230 2306 vel
245 2241 338 2324 quasi
366 2241 542 2307 formaliter
565 2250 796 2336 cognoscatur,
817 2241 911 2324 quasi
934 2241 967 2306 in
990 2250 1063 2307 actu
1093 2242 1233 2326 signat03

112 2349 171 2413 sed
190 2349 269 2415 satis
283 2359 348 2434 est,
362 2349 452 2432 quod
466 2357 580 2415 natura
594 2350 667 2433 ipsa
678 2357 894 2434 cognoscatur
910 2349 966 2416 tali
982 2350 1099 2424 modo,
1116 2349 1237 2415 scilicet

113 2454 248 2540 praeciso
266 2464 299 2520 et
313 2457 490 2532 abstracto,
512 2465 548 2523 ut
566 2456 657 2539 quasi
678 2457 710 2522 in
729 2466 801 2522 actu
822 2457 964 2523 exercito
984 2467 1099 2523 natura
1117 2456 1239 2522 consti·

111 2571 223 2638 tuatur
241 2563 441 2631 universalis.
462 2564 500 2629 Et
523 2565 564 2630 ad
583 2566 670 2630 hunc
690 2565 827 2630 modum
846 2564 985 2649 explicat
1010 2584 1066 2649 per
1089 2565 1239 2631 denomi-

114 2671 280 2736 nationem
301 2671 515 2740 extrinsecam
531 2672 615 2737 hanc
630 2671 907 2740 universalitatem
923 2657 1031 2740 Soto»
1048 2670 1064 2760 (
1088 2671 1113 2760 ).

182 2780 378 2847 «Posteriori
403 2789 513 2846 autem
544 2781 645 2845 modo
668 2780 834 2865 loquendo
853 2782 894 2845 de
913 2781 1239 2849 universalirelative

113 2874 173 2953 seu
192 2886 231 2951 de
251 2888 405 2953 relatione
425 2887 692 2963 universalitatis,
709 2888 787 2953 satis
802 2906 842 2953 ex
855 2888 1092 2955 dictisconstat
1108 2890 1239 2957 univer·

113 2995 182 3060 sale
206 3012 271 3060 non
298 3014 370 3061 esse
390 3014 450 3061 ens
469 2996 570 3073 reale,
591 2994 668 3079 quia
686 2995 740 3060 illa
759 2995 870 3061 relatio
891 3006 1027 3063 nonest
1048 2996 1160 3075 realis,
1180 2999 1238 3065 sed
1294 3008 1315 3051 ’-

114 3100 359 3191 rationis»(2).
544 3084 546 3089 ¹
868 3117 870 3121 ’
940 3107 944 3115 ’

440 3264 637 3333 Solvuntur
656 3280 907 3332 otrncutraras.

167 3424 239 3506 178.
286 3428 395 3508 objic.
420 3425 470 3492 1.⁰
491 3424 526 3492 S.
546 3425 693 3491 Thomas
712 3424 757 3491 sie
783 3425 905 3493 scribit.
929 3427 1082 3509 ριιανηνίς
1100 3430 1163 3496 lraec
1181 3445 1238 3510 no·

115 3534 190 3597 tura
215 3532 371 3598 inblbcta
398 3532 509 3599 babeat
533 3534 686 3599 rationem
717 3533 918 3611 universalis,
954 3540 1126 3603 seeundum
1156 3541 1241 3623 quod

114 3644 316 3721 comparatur
331 3642 454 3717 adres,
474 3659 543 3725 quae
561 3646 637 3706 sunt
649 3644 738 3706 extra
751 3642 907 3720 aninum,
922 3644 998 3729 quia
1014 3648 1138 3710 estune
1150 3622 1239 3711 sim'i-

116 3746 218 3811 litudo
234 3748 414 3816 omnium...
435 3748 472 3813 Et
490 3748 611 3814 ibidem
638 3751 735 3834 paulo
753 3746 902 3816 inferius:
923 3750 997 3817 Non
1014 3756 1061 3818 est
1077 3753 1239 3820 unebersa-

110 3852 190 3946 ⁸litus
208 3853 295 3921 illius
302 3856 420 3940 formae
432 3857 600 3921 secundum
614 3857 668 3922 boc
681 3874 756 3935 esse,
773 3860 855 3941 quod
868 3858 959 3924 habet
971 3858 1169 3939 intellectum,
1184 3864 1242 3928 sed

115 3964 287 4028 secundum
298 3965 383 4048 quod
398 3964 505 4029 adres
517 3964 670 4049 refertur,
691 3968 730 4031 ut
742 3965 915 4031 similitudo
927 3968 1065 4034 omnium
1078 3964 1143 4056 (4).
1159 3970 1241 4048 Qui-

116 4070 182 4135 bus
199 4068 315 4136 similia
335 4071 494 4137 habentur
508 4072 540 4139 in
556 4072 724 4158 Opusculo
739 4072 845 4157 primo
859 4074 902 4137 de
922 4075 1161 4144 Universalilrus
1174 4075 1239 4167 (4).

153 4286 193 4350 (ι)
230 4280 327 4358 Legio.
340 4286 376 4343 de
389 4285 568 4353 Universal„
582 4306 612 4359 q.
627 4300 724 4361 3‚arr.
742 4288 852 4359 1‚dub.
865 4311 893 4349 2.

153 4377 195 4439 (a)
233 4370 333 4445 Suam,
350 4374 425 4449 disp.
450 4376 581 4451 Metaplr.
601 4378 633 4447 6,
659 4390 728 4437 sect.
751 4400 779 4452 7,
800 4400 829 4437 n.
857 4400 873 4437 a
895 4392 925 4439 et
940 4400 966 4453 3.
982 4379 1048 4441 etr.
1069 4383 1104 4439 de
1118 4381 1239 4452 Animo,

115 4462 167 4521 lib.
177 4482 209 4535 4,
221 4483 283 4536 esp.
297 4486 326 4535 3,
339 4484 369 4525 n.
381 4484 429 4538 233
441 4464 516 4524 Vide
530 4467 617 4525 etiam
629 4466 755 4538 Rhodes,
769 4469 886 4529 Philas.
897 4471 1005 4544 perio,
1016 4470 1067 4531 lib.
1080 4491 1114 4545 4,
1125 4471 1201 4545 disp.
1212 4492 1240 4546 3,

117 4564 189 4611 sete.
206 4572 236 4627 5,
252 4574 366 4629 paragr.
386 4576 409 4613 1.

153 4646 195 4715 (3)
233 4641 266 4701 S.
281 4642 350 4715 Th..
367 4642 477 4717 Opuse.
492 4646 526 4705 de
540 4646 616 4705 Este
630 4657 657 4705 et
670 4657 789 4719 essent..
804 4668 867 4721 cap.
883 4668 911 4721 4.

151 4732 193 4806 (4)
229 4732 295 4794 Non
307 4735 406 4807 procul
421 4738 458 4796 ab
467 4735 562 4809 initio,
573 4735 644 4810 Eius
654 4746 751 4797 autem
761 4738 971 4799 universalitas
981 4749 1142 4801 nonestex
1153 4742 1239 4806 hoc...
