3492 5525
564 479 605 561 qb
971 479 1195 545 lmnonucrro

523 666 636 725 contra
654 656 865 726 Gullielmum
881 657 1004 742 Draper
1020 658 1256 743 conscriptum,
1276 675 1410 726 cursum
1427 657 1644 742 Philosophiae
1731 636 1732 659 ¹

524 764 687 850 hispanice
702 763 901 843 lucubravit,
912 765 1072 850 iliumque
1086 784 1166 832 mox
1179 766 1319 850 ipsemet
1342 764 1479 832 latinum
1501 765 1592 847 iecit3
1610 776 1643 832 et
1731 758 1732 853 ff

522 873 567 939 D.
575 872 717 956 Joannes
725 875 909 942 Emmanuel
921 871 995 940 orn·
1003 893 1031 956 y
1044 873 1127 939 Lara
1139 871 1209 958 qui,
1229 891 1295 956 qua
1309 891 1403 951 voce,
1419 890 1487 956 qua
1500 872 1596 938 variis
1610 873 1642 938 in
1731 872 1733 943 l

523 980 630 1046 lucem
641 980 735 1047 editis
746 980 846 1057 libris,
858 981 983 1066 optime
997 980 1223 1050 scholasticam
1235 981 1416 1047 doctrinam
1430 979 1573 1048 tradidit.
1585 980 1647 1045 Fa·
1731 968 1732 1031 l

521 1087 660 1154 tendum
680 1096 792 1154 tamen
807 1097 858 1154 est
871 1106 976 1154 unum
989 1100 1046 1156 aut
1055 1090 1193 1155 alterum
1213 1089 1331 1154 horum
1342 1097 1514 1154 auctorum
1525 1087 1558 1152 in
1571 1087 1646 1172 qui·

522 1193 660 1260 busdam
693 1195 926 1262 controversiis
953 1195 1089 1281 alicujus
1120 1197 1282 1261 momenti
1309 1200 1334 1260 *a
1366 1194 1644 1261 Scholasticorum

520 1301 693 1370 sententiis
705 1302 892 1369 abhorrere.
913 1302 971 1373 His
990 1303 1063 1369 addi
1079 1311 1259 1380 merentur,
1276 1313 1313 1370 ut
1327 1312 1463 1369 caeteros
1476 1299 1643 1380 omittam,

521 1408 633 1476 lllmus
654 1429 691 1476 ac
727 1411 875 1477 Revmus
896 1410 1027 1476 Thomas
1055 1409 1194 1505 Cumara
1223 1431 1242 1476 e
1263 1410 1299 1476 S.
1325 1409 1644 1495 Augustinianorum

520 1517 654 1596 familia,
683 1517 858 1603 episcopus
885 1516 1168 1594 Salmanticensis‚
1190 1520 1227 1585 Ρ.
1255 1518 1393 1584 Mubasl
1417 1516 1501 1595 Mir,
1522 1538 1541 1582 e
1564 1517 1644 1584 Soc.
1731 1546 1732 1571 t

519 1623 612 1706 Jesu,
637 1624 797 1690 Antonius
818 1626 862 1690 H.
887 1623 1057 1712 Fajarues¹
1078 1625 1240 1718 Antonius
1263 1625 1417 1692 Cornelias
1445 1645 1467 1712 y
1488 1626 1584 1692 Clurt
1610 1636 1645 1690 et
1731 1602 1732 1625 ¹

520 1732 726 1799 Marcellinus
747 1734 921 1820 Menander
945 1734 1066 1819 Pelayo
1086 1731 1143 1816 qul
1167 1734 1243 1799 licet
1264 1733 1447 1799 scholastici
1471 1751 1537 1799 non
1561 1730 1643 1810 sint,
1731 1758 1732 1809 l

520 1857 619 1926 opera
632 1849 744 1908 tamen
764 1840 925 1907 memoria
938 1841 1039 1926 digna
1053 1841 1237 1908 ediderunt.
1731 1834 1732 1847 ’

656 1997 675 2090 5
700 2001 984 2068 iV.-Cousuruu
1008 2017 1106 2082 nujus
1128 2018 1239 2070 oreris
1261 2017 1498 2071 consenuerant.

449 2188 471 2218 m
570 2163 647 2232 ¹23·
689 2144 726 2212 ln
738 2153 828 2212 tanta
838 2158 1001 2214 sectarum
1014 2147 1256 2230 nominumque
1273 2146 1426 2213 varietate
1439 2164 1647 2232 egosemper
1731 2116 1733 2197 ἶ

430 2331 449 2360 ⁸.
522 2249 756 2329 Scholasticos‚
769 2262 805 2319 ut
820 2253 1003 2338 praecipuos
1011 2253 1185 2338 Magistros
1197 2252 1495 2337 colui,eorumque
1504 2255 1644 2338 vestigia
1731 2282 1732 2289 ¹

522 2371 554 2427 et
569 2360 762 2428 nominatim
785 2359 821 2429 S.
835 2358 985 2437 Thomae,
1002 2361 1286 2443 quemadmodum
1300 2362 1392 2446 leges
1401 2369 1519 2427 nostrae
1531 2362 1646 2445 praeci·
1731 2446 1732 2449 Ἴ

522 2467 616 2554 piunt
630 2463 698 2556 (r),
715 2459 862 2553 premim
882 2468 915 2533 in
930 2469 992 2534 hoc
1007 2470 1241 2552 qualicumque
1262 2487 1377 2554 opere,
1397 2470 1429 2536 in
1449 2487 1536 2553 quo,
1557 2469 1648 2534 mul-

521 2587 631 2644 torum
654 2577 785 2644 hortatu
800 2575 982 2644 amicorum
1002 2595 1129 2662 eaquae
1149 2578 1264 2644 Rome
1284 2579 1470 2663 perplures
1490 2595 1596 2644 annos
1611 2577 1646 2642 in

556 2772 597 2845 (ι)
633 2772 678 2832 En
693 2771 766 2845 quid
779 2772 881 2831 docent
895 2774 950 2830 hnc
961 2773 998 2831 de
1016 2794 1047 2832 re
1061 2772 1258 2847 Congregatio
1271 2773 1324 2831 V.·
1337 2774 1394 2833 sub
1408 2773 1534 2833 Claudio
1545 2774 1652 2846 Aque-

519 2860 600 2934 uiva,
616 2862 775 2936 Praeposito
795 2861 932 2921 Generaii
959 2861 1113 2923 Societntis
1135 2863 1220 2934 jesu,
1247 2876 1358 2922 concta:
1382 2864 1510 2922 «Nostri
1527 2870 1649 2925 ommino

518 2952 550 3012 S.
563 2952 716 3024 Thomam,
736 2962 769 3009 ut
786 2954 941 3027 proprium
963 2953 1116 3012 Ductorem
1136 2954 1274 3025 habeant,
1290 2974 1409 3027 eumque
1422 2955 1453 3012 im
1465 2957 1650 3015 scholastica
1731 2999 1732 3002 η

520 3044 669 3119 theologia
685 3043 770 3116 sequi
787 3050 983 3101 tercentum...
1000 3044 1066 3101 Nom
1082 3044 1128 3103 sic
1140 3052 1235 3103 tamen
1246 3042 1279 3103 8.
1296 3045 1409 3103 Thorace
1426 3046 1564 3103 adstricti
1569 3032 1650 3105 'esse
1731 3036 1733 3078 t

519 3132 621 3191 (labere
633 3133 860 3208 intelligantur,
876 3141 909 3190 ut
921 3133 1006 3191 nulla
1021 3142 1143 3208 prorsus
1153 3135 1186 3191 im
1201 3155 1234 3191 re
1245 3134 1377 3206 recedere
1391 3136 1499 3203 liceat,·
1512 3155 1578 3193 cum
1592 3137 1651 3195 illi
1731 3124 1733 3134 ’

519 3223 591 3296 ipsi,
606 3224 701 3297 quise
718 3222 884 3281 Themistou
893 3223 1020 3281 maxime
1029 3222 1218 3298 profitentur,
1231 3224 1387 3297 alr'puamdo
1402 3225 1438 3282 ah
1452 3246 1485 3285 eo
1498 3228 1649 3295 recedant·
1731 3231 1732 3262 ³

518 3332 571 3369 mec
579 3312 691 3371 arctius
702 3320 816 3370 nostros
826 3312 858 3372 S.
872 3313 988 3371 Thamar
995 3314 1122 3389 alligari
1127 3321 1183 3387 par
1191 3316 1247 3384 sit¹
1256 3332 1341 3387 quam
1353 3314 1522 3373 Thomistas
1531 3317 1648 3391 ipsos.»

574 3400 629 3460 «in
642 3402 848 3476 quaestionibus
866 3420 943 3459 mere
964 3402 1189 3477 philosophicis,
1205 3412 1258 3460 aut
1279 3403 1369 3460 etiam
1391 3404 1500 3474 iniis,
1525 3425 1588 3478 quae
1606 3411 1650 3465 ad
1731 3465 1733 3469 ,

517 3490 689 3567 Scripturas
706 3502 734 3549 et
752 3491 887 3551 Camomes
905 3494 1055 3566 pertinent
1077 3492 1177 3550 licebit
1198 3494 1284 3566 sequi
1303 3494 1392 3550 etiam
1409 3492 1498 3562 alios,
1522 3497 1574 3567 qui
1594 3518 1650 3556 eas

516 3582 673 3650 facultates
692 3582 791 3661 magis
810 3602 849 3640 ex
863 3586 997 3655 prosesso
1014 3590 1249 3640 tractaverunt.»
1268 3582 1400 3640 institut.
1421 3580 1488 3641 Soc.
1496 3585 1558 3655 Jes.
1580 3597 1602 3644 t.
1621 3608 1650 3645 r.

519 3671 631 3749 Congr-
648 3668 742 3732 Gener
757 3670 795 3729 V.
820 3670 899 3729 decr.
914 3671 964 3744 56,
987 3690 1016 3729 n.
1044 3690 1069 3729 r.
1088 3691 1121 3741 a,
1140 3694 1165 3744 3.
1189 3670 1254 3729 Cir.
1272 3672 1343 3745 Reg.
1367 3684 1431 3731 aet
1450 3674 1649 3745 3Prosessor.

521 3760 788 3833 Theoi-itemque:
801 3760 917 3818 «Nulli
925 3771 1024 3829 sectae,
1036 3770 1071 3817 ut
1079 3762 1326 3827 Auerroe'starum,
1338 3762 1606 3821 Alexandrinorum
1618 3779 1652 3825 et

516 3853 672 3916 similium.
689 3852 739 3909 uel
746 3870 778 3908 se
787 3849 836 3909 uel
843 3870 913 3908 suos
922 3850 1071 3909 addicant.-
1084 3871 1137 3909 nec
1149 3851 1294 3910 Auerrois
1306 3860 1358 3909 arat
1371 3863 1538 3911 ccelerorum
1546 3866 1652 3916 errata

515 3942 719 4007 dissimatenm
738 3942 789 3999 sed
804 3940 871 3997 inde
888 3940 987 3998 acrius
1005 3959 1105 3999 eorum
1123 3942 1325 4000 auctoritatem
1346 3942 1519 4017 deprimant.
1534 3943 1654 4006 Contra

515 4052 586 4091 uero
599 4033 634 4090 de
647 4030 687 4095 8..
700 4030 810 4089 Thoma
825 4049 972 4103 erumpam
984 4050 1042 4088 mou
1056 4032 1210 4105 loquantur
1219 4030 1391 4105 homorfice:
1407 4033 1545 4092 libentius
1558 4034 1652 4095 illum

517 4121 636 4190 mimis,
660 4120 770 4194 quoties
792 4127 941 4195 oporteat,
968 4121 1127 4193 sequemd05
1150 4130 1202 4181 aut
1215 4130 1380 4181 reverenter
1404 4132 1435 4180 et
1452 4133 1597 4199 gruum,
1618 4130 1654 4184 si

516 4210 746 4285 quemdominus
767 4207 879 4284 placet,
900 4208 1088 4268 deserendo.»
1109 4208 1182 4269 ibid.
1206 4210 1318 4289 congr.
1343 4210 1415 4273 Gerr.
1436 4211 1474 4270 V.
1494 4212 1572 4273 decr.
1594 4234 1632 4288 ⁴¹

516 4320 547 4360 n.
563 4321 578 4374 3
594 4288 657 4359 Cir}
670 4299 742 4372 Reg.
755 4316 769 4371 ς
784 4311 814 4357 et
826 4298 845 4356 6
859 4298 1027 4368 Prqtessor.
1042 4298 1159 4359 Philas.

570 4389 603 4449 in
613 4389 662 4447 his
674 4387 860 4449 conficiendis
868 4388 993 4447 decretis
1002 4387 1170 4449 Cardinaiis
1183 4389 1381 4450 Bellerminus
1394 4390 1484 4451 simui
1497 4412 1565 4451 cum
1578 4391 1653 4456 aliia

515 4478 699 4556 gravissimis
708 4477 994 4553 sapientissimisque
1012 4479 1152 4540 Patribus
1162 4481 1337 4541 allaboravit
1354 4482 1384 4541 in
1401 4482 1505 4555 quinta
1513 4486 1636 4557 penard

516 4570 763 4645 congregatione:
779 4568 889 4642 iliaque
904 4588 1058 4641 nunquam
1073 4583 1174 4642 poetae
1186 4570 1328 4645 abrogata
1342 4570 1436 4641 fuere,
1448 4572 1636 4633 oedeoontra

516 4657 560 4719 rio
568 4657 739 4733 semeliae,
748 4679 782 4719 ac
795 4658 965 4733 nuperrime
978 4670 1156 4733 apoetrema
1166 4658 1404 4735 congregatione
1410 4661 1502 4731 (decr.
1515 4680 1546 4736 re
1559 4676 1591 4722 et
1604 4664 1641 4723 18

513 4748 701 4813 confirmata.
