3492 5525
539 450 542 455 Δ
563 464 623 551 648
672 467 801 534 Locren
815 468 1048 545 Maron-Lm.
1066 484 1137 544 ω’,
1154 468 1247 533 Drso.
1266 483 1310 533 1.⁸
1323 470 1403 533 Can.
1424 484 1490 532 ψ’

524 652 715 733 individuis,
740 655 838 722 debet
863 666 896 723 et
915 654 1022 721 unitas
1041 655 1112 739 ejus
1134 652 1351 739 multiplicari.
1382 652 1531 727 Accedit,
1555 649 1659 733 quod

525 762 632 829 unitas
657 763 801 831 formalis
819 770 919 846 atque
937 760 1142 829 individualis
1169 762 1276 829 solum
1301 768 1483 845 conceptu,
1510 758 1659 825 minime
1729 783 1731 790 >

525 889 603 937 vero
622 889 656 936 re
670 869 926 956 distinguuntur.
943 868 1043 955 Atqui
1059 871 1166 936 unitas
1179 869 1385 936 individualis
1399 865 1655 951 multiplicatur.
1729 877 1731 965 j

525 978 608 1064 Ergo
626 980 723 1044 etiam
741 978 898 1045 lormalis.
915 976 1140 1055 Quamobrem
1156 980 1271 1045 Petrus
1285 988 1318 1045 et
1332 977 1450 1044 Paulus
1463 993 1532 1042 non
1546 974 1659 1040 modo
1729 966 1731 1060 J

516 1096 604 1153 sunt
621 1086 689 1152 duo
707 1085 889 1162 individua,
909 1086 968 1153 sed
987 1086 1054 1153 duo
1072 1086 1170 1151 etiam
1190 1085 1359 1151 homines:
1383 1104 1443 1151 nec
1460 1084 1573 1149 solum
1595 1082 1659 1146 ha·
1729 1071 1731 1130 ἰ

525 1194 606 1259 bent
636 1192 719 1259 duas
746 1186 1020 1261 individuationes
1048 1214 1081 1261 re
1108 1194 1292 1270 distinctas,
1317 1193 1376 1259 sed
1403 1192 1485 1259 duas
1512 1208 1657 1275 quoque

527 1301 746 1369 humanitates
766 1298 829 1389 (ι).
850 1300 1062 1386 Quamquam
1083 1303 1152 1368 haec
1167 1302 1273 1387 magis
1286 1300 1421 1367 interius
1438 1299 1658 1367 declarabun·
1729 1329 1730 1334 .

526 1418 583 1475 tur
596 1421 710 1476 contra
729 1408 943 1476 Scotistarum
962 1408 1167 1494 opinionem.

595 1517 706 1600 ltaque
726 1516 814 1582 nulla
840 1516 939 1582 debet
958 1535 1047 1593 esse,
1076 1529 1112 1584 ut
1135 1535 1234 1601 supra
1257 1516 1420 1591 dicebam,
1445 1515 1557 1600 quoad
1582 1532 1657 1579 rem
1729 1588 1731 1591 y

528 1624 631 1708 ipsam
651 1621 825 1690 difficultas
837 1622 869 1689 in
887 1624 1086 1710 hacsormoli
1097 1624 1222 1689 unitate
1233 1623 1478 1707 amplectenda,
1494 1622 1660 1704 illamque

528 1730 655 1797 videtur
677 1730 859 1815 significare
878 1730 914 1797 S.
935 1728 1080 1797 Thomas
1098 1728 1149 1818 (2)
1167 1740 1201 1796 et
1223 1731 1264 1796 ab
1282 1729 1438 1796 omnibus
1456 1728 1588 1795 admitti
1609 1739 1660 1793 te-

528 1846 654 1908 stantur
669 1835 813 1903 Eximius
828 1837 947 1904 Ductor
961 1835 1024 1925 (3),
1041 1838 1182 1915 Rubius,
1202 1838 1367 1922 Compton
1381 1834 1433 1925 (4)
1446 1845 1480 1901 et
1492 1836 1660 1921 Complu-

527 1959 637 2015 tenses
652 1943 715 2033 (5).
980 1940 984 1947 ’

594 2056 708 2137 Neque
719 2072 797 2119 vero
808 2063 923 2119 contra
936 2052 1351 2137 hancdoctrinamobjicias
1362 2052 1553 2136 id,quodS.
1565 2050 1659 2119 Tho-

529 2181 601 2228 mas
619 2169 690 2227 tum
711 2161 744 2227 in
762 2160 933 2245 Opusculo
951 2163 990 2226 de
1007 2162 1084 2227 linle
1102 2164 1136 2226 et
1148 2162 1281 2227 essentia
1299 2158 1363 2248 (6),
1379 2169 1450 2227 tum
1470 2160 1544 2226 alibi
1563 2178 1657 2245 saepe

529 2272 639 2346 docet,
658 2279 808 2336 naturam
823 2269 1004 2334 secundum
1021 2287 1088 2334 rem
1104 2287 1163 2334 nec
1176 2286 1277 2335 unam
1294 2288 1354 2333 nec
1367 2269 1477 2352 plures
1489 2286 1576 2345 esse,
1595 2270 1656 2334 sed

530 2377 688 2443 unitatem
708 2396 744 2443 ac
763 2377 980 2461 pluralitatem
996 2376 1057 2460 ipsi
1074 2370 1232 2453 uendere,
1253 2394 1312 2441 seu
1330 2374 1534 2442 extrinsecus
1554 2377 1658 2440 adve-

531 2484 611 2552 nire.
632 2484 666 2550 ln
684 2484 723 2551 iis
743 2484 830 2549 enim
850 2483 1006 2549 omnibus
1025 2483 1169 2569 loquitur
1193 2484 1234 2549 de
1261 2484 1387 2549 unitate
1413 2502 1448 2548 ac
1468 2484 1657 2567 pluralitate

529 2592 734 2668 individuali,
765 2600 801 2659 ut
819 2611 860 2658 ex
878 2598 1035 2657 contextu
1052 2589 1231 2675 colligitur,
1252 2598 1285 2655 et
1310 2597 1395 2657 recte
1423 2589 1658 2674 interpretatur

530 2698 706 2768 Cardinalis
726 2698 901 2785 Cajetanus
918 2695 982 2787 (7).

598 2807 809 2891 Quamquam
828 2807 1102 2873 dissimulandum
1123 2824 1189 2872 non
1204 2816 1255 2872 est
1275 2824 1360 2889 saepe
1379 2807 1526 2872 amultis
1540 2818 1657 2872 aucto-

338 2906 351 2936 ⁸
377 2907 445 3008 ¹:¹¹2:
459 2907 494 2936 ³¹¹¹
533 2916 621 2984 ribus
641 2915 747 2998 respui
768 2915 937 2980 formalem
958 2915 1134 2989 unitatem,
1157 2933 1232 2998 quae
1250 2923 1362 2980 actua
1385 2922 1474 2997 parte
1499 2914 1542 2978 rei
1563 2932 1657 2998 repe-

356 3049 368 3080 e
408 3035 472 3080 icau-
533 3027 642 3091 riatur.
664 3023 768 3108 Hujus
796 3030 908 3088 tamen
934 3022 1102 3088 dissensus
1126 3041 1163 3088 ea
1191 3030 1242 3088 est
1268 3039 1383 3098 causa,
1404 3022 1494 3104 quod
1518 3023 1655 3087 nomine

532 3133 676 3200 formalis
695 3130 828 3198 unitatis
847 3130 934 3196 aliud
952 3129 1150 3215 intelligant,
1171 3129 1325 3195 nimirum
1343 3131 1393 3195 vel
1406 3130 1564 3195 unitatem
1581 3133 1654 3197 uni-

530 3241 689 3308 versalem
715 3258 794 3304 mox
817 3238 1060 3315 declarandam,
1083 3240 1135 3303 vel
1161 3239 1319 3305 unitatem
1342 3244 1465 3302 naturae
1487 3237 1654 3304 scotistico
1729 3312 1730 3315 Ἴ

533 3349 633 3414 modo
647 3347 843 3431 expositam.
866 3345 993 3431 Duplex
1011 3345 1099 3411 enim
1119 3346 1275 3430 dIstingui
1295 3354 1404 3430 potest
1424 3346 1569 3411 formalis
1582 3348 1655 3413 uni-

532 3465 597 3523 tas:
620 3457 735 3531 altera,
758 3472 814 3539 per
829 3473 930 3538 quam
950 3455 1071 3537 aliquid
1085 3453 1202 3520 dititur
1216 3472 1319 3520 unum
1336 3453 1512 3519 formaliter
1528 3454 1653 3521 habens

533 3561 706 3630 essentiam
721 3560 913 3638 indivisam,
930 3570 962 3626 et
976 3563 1091 3635 altera,
1104 3579 1272 3645 perquam
1285 3560 1405 3644 aliquid
1417 3560 1533 3626 dicitur
1548 3581 1651 3627 unum

533 3668 726 3746 formaliter,
749 3669 858 3735 multis
884 3667 1137 3735 communicabile
1162 3665 1226 3757 (8).
1256 3668 1294 3733 Et
1312 3667 1478 3744 Scotistae,
1502 3671 1654 3752 quemad

535 3863 787 3881 ω

569 3963 609 4026 (ι)
645 3958 723 4016 Vide
739 3956 837 4026 Sum..
853 3955 908 4014 loc.
924 3954 983 4020 cit„
1000 3973 1031 4012 n.
1050 3975 1091 4012 ιι.

569 4055 610 4117 (2)
635 4049 690 4106 'De
702 4048 820 4106 Natura
833 4047 962 4120 generis,
978 4065 1041 4116 cap.
1057 4065 1084 4117 7.
1120 4073 1124 4080 ·

569 4146 610 4213 (3)
647 4137 731 4210 Disp.
745 4136 774 4205 6,
790 4135 969 4210 Metaplrys„
984 4147 1053 4192 sect.
1072 4155 1095 4190 r.
1112 4154 1139 4190 n.
1156 4134 1184 4192 8.

526 4267 527 4272 κ
569 4235 610 4302 (4)
646 4229 717 4286 Ant.
727 4224 821 4284 Rubio
835 4225 938 4300 Lopic.
951 4224 1070 4291 Mesia..
1087 4226 1131 4282 De
1143 4223 1293 4292 Univers„
1303 4235 1407 4295 qumst.
1423 4244 1450 4293 3,
1466 4243 1496 4282 n.
1511 4224 1654 4297 43ςοοω-

535 4333 629 4393 ptum,
645 4317 697 4375 loc.
712 4334 805 4388 nuper
818 4313 917 4373 citato.

570 4408 614 4479 (ς)
649 4406 767 4484 Logia,
781 4403 858 4478 disp.
877 4424 904 4474 3,
919 4415 1066 4475 quaesta.

571 4500 612 4565 (6)
648 4493 722 4568 Cap.
736 4513 765 4569 4.

570 4587 612 4660 (7)
649 4584 815 4644 Commeat.
833 4582 943 4656 Opusc.
958 4582 996 4641 de
1008 4582 1083 4641 Ente
1095 4591 1126 4642 et
1137 4583 1274 4652 essentia,
1285 4581 1426 4657 incapq,
1435 4603 1465 4656 q.
1474 4583 1503 4650 6,
1515 4583 1655 4660 Siquan-

536 4679 572 4736 do
586 4675 734 4751 quaritur.

573 4766 613 4832 (8)
650 4761 712 4825 Csr.
729 4765 763 4823 Ρ.
778 4765 849 4824 Ant.
865 4763 951 4834 Rus,
967 4762 1020 4823 loe.
1035 4762 1085 4822 cit.
