3492 5525
307 508 312 517 ,
434 396 636 505 Annene·
655 433 709 501 De
728 433 938 520 lnoucrronn
1160 448 1220 521 359
1364 514 1368 525 k

132 620 361 707 proprietates.
381 620 508 688 Etenim
526 637 604 687 cum
623 637 740 687 omnes
753 618 834 686 dicis
850 620 1072 703 sensationes,
1093 620 1175 707 quid
1194 638 1261 687 arn·

133 727 221 813 plius
235 728 314 796 dicis
332 746 435 814 quarn
449 728 596 813 singulas
608 727 770 811 complete
789 741 1010 815 enumeratas.
1028 728 1114 797 Sane
1129 736 1259 797 tantum

132 838 222 904 valet
237 840 333 903 totum
349 842 510 919 quantum
530 854 634 901 omnes
652 844 761 919 partes
778 833 876 901 simul
895 843 1059 921 sumptas.

202 943 301 1021 Quod
329 961 407 1009 vero
434 943 667 1027 incompletam
695 942 919 1009 inductionem
955 944 1087 1020 attinet,
1126 952 1163 1011 ut
1193 942 1260 1009 vim
1322 986 1428 1035 ,m
1523 998 1527 1013 .

134 1052 253 1117 habeat
273 1050 507 1127 concludendi,
526 1050 616 1134 prius
642 1044 792 1116 constare
810 1049 910 1117 debet
929 1052 962 1117 in
988 1050 1026 1116 iis
1044 1067 1178 1135 quoque
1196 1050 1262 1117 sin·
1308 1060 1440 1141 immolet

131 1159 319 1247 gularibus,
340 1178 414 1244 quae
432 1155 639 1242 experientiae
657 1158 803 1243 subjecta
814 1177 892 1253 ,non
919 1169 1015 1234 sunt,
1037 1159 1186 1225 eamdem
1214 1177 1263 1224 ra·
1323 1128 1429 1179 ΜΟ·

132 1268 260 1333 tionem
279 1268 407 1353 vigere,
428 1274 464 1330 ut
480 1265 576 1331 'idem
595 1266 637 1331 de
656 1263 734 1349 ipsis
752 1266 957 1342 enuntietur,
979 1267 1069 1350 quod
1087 1265 1261 1333 convenire

134 1374 290 1441 videmus
317 1373 387 1440 aliis
415 1372 622 1457 experientiae
655 1372 809 1459 subjectis
831 1369 901 1461 (1).
932 1372 1031 1449 Qlod
1056 1373 1083 1439 si
1114 1383 1262 1439 constare

136 1481 234 1549 nobis
252 1490 376 1566 potest,
407 1482 486 1547 satis
513 1498 572 1566 per
589 1499 625 1547 se
649 1480 823 1547 innotescit
847 1482 1078 1565 incompletam
1104 1480 1263 1569 indqctio-

136 1610 217 1657 nem
241 1608 311 1656 esse
329 1588 511 1675 legitimam
539 1606 649 1673 posse.
678 1586 771 1653 Tunc
801 1588 888 1653 eninr
917 1588 1062 1655 inductio
1086 1588 1260 1673 ejusmodi,

135 1716 214 1781 quae
232 1696 275 1762 ob
303 1697 468 1763 desectum
496 1695 711 1781 experimenti
730 1696 762 1761 in
782 1695 1167 1793 omnibus'inlerioribus
1189 1697 1262 1763 lacti

137 1806 334 1889 incompleta
356 1812 421 1881 est,
443 1804 542 1869 robur
559 1802 674 1886 accipit
691 1821 732 1867 ex
752 1801 876 1887 ratione
886 1794 965 1881 illa,
982 1822 1057 1886 quae
1072 1803 1262 1889 persuadeat

136 1914 227 1979 idem
250 1911 443 1979 attributum
467 1910 528 1977 illis
552 1929 687 1995 quoque
710 1929 747 1976 ac
772 1909 896 1977 ceteris
914 1912 1101 1979 convenire.
1129 1910 1172 1976 lta
1191 1912 1263 1979 licet

138 2037 249 2103 neque
267 2038 383 2086 omnes
402 2014 494 2103 ignes
512 2018 657 2102 experire
675 2018 784 2102 potui,
806 2028 843 2085 ut
862 2017 1007 2085 viderem
1024 2039 1104 2103 num
1126 2018 1264 2086 combu-

138 2136 230 2203 rant,
252 2145 359 2212 neque
377 2124 488 2191 omnia
501 2144 653 2211 corpora,
676 2134 713 2191 ut
731 2124 833 2191 sciam
848 2135 959 2192 utrum
979 2126 1090 2211 gravia
1104 2127 1170 2193 sint
1190 2146 1264 2193 nec·

138 2251 200 2315 ne;
221 2236 247 2301 si
264 2243 377 2300 tamen
394 2234 473 2300 ratio
489 2232 655 2317 perspicua
671 2233 785 2299 doceat
799 2234 865 2299 vim
888 2216 1101 2301 comburendi
1114 2234 1273 2301 etiamad·

137 2361 258 2409 omnes
271 2342 381 2434 ignes,
398 2360 483 2425 quos
495 2349 649 2425 expertus
662 2359 728 2407 non
738 2340 801 2418 lui,
817 2342 1060 2409 extendendam
1075 2360 1157 2419 esse,
1169 2340 1265 2407 item-

137 2468 206 2533 que
229 2450 421 2535 gravitatem
440 2466 633 2533 corporum;
654 2467 688 2513 re
706 2467 782 2514 vera
796 2448 959 2524 inductio,
985 2448 1199 2532 quantumvis
1216 2450 1265 2515 in·

137 2559 320 2641 completa,
336 2558 526 2642 hujusmodi
539 2567 651 2622 tamen
662 2556 811 2642 praesidio
826 2558 919 2633 tulta,
936 2558 1111 2642 completae
1127 2557 1263 2625 omnino

139 2666 313 2748 aequivalet
332 2665 365 2730 in
384 2664 496 2730 ordine
521 2665 561 2729 ad
581 2663 761 2750 legitimam
780 2664 1024 2731 conclusionem
1045 2664 1262 2731 inserendam.

208 2773 306 2857 Atqui
320 2783 468 2840 constare
488 2773 660 2839 manifeste
678 2781 788 2856 potest
806 2773 956 2839 eamdem
976 2774 1136 2840 rationem
1153 2773 1264 2859 vigere

138 2900 202 2967 pro
221 2881 423 2948 interioribus
441 2881 592 2946 nondum
612 2880 820 2964 experientiae
834 2880 1006 2965 subjectis,
1024 2889 1060 2946 ut
1075 2880 1162 2947 idem
1178 2882 1266 2948 attri-

137 2991 259 3056 butum
279 2990 320 3054 de
340 2989 402 3056 illis
420 2988 625 3071 praedicetur,
647 2988 737 3072 quod
764 2987 836 3054 aliis
854 2989 1030 3054 convenire
1050 2988 1173 3073 experti
1203 2989 1264 3054 sul-

143 3114 236 3192 mus..
256 3096 298 3163 Ut
317 3115 413 3182 porro
432 3097 464 3162 id
482 3105 626 3172 constet,

210 3204 316 3270 Primo
334 3205 550 3271 examinanda
569 3203 725 3289 sagaciter
750 3214 830 3270 sunt
857 3204 944 3269 varia
969 3205 1116 3291 subjecta
1134 3205 1263 3282 similia,

139 3329 283 3396 quorum
303 3313 456 3390 attributa
479 3310 629 3398 specifica
653 3312 706 3376 vel
732 3312 883 3396 generice
907 3330 969 3396 ope
996 3310 1192 3380 inductionis
1218 3313 1267 3378 in-

139 3413 356 3504 vestigantur.
377 3419 411 3485 Si
429 3420 517 3486 enim
537 3438 641 3486 unum
661 3428 792 3489 tantum
817 3438 851 3483 v.
878 3439 913 3504 g.
941 3415 1126 3504 experimur
1150 3418 1267 3498 indivi-

137 3528 263 3602 duum,
296 3527 497 3594 innotescere
529 3527 643 3611 nequit
674 3534 785 3593 utrum
815 3528 1090 3609 phaenomenum,
1118 3527 1206 3612 quod
1232 3527 1265 3593 in

136 3654 183 3701 eo
202 3633 426 3717 deprehendo,
443 3634 484 3700 sit
504 3635 669 3719 peculiaris
688 3634 841 3717 quaedam
862 3634 989 3700 affectio
1009 3634 1110 3712 illius,
1127 3654 1169 3701 an
1188 3655 1266 3702 vero

136 3741 320 3829 proprietas
334 3743 440 3826 aliqua
458 3741 609 3828 specifica
628 3753 764 3808 naturae.
786 3740 900 3825 Neque
919 3741 951 3806 id
971 3741 1107 3819 sufficit,
1128 3743 1185 3808 sed

211 3847 332 3914 Deinde
358 3849 478 3916 variare
497 3858 626 3934 oportet
649 3847 684 3914 in
710 3848 995 3916 observationibus
1016 3857 1116 3933 atque
1142 3850 1267 3934 experi-

137 3956 268 4024 mentis
294 3957 445 4042 adjuncta
478 3958 590 4023 omnia
621 3965 756 4023 externa
788 3957 963 4041 temporis,
992 3957 1054 4024 loci
1088 3975 1266 4040 rerumque

176 4194 221 4254 (ι)
256 4187 329 4248 Nem
344 4197 454 4266 oportet
465 4197 639 4265 supponere,
653 4191 728 4263 quod
741 4196 863 4262 occepta.
872 4189 1042 4248 sr'etomerr'u
1053 4188 1269 4262 puaecorrtirree.

134 4294 193 4340 tur
204 4278 259 4337 sul
272 4279 368 4354 aliquo
379 4268 530 4346 commum}
543 4279 676 4353 ‘celioque're
690 4299 743 4338 nec
752 4279 889 4338 inducens
900 4279 1009 4354 peterit
1017 4298 1055 4336 ex
1064 4278 1269 4354 singularibus

132 4370 272 4443 acceptis
278 4369 447 4432 concludere
453 4371 656 4450 uniuersale...
667 4370 753 4427 Patet
762 4389 842 4444 ergo,
853 4369 927 4442 quod
938 4369 1175 4437 inducens,soctc
1184 4367 1271 4424 indu·

133 4463 249 4528 ctione,
262 4462 335 4532 quod
352 4459 485 4517 Socrates
500 4468 614 4528 currat,
631 4469 659 4516 el
673 4459 761 4516 Plato
775 4467 802 4516 et
816 4459 930 4526 Cicero,
947 4477 1003 4515 non
1016 4464 1111 4530 polest
1122 4477 1159 4514 ex
1172 4475 1272 4513 ueces-

132 4553 231 4611 sitale
245 4549 424 4619 concludere,
448 4550 521 4622 quod
534 4550 625 4606 omnr's
639 4549 720 4606 bomo
735 4557 851 4616 currat,
867 4549 928 4604 nesi
940 4549 1023 4604 rietur
1042 4537 1104 4603 sr'be'
1116 4567 1133 4602 a
1153 4553 1271 4617 respon-

132 4645 240 4708 dente,
253 4640 325 4712 quod
333 4639 504 4696 urbitalia
512 4641 694 4696 contineatur
702 4639 757 4696 sub
772 4639 899 4705 bomine,
912 4656 996 4710 quarn
1010 4636 1070 4694 islo
1078 4655 1140 4708 quoe
1153 4635 1271 4690 inducta

132 4739 224 4793 sunt.
242 4725 275 4786 S.
290 4725 407 4798 Titum,
424 4729 474 4786 lib.
490 4749 506 4786 a
521 4729 636 4788 Porter.
651 4728 838 4802 Auclute‘cor.
854 4728 921 4784 leet.
936 4745 966 4797 4.
