3492 5525
474 515 596 580 Anno.
620 529 679 577 ru·
699 511 880 582 Dcrturrro
1142 538 1199 603 ²¹3

178 699 276 765 Hunc
293 696 472 766 deliniendi
489 698 628 766 modum
643 699 779 784 pulchro
790 700 933 768 declarat
947 704 1098 789 exemplo
1116 711 1242 770 statua-

110 807 148 872 rii
167 808 311 892 Magnus
337 805 560 892 Augustinus,
583 808 636 872 vel
652 805 853 895 quicumque
870 808 913 875 sit
933 818 1045 877 auctor
1059 809 1130 877 libri
1152 811 1243 878 Cale·
1363 811 1366 818 “

105 915 290 998 gorniacum,
311 915 368 998 qui
394 914 437 981 ab
459 915 545 980 illius
568 914 702 980 nomine
728 914 928 985 inscribitur:
949 917 995 983 Ut
1014 919 1056 1002 ii,
1077 919 1135 1004 qui
1150 919 1242 1002 signa

100 1024 267 1107 formant,
282 1023 424 1105 pdmum
441 1023 628 1088 immensum
644 1023 844 1107 subdelcgunt
857 1026 1009 1107 lapidem,
1028 1027 1140 1092 debinc
1160 1033 1242 1108 pau·

108 1131 203 1196 latim
219 1130 390 1196 minuendo
406 1133 437 1195 el
452 1129 663 1196 abscindendo
681 1133 855 1217 supenlua,
875 1135 920 1198 ad
928 1121 1119 1218 formandos
1136 1135 1242 1199 unlus

108 1241 144 1304 el
164 1238 302 1304 manha
321 1238 594 1320 pervenientem
617 1238 758 1324 definitio
774 1256 921 1323 agentern
939 1240 1090 1323 incipiens
1112 1243 1241 1322 depulsa

103 1347 265 1428 paulatim
276 1345 478 1430 generalitate
496 1345 678 1423 uerborum,
695 1348 740 1411 ud
749 1347 915 1429 proprium
929 1349 1179 1414 dentonslrande
1193 1347 1243 1413 cci

111 1454 215 1518 cubile
234 1453 336 1518 tendit
348 1455 497 1519 accedere
517 1449 581 1541 (t).
704 1479 710 1495 ¹
1280 1481 1283 1488 ¹

156 1563 214 1627 80.
261 1560 424 1645 Opposita
440 1559 493 1626 via
516 1562 702 1646 proceditur
726 1560 759 1626 in
784 1562 948 1634 methodo
962 1562 1161 1629 definitionis
1184 1583 1241 1629 ve-
1267 1608 1440 1650 ,mmm

110 1669 232 1734 nanda
256 1688 314 1752 per
334 1687 496 1734 ascensum
519 1670 571 1735 vel
600 1671 826 1747 collectionem,
855 1670 1010 1738 nimirum
1034 1671 1240 1738 observando

110 1775 226 1842 omnia
243 1777 419 1862 singularia
432 1775 565 1852 similia,
582 1777 703 1861 quibus
715 1776 802 1843 idem
819 1795 941 1844 nomen
957 1777 1124 1854 tribuitur,
1146 1786 1179 1842 et
1193 1779 1241 1842 di-

111 1887 253 1970 ligenter
276 1884 514 1951 considerando
532 1894 564 1951 et
583 1885 770 1969 indagando
785 1884 958 1961 rationem,
974 1904 1050 1970 quac
1068 1885 1131 1952 sub
1149 1904 1241 1951 corn-

111 1993 207 2058 muni
224 1992 359 2058 nomine
377 1993 410 2058 in
426 1991 582 2059 omnibus
595 1992 657 2059 illis
671 1992 883 2076 significatur.
902 1993 936 2060 Si
955 2012 1030 2077 quae
1044 1993 1132 2060 enim
1148 1993 1239 2059 notio

111 2100 304 2186 reperiatur,
316 2119 390 2185 quae
405 2110 478 2166 tum
489 2101 664 2166 conveniat
674 2099 831 2166 omnibus
840 2101 914 2176 illis,
928 2112 1001 2168 tum
1014 2101 1111 2166 etiam
1124 2102 1238 2166 eadem

110 2221 262 2276 secernat
288 2228 306 2274 a
334 2209 466 2293 reliquis
490 2208 646 2274 omnibus
671 2209 786 2286 rebus,
810 2207 864 2273 illa
889 2207 1054 2274 exhibebit
1079 2207 1238 2274 rationem

110 2317 298 2402 specificam
316 2335 353 2382 ac
372 2316 506 2400 proinde
524 2314 698 2399 quaesitam
717 2315 957 2398 definitionem.
976 2315 1008 2382 Si
1028 2334 1105 2382 vero
1124 2315 1241 2382 indivi-

109 2427 177 2491 dua
196 2425 250 2489 illa
267 2443 334 2489 non
349 2424 544 2490 conveniant
558 2423 591 2488 in
604 2423 710 2506 aliqua
725 2423 888 2510 ejusmodi
903 2423 1039 2499 ratione,
1060 2422 1239 2490 videndum

109 2533 189 2608 erit,
212 2550 295 2598 num
313 2533 355 2599 sit
369 2533 485 2598 saltem
500 2532 607 2615 aliqua
622 2532 769 2616 superior
783 2531 879 2606 ratio,
895 2550 969 2615 quae
983 2529 1148 2597 omnibus·
1158 2530 1241 2615 pari-

109 2655 160 2706 ter
174 2639 254 2706 insit
292 2641 365 2706 licet
380 2659 446 2705 non
461 2639 505 2705 sit
519 2659 632 2705 eorum
648 2639 881 2706 tantummodo
896 2639 1041 2724 propria,
1058 2638 1117 2706 sed
1135 2639 1240 2704 adhuc
1266 2659 1286 2730 p

109 2750 212 2816 etiam
239 2747 309 2815 aliis
335 2748 549 2847 communisj’
563 2745 663 2825 Qud
690 2748 717 2813 si
747 2748 923 2832 reperiatur
946 2746 1054 2831 aliqua
1078 2746 1239 2832 ejusmodi
1271 2764 1278 2778 ·

110 2860 207 2934 ratio,
219 2857 271 2922 illa
286 2856 444 2941 exprimet
458 2855 640 2950 generr’cam
657 2856 824 2921 notionem
837 2855 967 2922 illorum
981 2854 1237 2931 individuorum,
1277 2926 1281 2931 ,

108 2966 252 3049 ideoque
269 2964 404 3049 signum
423 2965 500 3041 erit,
521 2965 612 3049 quod
632 2965 685 3029 illa
698 2971 848 3049 spectent
875 2964 916 3029 ad
935 2963 1079 3029 diversas
1099 2964 1236 3048 species:
1268 2946 1292 2971 ‘⁴'
1315 2976 1318 2987 ¹

110 3084 291 3159 postquam
316 3081 427 3138 autern
446 3071 491 3137 ita
515 3046 641 3156 reperta
665 3072 761 3139 luerit
779 3071 930 3156 generica
950 3070 1047 3147 ratio,
1071 3071 1159 3137 haud
1180 3071 1241 3136 erit

109 3181 245 3249 difficile
263 3182 426 3264 complere
445 3179 687 3257 definitionem,
708 3178 955 3263 investigando,
981 3198 1037 3265 per
1062 3178 1141 3263 quid
1157 3179 1241 3246 inter

109 3311 146 3357 se
164 3288 352 3373 discrepent
369 3290 431 3354 illae
448 3290 590 3373 species,
610 3306 686 3371 quae
705 3289 738 3354 in
752 3286 807 3355 tali
827 3306 947 3372 genere
963 3306 1000 3352 ac
1021 3286 1144 3353 ratione
1163 3305 1241 3353 con·

109 3399 266 3465 veniunt.
291 3394 438 3481 Denique
456 3398 484 3463 si
504 3398 592 3462 nulla
611 3396 655 3462 sit
679 3396 761 3461 ratio
785 3394 972 3461 communis
997 3393 1153 3460 omnibus
1179 3394 1241 3460 illis

109 3506 290 3574 individuis
322 3506 538 3581 conveniens,
567 3522 709 3588 quorum
743 3502 927 3587 specificam
955 3512 1104 3568 naturam
1136 3500 1242 3585 inqui-

110 3617 234 3691 rimus,
260 3613 392 3699 signum
412 3627 462 3680 est
487 3613 539 3679 illa
562 3630 634 3678 esse
660 3613 813 3696 analoga;
839 3630 876 3676 ac
901 3609 1035 3693 proinde
1052 3609 1239 3695 singillatim

109 3722 301 3789 definienda
314 3730 393 3788 sunt
405 3718 469 3808 (2).

181 3830 380 3915 Exemplum
406 3830 499 3894 affert
524 3828 741 3911 Philosophus
762 3823 814 3915 (3)
831 3822 880 3913 [ad
906 3844 974 3891 rem
1000 3825 1240 3902 declarandam,

110 3940 204 4025 quod
230 3939 277 4005 ita
301 3938 466 4022 eleganter
491 3934 626 4022 exponit
652 3934 819 4022 sylvester
836 3934 986 4001 Maurus:
1015 3930 1240 4009 «Quaerimus,

110 4048 193 4132 quid
209 4046 253 4113 sit
268 4044 540 4131 magnanimitas?
554 4045 597 4111 Ut
616 4060 776 4109 venemur
790 4041 1014 4109 definitionem
1028 4042 1242 4127 magnanimi·

110 4156 210 4231 tatis,
226 4153 433 4219 considerare
448 4151 609 4217 debemus
623 4150 776 4217 homines
790 4150 988 4234 singulares,
1006 4149 1062 4233 qui
1076 4148 1152 4215 dieti
1167 4157 1245 4214 sunt

114 4262 336 4348 magnanimi.
357 4259 555 4327 Dividuntur
573 4260 626 4325 isti
645 4258 678 4325 in
701 4260 785 4324 duas
806 4258 942 4325 classes:
964 4256 996 4323 in
1022 4257 1125 4341 prima
1144 4258 1245 4324 classe

1321 2870 1488 2979 „wm-
1510 2904 1558 2964 e

147 4557 194 4621 (1)
234 4548 271 4609 S.
286 4554 363 4623 Aug.
380 4549 533 4625 Cetegor„
545 4568 609 4620 cap.
621 4546 650 4604 6.

147 4651 191 4710 (2)
231 4639 311 4698 Vide
319 4638 411 4699 Arist.
427 4639 477 4698 lib.
489 4650 531 4697 a!
544 4638 716 4707 Posterior.,
732 4636 804 4709 Cap.
824 4636 873 4706 16,
890 4649 959 4695 text.
974 4656 1026 4705 223
1041 4651 1071 4696 et
1088 4636 1122 4696 S.
1134 4636 1190 4697 Th.
1207 4637 1246 4697 ib.
1273 4664 1276 4673 ·

112 4737 178 4795 lect.
196 4734 231 4791 16
246 4728 343 4790 initio.

147 4826 193 4896 (3)
233 4820 309 4880 ibid.
