3492 5525
297 464 415 540 Anne,-
430 477 489 546 μ’
502 461 553 526 Dc
568 461 712 527 Srutoo.
729 479 873 528 sortiter.
891 477 958 527 sau
974 477 1143 533 sabucus
1188 478 1245 543 393

228 631 625 744 liadaciacmaequcntis
634 645 780 712 consistit
790 646 824 714 in
834 646 988 729 eoquod
996 645 1288 728 antecedenserua·

159 764 216 819 tur
233 773 273 820 ex
290 752 520 838 consequenti.
541 763 598 821 aut
616 753 805 838 oppositum
826 754 1060 838 consequentis
1078 773 1120 818 ex
1134 750 1286 836 opposito

160 863 400 939 antecedentis,
420 871 532 928 contra
560 881 659 945 quam
689 863 913 946 praescriptum
932 861 993 928 suit
1021 859 1063 927 de
1086 859 1287 947 syllogismis

159 967 445 1037 conditionalibus.
466 969 509 1036 Ut
522 969 548 1034 si
564 969 607 1034 ita
625 969 817 1034 concludas:
835 969 950 1035 Petrus
962 969 993 1034 si
1004 972 1052 1034 est
1063 967 1288 1034 homousiani-

160 1078 238 1144 mai.
258 1076 359 1161 Atqui
372 1079 419 1142 est
429 1076 560 1142 animai.
576 1076 655 1160 Ergo
667 1081 713 1144 esi
725 1077 830 1155 borno,
847 1078 917 1142 vel:
933 1077 1034 1162 Atqui
1050 1095 1114 1142 nou
1126 1079 1174 1140 esi
1185 1075 1282 1141 bonu.

160 1185 241 1267 Ergo
257 1204 320 1251 non
337 1187 386 1249 est
399 1185 532 1250 animal.
823 1207 825 1212 ·

229 1298 376 1360 Fallacia
390 1315 458 1360 non
473 1313 589 1360 causae
604 1305 643 1359 ut
653 1286 771 1360 ca'usae
785 1299 835 1357 est
850 1290 971 1357 fallacia
985 1291 1169 1358 consistens
1183 1291 1216 1355 in
1231 1307 1283 1365 co,

1360 654 1449 702 fallacia

1318 728 1482 786 consequentia·

160 1400 252 1482 quod
270 1400 450 1466 absurditas
480 1399 694 1466 conclusionis
718 1398 919 1465 adscribatur
936 1399 1029 1465 alicui
1058 1397 1284 1483 propositioni,
1338 1386 1466 1488 ¹¹:⁰3⁰·ss

160 1507 253 1590 quasi
274 1527 314 1574 ex
342 1527 379 1573 ea
405 1507 574 1592 procedat,
593 1525 633 1573 ex
652 1525 718 1590 qua
734 1516 849 1572 tamen
877 1526 910 1572 re
940 1526 1017 1572 vera
1038 1525 1105 1572 non
1127 1506 1284 1592 procedit.

161 1613 207 1680 Ut
224 1613 252 1679 si
269 1615 342 1698 quis
370 1615 590 1698 eloquentiam
623 1615 802 1680 tollendam
821 1614 861 1680 de
887 1613 999 1680 medio
1013 1633 1088 1680 esse
1107 1615 1227 1700 probet
1246 1633 1287 1682 ex

161 1740 220 1798 eo,
242 1723 330 1804 quod
349 1722 499 1792 homines
511 1722 570 1787 illa
589 1722 719 1807 praediti
732 1723 836 1788 multa
856 1721 1084 1806 persuadeant.

214 1828 329 1894 *el-laec
344 1839 456 1896 tamen
472 1847 641 1913 nunquam
652 1831 791 1896 lormam
807 1828 1100 1914 argumentationis
1111 1831 1284 1915 accipiunt,

160 1935 225 2002 nisi
238 1955 314 2002 cum
332 1936 490 2022 sophista,
504 1955 545 2004 ex
561 1937 760 2021 quibusdam
779 1937 955 2012 concessis,
976 1937 1067 2003 ducit
1085 1939 1287 2022 responden·

159 2055 231 2110 tem
251 2045 291 2109 ad
318 2043 458 2128 aliquid,
480 2046 569 2128 quod
587 2051 698 2130 aperte
723 2043 972 2111 incommodum
1002 2053 1058 2110 aut
1078 2046 1197 2111 salsum
1220 2057 1284 2124 est,

160 2171 205 2218 cx
229 2154 321 2238 cujus
356 2153 526 2218 eversione
553 2152 732 2237 regreditur
760 2152 801 2218 ad
828 2152 1044 2219 evertendum
1072 2151 1216 2237 aliquam
1245 2173 1286 2220 ex

158 2259 418 2344 sumptionibus,
436 2268 472 2326 ut
486 2279 618 2335 causam
634 2259 783 2327 absurdae
797 2267 854 2324 aut
866 2261 954 2325 lalsae
968 2260 1198 2338 conclusionis,
1212 2280 1287 2345 quae

159 2376 274 2432 tamen
312 2386 423 2434 revera
440 2386 538 2434 causa
571 2387 637 2434 non
670 2377 732 2434 est.
770 2367 968 2450 Exemplum
993 2369 1216 2452 sophismatis:
1249 2370 1289 2435 Si

159 2477 286 2540 nullum
304 2464 421 2558 tempus
431 2480 524 2551 esset,
541 2494 605 2540 nox
617 2494 680 2540 non
704 2477 792 2540 esset.
812 2474 851 2540 Si
860 2493 926 2540 nox
944 2493 1007 2540 uon
1020 2481 1115 2552 esset,
1131 2477 1198 2541 dies
1211 2479 1289 2542 esset

158 2581 202 2648 Si
216 2582 283 2648 dr'es
313 2587 407 2658 esset,
426 2583 556 2668 aliquod
586 2587 703 2665 tempus
728 2601 816 2650 essu.
848 2582 944 2666 Igitur
974 2583 1005 2647 si
1028 2584 1151 2671 nulium
1169 2588 1286 2666 temptes

157 2694 254 2767 esset,
274 2690 403 2776 aliquod
420 2693 535 2773 tempus
561 2694 650 2757 esset.
670 2690 737 2755 Hoc
760 2694 864 2755 aulem
889 2708 952 2754 non
978 2692 1068 2755 modo
1086 2690 1210 2775 salarum
1227 2696 1283 2769 est,

155 2800 218 2865 scd
229 2798 320 2864 ctrbm
341 2798 611 2865 absurdissimum.
632 2798 728 2882 igitur
749 2798 856 2881 prima
878 2797 936 2863 illa
950 2798 1132 2881 propositio.
1159 2800 1197 2865 Si
1214 2802 1286 2866 uul-

157 2910 357 2993 lunilempus
374 2908 467 2982 esset,
486 2926 550 2972 nox
568 2925 631 2971 non
654 2908 746 2982 esset,
768 2908 817 2971 est
827 2906 918 2989 jabu
944 2908 976 2971 et
999 2906 1149 2972 absurda.
1170 2906 1287 2990 Perpe-

159 3032 231 3080 ram
242 3012 362 3099 colligit
381 3013 552 3098 sophista,
566 3012 726 3096 quiacum
744 3030 810 3079 non
830 3012 934 3096 prima
947 3013 1143 3096 propositio,
1158 3010 1217 3079 sed
1235 3033 1287 3080 se-

156 3120 268 3187 cunda
287 3120 330 3187 sit
338 3139 436 3187 causa
449 3120 598 3187 absurdae
610 3118 840 3196 conclusionis,
853 3138 920 3185 non
934 3118 1048 3185 debuit
1055 3120 1108 3185 ille
1118 3120 1283 3207 colligere,

157 3229 300 3314 primam
320 3246 393 3295 esse
412 3229 543 3304 falsam,
563 3228 621 3293 sed
643 3228 836 3294 secundam.
857 3226 989 3292 Falsum
1010 3226 1151 3292 enimet
1173 3228 1287 3297 absur-

158 3338 243 3403 dum
255 3345 303 3402 est
314 3336 433 3413 dicere,
450 3336 480 3401 si
491 3354 555 3401 nox
568 3337 693 3411 nonsit,
704 3335 787 3400 diem
797 3353 875 3410 osse,
890 3333 950 3400 nisi
967 3352 1007 3399 ex
1022 3335 1211 3421 hypothesi,
1224 3338 1285 3402 hoc

156 3453 229 3521 est,
249 3444 356 3527 posito
383 3452 593 3510 motuterrae
620 3444 704 3509 circa
736 3442 854 3533 solem.
884 3440 1056 3524 Siquidem
1074 3454 1150 3507 ante
1169 3443 1284 3509 mundi

156 3551 430 3619 constitutionem
446 3568 506 3617 nec
525 3569 591 3618 nox
606 3558 674 3615 erat
693 3569 752 3615 nec
770 3550 865 3616 diesu
885 3546 950 3637 (r).

229 3657 313 3725 Cum
347 3677 425 3724 vero
443 3658 566 3724 fallacia
599 3659 666 3724 haec
693 3656 864 3723 adhibetur
887 3656 929 3721 ad
965 3656 1172 3722 attribuenda
1202 3660 1286 3725 iacta

157 3768 314 3852 quaedam
335 3754 443 3833 causis
460 3784 525 3831 non
545 3765 647 3842 veris,
664 3763 898 3831 committitur:
918 3763 951 3849 α)
973 3760 1175 3847 quandoid,
1195 3768 1286 3849 quod

157 3878 283 3943 lactum
310 3873 499 3959 simpliciter
528 3872 680 3957 praecedit
702 3880 759 3938 aut
776 3871 967 3949 comitatur,
999 3871 1185 3958 assignatur
1201 3882 1286 3940 tam·

156 4000 263 4069 quam
277 3982 362 4049 illius
381 3998 490 4049 causa:
511 3982 578 4047 Hoc
591 3984 666 4063 post
680 3980 746 4049 boc.
763 3978 845 4063 Ergo
857 3979 914 4044 boc
925 3982 1054 4062 propter
1066 3980 1140 4046 boc:
1154 3977 1191 4069 β)
1206 4000 1284 4048 cum

155 4092 211 4166 id,
233 4091 322 4174 quod
341 4110 418 4157 vera
436 4089 560 4155 occasio
580 4098 647 4165 est,
667 4086 821 4153 asseritur
838 4103 947 4153 causa.
964 4085 1015 4153 Sic
1033 4087 1167 4171 quidam
1187 4090 1286 4155 virtu-

156 4212 231 4267 tem
268 4199 418 4273 damnat,
439 4198 516 4281 quia
538 4196 612 4263 odia
643 4204 675 4261 et
707 4194 937 4261 insectationes
969 4194 1106 4261 excitat:
1136 4194 1175 4287 γ)
1205 4214 1283 4263 cum

156 4324 253 4375 mera
269 4306 412 4373 conditio
438 4307 480 4371 ad
498 4306 635 4371 enectus
662 4303 857 4388 positionem
878 4301 1049 4385 requisita,
1073 4320 1173 4369 causa
1198 4304 1285 4388 ejus-

153 4418 239 4485 dem
255 4422 444 4499 reputatur,
465 4422 502 4481 ut
525 4413 552 4481 si
575 4414 750 4478 fenestram
765 4411 845 4477 velis
871 4428 945 4477 esse
966 4428 1116 4487 causam,
1145 4428 1205 4477 cur
1221 4411 1285 4479 hoc

157 4590 417 4607 μ--ι

194 4664 238 4737 (ι)
275 4664 416 4735 Fonaeca,
431 4665 503 4723 lust.
517 4662 636 4733 diolco,
651 4660 701 4719 lib.
724 4660 754 4731 8,
766 4680 830 4732 cap.
847 4676 891 4733 ις.
908 4657 973 4720 Cir.
987 4657 1147 4731 S.,.Th0m.
1171 4658 1282 4733 Opuec.

152 4758 211 4820 cit.
226 4774 289 4828 cap.
304 4773 346 4828 η.
