3492 5525
256 461 374 523 Anne.
391 456 450 523 aa·
465 459 589 523 Urnun
603 478 690 524 cura.
706 478 827 525 aaron.
845 479 899 525 sm
912 469 944 523 nt
958 478 1101 525 auctore.
1146 471 1201 541 545

118 640 305 717 undenam,
335 658 465 724 quaeso,
494 649 582 707 certo
606 640 868 725 cognoscuntur?
890 642 938 709 iix
956 640 1155 709 revelatione
1174 640 1244 724 ipsa

120 765 202 813 non.
222 748 306 831 Ergo
331 747 474 814 aliunde.
495 746 595 814 Secus
613 768 694 815 usus
713 748 920 816 revelationis
946 748 1156 835 impossibilis
1178 755 1241 825 est,

119 862 155 921 et
169 854 251 921 tides
269 854 339 938 ipsa
357 855 467 923 divina
481 856 591 922 locum
611 856 730 921 habere
754 858 868 941 nequit
886 854 951 945 (1).
972 855 1066 923 Unde
1083 854 1243 923 sententia

121 963 210 1038 haec,
230 962 309 1027 dum
329 961 404 1029 fidei
423 961 542 1031 divinae
557 971 726 1048 tantopere
745 964 867 1029 deterre
888 966 919 1030 in
939 962 1082 1049 speciem
1101 962 1242 1036 videtur,

120 1070 228 1153 ipsam
246 1089 356 1135 revera
375 1068 522 1154 perimit,
539 1071 600 1137 nisi
618 1088 731 1137 secum
750 1089 897 1156 pugnare
915 1072 1005 1139 velit.

168 1181 270 1243 Prob.
291 1186 339 1245 3.⁰
383 1177 506 1260 Nequit
522 1196 595 1243 esse
613 1180 763 1265 generale
787 1179 931 1245 veritatis
949 1178 1128 1255 criterium,
1153 1178 1244 1263 quod
1322 1179 1324 1184 ’

120 1285 228 1350 solam
249 1284 391 1368 praebere
410 1284 510 1351 iidem
537 1294 657 1370 potest.
676 1286 759 1352 Nam
780 1294 897 1372 praeter
915 1286 1016 1352 tidem
1039 1286 1132 1352 adest
1153 1285 1246 1352 certi«

120 1390 205 1457 tudo
231 1392 494 1476 experimentalis
524 1402 557 1459 et
586 1394 775 1463 scientifica.
811 1393 914 1478 Atqui
946 1394 1055 1461 divina
1091 1391 1244 1461 revelatio

122 1498 238 1581 nequit
255 1499 391 1586 gignere
412 1499 472 1565 nisi
491 1499 605 1570 tidem.
626 1500 752 1588 Ergo...

169 1612 339 1692 1310114.ο
385 1606 532 1690 Denique
547 1608 707 1677 sententia
729 1610 798 1674 haec
811 1588 1003 1678 contradicit
1021 1608 1244 1676 ecclesiasticis

120 1714 348 1793 documentis,
380 1698 454 1798 quae
482 1717 634 1781 humanae
661 1716 775 1784 rationi
810 1717 953 1801 plurium
981 1736 1089 1783 rerum
1120 1727 1242 1783 certam

122 1821 380 1905 independenter
398 1824 627 1890 arevelatione
644 1824 866 1911 cognitionem
887 1837 1049 1893 asserunt.

192 1930 278 1995 Audi
303 1929 449 1997 Vaticani
478 1931 612 1997 Concilii
630 1933 841 1998 sententiam:
865 1935 981 2001 Eadem
1005 1937 1115 1999 saneta
1141 1917 1246 1999 Mater

123 2036 260 2103 Ecclesia
280 2041 362 2103 tenet
374 2058 412 2104 ac
428 2041 647 2116 dextrarum
664 2040 802 2107 omnium
814 2041 1008 2124 principium
1020 2042 1167 2128 etfinem,
1186 2060 1245 2107 na-

123 2144 225 2210 tarali
250 2146 393 2211 humanae
421 2148 553 2215 rationis
582 2148 699 2213 lumine
716 2167 733 2213 e
750 2150 841 2214 rebus
862 2149 977 2214 creatis
1001 2154 1084 2215 certo
1107 2148 1247 2231 cognosci

118 2246 252 2334 posse...
269 2251 333 2341 (2).

193 2360 246 2426 Et:
268 2361 314 2428 ‘Si
334 2360 404 2446 quis
428 2361 547 2427 dixerit
570 2364 673 2429 Deam
698 2382 796 2429 unum
822 2367 853 2429 el
867 2382 989 2440 uerum,
1015 2364 1192 2429 Creatorem
1218 2367 1250 2428 et

124 2468 296 2534 Dominam
312 2474 454 2535 nostrum
463 2477 522 2551 per
533 2487 582 2544 ea,
602 2471 772 2555 quaefacta
784 2477 875 2547 sunt,
895 2471 1037 2537 naturali
1046 2471 1246 2537 rationisdu·

124 2594 228 2642 mance
246 2576 363 2642 lumine
375 2582 459 2643 certo
476 2578 615 2660 cognosci
627 2596 690 2643 aon
699 2586 802 2659 possa·
816 2579 992 2645 Anatlrema
1009 2579 1052 2645 sit
1071 2576 1134 2666 (3).

194 2683 286 2749 Adde
304 2687 362 2751 has
382 2685 621 2770 propositiones
642 2684 825 2762 Bautainio,
845 2687 1098 2772 argentoratensi
1112 2685 1250 2774 Presby-

123 2802 195 2858 tero
225 2812 262 2856 ac
284 2793 475 2876 professori,
501 2793 750 2860 subscribendas
778 2794 923 2862 oblatas:
959 2794 1008 2859 1.“ι
1040 2794 1249 2862 Ratiocinatio

125 2899 191 2964 Dei
214 2900 412 2966 existentiam
437 2919 507 2966 cam
529 2902 715 2968 certitudine
741 2903 876 2984 protare
897 2904 993 2969 aaut.
1022 2901 1114 2969 Fides
1130 2905 1249 2968 donum

124 3010 258 3086 caasa,
274 3009 428 3090 posterior
445 3012 494 3074 est
507 3011 694 3076 revelatione
699 3029 714 3090 ,·
722 3010 915 3094 proindeque
925 3010 1173 3092 adprobandum
1186 3010 1249 3075 Dei

124 3114 322 3182 extentum
352 3119 462 3182 contra
492 3117 614 3182 atheum
632 3116 769 3201 allegari
795 3117 1014 3183 consentienter
1044 3117 1155 3202 nequit
1181 3114 1246 3205 (4).

130 3229 180 3308 5.*
195 3223 338 3291 Rationis
354 3224 535 3310 ususfidem
544 3224 710 3306 precedit,
735 3227 827 3290 etad
847 3243 915 3290 eam
934 3231 989 3307 ope
1005 3225 1204 3290 revelationis
1220 3227 1253 3290 et
1358 3211 1362 3216 ⁸

120 3331 236 3413 gratia
252 3330 399 3396 conducit
412 3329 476 3418 (5).
496 3328 549 3400 6.⁸
566 3331 661 3400 Ratio
678 3349 748 3398 erem
773 3333 958 3402 certitudine
986 3331 1250 3399 authenticitatem

124 3438 337 3515 revelationis,
348 3439 472 3522 Judaa's
486 3447 545 3522 per
557 3442 704 3522 Moysen,
720 3443 754 3506 et
769 3439 961 3507 Christianis
971 3447 1030 3522 per
1032 3440 1142 3522 jesum
1157 3439 1251 3506 Cini-

125 3549 210 3612 stram
219 3545 333 3630 faeta,
348 3547 482 3629 prodere
495 3544 609 3636 ualet(
635 3544 660 3636 ).

164 3855 205 3920 (1)
242 3849 306 3910 cfr.
322 3850 355 3910 S.
372 3849 460 3909 Basil.
477 3850 570 3922 Epist.
585 3870 632 3925 ¹35
645 3851 682 3918 (al
694 3856 800 3924 4ο1)11.
816 3873 839 3914 1,
855 3851 971 3926 infide,
987 3873 1049 3927 quae
1062 3853 1143 3911 circa
1155 3853 1250 3912 Deum

127 3951 276 4011 uersatur,
297 3942 384 4016 praeit
406 3941 463 3998 ilia
482 3941 625 4016 cognitio,
653 3943 743 4000 Deum
758 3961 835 4009 esse;
850 3942 927 3999 dane
945 3952 1040 3999 autem
1055 3941 1092 4002 ex
1106 3945 1251 4000 creaturis

128 4029 304 4107 colligimus
319 4030 514 4104 Sapientiam,
530 4051 651 4104 namque
665 4032 875 4106 etpotentiam,
888 4041 915 4089 et
925 4033 1094 4102 bonitatem,
1110 4041 1138 4090 et
1152 4034 1251 4090 omnia

128 4122 193 4196 ejus
204 4122 370 4178 inuisibilia
384 4141 421 4178 ex
441 4121 544 4177 mundi
563 4122 710 4178 creatione
723 4121 936 4195 intelligentes,
951 4123 996 4180 sr'c
1012 4125 1250 4199 cognoscimus...

129 4211 333 4285 Cognitionem
345 4209 521 4283 istamfides
532 4211 671 4283 sequitur.

166 4305 208 4366 (a)
246 4298 358 4358 Concil.
374 4298 507 4360 Vatican.
524 4299 628 4358 Const.
644 4299 774 4373 dogmat.
785 4301 829 4359 De
843 4302 913 4361 Fide
924 4301 1055 4372 certat,
1074 4322 1138 4376 cap.
1152 4323 1180 4360 a.

166 4393 207 4462 (3)
245 4389 326 4448 ibid..
337 4411 406 4448 eam·
422 4411 445 4459 1,
460 4391 504 4448 De
519 4390 723 4449 Revelate'one.

166 4483 207 4552 (4)
243 4479 331 4552 Apud
367 4479 534 4552 Denzingcr
567 4481 759 4538 Enciairidiou
798 4482 999 4556 Symboiorum
1034 4498 1064 4543 et
1096 4481 1253 4558 Definitio·

129 4589 199 4628 num
212 4581 278 4639 etc.,
296 4569 375 4642 1488.

167 4664 207 4732 (5)
245 4657 412 4734 Denzinger
426 4660 465 4720 ib.
482 4679 513 4720 n.
532 4655 609 4734 14'92.

165 4750 209 4822 (6)
246 4748 433 4824 lb.n.1493.
