3492 5525
531 460 551 523 8
931 424 1155 522 lmmoooerro

488 642 638 709 omnium
656 640 955 721 universalissimae,
975 641 1222 727 simplicissimae
1242 661 1279 709 ac
1293 643 1437 709 maxime
1455 642 1607 707 immate-

488 753 591 818 riales.
621 751 706 817 Nihil
733 751 831 836 igitur
858 750 998 829 mirum,
1021 750 1048 818 si
1063 750 1267 835 Philosophia
1286 749 1374 834 apud
1398 750 1548 816 homines
1572 751 1605 816 in

488 858 633 925 maximo
642 875 775 943 semper
790 860 915 924 honore
928 858 1038 924 habita
1050 859 1108 934 sit,
1120 878 1157 925 ac
1167 866 1339 942 tamquam
1355 856 1481 942 Regina
1489 859 1606 924 huma-

488 958 603 1033 narum
624 966 775 1032 omnium
791 967 1000 1033 scientiarum
1022 975 1181 1051 reputata.

553 1073 680 1141 Utilitas
707 1091 841 1157 quoque
870 1073 1089 1158 Philosophiae
1121 1091 1254 1139 summa
1281 1084 1349 1156 est3
1379 1074 1504 1158 primo,
1530 1074 1607 1156 quia

484 1181 609 1247 caeteris
625 1181 780 1247 omnibus
795 1181 939 1247 scientiis
954 1200 1014 1247 sua
1028 1181 1214 1265 suppeditat
1235 1180 1403 1265 principia.
1417 1180 1502 1245 Cum
1517 1180 1603 1245 enim

485 1307 657 1372 supremas
681 1308 788 1355 rerum
812 1288 964 1354 omnium
991 1290 1132 1354 rationes
1158 1307 1337 1372 causasque
1361 1297 1519 1364 sectetur,
1549 1305 1605 1353 ne-

379 1467 383 1480 ,
484 1414 576 1463 cesse
605 1406 654 1461 est
675 1404 711 1461 ut
735 1396 880 1463 seientiae
906 1398 992 1474 aliae,
1009 1414 1084 1479 quae
1103 1403 1194 1461 extra
1209 1395 1425 1480 Philosophiae
1443 1394 1603 1460 ambitum

484 1511 658 1588 vagantur,
675 1503 716 1569 ab
740 1505 800 1568 hac
834 1522 892 1569 sua
921 1501 1075 1587 principia
1099 1514 1132 1569 et
1159 1501 1369 1568 fundamenta
1397 1510 1602 1568 mutuentur.

485 1610 570 1676 Sane
585 1612 711 1693 quaevis
726 1610 857 1676 scientia
873 1609 991 1675 versari
1006 1609 1104 1674 debet
1122 1608 1204 1675 circa
1219 1609 1349 1692 aliquod
1368 1610 1534 1694 objectum
1548 1616 1604 1673 aut

484 1717 632 1784 divinum
657 1730 712 1785 aut
735 1726 894 1783 creatum.
923 1717 1007 1782 Cum
1029 1716 1130 1801 igitur
1152 1717 1192 1781 ad
1216 1715 1456 1801 Philosophiam
1479 1724 1605 1800 spectet

484 1843 591 1891 rerum
608 1826 776 1902 omnium,
792 1824 860 1890 sive
875 1825 1057 1889 divinarum
1070 1823 1140 1890 sive
1153 1834 1333 1890 creatarum
1346 1842 1381 1889 ac
1394 1824 1602 1898 naturalium,

483 1949 655 2015 supremas
671 1932 811 1997 rationes
834 1930 1068 2015 contemplari,
1092 1949 1208 1995 omnes
1230 1930 1298 1995 aliae
1318 1930 1460 1998 scientiae
1479 1931 1605 2016 objecta

483 2042 691 2124 rationesque
707 2039 770 2105 sub
785 2039 835 2105 his
849 2038 1015 2124 supremis
1029 2048 1200 2104 contentas
1219 2037 1442 2114 considerent,
1460 2048 1602 2122 oportet3

484 2155 582 2230 atque
619 2147 700 2212 adeo
725 2147 828 2229 prima
856 2148 973 2211 harum
1002 2146 1209 2212 scientiarum
1234 2145 1388 2230 principia
1419 2146 1552 2211 tandem
1586 2166 1605 2211 a

483 2254 646 2338 principiis
675 2254 735 2319 illis
764 2252 1009 2337 rationibusque
1031 2252 1253 2337 superioribus
1281 2271 1379 2318 suum
1401 2254 1545 2319 valorem
1569 2262 1604 2317 et

482 2360 672 2429 firmitatem
688 2361 876 2427 desument.

550 2467 666 2553 Neque
680 2464 749 2533 aliis
763 2469 872 2533 solum
893 2468 1046 2534 humanis
1063 2466 1222 2543 scientiis,
1243 2469 1302 2533 sed
1320 2468 1380 2552 ipsi
1400 2466 1497 2533 etiam
1518 2466 1604 2533 Reli-

482 2574 571 2661 gioni
586 2596 621 2641 ac
636 2573 872 2659 supernaturali
892 2575 1079 2660 Theologiae
1093 2576 1315 2660 maximopere
1334 2574 1491 2651 deservit,
1508 2582 1601 2641 «turn

483 2691 615 2768 propter
632 2682 892 2749 confutationem
905 2700 1069 2759 errorum,
1091 2700 1176 2766 quos
1190 2682 1345 2747 increduli
1359 2694 1393 2749 et
1411 2682 1603 2749 heterodoxi

482 2811 523 2858 ex
537 2792 669 2858 rationis
687 2790 790 2861 abusu
805 2789 965 2868 derivant,
986 2800 1058 2856 tum
1074 2801 1205 2875 propter
1218 2790 1530 2859 demonstrationem
1546 2810 1602 2858 ve-

482 2898 632 2973 ritatum,
646 2917 721 2983 quae
736 2897 822 2964 Fidei
837 2908 915 2965 sunt
935 2897 1079 2982 praeviae,
1096 2907 1133 2963 ut
1152 2896 1208 2962 Dei
1227 2898 1414 2974 existentia,
1429 2899 1599 2976 veracitas,

483 3003 685 3091 providentia
695 3014 729 3070 et
739 3015 856 3071 caetera
874 3005 1051 3091 ejusmodi.
1064 3004 1221 3071 Praeterea
1232 3005 1293 3071 etsi
1305 3005 1398 3073 Fides
1410 3007 1530 3072 multas
1544 3027 1603 3072 ve·

482 3115 592 3180 ritates
606 3113 764 3197 praebeat,
781 3131 855 3196 quae
870 3111 1030 3179 rationem
1046 3113 1208 3179 excedunt
1223 3121 1256 3178 et
1273 3114 1420 3195 mysteria
1434 3114 1597 3195 dicuntur;

480 3231 591 3288 tamen
607 3221 780 3287 nonnullas
795 3218 893 3286 etiam
908 3221 1021 3296 tradit,
1037 3239 1112 3304 quae
1127 3222 1272 3286 naturale
1288 3222 1401 3288 lumen
1417 3239 1483 3288 non
1502 3241 1602 3290 exsu-

481 3339 607 3413 perant.
628 3328 721 3394 Tales
738 3337 817 3394 sunt
831 3346 889 3393 ex.
909 3347 964 3413 gr.
989 3327 1105 3393 creatio
1122 3329 1249 3405 mundi,
1269 3329 1402 3394 liberum
1418 3330 1599 3408 arbitrium,

479 3436 655 3502 animarum
669 3435 901 3512 immortalitas,
919 3441 952 3501 et
965 3435 1008 3501 ita
1028 3435 1070 3499 de
1089 3434 1230 3518 reliquis.
1249 3435 1391 3502 Demum
1411 3439 1519 3521 quoad
1531 3439 1600 3523 ipsa

479 3541 635 3630 mysteria
649 3543 735 3608 Fidei
751 3543 910 3608 rationem
932 3541 1136 3617 excedentia,
1156 3543 1314 3627 juvamen
1334 3545 1436 3611 ailert.
1454 3544 1599 3612 Primum

479 3651 555 3734 quia
575 3650 727 3717 veritates
747 3650 1009 3734 supernaturales
1022 3668 1062 3714 eo
1081 3650 1198 3716 melius
1212 3650 1514 3734 apprehenduntur,
1531 3671 1600 3738 quo

478 3758 583 3843 magis
598 3739 710 3822 natura
727 3766 801 3841 apta
816 3756 854 3820 ht
877 3756 916 3822 ad
936 3775 991 3821 eas
1006 3756 1223 3840 recipiendas:
1246 3757 1393 3825 habilitas
1408 3769 1520 3826 aulem
1542 3780 1600 3827 na-

477 3873 559 3930 turae
573 3864 737 3947 dependet
755 3883 772 3928 a
793 3865 915 3949 majore
929 3863 1116 3948 cognitione
1138 3865 1293 3942 naturali,
1318 3883 1394 3949 quae
1418 3887 1474 3952 per
1493 3868 1600 3935 Philo·

478 3972 627 4056 sophiam
662 3969 850 4055 acquiritur,
883 3970 1007 4037 Deinde
1035 3970 1110 4054 quia
1139 3972 1345 4058 Philosophia
1377 3992 1444 4041 non
1476 3995 1600 4061 paucos
1674 4015 1680 4025 ·

476 4087 656 4164 conceptus
671 4079 836 4154 enucleat,
855 4079 911 4161 qui
926 4097 986 4161 pro
999 4097 1059 4144 sua
1068 4080 1281 4163 amplitudine
1291 4081 1388 4148 rebus
1399 4090 1471 4149 tum
1482 4084 1600 4152 divinis

476 4195 549 4252 tum
560 4185 711 4252 humanis
720 4193 798 4250 sunt
811 4203 1019 4252 communes.
1035 4185 1080 4252 lta
1090 4205 1125 4251 se
1136 4186 1256 4254 habent
1269 4188 1498 4267 rationesvari,
1512 4191 1597 4270 doni,

474 4292 672 4370 substantia,
697 4299 857 4374 persona,
884 4297 1029 4370 natura,
1048 4294 1215 4376 prirrcapii,
1241 4297 1388 4374 unitatr's,
1410 4308 1443 4364 et
1461 4311 1596 4366 centum

476 4401 562 4476 aliae,
584 4417 724 4484 quarum
746 4401 971 4485 philosophica
991 4401 1162 4485 explicatio
1179 4419 1393 4487 summopere
1416 4408 1541 4475 confert
1556 4409 1598 4474 ad

475 4509 545 4593 ipsa
563 4508 719 4593 dogmata
733 4507 918 4575 distinctius
932 4509 1150 4594 percipienda.
1167 4508 1314 4594 Denique
1336 4511 1406 4597 ipse
1423 4522 1598 4598 apparatus

475 4615 649 4682 veritatum
676 4614 872 4682 naturalium
903 4634 980 4683 cum
1010 4615 1079 4683 suis
1106 4619 1325 4700 pronuntiatis
1352 4619 1493 4698 ordinis,
1527 4622 1597 4688 sive

475 4722 645 4809 ideologici
659 4724 728 4792 sive
752 4723 948 4810 ontologici,
969 4726 1090 4792 mirum
1105 4727 1137 4792 in
1154 4726 1291 4793 modum
1307 4724 1494 4816 Theologire
1507 4748 1598 4796 cam-
