3492 5525
566 454 626 521 668
687 456 813 523 Loorca
827 458 1056 533 Maron-ira.
1074 474 1144 537 ψ,
1162 459 1254 524 Drse.
1274 472 1314 523 r.·
1327 460 1404 523 Cae.
1423 474 1495 523 aava

527 642 578 706 vel
598 640 764 728 nrbjativa
782 641 833 707 vel
855 640 1016 727 objcclrhe.
1036 638 1069 705 Si
1092 641 1235 725 primum
1258 640 1359 706 vitare
1382 652 1558 723 nequeunt
1577 662 1655 726 pan·

528 748 722 819 theisnrum.
751 749 834 814 Nam
860 747 1052 814 universalia
1070 764 1144 811 vere
1170 747 1211 812 de
1237 746 1335 814 rebus
1360 766 1417 831 per
1442 747 1652 816 identitatem

528 855 758 942 predicantur,
779 856 927 939 adeoque
941 855 1002 921 illis
1020 854 1148 922 insunt.
1170 855 1240 921 ldea
1259 873 1336 921 vero
1354 854 1465 921 divina
1481 857 1654 944 subjective

527 964 728 1030 considerata
747 962 817 1047 ipsa
835 950 976 1029 essentia
995 962 1052 1029 Dei
1077 970 1139 1028 est.
1162 962 1238 1028 llaec
1256 982 1334 1047 ergo
1355 964 1388 1029 in
1412 966 1653 1050 ontologorum

526 1070 687 1137 sententia
706 1070 750 1136 sic
769 1068 945 1147 intellecta,
972 1070 1199 1154 praedicaretur
1217 1069 1257 1135 de
1283 1072 1398 1147 rebus,
1419 1090 1573 1156 cumque
1591 1074 1654 1138 illis

526 1178 788 1245 identificaretur.
809 1178 854 1243 En
874 1177 1132 1262 pantheismum.

592 1285 688 1365 Quod
713 1286 739 1351 si
768 1286 892 1351 dicatur
921 1284 1113 1351 universalia
1137 1302 1210 1351 esse
1228 1283 1353 1351 divinas
1381 1285 1469 1353 ideas
1487 1286 1654 1373 obiective

526 1402 702 1479 spectatas,
718 1394 779 1459 hoc
799 1393 830 1459 in
851 1392 1175 1477 primis-offendimus
1189 1392 1456 1469 incommodum,
1470 1396 1566 1478 quod
1583 1396 1655 1462 uni·

500 1554 504 1565 .
527 1501 663 1567 versalia
683 1518 742 1567 nos
760 1501 1009 1586 cognoscimus,
1030 1500 1206 1566 definimus
1220 1512 1252 1567 et
1266 1503 1551 1585 contemplamur,
1575 1522 1653 1568 curn

526 1608 669 1676 scientiis
697 1626 828 1692 operam
849 1625 1026 1674 navamus:
1051 1615 1184 1674 atvero
1209 1616 1319 1673 contra
1340 1608 1579 1693 experientiam
1605 1619 1653 1674 est

527 1736 588 1783 nos
605 1716 817 1800 contemplari
836 1724 934 1799 atque
952 1713 1067 1782 intueri
1096 1715 1221 1782 divinas
1243 1714 1343 1782 ideas.
1373 1715 1467 1783 Adde
1484 1718 1581 1801 quod
1603 1742 1620 1778 a
1628 1715 1652 1781 si

527 1842 583 1910 per
597 1823 795 1908 impossibile
812 1841 877 1889 non
891 1832 1002 1889 essent
1020 1824 1053 1889 in
1073 1822 1141 1887 Deo
1154 1825 1235 1889 tales
1251 1822 1351 1899 ideae,
1373 1834 1509 1908 possent
1529 1826 1652 1891 eodem

469 1932 475 1958 '
528 1932 628 1999 modo
647 1930 839 1998 universalia
858 1950 878 1995 a
896 1929 990 1996 nobis
1007 1930 1131 2014 concipi
1151 1949 1187 1996 ac
1206 1930 1356 1997 definiris
1376 1927 1389 2018 (
1412 1930 1439 2019 l.

596 2040 755 2114 Praeterea,
764 2038 843 2103 ideae
862 2038 981 2104 divinae
1000 2048 1232 2122 repraesentant
1249 2037 1448 2114 universale,
1469 2040 1530 2107 sed
1549 2040 1650 2107 simul

530 2168 607 2216 cum
640 2145 917 2213 individuantibus
944 2147 1049 2221 notis,
1074 2165 1140 2212 non
1169 2166 1246 2212 vero
1275 2146 1403 2213 abillis
1430 2146 1649 2221 abstractum,

531 2254 812 2340 quemadmodum
831 2252 1014 2319 continetur
1032 2252 1064 2318 in
1083 2253 1294 2338 conceptibus
1312 2254 1430 2321 nostris
1449 2274 1487 2319 ac
1504 2256 1653 2321 vocabu·

529 2364 567 2431 lis
604 2360 848 2428 communibus,
888 2360 1012 2427 Etenim
1050 2360 1159 2427 divina
1199 2361 1395 2444 exemplaria
1429 2361 1650 2447 singularium

489 2500 496 2515 ·
528 2490 636 2537 rerum
657 2478 787 2535 naturas
806 2468 961 2535 exhibent
979 2479 1075 2552 prout
1103 2467 1273 2551 possibiles
1290 2478 1324 2534 et
1348 2470 1513 2536 creabiles.
1534 2472 1650 2553 Neque

525 2598 602 2647 vero
621 2585 698 2645 sunt
713 2576 882 2661 possibiles
901 2594 1007 2659 neque
1026 2575 1191 2652 creabiles,
1209 2576 1268 2642 nisi
1283 2585 1405 2642 naturae
1419 2577 1600 2644 individuae
1615 2598 1649 2643 ac

524 2687 716 2774 singulares.

592 2796 811 2878 Praeterquam
844 2792 934 2876 quod
963 2791 1106 2877 cognitio
1128 2789 1310 2875 praecisiva,
1337 2799 1452 2875 utpote
1481 2812 1551 2858 rem
1583 2813 1647 2862 non

526 2902 665 2986 perfecte
691 2919 727 2966 ac
756 2899 898 2967 totaliter
925 2908 1176 2983 repraesentans,
1205 2897 1272 2964 Deo
1291 2899 1466 2967 convenire
1486 2920 1553 2966 non
1578 2911 1648 2986 pot·

526 3018 576 3076 est
609 3006 676 3097 (2).
711 3007 804 3073 Unde
830 3008 950 3072 docent
977 3005 1163 3090 Philosophi
1190 3005 1293 3071 Deum
1322 3007 1422 3072 iacere
1451 3026 1516 3074 non
1550 3027 1646 3094 posse

527 3117 708 3184 universale
728 3110 791 3202 (3).

615 3283 634 3365 ς
652 3277 897 3356 ll.-Rchcrrua
916 3274 1108 3341 unveisans
1125 3289 1323 3342 ronuauran
1341 3291 1381 3340 er
1396 3291 1562 3344 conruere

889 3397 1035 3447 cxrsreus
1055 3397 1085 3446 ru
1106 3397 1288 3450 ruorvrours.

579 3549 652 3633 ¹58·
701 3544 890 3612 Universale
917 3541 1168 3627 pantheisticum
1199 3542 1299 3608 modo
1328 3543 1482 3612 nolumus
1509 3546 1645 3612 refutare

530 3656 723 3729 rationibus,
740 3671 816 3718 cum
837 3650 899 3716 alio
917 3650 950 3714 in
970 3651 1040 3715 loco
1060 3650 1130 3716 tuse
1154 3648 1248 3714 nobis
1272 3648 1312 3714 de
1329 3649 1385 3717 illo
1404 3650 1446 3717 sit
1464 3653 1640 3737 agendum.

530 3763 677 3832 Sufficiat
696 3779 783 3827 nunc
802 3760 833 3825 in
855 3756 1046 3824 memoriam
1070 3775 1220 3823 revocare
1245 3755 1439 3824 Vaticanum
1464 3757 1640 3835 Canonenr,
1719 3776 1720 3779 ’

528 3891 596 3957 quo
624 3869 774 3955 pestilera
801 3868 869 3932 haec
899 3865 1044 3931 doctrina
1071 3865 1272 3932 confoditur:
1292 3865 1332 3932 Si
1356 3867 1429 3950 quis
1444 3866 1581 3946 dixerit,
1601 3885 1645 3932 res

518 3979 648 4066 finitas,
669 3981 733 4042 taem
750 3982 929 4057 corporeas,
952 3976 1017 4038 ium
1033 3973 1229 4056 spirituales,
1247 3977 1307 4039 aul
1326 3977 1436 4040 saltem
1457 3974 1643 4057 spirituales.

563 4209 604 4280 (r)
641 4205 828 4277 Suar.‚diap.
844 4204 912 4261 Mel.
928 4205 957 4274 6,
970 4216 1039 4262 sect.
1055 4222 1081 4270 a,
1096 4224 1125 4262 n.
1142 4225 1166 4275 3.
1316 4256 1320 4265 ,

563 4297 604 4370 (a)
640 4297 715 4354 Vide
735 4295 821 4354 Suar.
842 4297 877 4352 de
895 4297 979 4362 Deo„
993 4293 1044 4351 lib.
1062 4315 1086 4361 r,
1101 4313 1164 4365 cap.
1185 4314 1227 4365 η,
1244 4314 1274 4352 u.
1295 4294 1347 4368 673
1371 4294 1517 4365 Lounda,
1533 4297 1642 4371 Lege..
1717 4344 1718 4381 ἦ

529 4401 612 4446 tract.
628 4406 654 4444 a.
675 4385 751 4457 disp.
773 4406 799 4452 a,
816 4406 841 4442 c.
864 4405 893 4457 9,
913 4403 944 4442 n.
960 4404 993 4456 93
1009 4383 1043 4440 P.
1058 4383 1200 4441 Thomam
1214 4381 1352 4442 Carlcton
1363 4383 1522 4457 compton,
1536 4388 1643 4444 Philus.

530 4479 669 4544 univers,
685 4477 801 4552 Logia,
819 4475 896 4547 disp,
912 4491 961 4547 30,
976 4485 1046 4530 sect.
1064 4473 1092 4540 8,
1110 4491 1140 4530 n.
1156 4473 1183 4531 6.

564 4571 603 4638 (ς)
640 4564 715 4622 Vide
739 4563 834 4633 Ullus,
856 4564 973 4639 logie..
997 4562 1074 4633 disp.
1100 4581 1131 4629 a,
1151 4581 1215 4633 cap.
1238 4584 1265 4635 3,
1292 4583 1322 4620 n.
1343 4581 1395 4636 453
1411 4563 1519 4637 liupo,
1535 4567 1644 4640 Lopic..

529 4654 607 4726 disp.
633 4675 663 4727 3,
688 4667 793 4724 quoest.
821 4673 846 4721 r,
869 4665 925 4710 art.
945 4673 976 4726 7,
994 4670 1022 4709 n.
1047 4669 1114 4724 5493
1128 4649 1227 4710 Mauri
1248 4650 1388 4726 sylvest,
1408 4653 1517 4736 Quoest.
1532 4656 1643 4731 philos..
1716 4656 1717 4693 l

535 4758 605 4804 tom.
624 4763 653 4810 ι,
668 4755 774 4815 quaest.
790 4761 834 4816 34.
