3492 5525
433 2647 437 2656 Ι
557 2559 590 2653 δ)
610 2564 797 2648 Aliquando
821 2564 941 2632 iterum
969 2575 1004 2631 et
1030 2566 1151 2652 sepius
1177 2558 1379 2652 distinguere
1398 2583 1531 2632 necesse
1549 2573 1613 2639 est,
1731 2600 1732 2603 π

328 4612 425 4673 Quando

316 4685 443 4769 emendem

301 4766 451 4817 suppositum

536 442 594 526 398
727 445 850 510 tentet
871 443 1123 508 Mrem-urse.
1148 457 1191 527 3.·
1211 443 1293 508 Cer.
1319 459 1388 528 ψ

496 629 683 694 membrum
706 629 797 712 quod
814 627 1003 696 conceditur
1020 627 1053 694 in
1072 629 1204 714 Maiori,
1222 639 1362 715 negetur
1379 631 1412 698 in
1432 629 1561 704 Minori,
1580 637 1616 694 et

494 753 701 803 econverso:
722 755 822 820 quare
841 735 1007 804 distinctio
1025 735 1160 805 Minoris
1178 738 1211 804 in
1229 737 1420 824 huiusmodi
1438 735 1615 824 hypothesi

492 843 759 917 contradistinctio
772 853 906 912 vocatur
918 863 938 910 a
951 843 1170 912 Scholasticis.
1182 843 1341 929 Exemplo
1356 863 1426 915 rem
1439 842 1613 928 intelliges.

494 949 527 1016 Si
541 951 610 1018 haec
624 951 682 1017 tibi
694 950 844 1036 objicitur
858 949 1109 1036 argumentatio:
1129 949 1292 1018 Ternrinrtr
1303 951 1483 1040 signeficans
1492 949 1618 1034 aliquid

492 1060 531 1123 dc
548 1059 655 1126 mullis
670 1059 890 1142 praedisadile,
911 1059 1101 1124 universatis
1116 1062 1174 1126 est.
1193 1059 1257 1128 Sed
1269 1061 1421 1128 terminus
1438 1058 1617 1127 collectivus

491 1164 651 1250 significet
670 1165 793 1252 atr'prtr'd
814 1166 1017 1248 praedicabile
1042 1169 1082 1231 de
1099 1167 1220 1234 multis.
1245 1168 1325 1252 Ergo
1351 1167 1504 1234 terminus
1523 1167 1619 1234 cellc-

491 1272 593 1338 ctt'orrs
612 1273 802 1342 unmcrsetr's
818 1278 879 1356 est‚·
896 1274 941 1340 ita
957 1274 1181 1358 respondebis.

559 1381 728 1466 Distingui
739 1382 854 1466 Major.
874 1380 1049 1447 Terminus
1070 1380 1259 1467 significans
1277 1369 1398 1466 aliquid
1413 1380 1616 1466 praedicabile

492 1487 533 1554 de
552 1489 664 1555 multis
693 1488 891 1555 distributive
911 1489 1059 1572 sumptis,
1079 1488 1271 1556 universalis
1293 1498 1357 1566 est,
1375 1508 1463 1557 conc.
1483 1487 1614 1574 Major„

492 1595 653 1662 terminus
691 1595 881 1681 significans
912 1595 1033 1680 aliquid
1067 1595 1268 1680 praedicabile
1303 1597 1344 1664 de
1377 1596 1490 1664 multis
1519 1595 1619 1662 sinui

490 1704 632 1786 sumptis,
652 1721 724 1788 neg.
744 1705 862 1772 Minor.

559 1810 834 1895 Contrcdistr'nguo
848 1812 967 1878 Minor.
980 1811 1154 1880 Terminus
1175 1811 1366 1879 collectivus
1380 1807 1542 1896 significat
1559 1809 1619 1876 ali·

491 1918 570 2002 quid
584 1917 785 2004 praedicabile
799 1920 840 1986 de
855 1919 969 1988 multis
979 1919 1177 1988 distributive
1186 1919 1329 2002 sumptis,
1343 1937 1412 2003 neg.
1426 1918 1558 1994 Minor„
1574 1918 1617 1982 de

492 2025 605 2092 multis
621 2026 717 2092 simui
737 2027 885 2110 sumptis,
910 2045 1000 2096 core.
1025 2028 1143 2094 Minor.
1170 2026 1255 2093 Tum
1278 2046 1355 2112 nego
1372 2044 1558 2111 consequens
1581 2037 1615 2093 et

490 2135 748 2218 consequentiam.
766 2133 910 2201 Videsne
924 2135 1095 2218 quomodo
1121 2135 1309 2200 membrum
1328 2133 1407 2200 illud
1419 2132 1617 2199 dishihedve

489 2241 637 2324 sumptis,
653 2242 743 2325 quod
762 2242 795 2309 in
819 2241 931 2328 Maiori
950 2242 1159 2320 conceditur,
1180 2250 1319 2328 negetur
1336 2242 1370 2308 in
1390 2241 1521 2323 Minori;
1535 2240 1615 2306 illud

492 2367 569 2416 vero
588 2349 673 2416 eliud
691 2350 789 2416 simut
804 2350 949 2432 sumplis,
969 2350 1059 2434 quod
1079 2359 1219 2436 negetur
1235 2351 1270 2416 in
1294 2349 1421 2435 Maiori,
1439 2349 1474 2415 in
1499 2349 1616 2415 Minori

491 2451 706 2524 concedatur?

489 2671 595 2738 donec
619 2673 728 2738 omnis
758 2674 891 2738 tollatur
918 2673 1135 2758 ambiguitas;
1166 2674 1312 2740 secunda
1341 2690 1419 2738 vero
1450 2671 1615 2738 distinctio

489 2780 704 2847 subdistinctio
730 2779 836 2847 vocari
859 2783 955 2849 solet.
984 2781 1192 2867 Exemplum:
1221 2783 1316 2866 Quod
1335 2784 1457 2847 comm
1470 2780 1616 2863 pertidus

484 2888 642 2970 pluribus,
662 2887 766 2953 dividi
776 2891 888 2971 potest.
902 2889 965 2955 Sed
981 2889 1090 2955 anima
1103 2888 1239 2955 humana
1251 2889 1398 2971 pruritus
1410 2890 1616 2971 constatpar-
1730 2917 1731 2934 π

490 2996 581 3063 tibus.
602 2995 680 3080 Ergo
692 2995 800 3061 dividi
808 2998 920 3078 potest.
1730 3003 1731 3008 ’

556 3104 763 3187 Respondeo,
775 3104 861 3171 Dist.
872 3104 986 3189 Major.
995 3101 1094 3179 Qrod
1103 3112 1233 3171 constat
1241 3104 1385 3190 partibus
1394 3122 1430 3171 re
1438 3103 1612 3185 distinctis,

488 3229 577 3277 conc.
589 3210 718 3295 Major„
731 3210 851 3275 ratione
859 3211 1030 3277 dumtaxat
1041 3210 1213 3297 distinctis,
1225 3212 1359 3279 suddist.
1372 3212 1615 3299 Major.,dividi

491 3328 598 3403 potest
623 3318 656 3385 in
685 3326 792 3402 partes
810 3318 1044 3401 memphyticae
1065 3338 1153 3388 conc.
1174 3320 1207 3385 in
1230 3329 1338 3405 partes
1357 3320 1518 3403 physices,
1542 3340 1611 3405 neg.
1683 3320 1690 3331 '

557 3424 750 3492 Contradist.
786 3424 905 3493 Minor.
935 3424 1054 3491 Anima
1082 3434 1212 3495 constat
1240 3428 1388 3512 pluribus
1410 3427 1556 3512 partibus
1579 3448 1616 3495 re

489 3532 661 3611 distinctis,
681 3552 752 3617 neg.
769 3532 889 3599 Minor.
901 3534 1039 3611 ratione,
1053 3553 1141 3600 conc.
1163 3532 1282 3602 Minor.

556 3640 693 3724 Disting.
720 3656 854 3723 quoque
880 3658 1017 3723 conseq.
1038 3640 1158 3707 Anima
1186 3641 1287 3708 dividi
1306 3651 1416 3726 potest
1444 3642 1478 3708 in
1506 3650 1615 3727 partes

489 3748 723 3832 metaphysicis,
742 3766 831 3815 cone.
847 3764 985 3832 conseq.
1005 3748 1037 3813 in
1048 3748 1197 3830 physices
1213 3768 1288 3833 neg.
1307 3768 1443 3833 conseq.

558 3855 800 3940 Consequentia
823 3873 921 3939 porro
939 3873 1007 3922 non
1025 3854 1249 3942 distinguitur,
1268 3857 1327 3925 sed
1352 3858 1381 3923 si
1407 3875 1475 3923 non
1501 3857 1611 3936 detur,

490 3972 641 4050 negator.
978 4032 984 4045 ,

558 4071 720 4139 Caeterum
739 4084 815 4135 curn
840 4068 1065 4136 distinctiones
1092 4068 1192 4147 irunt,
1213 4089 1301 4155 saepc
1317 4083 1541 4159 opportunum
1561 4081 1613 4139 est

490 4178 560 4245 illas
581 4180 681 4263 paulo
698 4176 832 4245 uberius
855 4177 1032 4245 declarare.

556 4285 587 4373 e)
601 4286 638 4353 Et
653 4286 723 4351 haec
735 4284 869 4369 quidem
884 4292 1035 4369 spectant
1049 4284 1091 4351 ad
1108 4286 1308 4352 solutionem
1321 4286 1482 4354 directam.
1499 4283 1614 4364 Quen·

490 4394 599 4479 doque
612 4402 724 4459 tamen
740 4400 875 4479 possent
891 4392 960 4459 dari
979 4392 1208 4478 responsiones
1220 4393 1371 4460 indirecte
1388 4394 1440 4461 vel
1458 4396 1612 4480 negando

490 4500 717 4589 suppositum,
736 4501 787 4567 vel
805 4500 1020 4587 retorquendo,
1041 4501 1093 4567 vel
1111 4500 1295 4567 invertendo
1313 4512 1559 4587 argumentum.

558 4610 704 4697 Megetur
719 4608 926 4694 suppositum,
942 4607 1075 4693 quando
1089 4608 1123 4675 in
1138 4610 1421 4697 argumentatione
1438 4608 1611 4679 adversarii

494 4726 609 4807 praeter
638 4716 744 4804 ipsam
777 4715 1055 4799 rationemque
1087 4715 1252 4802 objicitur,
1279 4716 1402 4802 aliquid
1420 4718 1540 4786 falsum
1558 4720 1611 4786 rrel
