<?xml version="1.0" encoding="UTF-8"?>
<!DOCTYPE html PUBLIC "-//W3C//DTD XHTML 1.0 Transitional//EN"
    "http://www.w3.org/TR/xhtml1/DTD/xhtml1-transitional.dtd">
<html xmlns="http://www.w3.org/1999/xhtml" xml:lang="en" lang="en">
 <head>
  <title>
</title>
<meta http-equiv="Content-Type" content="text/html;charset=utf-8" />
  <meta name='ocr-system' content='tesseract 3.04.00' />
  <meta name='ocr-capabilities' content='ocr_page ocr_carea ocr_par ocr_line ocrx_word'/>
</head>
<body>
  <div class='ocr_page' id='page_1' title='image "./institutionesph00urrgoog/institutionesph00urrgoog_0620.png"; bbox 0 0 3492 5525; ppageno 0'>
   <div class='ocr_carea' id='block_1_1' title="bbox 561 460 1492 546">
    <p class='ocr_par' dir='ltr' id='par_1_1' title="bbox 561 460 1492 546">
     <span class='ocr_line' id='line_1_1' title="bbox 561 460 1492 546; baseline -0.006 -16"><span class='ocrx_word' id='word_1_1' title='bbox 561 466 621 529; x_wconf 81' lang='lat' dir='ltr'>ooo</span> <span class='ocrx_word' id='word_1_2' title='bbox 681 465 807 530; x_wconf 81' lang='lat' dir='ltr'>Lo&#39;ctcn</span> <span class='ocrx_word' id='word_1_3' title='bbox 818 460 1051 537; x_wconf 74' lang='lat' dir='ltr'>Maron-Lm.</span> <span class='ocrx_word' id='word_1_4' title='bbox 1072 478 1139 541; x_wconf 66' lang='grc' dir='ltr'>ψ,</span> <span class='ocrx_word' id='word_1_5' title='bbox 1156 464 1246 527; x_wconf 73' lang='lat' dir='ltr'>Drsn.</span> <span class='ocrx_word' id='word_1_6' title='bbox 1263 477 1308 546; x_wconf 83' lang='lat'>4·</span> <span class='ocrx_word' id='word_1_7' title='bbox 1324 463 1403 526; x_wconf 73' lang='lat' dir='ltr'>Cro.</span> <span class='ocrx_word' id='word_1_8' title='bbox 1419 477 1492 524; x_wconf 69' lang='lat' dir='ltr'>aum</span> 
     </span>
    </p>
   </div>
   <div class='ocr_carea' id='block_1_2' title="bbox 937 876 1219 963">
    <p class='ocr_par' dir='ltr' id='par_1_2' title="bbox 937 876 1219 963">
     <span class='ocr_line' id='line_1_2' title="bbox 937 876 1219 963; baseline -0.007 0"><span class='ocrx_word' id='word_1_9' title='bbox 937 876 1137 963; x_wconf 87' lang='lat' dir='ltr'>CAPUT</span> <span class='ocrx_word' id='word_1_10' title='bbox 1167 876 1219 962; x_wconf 86' lang='grc' dir='ltr'>ΙΙ.</span> 
     </span>
    </p>
   </div>
   <div class='ocr_carea' id='block_1_3' title="bbox 522 1078 1646 1299">
    <p class='ocr_par' dir='ltr' id='par_1_3' title="bbox 522 1078 1646 1299">
     <span class='ocr_line' id='line_1_3' title="bbox 558 1078 1472 1165; baseline -0.001 -23"><span class='ocrx_word' id='word_1_11' title='bbox 558 1160 560 1165; x_wconf 23' lang='grc' dir='ltr'>Ι</span> <span class='ocrx_word' id='word_1_12' title='bbox 704 1079 807 1142; x_wconf 90' lang='lat' dir='ltr'>DE</span> <span class='ocrx_word' id='word_1_13' title='bbox 830 1078 1078 1141; x_wconf 90' lang='lat' dir='ltr'><strong>MEDIO</strong></span> <span class='ocrx_word' id='word_1_14' title='bbox 1103 1078 1472 1142; x_wconf 83' lang='lat' dir='ltr'>EXTERNO</span> 
     </span>
     <span class='ocr_line' id='line_1_4' title="bbox 522 1227 1646 1299; baseline 0.001 -10"><span class='ocrx_word' id='word_1_15' title='bbox 522 1228 740 1291; x_wconf 77' lang='lat' dir='ltr'><strong>VERlTATEM</strong></span> <span class='ocrx_word' id='word_1_16' title='bbox 769 1228 1004 1299; x_wconf 79' lang='lat' dir='ltr'>nssEQuettot</span> <span class='ocrx_word' id='word_1_17' title='bbox 1031 1228 1101 1289; x_wconf 85' lang='lat' dir='ltr'>SEU</span> <span class='ocrx_word' id='word_1_18' title='bbox 1129 1229 1177 1289; x_wconf 83' lang='lat' dir='ltr'>DE</span> <span class='ocrx_word' id='word_1_19' title='bbox 1198 1227 1430 1289; x_wconf 82' lang='lat' dir='ltr'>TESTIMONIO</span> <span class='ocrx_word' id='word_1_20' title='bbox 1455 1229 1646 1290; x_wconf 70' lang='lat' dir='ltr'>attonuit.</span> 
     </span>
    </p>
   </div>
   <div class='ocr_carea' id='block_1_4' title="bbox 897 1467 1258 1543">
    <p class='ocr_par' dir='ltr' id='par_1_4' title="bbox 897 1467 1258 1543">
     <span class='ocr_line' id='line_1_5' title="bbox 897 1467 1258 1543; baseline -0.003 -1"><span class='ocrx_word' id='word_1_21' title='bbox 897 1467 1198 1543; x_wconf 89' lang='lat' dir='ltr'>ARTICULUS</span> <span class='ocrx_word' id='word_1_22' title='bbox 1229 1468 1258 1541; x_wconf 90' lang='grc' dir='ltr'>Ι.</span> 
     </span>
    </p>
   </div>
   <div class='ocr_carea' id='block_1_5' title="bbox 600 1636 1567 1713">
    <p class='ocr_par' dir='ltr' id='par_1_5' title="bbox 600 1636 1567 1713">
     <span class='ocr_line' id='line_1_6' title="bbox 600 1636 1567 1713; baseline -0.001 -12"><span class='ocrx_word' id='word_1_23' title='bbox 600 1636 727 1713; x_wconf 73' lang='lat' dir='ltr'>Quid</span> <span class='ocrx_word' id='word_1_24' title='bbox 750 1637 1078 1710; x_wconf 79' lang='lat' dir='ltr'>testimonium,</span> <span class='ocrx_word' id='word_1_25' title='bbox 1100 1636 1349 1703; x_wconf 78' lang='lat' dir='ltr'>auotoritas</span> <span class='ocrx_word' id='word_1_26' title='bbox 1371 1641 1418 1701; x_wconf 84' lang='lat' dir='ltr'>et</span> <span class='ocrx_word' id='word_1_27' title='bbox 1437 1636 1567 1701; x_wconf 70' lang='lat' dir='ltr'>fideS.</span> 
     </span>
    </p>
   </div>
   <div class='ocr_carea' id='block_1_6' title="bbox 325 1830 1651 2456">
    <p class='ocr_par' dir='ltr' id='par_1_6' title="bbox 325 1830 1651 2456">
     <span class='ocr_line' id='line_1_7' title="bbox 573 1830 1651 1920; baseline 0.001 -22"><span class='ocrx_word' id='word_1_28' title='bbox 573 1850 646 1920; x_wconf 88' lang='lat'>119.</span> <span class='ocrx_word' id='word_1_29' title='bbox 693 1832 767 1898; x_wconf 90' lang='lat' dir='ltr'>Non</span> <span class='ocrx_word' id='word_1_30' title='bbox 787 1850 964 1916; x_wconf 87' lang='lat' dir='ltr'>possumus</span> <span class='ocrx_word' id='word_1_31' title='bbox 981 1831 1093 1897; x_wconf 90' lang='lat' dir='ltr'>omnia</span> <span class='ocrx_word' id='word_1_32' title='bbox 1115 1849 1173 1914; x_wconf 89' lang='lat' dir='ltr'>per</span> <span class='ocrx_word' id='word_1_33' title='bbox 1195 1849 1256 1896; x_wconf 91' lang='lat' dir='ltr'>nos</span> <span class='ocrx_word' id='word_1_34' title='bbox 1274 1830 1364 1915; x_wconf 88' lang='lat' dir='ltr'>ipsos</span> <span class='ocrx_word' id='word_1_35' title='bbox 1382 1831 1574 1899; x_wconf 83' lang='lat' dir='ltr'><strong>immediate</strong></span> <span class='ocrx_word' id='word_1_36' title='bbox 1592 1854 1651 1899; x_wconf 92' lang='lat' dir='ltr'>co-</span> 
     </span>
     <span class='ocr_line' id='line_1_8' title="bbox 425 1938 1649 2026; baseline 0 -19"><span class='ocrx_word' id='word_1_37' title='bbox 425 1980 427 1987; x_wconf 49' lang='lat'>,</span> <span class='ocrx_word' id='word_1_38' title='bbox 521 1958 696 2026; x_wconf 84' lang='lat' dir='ltr'>gnoscere,</span> <span class='ocrx_word' id='word_1_39' title='bbox 717 1938 828 2006; x_wconf 88' lang='lat' dir='ltr'>sedin</span> <span class='ocrx_word' id='word_1_40' title='bbox 849 1940 962 2005; x_wconf 91' lang='lat' dir='ltr'>multis</span> <span class='ocrx_word' id='word_1_41' title='bbox 988 1939 1030 2004; x_wconf 88' lang='lat' dir='ltr'>ad</span> <span class='ocrx_word' id='word_1_42' title='bbox 1055 1938 1192 2003; x_wconf 88' lang='lat' dir='ltr'>aliorum</span> <span class='ocrx_word' id='word_1_43' title='bbox 1217 1938 1443 2004; x_wconf 89' lang='lat' dir='ltr'>testimonium</span> <span class='ocrx_word' id='word_1_44' title='bbox 1466 1942 1649 2025; x_wconf 75' lang='lat' dir='ltr'><strong>confugere</strong></span> 
     </span>
     <span class='ocr_line' id='line_1_9' title="bbox 522 2044 1646 2131; baseline -0.001 -17"><span class='ocrx_word' id='word_1_45' title='bbox 522 2066 654 2115; x_wconf 87' lang='lat' dir='ltr'>necesse</span> <span class='ocrx_word' id='word_1_46' title='bbox 674 2055 741 2124; x_wconf 89' lang='lat' dir='ltr'>est,</span> <span class='ocrx_word' id='word_1_47' title='bbox 762 2047 822 2113; x_wconf 93' lang='lat' dir='ltr'>nisi</span> <span class='ocrx_word' id='word_1_48' title='bbox 841 2046 982 2113; x_wconf 87' lang='lat' dir='ltr'>velimus</span> <span class='ocrx_word' id='word_1_49' title='bbox 1001 2064 1109 2113; x_wconf 90' lang='lat' dir='ltr'>rerum</span> <span class='ocrx_word' id='word_1_50' title='bbox 1135 2046 1266 2129; x_wconf 86' lang='lat' dir='ltr'>penitus</span> <span class='ocrx_word' id='word_1_51' title='bbox 1287 2044 1473 2131; x_wconf 82' lang='lat' dir='ltr'>cognitione</span> <span class='ocrx_word' id='word_1_52' title='bbox 1495 2048 1646 2115; x_wconf 86' lang='lat' dir='ltr'>destitui.</span> 
     </span>
     <span class='ocr_line' id='line_1_10' title="bbox 521 2153 1647 2241; baseline 0.001 -21"><span class='ocrx_word' id='word_1_53' title='bbox 521 2153 643 2232; x_wconf 81' lang='lat' dir='ltr'>Quare,</span> <span class='ocrx_word' id='word_1_54' title='bbox 664 2155 869 2222; x_wconf 80' lang='lat' dir='ltr'>facultatibus</span> <span class='ocrx_word' id='word_1_55' title='bbox 889 2153 1283 2241; x_wconf 59' lang='lat' dir='ltr'>cognoscendijhactenus</span> <span class='ocrx_word' id='word_1_56' title='bbox 1296 2155 1477 2231; x_wconf 88' lang='lat' dir='ltr'>declaratis,</span> <span class='ocrx_word' id='word_1_57' title='bbox 1494 2156 1647 2225; x_wconf 90' lang='lat' dir='ltr'>medium</span> 
     </span>
     <span class='ocr_line' id='line_1_11' title="bbox 521 2262 1232 2346; baseline 0 -17"><span class='ocrx_word' id='word_1_58' title='bbox 521 2265 582 2330; x_wconf 86' lang='lat' dir='ltr'>hoc</span> <span class='ocrx_word' id='word_1_59' title='bbox 599 2271 774 2330; x_wconf 86' lang='lat' dir='ltr'>externum</span> <span class='ocrx_word' id='word_1_60' title='bbox 794 2280 883 2329; x_wconf 90' lang='lat' dir='ltr'>nunc</span> <span class='ocrx_word' id='word_1_61' title='bbox 901 2262 1151 2346; x_wconf 78' lang='lat' dir='ltr'>adiungendum</span> <span class='ocrx_word' id='word_1_62' title='bbox 1171 2270 1232 2329; x_wconf 89' lang='lat' dir='ltr'>est.</span> 
     </span>
     <span class='ocr_line' id='line_1_12' title="bbox 325 2368 1647 2456; baseline 0.005 -24"><span class='ocrx_word' id='word_1_63' title='bbox 325 2387 487 2443; x_wconf 62' lang='lat' dir='ltr'>putaretne</span> <span class='ocrx_word' id='word_1_64' title='bbox 586 2371 692 2437; x_wconf 89' lang='lat' dir='ltr'>Testis</span> <span class='ocrx_word' id='word_1_65' title='bbox 725 2371 907 2456; x_wconf 82' lang='lat' dir='ltr'>generatim</span> <span class='ocrx_word' id='word_1_66' title='bbox 934 2370 1050 2437; x_wconf 90' lang='lat' dir='ltr'>dicitur</span> <span class='ocrx_word' id='word_1_67' title='bbox 1077 2368 1122 2444; x_wconf 86' lang='lat' dir='ltr'>is,</span> <span class='ocrx_word' id='word_1_68' title='bbox 1152 2368 1209 2452; x_wconf 92' lang='lat' dir='ltr'>qui</span> <span class='ocrx_word' id='word_1_69' title='bbox 1237 2387 1305 2434; x_wconf 90' lang='lat' dir='ltr'>rem</span> <span class='ocrx_word' id='word_1_70' title='bbox 1325 2369 1394 2435; x_wconf 84' lang='lat' dir='ltr'>sibi</span> <span class='ocrx_word' id='word_1_71' title='bbox 1414 2379 1527 2435; x_wconf 91' lang='lat' dir='ltr'>notam</span> <span class='ocrx_word' id='word_1_72' title='bbox 1552 2374 1647 2440; x_wconf 86' lang='lat' dir='ltr'>alteri</span> 
     </span>
    </p>
   </div>
   <div class='ocr_carea' id='block_1_7' title="bbox 1736 1373 1738 1640">
    <p class='ocr_par' dir='ltr' id='par_1_7' title="bbox 1736 1373 1738 1640">
     <span class='ocr_line' id='line_1_13' title="bbox 1736 1373 1738 1461; baseline 0 0"><span class='ocrx_word' id='word_1_73' title='bbox 1736 1373 1738 1461; x_wconf 76' lang='lat' dir='ltr'>r</span> 
     </span>
     <span class='ocr_line' id='line_1_14' title="bbox 1736 1495 1738 1640; baseline 0 0"><span class='ocrx_word' id='word_1_74' title='bbox 1736 1495 1738 1640; x_wconf 79' lang='lat' dir='ltr'>i</span> 
     </span>
    </p>
   </div>
   <div class='ocr_carea' id='block_1_8' title="bbox 343 2463 1738 2671">
    <p class='ocr_par' dir='ltr' id='par_1_8' title="bbox 343 2463 1738 2671">
     <span class='ocr_line' id='line_1_15' title="bbox 343 2463 1738 2564; baseline 0.001 -19"><span class='ocrx_word' id='word_1_75' title='bbox 343 2463 469 2519; x_wconf 73' lang='lat'>‘³¹¹⁰&#39;²¹&#39;’¹⁰¹&#39;</span> <span class='ocrx_word' id='word_1_76' title='bbox 522 2481 628 2545; x_wconf 79' lang='lat' dir='ltr'>refert.</span> <span class='ocrx_word' id='word_1_77' title='bbox 654 2479 692 2545; x_wconf 89' lang='lat' dir='ltr'>Et</span> <span class='ocrx_word' id='word_1_78' title='bbox 719 2486 825 2564; x_wconf 88' lang='lat' dir='ltr'>potest</span> <span class='ocrx_word' id='word_1_79' title='bbox 850 2496 920 2544; x_wconf 89' lang='lat' dir='ltr'>esse</span> <span class='ocrx_word' id='word_1_80' title='bbox 943 2480 1085 2543; x_wconf 81' lang='lat' dir='ltr'>oculatus</span> <span class='ocrx_word' id='word_1_81' title='bbox 1108 2478 1159 2543; x_wconf 88' lang='lat' dir='ltr'>vel</span> <span class='ocrx_word' id='word_1_82' title='bbox 1182 2475 1324 2559; x_wconf 84' lang='lat' dir='ltr'>auritus,</span> <span class='ocrx_word' id='word_1_83' title='bbox 1352 2478 1567 2555; x_wconf 65' lang='lat' dir='ltr'>immediatus,</span> <span class='ocrx_word' id='word_1_84' title='bbox 1594 2485 1649 2547; x_wconf 89' lang='lat' dir='ltr'>vel</span> <span class='ocrx_word' id='word_1_85' title='bbox 1736 2465 1738 2554; x_wconf 59' lang='grc' dir='ltr'>ὲ</span> 
     </span>
     <span class='ocr_line' id='line_1_16' title="bbox 520 2585 1738 2671; baseline -0.002 -20"><span class='ocrx_word' id='word_1_86' title='bbox 520 2587 690 2663; x_wconf 77' lang='lat' dir='ltr'>mediatur,</span> <span class='ocrx_word' id='word_1_87' title='bbox 712 2594 810 2671; x_wconf 89' lang='lat' dir='ltr'>prout</span> <span class='ocrx_word' id='word_1_88' title='bbox 828 2605 898 2651; x_wconf 88' lang='lat' dir='ltr'>rem</span> <span class='ocrx_word' id='word_1_89' title='bbox 918 2595 1026 2653; x_wconf 86' lang='lat' dir='ltr'>narret</span> <span class='ocrx_word' id='word_1_90' title='bbox 1044 2606 1064 2650; x_wconf 90' lang='lat' dir='ltr'>a</span> <span class='ocrx_word' id='word_1_91' title='bbox 1081 2585 1189 2669; x_wconf 88' lang='lat' dir='ltr'>seipso</span> <span class='ocrx_word' id='word_1_92' title='bbox 1209 2592 1413 2669; x_wconf 85' lang='lat' dir='ltr'>perceptam,</span> <span class='ocrx_word' id='word_1_93' title='bbox 1439 2588 1492 2651; x_wconf 85' lang='lat' dir='ltr'>vel</span> <span class='ocrx_word' id='word_1_94' title='bbox 1515 2588 1557 2652; x_wconf 95' lang='lat' dir='ltr'>ab</span> <span class='ocrx_word' id='word_1_95' title='bbox 1576 2590 1651 2656; x_wconf 85' lang='lat' dir='ltr'>aliis</span> <span class='ocrx_word' id='word_1_96' title='bbox 1736 2607 1738 2649; x_wconf 88' lang='grc'>;</span> 
     </span>
    </p>
   </div>
   <div class='ocr_carea' id='block_1_9' title="bbox 522 2691 1737 2768">
    <p class='ocr_par' dir='ltr' id='par_1_9' title="bbox 522 2691 1737 2768">
     <span class='ocr_line' id='line_1_17' title="bbox 522 2691 1737 2768; baseline -0.002 -5"><span class='ocrx_word' id='word_1_97' title='bbox 522 2694 582 2763; x_wconf 92' lang='lat' dir='ltr'>sibi</span> <span class='ocrx_word' id='word_1_98' title='bbox 602 2695 749 2763; x_wconf 88' lang='lat' dir='ltr'>relatam.</span> <span class='ocrx_word' id='word_1_99' title='bbox 770 2694 882 2760; x_wconf 87' lang='lat' dir='ltr'>Potest</span> <span class='ocrx_word' id='word_1_100' title='bbox 900 2692 978 2757; x_wconf 92' lang='lat' dir='ltr'>item</span> <span class='ocrx_word' id='word_1_101' title='bbox 998 2692 1091 2758; x_wconf 89' lang='lat' dir='ltr'>testis</span> <span class='ocrx_word' id='word_1_102' title='bbox 1110 2710 1181 2757; x_wconf 90' lang='lat' dir='ltr'>esse</span> <span class='ocrx_word' id='word_1_103' title='bbox 1207 2694 1343 2768; x_wconf 70' lang='lat' dir='ltr'>cianus,</span> <span class='ocrx_word' id='word_1_104' title='bbox 1365 2691 1391 2756; x_wconf 94' lang='lat' dir='ltr'>si</span> <span class='ocrx_word' id='word_1_105' title='bbox 1414 2693 1533 2758; x_wconf 91' lang='lat' dir='ltr'>eodem</span> <span class='ocrx_word' id='word_1_106' title='bbox 1558 2704 1652 2762; x_wconf 87' lang='lat' dir='ltr'>tem·</span> <span class='ocrx_word' id='word_1_107' title='bbox 1736 2709 1737 2714; x_wconf 74' lang='grc'>’</span> 
     </span>
    </p>
   </div>
   <div class='ocr_carea' id='block_1_10' title="bbox 522 2798 1647 2986">
    <p class='ocr_par' dir='ltr' id='par_1_10' title="bbox 522 2798 1647 2986">
     <span class='ocr_line' id='line_1_18' title="bbox 522 2798 1647 2887; baseline 0.003 -19"><span class='ocrx_word' id='word_1_108' title='bbox 522 2821 600 2887; x_wconf 89' lang='lat' dir='ltr'>pore</span> <span class='ocrx_word' id='word_1_109' title='bbox 620 2801 752 2879; x_wconf 87' lang='lat' dir='ltr'>vixerit,</span> <span class='ocrx_word' id='word_1_110' title='bbox 770 2821 837 2886; x_wconf 90' lang='lat' dir='ltr'>quo</span> <span class='ocrx_word' id='word_1_111' title='bbox 853 2803 975 2867; x_wconf 84' lang='lat' dir='ltr'>iactum</span> <span class='ocrx_word' id='word_1_112' title='bbox 989 2800 1144 2886; x_wconf 89' lang='lat' dir='ltr'>contigit;</span> <span class='ocrx_word' id='word_1_113' title='bbox 1159 2807 1290 2882; x_wconf 79' lang='lat' dir='ltr'><em>suppar,</em></span> <span class='ocrx_word' id='word_1_114' title='bbox 1312 2798 1339 2865; x_wconf 93' lang='lat' dir='ltr'>si</span> <span class='ocrx_word' id='word_1_115' title='bbox 1355 2817 1422 2866; x_wconf 94' lang='lat' dir='ltr'>non</span> <span class='ocrx_word' id='word_1_116' title='bbox 1437 2804 1543 2868; x_wconf 91' lang='lat' dir='ltr'>multo</span> <span class='ocrx_word' id='word_1_117' title='bbox 1556 2816 1647 2887; x_wconf 87' lang='lat' dir='ltr'>post;</span> 
     </span>
     <span class='ocr_line' id='line_1_19' title="bbox 522 2907 911 2986; baseline 0 -12"><span class='ocrx_word' id='word_1_118' title='bbox 522 2919 554 2976; x_wconf 89' lang='lat' dir='ltr'>et</span> <span class='ocrx_word' id='word_1_119' title='bbox 573 2913 725 2986; x_wconf 74' lang='lat' dir='ltr'>renatus,</span> <span class='ocrx_word' id='word_1_120' title='bbox 747 2909 774 2976; x_wconf 90' lang='lat' dir='ltr'>si</span> <span class='ocrx_word' id='word_1_121' title='bbox 793 2907 911 2974; x_wconf 89' lang='lat' dir='ltr'>serius.</span> 
     </span>
    </p>
   </div>
   <div class='ocr_carea' id='block_1_11' title="bbox 337 3015 1738 3102">
    <p class='ocr_par' dir='ltr' id='par_1_11' title="bbox 337 3015 1738 3102">
     <span class='ocr_line' id='line_1_20' title="bbox 337 3015 1738 3102; baseline 0.003 -25"><span class='ocrx_word' id='word_1_122' title='bbox 337 3033 470 3081; x_wconf 61' lang='lat' dir='ltr'>rounam</span> <span class='ocrx_word' id='word_1_123' title='bbox 589 3017 705 3092; x_wconf 82' lang='lat' dir='ltr'>Actus,</span> <span class='ocrx_word' id='word_1_124' title='bbox 726 3035 794 3100; x_wconf 91' lang='lat' dir='ltr'>quo</span> <span class='ocrx_word' id='word_1_125' title='bbox 813 3016 906 3082; x_wconf 89' lang='lat' dir='ltr'>testis</span> <span class='ocrx_word' id='word_1_126' title='bbox 925 3035 994 3081; x_wconf 91' lang='lat' dir='ltr'>rem</span> <span class='ocrx_word' id='word_1_127' title='bbox 1013 3015 1102 3080; x_wconf 83' lang='lat' dir='ltr'>atteri</span> <span class='ocrx_word' id='word_1_128' title='bbox 1122 3015 1299 3099; x_wconf 84' lang='lat' dir='ltr'>significat,</span> <span class='ocrx_word' id='word_1_129' title='bbox 1322 3028 1456 3085; x_wconf 84' lang='lat' dir='ltr'>vocatur</span> <span class='ocrx_word' id='word_1_130' title='bbox 1470 3019 1650 3102; x_wconf 72' lang='lat' dir='ltr'>testificatio</span> <span class='ocrx_word' id='word_1_131' title='bbox 1736 3062 1738 3081; x_wconf 89' lang='lat'>.</span> 
     </span>
    </p>
   </div>
   <div class='ocr_carea' id='block_1_12' title="bbox 389 3107 1648 3208">
    <p class='ocr_par' dir='ltr' id='par_1_12' title="bbox 389 3107 1648 3208">
     <span class='ocr_line' id='line_1_21' title="bbox 389 3107 1648 3208; baseline 0.004 -19"><span class='ocrx_word' id='word_1_132' title='bbox 389 3107 443 3187; x_wconf 77' lang='lat'>&#39;⁰¹.</span> <span class='ocrx_word' id='word_1_133' title='bbox 522 3126 574 3190; x_wconf 91' lang='lat' dir='ltr'>vel</span> <span class='ocrx_word' id='word_1_134' title='bbox 592 3124 818 3192; x_wconf 82' lang='lat' dir='ltr'>testimonium:</span> <span class='ocrx_word' id='word_1_135' title='bbox 838 3123 944 3207; x_wconf 90' lang='lat' dir='ltr'>quod,</span> <span class='ocrx_word' id='word_1_136' title='bbox 973 3133 1121 3208; x_wconf 89' lang='lat' dir='ltr'>respectu</span> <span class='ocrx_word' id='word_1_137' title='bbox 1148 3123 1258 3188; x_wconf 92' lang='lat' dir='ltr'>habito</span> <span class='ocrx_word' id='word_1_138' title='bbox 1286 3125 1328 3189; x_wconf 89' lang='lat' dir='ltr'>ad</span> <span class='ocrx_word' id='word_1_139' title='bbox 1346 3133 1542 3202; x_wconf 88' lang='lat' dir='ltr'>testantem,</span> <span class='ocrx_word' id='word_1_140' title='bbox 1563 3127 1648 3194; x_wconf 89' lang='lat' dir='ltr'>divi-</span> 
     </span>
    </p>
   </div>
   <div class='ocr_carea' id='block_1_13' title="bbox 334 3177 484 3222">
    <p class='ocr_par' dir='ltr' id='par_1_13' title="bbox 334 3177 484 3222">
     <span class='ocr_line' id='line_1_22' title="bbox 334 3177 484 3222; baseline 0.02 -3"><span class='ocrx_word' id='word_1_141' title='bbox 334 3177 484 3222; x_wconf 74' lang='lat' dir='ltr'>testimonium</span> 
     </span>
    </p>
   </div>
   <div class='ocr_carea' id='block_1_14' title="bbox 306 3231 1738 3641">
    <p class='ocr_par' dir='ltr' id='par_1_14' title="bbox 306 3231 1738 3641">
     <span class='ocr_line' id='line_1_23' title="bbox 306 3231 1738 3320; baseline 0.007 -29"><span class='ocrx_word' id='word_1_142' title='bbox 306 3246 505 3304; x_wconf 56' lang='lat' dir='ltr'>arsurumne..</span> <span class='ocrx_word' id='word_1_143' title='bbox 520 3233 659 3320; x_wconf 80' lang='lat' dir='ltr'>diturin</span> <span class='ocrx_word' id='word_1_144' title='bbox 677 3231 821 3297; x_wconf 79' lang='lat' dir='ltr'>divinum</span> <span class='ocrx_word' id='word_1_145' title='bbox 844 3239 877 3296; x_wconf 91' lang='lat' dir='ltr'>et</span> <span class='ocrx_word' id='word_1_146' title='bbox 895 3231 1081 3312; x_wconf 61' lang='lat' dir='ltr'>humanum·</span> <span class='ocrx_word' id='word_1_147' title='bbox 1101 3239 1249 3314; x_wconf 89' lang='lat' dir='ltr'>respectu</span> <span class='ocrx_word' id='word_1_148' title='bbox 1277 3249 1355 3296; x_wconf 89' lang='lat' dir='ltr'>vero</span> <span class='ocrx_word' id='word_1_149' title='bbox 1374 3232 1418 3296; x_wconf 90' lang='lat' dir='ltr'>rei</span> <span class='ocrx_word' id='word_1_150' title='bbox 1438 3243 1592 3310; x_wconf 80' lang='lat' dir='ltr'>narratae,</span> <span class='ocrx_word' id='word_1_151' title='bbox 1613 3237 1646 3301; x_wconf 92' lang='lat' dir='ltr'>in</span> <span class='ocrx_word' id='word_1_152' title='bbox 1736 3249 1738 3289; x_wconf 65' lang='grc' dir='ltr'><em>ῑ</em></span> 
     </span>
     <span class='ocr_line' id='line_1_24' title="bbox 521 3338 1738 3423; baseline 0.002 -17"><span class='ocrx_word' id='word_1_153' title='bbox 521 3340 701 3406; x_wconf 70' lang='lat' dir='ltr'>historicum</span> <span class='ocrx_word' id='word_1_154' title='bbox 715 3357 751 3404; x_wconf 86' lang='lat' dir='ltr'>ac</span> <span class='ocrx_word' id='word_1_155' title='bbox 765 3338 1106 3423; x_wconf 22' lang='lat' dir='ltr'>dogmatimuprout</span> <span class='ocrx_word' id='word_1_156' title='bbox 1120 3357 1183 3415; x_wconf 89' lang='lat' dir='ltr'>res,</span> <span class='ocrx_word' id='word_1_157' title='bbox 1197 3356 1273 3420; x_wconf 86' lang='lat' dir='ltr'>quae</span> <span class='ocrx_word' id='word_1_158' title='bbox 1288 3349 1450 3415; x_wconf 88' lang='lat' dir='ltr'>narratur,</span> <span class='ocrx_word' id='word_1_159' title='bbox 1465 3340 1508 3405; x_wconf 91' lang='lat' dir='ltr'>sit</span> <span class='ocrx_word' id='word_1_160' title='bbox 1522 3343 1646 3408; x_wconf 82' lang='lat' dir='ltr'>iactum</span> <span class='ocrx_word' id='word_1_161' title='bbox 1736 3356 1738 3383; x_wconf 72' lang='lat'>2</span> 
     </span>
     <span class='ocr_line' id='line_1_25' title="bbox 520 3445 1737 3529; baseline 0.001 -14"><span class='ocrx_word' id='word_1_162' title='bbox 520 3449 572 3515; x_wconf 91' lang='lat' dir='ltr'>vel</span> <span class='ocrx_word' id='word_1_163' title='bbox 605 3447 750 3514; x_wconf 88' lang='lat' dir='ltr'>doctrina</span> <span class='ocrx_word' id='word_1_164' title='bbox 782 3446 902 3529; x_wconf 88' lang='lat' dir='ltr'>aliqua.</span> <span class='ocrx_word' id='word_1_165' title='bbox 933 3447 1094 3528; x_wconf 83' lang='lat' dir='ltr'>Respecto</span> <span class='ocrx_word' id='word_1_166' title='bbox 1125 3445 1267 3529; x_wconf 86' lang='lat' dir='ltr'>denique</span> <span class='ocrx_word' id='word_1_167' title='bbox 1293 3446 1405 3512; x_wconf 89' lang='lat' dir='ltr'>habito</span> <span class='ocrx_word' id='word_1_168' title='bbox 1434 3449 1645 3516; x_wconf 91' lang='lat' dir='ltr'>admodum</span> <span class='ocrx_word' id='word_1_169' title='bbox 1736 3488 1737 3491; x_wconf 61' lang='lat'><em>=</em></span> 
     </span>
     <span class='ocr_line' id='line_1_26' title="bbox 522 3553 1737 3641; baseline 0.001 -19"><span class='ocrx_word' id='word_1_170' title='bbox 522 3554 728 3631; x_wconf 84' lang='lat' dir='ltr'>narrationis,</span> <span class='ocrx_word' id='word_1_171' title='bbox 749 3553 976 3622; x_wconf 89' lang='lat' dir='ltr'>testimonium</span> <span class='ocrx_word' id='word_1_172' title='bbox 995 3561 1104 3638; x_wconf 90' lang='lat' dir='ltr'>potest</span> <span class='ocrx_word' id='word_1_173' title='bbox 1122 3571 1194 3620; x_wconf 89' lang='lat' dir='ltr'>esse</span> <span class='ocrx_word' id='word_1_174' title='bbox 1210 3553 1362 3635; x_wconf 65' lang='lat' dir='ltr'>senorum</span> <span class='ocrx_word' id='word_1_175' title='bbox 1377 3555 1428 3619; x_wconf 82' lang='lat' dir='ltr'>vel</span> <span class='ocrx_word' id='word_1_176' title='bbox 1445 3559 1532 3622; x_wconf 76' lang='lat' dir='ltr'>orale</span> <span class='ocrx_word' id='word_1_177' title='bbox 1545 3557 1648 3641; x_wconf 89' lang='lat' dir='ltr'>potis-</span> <span class='ocrx_word' id='word_1_178' title='bbox 1736 3634 1737 3637; x_wconf 8' lang='grc' dir='ltr'><strong>Ἴ</strong></span> 
     </span>
    </p>
   </div>
   <div class='ocr_carea' id='block_1_15' title="bbox 521 3662 657 3729">
    <p class='ocr_par' dir='ltr' id='par_1_15' title="bbox 521 3662 657 3729">
     <span class='ocr_line' id='line_1_27' title="bbox 521 3662 657 3729; baseline 0 -1"><span class='ocrx_word' id='word_1_179' title='bbox 521 3662 657 3729; x_wconf 87' lang='lat' dir='ltr'>simum.</span> 
     </span>
    </p>
   </div>
   <div class='ocr_carea' id='block_1_16' title="bbox 307 3769 1737 3863">
    <p class='ocr_par' dir='ltr' id='par_1_16' title="bbox 307 3769 1737 3863">
     <span class='ocr_line' id='line_1_28' title="bbox 307 3769 1737 3863; baseline 0.006 -31"><span class='ocrx_word' id='word_1_180' title='bbox 307 3787 506 3834; x_wconf 61' lang='lat' dir='ltr'>numeraremus.</span> <span class='ocrx_word' id='word_1_181' title='bbox 588 3769 659 3835; x_wconf 88' lang='lat' dir='ltr'>Huc</span> <span class='ocrx_word' id='word_1_182' title='bbox 677 3769 775 3835; x_wconf 89' lang='lat' dir='ltr'>etiam</span> <span class='ocrx_word' id='word_1_183' title='bbox 796 3786 913 3834; x_wconf 87' lang='lat' dir='ltr'>revoca</span> <span class='ocrx_word' id='word_1_184' title='bbox 923 3769 1049 3852; x_wconf 81' lang='lat' dir='ltr'>famam</span> <span class='ocrx_word' id='word_1_185' title='bbox 1072 3769 1122 3833; x_wconf 86' lang='lat' dir='ltr'>vel</span> <span class='ocrx_word' id='word_1_186' title='bbox 1146 3787 1317 3846; x_wconf 84' lang='lat' dir='ltr'>rumorem,</span> <span class='ocrx_word' id='word_1_187' title='bbox 1344 3769 1400 3853; x_wconf 89' lang='lat' dir='ltr'>qui</span> <span class='ocrx_word' id='word_1_188' title='bbox 1424 3779 1473 3835; x_wconf 88' lang='lat' dir='ltr'>est</span> <span class='ocrx_word' id='word_1_189' title='bbox 1496 3772 1649 3839; x_wconf 90' lang='lat' dir='ltr'>testimo·</span> <span class='ocrx_word' id='word_1_190' title='bbox 1736 3860 1737 3863; x_wconf 8' lang='grc' dir='ltr'><strong>Ἴ</strong></span> 
     </span>
    </p>
   </div>
   <div class='ocr_carea' id='block_1_17' title="bbox 519 3875 1649 4390">
    <p class='ocr_par' dir='ltr' id='par_1_17' title="bbox 521 3875 1649 4068">
     <span class='ocr_line' id='line_1_29' title="bbox 522 3875 1649 3962; baseline 0.005 -20"><span class='ocrx_word' id='word_1_191' title='bbox 522 3878 613 3944; x_wconf 93' lang='lat' dir='ltr'>nium</span> <span class='ocrx_word' id='word_1_192' title='bbox 638 3877 781 3962; x_wconf 88' lang='lat' dir='ltr'>plurium</span> <span class='ocrx_word' id='word_1_193' title='bbox 801 3893 953 3942; x_wconf 87' lang='lat' dir='ltr'>sermone</span> <span class='ocrx_word' id='word_1_194' title='bbox 980 3875 1243 3960; x_wconf 85' lang='lat' dir='ltr'>percrebescens,</span> <span class='ocrx_word' id='word_1_195' title='bbox 1270 3877 1394 3943; x_wconf 91' lang='lat' dir='ltr'>incerto</span> <span class='ocrx_word' id='word_1_196' title='bbox 1418 3888 1503 3945; x_wconf 88' lang='lat' dir='ltr'>teste</span> <span class='ocrx_word' id='word_1_197' title='bbox 1526 3880 1649 3948; x_wconf 90' lang='lat' dir='ltr'>imme·</span> 
     </span>
     <span class='ocr_line' id='line_1_30' title="bbox 521 3983 1152 4068; baseline -0.002 -17"><span class='ocrx_word' id='word_1_198' title='bbox 521 3985 625 4061; x_wconf 90' lang='lat' dir='ltr'>diat0,</span> <span class='ocrx_word' id='word_1_199' title='bbox 647 4002 751 4068; x_wconf 89' lang='lat' dir='ltr'>aquo</span> <span class='ocrx_word' id='word_1_200' title='bbox 770 3984 950 4067; x_wconf 87' lang='lat' dir='ltr'>sumpserit</span> <span class='ocrx_word' id='word_1_201' title='bbox 968 3983 1152 4050; x_wconf 87' lang='lat' dir='ltr'>exordium.</span> 
     </span>
    </p>

    <p class='ocr_par' dir='ltr' id='par_1_18' title="bbox 519 4088 1648 4390">
     <span class='ocr_line' id='line_1_31' title="bbox 589 4088 1648 4174; baseline 0.005 -17"><span class='ocrx_word' id='word_1_202' title='bbox 589 4091 676 4158; x_wconf 84' lang='lat' dir='ltr'>Cum</span> <span class='ocrx_word' id='word_1_203' title='bbox 695 4109 773 4156; x_wconf 90' lang='lat' dir='ltr'>vero</span> <span class='ocrx_word' id='word_1_204' title='bbox 796 4088 1025 4156; x_wconf 88' lang='lat' dir='ltr'>testimonium</span> <span class='ocrx_word' id='word_1_205' title='bbox 1046 4108 1112 4156; x_wconf 93' lang='lat' dir='ltr'>non</span> <span class='ocrx_word' id='word_1_206' title='bbox 1135 4090 1219 4156; x_wconf 91' lang='lat' dir='ltr'>inter</span> <span class='ocrx_word' id='word_1_207' title='bbox 1247 4093 1388 4174; x_wconf 85' lang='lat' dir='ltr'>aequales</span> <span class='ocrx_word' id='word_1_208' title='bbox 1411 4097 1648 4162; x_wconf 90' lang='lat' dir='ltr'>tantummodo</span> 
     </span>
     <span class='ocr_line' id='line_1_32' title="bbox 520 4195 1648 4284; baseline 0.002 -18"><span class='ocrx_word' id='word_1_209' title='bbox 520 4199 724 4284; x_wconf 86' lang='lat' dir='ltr'>divulgetur,</span> <span class='ocrx_word' id='word_1_210' title='bbox 746 4198 804 4262; x_wconf 88' lang='lat' dir='ltr'>sed</span> <span class='ocrx_word' id='word_1_211' title='bbox 822 4198 863 4262; x_wconf 90' lang='lat' dir='ltr'>ad</span> <span class='ocrx_word' id='word_1_212' title='bbox 881 4206 1031 4280; x_wconf 88' lang='lat' dir='ltr'>posteros</span> <span class='ocrx_word' id='word_1_213' title='bbox 1049 4195 1147 4262; x_wconf 85' lang='lat' dir='ltr'>etiam</span> <span class='ocrx_word' id='word_1_214' title='bbox 1174 4198 1355 4264; x_wconf 89' lang='lat' dir='ltr'>transmitti·</span> <span class='ocrx_word' id='word_1_215' title='bbox 1369 4199 1471 4282; x_wconf 88' lang='lat' dir='ltr'>possit</span> <span class='ocrx_word' id='word_1_216' title='bbox 1490 4219 1527 4267; x_wconf 88' lang='lat' dir='ltr'>ac</span> <span class='ocrx_word' id='word_1_217' title='bbox 1546 4219 1648 4284; x_wconf 88' lang='lat' dir='ltr'>porro</span> 
     </span>
     <span class='ocr_line' id='line_1_33' title="bbox 519 4305 1648 4390; baseline 0.003 -17"><span class='ocrx_word' id='word_1_218' title='bbox 519 4305 768 4382; x_wconf 88' lang='lat' dir='ltr'>transmittatur,</span> <span class='ocrx_word' id='word_1_219' title='bbox 781 4322 840 4389; x_wconf 91' lang='lat' dir='ltr'>pro</span> <span class='ocrx_word' id='word_1_220' title='bbox 849 4306 1002 4371; x_wconf 89' lang='lat' dir='ltr'>varietate</span> <span class='ocrx_word' id='word_1_221' title='bbox 1012 4305 1235 4383; x_wconf 86' lang='lat' dir='ltr'>instrumenti,</span> <span class='ocrx_word' id='word_1_222' title='bbox 1251 4305 1519 4390; x_wconf 80' lang='lat' dir='ltr'>cujusbenesrcio</span> <span class='ocrx_word' id='word_1_223' title='bbox 1534 4327 1574 4372; x_wconf 88' lang='lat' dir='ltr'>ea</span> <span class='ocrx_word' id='word_1_224' title='bbox 1589 4309 1648 4376; x_wconf 82' lang='lat' dir='ltr'>irat</span> 
     </span>
    </p>
   </div>
   <div class='ocr_carea' id='block_1_18' title="bbox 519 4396 1737 4490">
    <p class='ocr_par' dir='ltr' id='par_1_19' title="bbox 519 4396 1737 4490">
     <span class='ocr_line' id='line_1_34' title="bbox 519 4396 1737 4490; baseline 0.001 -10"><span class='ocrx_word' id='word_1_225' title='bbox 519 4413 742 4490; x_wconf 75' lang='lat' dir='ltr'>transmissio,</span> <span class='ocrx_word' id='word_1_226' title='bbox 772 4413 927 4479; x_wconf 74' lang='lat' dir='ltr'>dividitur</span> <span class='ocrx_word' id='word_1_227' title='bbox 952 4413 984 4478; x_wconf 79' lang='lat' dir='ltr'>tn</span> <span class='ocrx_word' id='word_1_228' title='bbox 1011 4415 1129 4478; x_wconf 68' lang='lat' dir='ltr'>aram</span> <span class='ocrx_word' id='word_1_229' title='bbox 1157 4412 1374 4490; x_wconf 69' lang='lat' dir='ltr'>traditionem,</span> <span class='ocrx_word' id='word_1_230' title='bbox 1401 4416 1587 4480; x_wconf 69' lang='lat' dir='ltr'>neuma</span> <span class='ocrx_word' id='word_1_231' title='bbox 1614 4429 1649 4482; x_wconf 74' lang='lat' dir='ltr'>et</span> <span class='ocrx_word' id='word_1_232' title='bbox 1736 4396 1737 4405; x_wconf 70' lang='lat'><em>&#39;</em></span> 
     </span>
    </p>
   </div>
   <div class='ocr_carea' id='block_1_19' title="bbox 349 4518 1738 4734">
    <p class='ocr_par' dir='ltr' id='par_1_20' title="bbox 349 4518 1738 4734">
     <span class='ocr_line' id='line_1_35' title="bbox 371 4518 1738 4612; baseline 0.001 -28"><span class='ocrx_word' id='word_1_233' title='bbox 371 4553 395 4584; x_wconf 74' lang='lat' dir='ltr'>a</span> <span class='ocrx_word' id='word_1_234' title='bbox 412 4539 458 4592; x_wconf 74' lang='lat' dir='ltr'>rto,</span> <span class='ocrx_word' id='word_1_235' title='bbox 519 4525 728 4588; x_wconf 81' lang='lat' dir='ltr'>monunrenta.</span> <span class='ocrx_word' id='word_1_236' title='bbox 749 4518 853 4586; x_wconf 82' lang='lat' dir='ltr'>Oratis</span> <span class='ocrx_word' id='word_1_237' title='bbox 872 4519 1001 4586; x_wconf 90' lang='lat' dir='ltr'>traditio</span> <span class='ocrx_word' id='word_1_238' title='bbox 1016 4529 1067 4586; x_wconf 90' lang='lat' dir='ltr'>est</span> <span class='ocrx_word' id='word_1_239' title='bbox 1082 4521 1220 4589; x_wconf 84' lang='lat' dir='ltr'>narratio</span> <span class='ocrx_word' id='word_1_240' title='bbox 1232 4539 1290 4605; x_wconf 90' lang='lat' dir='ltr'>per</span> <span class='ocrx_word' id='word_1_241' title='bbox 1303 4521 1493 4588; x_wconf 88' lang='lat' dir='ltr'>continuam</span> <span class='ocrx_word' id='word_1_242' title='bbox 1508 4525 1647 4589; x_wconf 89' lang='lat' dir='ltr'>testium</span> <span class='ocrx_word' id='word_1_243' title='bbox 1736 4550 1738 4612; x_wconf 58' lang='lat'>3</span> 
     </span>
     <span class='ocr_line' id='line_1_36' title="bbox 349 4623 1737 4734; baseline -0.004 -33"><span class='ocrx_word' id='word_1_244' title='bbox 349 4623 478 4734; x_wconf 53' lang='lat'>2²:¹22:</span> <span class='ocrx_word' id='word_1_245' title='bbox 521 4627 775 4704; x_wconf 88' lang='lat' dir='ltr'>successionem,</span> <span class='ocrx_word' id='word_1_246' title='bbox 793 4627 988 4694; x_wconf 88' lang='lat' dir='ltr'>memoriam</span> <span class='ocrx_word' id='word_1_247' title='bbox 1004 4628 1076 4694; x_wconf 84' lang='lat' dir='ltr'>iacti</span> <span class='ocrx_word' id='word_1_248' title='bbox 1091 4628 1230 4712; x_wconf 89' lang='lat' dir='ltr'>posteris</span> <span class='ocrx_word' id='word_1_249' title='bbox 1248 4647 1304 4695; x_wconf 92' lang='lat' dir='ltr'>ore</span> <span class='ocrx_word' id='word_1_250' title='bbox 1319 4628 1559 4697; x_wconf 88' lang='lat' dir='ltr'>transmittens.</span> <span class='ocrx_word' id='word_1_251' title='bbox 1580 4631 1649 4698; x_wconf 74' lang='lat' dir='ltr'>Do</span> <span class='ocrx_word' id='word_1_252' title='bbox 1736 4628 1737 4631; x_wconf 72' lang='grc'>’</span> 
     </span>
    </p>
   </div>
   <div class='ocr_carea' id='block_1_20' title="bbox 520 4735 1647 4822">
    <p class='ocr_par' dir='ltr' id='par_1_21' title="bbox 520 4735 1647 4822">
     <span class='ocr_line' id='line_1_37' title="bbox 520 4735 1647 4822; baseline 0 -18"><span class='ocrx_word' id='word_1_253' title='bbox 520 4744 714 4804; x_wconf 91' lang='lat' dir='ltr'>cumentum</span> <span class='ocrx_word' id='word_1_254' title='bbox 742 4747 793 4803; x_wconf 90' lang='lat' dir='ltr'>est</span> <span class='ocrx_word' id='word_1_255' title='bbox 822 4736 896 4801; x_wconf 83' lang='lat' dir='ltr'>sacti</span> <span class='ocrx_word' id='word_1_256' title='bbox 923 4735 1148 4802; x_wconf 88' lang='lat' dir='ltr'>testimonium</span> <span class='ocrx_word' id='word_1_257' title='bbox 1175 4736 1294 4820; x_wconf 85' lang='lat' dir='ltr'>scripto</span> <span class='ocrx_word' id='word_1_258' title='bbox 1319 4737 1564 4822; x_wconf 89' lang='lat' dir='ltr'>consignatum.</span> <span class='ocrx_word' id='word_1_259' title='bbox 1592 4739 1647 4804; x_wconf 77' lang='lat' dir='ltr'>ad</span> 
     </span>
    </p>
   </div>
   <div class='ocr_carea' id='block_1_21' title="bbox 0 0 1752 5525">
    <p class='ocr_par' dir='ltr' id='par_1_22' title="bbox 0 0 1752 5525">
     <span class='ocr_line' id='line_1_38' title="bbox 0 0 1752 5525; baseline 0 0"><span class='ocrx_word' id='word_1_260' title='bbox 0 0 1752 5525; x_wconf 95' lang='lat' dir='ltr'> </span> 
     </span>
    </p>
   </div>
  </div>
 </body>
</html>
