3492 5525
547 441 604 533 178
734 442 859 515 [norea
879 443 1131 516 Minoa—Drsr.
1158 461 1200 515 1.·
1221 443 1302 514 Car.
1326 459 1397 534 ψ’

506 629 730 721 Casiodori(r)
742 641 775 700 et
793 631 938 699 Severini
951 631 1064 711 Boetii,
1079 633 1306 717 universeque
1321 631 1448 699 Schoiae
1459 651 1623 700 consensu

504 739 737 824 comprobatur
752 737 820 828 (2).
1184 819 1188 826 ⁵

347 870 429 919 uocem
550 865 604 932 50.
652 847 842 914 Secundum
862 849 944 914 hanc
961 867 1039 933 ergo
1057 848 1253 915 divisionem
1273 848 1388 914 decem
1409 847 1548 915 omnino
1568 865 1629 914 nu·

303 941 480 1022 mm*
505 964 673 1021 merantur
691 953 954 1040 praedicamenta,
972 975 1091 1040 nempe
1103 956 1303 1034 Substantia,
1321 955 1501 1038 Quantitas,
1516 955 1629 1039 Quoti-

504 1065 563 1137 tas,
589 1063 727 1141 Relatio,
749 1064 858 1139 Actio,
879 1063 1008 1142 Passio,
1036 1065 1187 1147 Quando,
1212 1063 1287 1140 Ubi,
1313 1063 1401 1130 Situs
1424 1073 1456 1130 et
1480 1063 1628 1128 Habitus:

503 1186 578 1252 quae
601 1169 940 1246 omniaSchoiastici,
961 1170 1128 1237 memoriae
1143 1168 1298 1256 juvandae
1321 1189 1435 1248 causa,
1461 1170 1629 1236 versiculis

504 1277 592 1344 hisce
610 1279 853 1344 concluserunt:

691 1441 797 1506 Arbor
812 1460 869 1506 sex
886 1459 1007 1519 seruos,
1027 1443 1141 1507 ardore
1159 1440 1330 1526 refrigerat
1343 1445 1440 1508 ustos:

685 1567 757 1614 cras
770 1548 843 1614 ruri
858 1549 963 1626 stabo,
982 1550 1039 1614 sed
1054 1549 1212 1614 tenuatus
1229 1568 1294 1616 ero.

569 1711 679 1777 Arbor
704 1710 866 1796 significat
891 1711 1133 1794 Substantiam
1161 1713 1225 1778 Sex
1251 1709 1497 1792 Quantitatem3
1522 1729 1629 1776 seruos

504 1817 722 1899 Relationem3
749 1821 864 1883 ardore
893 1817 1111 1900 Qsalitatem3
1137 1817 1304 1903 refrigerat
1325 1817 1515 1900 Actionem3
1544 1821 1628 1883 ustos

504 1925 711 2015 Passionem3
733 1943 805 1991 cras
828 1924 988 2006 Quando;
1013 1925 1086 1992 ruri
1110 1925 1188 2008 Ubi3
1210 1926 1296 1992 stabo
1321 1924 1445 2008 Situm3
1472 1924 1626 1991 Habitum

503 2030 645 2115 denique
665 2030 832 2100 tunicatus.

566 2141 635 2222 jam
667 2140 740 2205 licet
773 2141 812 2205 ad
846 2132 1112 2228 Metaphysicam'
1135 2148 1262 2224 spectet
1294 2140 1626 2207 Praedicamentorum

504 2257 652 2314 accurata
667 2247 888 2331 pertractatio,
907 2248 1003 2313 debet
1018 2249 1230 2315 nibilominus
1245 2248 1366 2332 aliquid
1381 2249 1421 2314 de
1437 2248 1515 2332 ipsis
1526 2248 1625 2313 etiam
1728 2331 1729 2340 ἵ

504 2355 623 2440 Logica
645 2355 797 2420 delibare.
825 2355 875 2420 nd
899 2354 1003 2439 ipsam
1027 2355 1115 2420 enirn
1139 2363 1265 2440 spectat
1287 2366 1360 2422 turn
1386 2357 1489 2422 varias
1511 2357 1628 2440 praedi·
1728 2357 1729 2446 f

503 2463 647 2528 cationes
675 2462 898 2539 considerare,
924 2471 995 2527 turn
1023 2445 1160 2529 moduni
1187 2463 1302 2529 docere
1328 2472 1413 2530 recte
1437 2463 1625 2538 definiendi,

504 2569 685 2647 dividendi,
711 2568 974 2655 argumentandi.
1002 2569 1052 2635 Ad
1075 2578 1179 2636 totam
1204 2580 1313 2637 autem
1339 2572 1422 2637 hanc
1441 2569 1626 2636 ‘doctrinam

498 2677 782 2762 opportunissima
800 2676 912 2741 accidit
931 2677 1058 2762 aliqua,
1075 2679 1191 2743 saltem
1208 2679 1334 2756 rudior,
1352 2680 1392 2743 de
1408 2677 1505 2744 rebus
1520 2679 1628 2742 omni-

503 2785 584 2863 bus,
601 2804 675 2869 quae
691 2785 723 2851 in
738 2785 992 2869 disputationem
1008 2786 1116 2852 venire
1129 2795 1286 2870 possunt,
1300 2786 1413 2853 notitia
1425 2784 1489 2874 (3).
1502 2784 1627 2863 Quam-

503 2893 617 2958 obrem
637 2893 845 2968 Aristoteles,
866 2890 903 2959 S.
923 2892 1080 2981 Thomas,
1101 2894 1218 2977 aliique
1232 2893 1325 2979 prisci
1339 2893 1526 2978 Philosophi
1537 2912 1628 2959 conr·

504 3000 698 3066 manissime
716 3001 857 3083 aliquam
878 3000 918 3063 dc
938 3000 1197 3067 praedicamentis
1215 3000 1439 3068 tractationem
1459 3001 1491 3066 in
1510 3000 1626 3085 Logica
1727 3022 1728 3049 2

503 3106 729 3174 instituebant.

504 3266 783 3280 ——-—..

538 3310 580 3370 (ι)
616 3305 682 3364 Lib.
697 3307 828 3380 derint,
842 3316 870 3365 et
885 3308 1006 3381 discipl.
1022 3305 1137 3363 liberat.
1150 3326 1213 3377 cap.
1229 3326 1255 3374 3.

537 3400 578 3463 (2)
614 3396 679 3453 Non
687 3396 806 3455 defuere
820 3411 928 3465 tamen,
942 3397 992 3467 qui
1003 3397 1079 3453 hanc
1094 3408 1136 3454 tot
1151 3395 1320 3453 nominibus
1334 3394 1529 3453 venerandam
1544 3406 1625 3453 cate-

501 3485 648 3559 goriarum
662 3484 901 3545 divisionem'aut
916 3500 1084 3557 respuerent
1097 3485 1243 3543 autetiam
1259 3483 1428 3554 irriderent,
1443 3484 1623 3557 potissimum

501 3596 536 3633 ex
560 3596 617 3647 quo
640 3574 819 3635 Cartesianae
832 3575 972 3636 doctrinae
986 3575 1090 3647 placita
1102 3594 1225 3647 regnare
1239 3574 1269 3631 in
1284 3573 1391 3632 scholis
1409 3586 1565 3645 caeperunt.
1580 3572 1627 3632 ln-

501 3679 546 3723 ter
559 3665 614 3723 hos
629 3677 782 3724 novatores
803 3680 905 3725 auctor
919 3667 1002 3723 Artis
1014 3666 1167 3740 cogitandi
1176 3664 1296 3739 (Logia.
1319 3682 1401 3736 pars,
1421 3686 1449 3733 r,
1465 3684 1526 3734 cap.
1543 3668 1571 3737 3)
1592 3684 1625 3722 eo

501 3755 672 3814 temeritatis
694 3776 865 3830 progressus
893 3752 946 3825 es't,
974 3768 1006 3814 ut
1034 3755 1108 3812 hanc
1133 3753 1344 3827 categoriarum
1374 3753 1624 3812 Aristotelicarum

500 3844 603 3903 seriem
627 3846 820 3925 reprehendat
842 3859 992 3917 tamquam
1017 3845 1216 3915 arbitrariam,
1238 3856 1375 3915 utpotae
1401 3845 1464 3901 uiri
1475 3844 1624 3919 cujusdam
1724 3884 1726 3905 r

489 3934 713 4009 inauguratione
731 3934 886 4006 proiectam
897 3978 904 4002 ,
917 3942 1006 4009 penes
1020 3954 1100 4007 quern
1108 3934 1163 4009 jus
1177 3934 1287 3991 nuttam
1303 3934 1340 3991 ad
1358 3934 1439 4007 teges
1454 3934 1527 3991 otiis
1546 3934 1626 3991 scri—

500 4022 617 4093 bendas,
640 4038 669 4082 et
683 4037 834 4095 nmquam
850 4025 1062 4098 perniciosam,
1087 4044 1153 4103 curn
1176 4024 1304 4081 homines
1323 4024 1442 4081 inducat
1463 4024 1501 4079 ad
1523 4024 1626 4080 inanes
1723 4080 1724 4083 ,

499 4114 651 4171 uerborum
661 4115 786 4173 curtim
804 4116 984 4188 prosincero
997 4118 1104 4184 fructu
1128 4115 1327 4189 acceptandus,
1352 4114 1575 4187 credendumque
1595 4134 1627 4171 se
1723 4112 1724 4115 ’

500 4206 597 4260 omnia
610 4204 699 4273 scien·
718 4205 799 4263 mado
813 4205 996 4264 dinunrerare
1010 4206 1110 4263 ualeat
1124 4204 1252 4279 quadarn
1266 4206 1384 4262 nomina
1396 4200 1626 4279 significationis

499 4291 665 4351 arbitraria
682 4313 744 4368 qua
757 4296 869 4352 nullam
888 4295 999 4353 claram
1022 4294 1246 4369 distinctumque
1267 4293 1362 4351 ideam
1382 4294 1562 4366 imprimunt.
1585 4293 1626 4352 ita

499 4380 678 4452 doctrinam,
691 4402 781 4455 quam
800 4396 843 4441 tot
856 4382 912 4441 riri
937 4381 1101 4442 doctissimi
1118 4397 1195 4442 retro
1209 4396 1339 4443 actorum
1353 4381 1526 4442 saeculorum
1540 4402 1627 4443 reve-

498 4468 548 4529 riti
562 4469 687 4541 iuerant,
701 4472 913 4533 audacissimus
928 4472 1053 4545 scriptor
1066 4472 1250 4545 iniquissime
1260 4472 1415 4547 profligare
1427 4470 1588 4534 contendit.

533 4561 576 4633 (3)
611 4560 701 4632 Vide,
729 4563 754 4621 si
785 4563 880 4634 lubet,
914 4564 950 4622 de
983 4562 1029 4623 his
1052 4560 1177 4633 Suarez,
1205 4565 1283 4639 disp.
1306 4562 1435 4637 Metepb.
1460 4582 1508 4637 39,
1534 4582 1565 4621 n.
1601 4584 1625 4635 ¹3
1724 4560 1725 4565 ’

499 4649 620 4710 fonsec.
645 4652 695 4710 tib.
718 4670 732 4726 5
754 4652 881 4727 Metapb.
900 4654 954 4712 loe.
979 4653 1041 4725 cit.;
1068 4652 1248 4714 Conimbric.
1279 4665 1308 4712 et
1330 4652 1423 4714 Tolet.
1450 4651 1481 4712 in
1496 4654 1623 4715 Aristot.

498 4740 736 4803 Pradr'carnenta.
1132 4738 1134 4747 ⁴
1176 4754 1178 4759 '
1724 4734 1725 4783 i
