3492 5525
519 473 578 539 744
640 457 766 522 Looict
782 452 1014 530 Maron-Lis.
1033 468 1092 518 au·
1106 452 1198 518 θυεμ.
1219 467 1260 516 1.·
1275 453 1356 520 Cae.
1367 467 1440 536 μω

480 646 577 723 prout
596 639 657 706 hoc
676 644 771 722 pacto
791 653 1001 720 expressum:
1021 636 1089 702 Hoc
1109 634 1246 711 animal,
1266 655 1332 702 non
1351 645 1405 702 est
1422 635 1606 702 formaliter

480 746 633 812 rationale
654 764 712 814 nec
731 745 930 821 irrationale,
952 753 1051 827 atque
1069 742 1153 809 adeo
1181 742 1364 826 praescindit
1382 743 1425 809 ab
1442 751 1601 826 utroque,

478 870 554 917 curn
575 871 615 918 ex
634 852 664 918 vi
684 851 768 919 illius
794 849 1013 936 expressionis
1037 859 1189 916 neutrum
1213 859 1378 936 appareat.
1406 851 1493 917 lilius
1516 870 1602 935 ergo

480 961 620 1026 essentia
639 959 859 1045 metaphysica
879 957 1011 1043 praecise
1028 966 1080 1024 est
1097 959 1234 1035 animal,
1255 979 1290 1024 ac
1308 959 1446 1044 proinde
1464 977 1541 1025 cum
1556 959 1603 1023 de

479 1068 533 1132 illo
552 1066 742 1150 praedicatur
759 1067 908 1136 animalis
927 1066 1019 1142 ratio,
1033 1074 1202 1148 tamquam
1222 1067 1348 1152 integra
1365 1066 1470 1150 ipsius
1487 1085 1603 1132 essen-

479 1174 522 1239 tia
542 1173 744 1258 praedicatur.
1316 1230 1319 1234 A

546 1281 669 1346 Deinde
685 1299 793 1366 genus
808 1282 999 1365 praedicatur
1014 1281 1201 1348 immediate
1215 1282 1257 1346 de
1277 1281 1451 1350 individuis
1470 1282 1602 1346 incom-

479 1388 590 1472 pletis,
604 1383 697 1455 ‘cum
719 1397 867 1472 respectu
887 1390 1016 1456 illorum
1045 1408 1110 1455 non
1137 1408 1173 1454 se
1191 1389 1307 1454 habeat
1328 1389 1430 1456 instar
1452 1389 1599 1473 generis,

478 1497 535 1562 sed
556 1495 664 1580 potius
683 1495 783 1563 instar
802 1495 938 1581 speciei,
959 1497 1084 1581 species
1101 1507 1211 1563 autern
1238 1495 1426 1562 immediate
1445 1495 1603 1579 praedice·

476 1612 530 1668 tur
544 1603 585 1668 de
604 1603 793 1680 individuis,
820 1614 856 1671 ut
873 1607 974 1670 Homo
991 1605 1032 1670 de
1051 1604 1146 1671 Petro
1168 1612 1201 1670 et
1219 1604 1330 1670 Paulo.
1357 1601 1404 1668 De
1421 1602 1602 1670 individuis
1624 1628 1628 1636 ·

477 1719 588 1776 autem
604 1710 777 1795 completis
795 1731 902 1796 genus
919 1715 1029 1780 solum
1044 1711 1236 1797 praedicatur
1254 1711 1411 1787 mediate,
1432 1721 1505 1776 turn
1520 1712 1600 1795 quia

397 1841 420 1910 .'
477 1818 561 1885 inter
588 1818 754 1886 individua
782 1828 814 1884 et
841 1838 949 1904 genus
972 1820 1005 1886 in
1035 1820 1149 1885 arbore
1175 1818 1446 1903 praedicamentali
1475 1817 1599 1885 mediat

477 1927 618 2010 species3
639 1935 711 1993 tum
732 1927 809 2012 quia
829 1929 908 1993 ratio
927 1926 1075 2011 specifica
1092 1929 1323 1994 convenienter
1345 1927 1468 1993 assumi
1488 1937 1599 2010 potest

477 2033 518 2098 ad
545 2033 749 2118 probandum
772 2053 879 2119 genus
897 2034 938 2098 de
964 2033 1149 2111 individuo,
1176 2043 1212 2100 ut
1238 2034 1367 2100 Petrum
1387 2033 1602 2100 esseorum!

477 2160 510 2208 v.
531 2161 565 2226 g.
587 2149 672 2208 recte
692 2143 848 2226 probatur
866 2161 907 2208 ex
921 2130 988 2218 oo,¹
999 2145 1083 2226 quod
1098 2145 1213 2210 Petrus
1229 2146 1279 2208 est
1294 2137 1407 2229 domo(
1432 2139 1458 2228 ).

854 2299 873 2392 ᾗ
896 2292 1214 2371 tV.-t)1rrmmm.

331 2499 343 2529 e
372 2499 452 2531 munus
525 2465 598 2547 185.
645 2462 776 2548 Triplex
802 2481 923 2531 munus
940 2463 1131 2532 differentiae
1149 2463 1182 2529 in
1202 2411 1321 2548 logica
1338 2461 1456 2532 Minori
1474 2464 1599 2531 indica·

476 2571 602 2646 vimus,
621 2571 762 2638 dimitere
784 2591 902 2656 gertus,
928 2573 1116 2640 constitraere
1139 2572 1282 2654 specim,
1310 2591 1347 2637 ac
1363 2572 1539 2653 predicari
1556 2575 1598 2638 de

475 2678 589 2760 specim
606 2697 648 2744 ex
664 2679 725 2744 itoc
738 2677 851 2764 triplici
872 2699 1007 2756 munere
1025 2678 1190 2765 tripliciter
1208 2698 1226 2745 a
1247 2679 1425 2766 Porphyrio
1444 2678 1598 2746 diileren-

353 2804 401 2833 ¹⁰⁰¹
475 2785 518 2851 tia
532 2786 734 2854 describitur.
751 2785 881 2863 Quibus
894 2786 1072 2873 suppositis
1086 2785 1225 2855 dubitari
1245 2796 1289 2853 r.⁰
1304 2794 1430 2871 potest,
1446 2806 1489 2853 an
1503 2789 1598 2854 dilie-

298 2946 397 2977 ...ΝΜ
408 2948 425 2977 ,,
475 2896 577 2960 rentia
596 2894 638 2961 sit
657 2896 846 2961 universalis
862 2905 1010 2980 respectu
1028 2894 1164 2981 speciei,
1180 2913 1280 2978 quarn
1300 2894 1480 2961 constituit.
1497 2894 1598 2962 Affir-

425 3006 452 3016 ''
476 3010 567 3067 mant
580 3002 731 3085 quidam,
753 3003 811 3069 sed
830 3002 939 3071 verius
959 3003 1147 3089 negandum
1162 3013 1213 3069 est
1229 3019 1308 3069 cum
1321 3002 1596 3069 communissima

475 3110 645 3176 sententia.
676 3108 760 3184 Quia
789 3116 826 3176 ut
855 3110 977 3194 aliquid
1004 3110 1046 3175 sit
1068 3111 1249 3176 universale
1274 3118 1420 3193 respectu
1445 3110 1593 3185 alterius,

474 3225 602 3301 oportet
631 3227 667 3283 ut
683 3236 729 3295 ‚eo
752 3218 990 3301 superiussit,
1011 3238 1047 3283 ac
1065 3218 1161 3284 latius
1191 3225 1310 3302 pateat.
1329 3214 1393 3283 Sed
1411 3216 1595 3283 differentia

475 3342 540 3390 non
556 3323 652 3391 latius
671 3332 760 3409 patet
777 3325 900 3409 specie,
921 3344 1021 3409 quam
1040 3325 1221 3391 constituit.
1242 3326 1367 3409 Ergo...
1385 3322 1436 3409 (π)

520 3431 572 3517 ²2⁰
615 3437 747 3507 Deinde
761 3438 942 3517 quaeritur,
956 3441 1067 3499 utrum
1081 3434 1196 3499 ultima
1206 3432 1386 3498 differentia
1398 3432 1441 3499 sit
1451 3433 1595 3497 formali-

281 3606 300 3636 „
316 3536 438 3639 '0322’
474 3547 523 3605 tas
554 3540 694 3624 simplex
727 3550 759 3606 et
791 3538 994 3607 indivisibilis
1020 3540 1052 3606 in
1082 3542 1190 3623 plures
1219 3540 1429 3605 formalitates
1451 3538 1592 3605 invicem

331 3679 353 3709 m
376 3680 402 3711 a
474 3644 596 3712 ratione
616 3646 795 3713 distinctas.
816 3646 853 3711 Et
880 3666 990 3713 sermo
1009 3658 1058 3713 est
1077 3647 1118 3713 de
1143 3645 1390 3714 formalitatibus
1418 3647 1526 3730 primo
1543 3647 1594 3713 in-

473 3754 715 3830 tentionalibus.
731 3754 877 3839 Negasse
897 3755 1005 3838 plures
1025 3753 1150 3838 antiqui
1169 3753 1321 3819 videntur
1337 3750 1401 3840 (3).
1418 3752 1484 3820 Sed
1501 3772 1593 3820 oom-

474 3860 667 3927 munissima
702 3860 863 3927 sententia
900 3861 993 3928 docet
1031 3862 1147 3927 saltem
1186 3862 1356 3945 plerasque
1392 3860 1591 3927 differentias

472 3966 728 4033 substantiarum
756 3976 789 4033 et
815 3968 1030 4035 accidentium
1057 3986 1130 4034 esse
1148 3967 1387 4052 simplicissima
1406 3967 1588 4051 praedicata.

471 4074 509 4140 Et
532 4076 612 4141 ratio
631 4087 697 4153 est,
717 4076 793 4159 quia
814 4077 901 4141 nulla
921 4082 971 4141 est
989 4076 1165 4143 necessitas
1190 4094 1248 4142 nec
1267 4076 1523 4160 fundamentum
1541 4074 1592 4140 di-

505 4286 547 4354 (r)
583 4284 659 4344 Vide
673 4286 816 4355 Lossade⁸
832 4287 949 4363 Logia,
966 4299 1048 4345 tract.
1065 4307 1098 4358 ς,
1114 4286 1191 4361 disp.
1211 4309 1235 4358 ι,
1250 4309 1312 4366 cap.
1336 4311 1361 4359 r,
1376 4310 1408 4351 n.
1423 4312 1457 4351 aa
1469 4312 1552 4367 sqq.

505 4376 545 4447 (2)
582 4375 658 4434 Vide
671 4377 756 4449 plura
777 4374 856 4448 apud
871 4376 1016 4443 Lossadu‚
1038 4377 1154 4454 Logia,
1179 4391 1262 4437 tract.
1285 4401 1316 4451 3,
1337 4380 1414 4453 disp.
1429 4403 1461 4449 a,
1476 4404 1540 4456 esp.
1561 4405 1589 4455 ²3

468 4464 575 4533 Joaon.
589 4486 607 4524 a
621 4464 654 4523 S.
670 4465 788 4533 thom..
798 4466 914 4542 Lugio..
930 4479 1033 4537 queat.
1052 4486 1095 4536 ro,
1109 4479 1165 4526 art.
1180 4489 1212 4541 33
1223 4466 1459 4542 complutensem
1470 4474 1590 4549 Legit..

468 4554 544 4626 disp.
557 4577 584 4629 7,
600 4568 704 4626 quaest.
720 4574 738 4611 2
751 4568 808 4613 etc.

503 4642 545 4717 (3)
580 4645 667 4717 Apud
682 4644 828 4711 Lossada,
844 4644 902 4704 loc.
915 4644 965 4705 eit.
981 4666 1012 4705 n.
1026 4648 1060 4717 6,
1074 4658 1104 4707 et
1117 4646 1355 4721 Complutensea,
1374 4648 1428 4711 loe.
1445 4672 1519 4725 nup.
1536 4652 1589 4713 cit.

468 4744 572 4803 quest.
589 4754 614 4805 3.
