<?xml version="1.0" encoding="UTF-8"?>
<!DOCTYPE html PUBLIC "-//W3C//DTD XHTML 1.0 Transitional//EN"
    "http://www.w3.org/TR/xhtml1/DTD/xhtml1-transitional.dtd">
<html xmlns="http://www.w3.org/1999/xhtml" xml:lang="en" lang="en">
 <head>
  <title>
</title>
<meta http-equiv="Content-Type" content="text/html;charset=utf-8" />
  <meta name='ocr-system' content='tesseract 3.04.00' />
  <meta name='ocr-capabilities' content='ocr_page ocr_carea ocr_par ocr_line ocrx_word'/>
</head>
<body>
  <div class='ocr_page' id='page_1' title='image "./institutionesph00urrgoog/institutionesph00urrgoog_0298.png"; bbox 0 0 3492 5525; ppageno 0'>
   <div class='ocr_carea' id='block_1_1' title="bbox 553 448 1416 535">
    <p class='ocr_par' dir='ltr' id='par_1_1' title="bbox 553 448 1416 535">
     <span class='ocr_line' id='line_1_1' title="bbox 553 448 1416 535; baseline 0 -20"><span class='ocrx_word' id='word_1_1' title='bbox 553 469 614 535; x_wconf 84' lang='lat'>²74</span> <span class='ocrx_word' id='word_1_2' title='bbox 755 454 880 517; x_wconf 77' lang='lat' dir='ltr'>Locren</span> <span class='ocrx_word' id='word_1_3' title='bbox 901 448 1150 516; x_wconf 72' lang='lat' dir='ltr'>Minox-Dico.</span> <span class='ocrx_word' id='word_1_4' title='bbox 1175 462 1221 515; x_wconf 71' lang='lat' dir='ltr'>a·</span> <span class='ocrx_word' id='word_1_5' title='bbox 1241 450 1320 516; x_wconf 77' lang='lat' dir='ltr'>Cae.</span> <span class='ocrx_word' id='word_1_6' title='bbox 1345 464 1416 515; x_wconf 58' lang='grc' dir='ltr'><em>ψ</em></span> 
     </span>
    </p>
   </div>
   <div class='ocr_carea' id='block_1_2' title="bbox 511 634 1640 1258">
    <p class='ocr_par' dir='ltr' id='par_1_2' title="bbox 511 634 1640 940">
     <span class='ocr_line' id='line_1_2' title="bbox 511 634 1640 721; baseline -0.001 -20"><span class='ocrx_word' id='word_1_7' title='bbox 511 639 588 702; x_wconf 87' lang='lat' dir='ltr'>sunl</span> <span class='ocrx_word' id='word_1_8' title='bbox 603 637 810 704; x_wconf 81' lang='lat' dir='ltr'>insensibilia.</span> <span class='ocrx_word' id='word_1_9' title='bbox 831 636 894 703; x_wconf 85' lang='lat' dir='ltr'>Alii</span> <span class='ocrx_word' id='word_1_10' title='bbox 913 654 993 701; x_wconf 87' lang='lat' dir='ltr'>vero</span> <span class='ocrx_word' id='word_1_11' title='bbox 1012 636 1129 702; x_wconf 91' lang='lat' dir='ltr'>volunt</span> <span class='ocrx_word' id='word_1_12' title='bbox 1153 637 1199 701; x_wconf 90' lang='lat' dir='ltr'>sic</span> <span class='ocrx_word' id='word_1_13' title='bbox 1219 634 1446 721; x_wconf 78' lang='lat' dir='ltr'>explicandam</span> <span class='ocrx_word' id='word_1_14' title='bbox 1465 651 1555 701; x_wconf 86' lang='lat' dir='ltr'>esse:</span> <span class='ocrx_word' id='word_1_15' title='bbox 1578 635 1640 701; x_wconf 84' lang='lat' dir='ltr'>Vei</span> 
     </span>
     <span class='ocr_line' id='line_1_3' title="bbox 511 743 1638 829; baseline -0.002 -20"><span class='ocrx_word' id='word_1_16' title='bbox 511 744 613 809; x_wconf 80' lang='lat' dir='ltr'>mnnis</span> <span class='ocrx_word' id='word_1_17' title='bbox 639 745 727 811; x_wconf 81' lang='lat' dir='ltr'>donno</span> <span class='ocrx_word' id='word_1_18' title='bbox 754 744 947 811; x_wconf 75' lang='lat' dir='ltr'>insensibilis</span> <span class='ocrx_word' id='word_1_19' title='bbox 973 747 1034 821; x_wconf 79' lang='lat' dir='ltr'>est,</span> <span class='ocrx_word' id='word_1_20' title='bbox 1065 745 1117 809; x_wconf 82' lang='lat' dir='ltr'>nel</span> <span class='ocrx_word' id='word_1_21' title='bbox 1142 746 1220 809; x_wconf 84' lang='lat' dir='ltr'>sunt</span> <span class='ocrx_word' id='word_1_22' title='bbox 1233 743 1300 809; x_wconf 79' lang='lat' dir='ltr'>alric</span> <span class='ocrx_word' id='word_1_23' title='bbox 1318 758 1455 829; x_wconf 80' lang='lat' dir='ltr'>quoque,</span> <span class='ocrx_word' id='word_1_24' title='bbox 1475 760 1545 829; x_wconf 82' lang='lat' dir='ltr'>quoe</span> <span class='ocrx_word' id='word_1_25' title='bbox 1572 760 1638 807; x_wconf 89' lang='lat' dir='ltr'>non</span> 
     </span>
     <span class='ocr_line' id='line_1_4' title="bbox 511 844 1534 940; baseline 0 -25"><span class='ocrx_word' id='word_1_26' title='bbox 511 851 797 919; x_wconf 78' lang='lat' dir='ltr'>suntinsmsr&#39;irilric</span> <span class='ocrx_word' id='word_1_27' title='bbox 814 849 879 940; x_wconf 84' lang='grc' dir='ltr'><strong>(ι).</strong></span> <span class='ocrx_word' id='word_1_28' title='bbox 1305 844 1308 851; x_wconf 86' lang='grc'><strong>’</strong></span> <span class='ocrx_word' id='word_1_29' title='bbox 1531 891 1534 900; x_wconf 87' lang='lat'>·</span> 
     </span>
    </p>

    <p class='ocr_par' dir='ltr' id='par_1_3' title="bbox 513 958 1640 1258">
     <span class='ocr_line' id='line_1_5' title="bbox 580 958 1640 1045; baseline -0.002 -20"><span class='ocrx_word' id='word_1_30' title='bbox 580 960 632 1025; x_wconf 82' lang='lat' dir='ltr'>Ad</span> <span class='ocrx_word' id='word_1_31' title='bbox 645 960 909 1045; x_wconf 78' lang='lat' dir='ltr'>cognoscendam</span> <span class='ocrx_word' id='word_1_32' title='bbox 926 958 1132 1043; x_wconf 82' lang='lat' dir='ltr'>qualitatem,</span> <span class='ocrx_word' id='word_1_33' title='bbox 1149 958 1297 1041; x_wconf 84' lang='lat' dir='ltr'>itemque</span> <span class='ocrx_word' id='word_1_34' title='bbox 1311 958 1482 1026; x_wconf 89' lang='lat' dir='ltr'>veritatem</span> <span class='ocrx_word' id='word_1_35' title='bbox 1499 958 1640 1024; x_wconf 90' lang='lat' dir='ltr'>exclusi-</span> 
     </span>
     <span class='ocr_line' id='line_1_6' title="bbox 513 1065 1639 1153; baseline 0 -22"><span class='ocrx_word' id='word_1_36' title='bbox 513 1082 644 1146; x_wconf 90' lang='lat' dir='ltr'>varum,</span> <span class='ocrx_word' id='word_1_37' title='bbox 673 1076 797 1134; x_wconf 89' lang='lat' dir='ltr'>attente</span> <span class='ocrx_word' id='word_1_38' title='bbox 815 1066 1009 1135; x_wconf 90' lang='lat' dir='ltr'>considerari</span> <span class='ocrx_word' id='word_1_39' title='bbox 1029 1075 1159 1151; x_wconf 78' lang='lat' dir='ltr'>oportet</span> <span class='ocrx_word' id='word_1_40' title='bbox 1178 1067 1358 1153; x_wconf 81' lang='lat' dir='ltr'>legitimam</span> <span class='ocrx_word' id='word_1_41' title='bbox 1373 1065 1564 1133; x_wconf 88' lang='lat' dir='ltr'>earumdem</span> <span class='ocrx_word' id='word_1_42' title='bbox 1581 1084 1639 1131; x_wconf 90' lang='lat' dir='ltr'>ex-</span> 
     </span>
     <span class='ocr_line' id='line_1_7' title="bbox 513 1172 726 1258; baseline 0.009 -18"><span class='ocrx_word' id='word_1_43' title='bbox 513 1172 726 1258; x_wconf 86' lang='lat' dir='ltr'>positionem.</span> 
     </span>
    </p>
   </div>
   <div class='ocr_carea' id='block_1_3' title="bbox 914 1406 1234 1497">
    <p class='ocr_par' dir='ltr' id='par_1_4' title="bbox 914 1406 1234 1497">
     <span class='ocr_line' id='line_1_8' title="bbox 914 1406 1234 1497; baseline 0.009 -25"><span class='ocrx_word' id='word_1_44' title='bbox 914 1406 932 1497; x_wconf 69' lang='lat'>5</span> <span class='ocrx_word' id='word_1_45' title='bbox 952 1407 1234 1475; x_wconf 70' lang='lat' dir='ltr'>li-Excerrrvffi.</span> 
     </span>
    </p>
   </div>
   <div class='ocr_carea' id='block_1_4' title="bbox 314 1602 1729 4484">
    <p class='ocr_par' dir='ltr' id='par_1_5' title="bbox 385 1602 1643 1903">
     <span class='ocr_line' id='line_1_9' title="bbox 385 1602 1638 1712; baseline 0 -44"><span class='ocrx_word' id='word_1_46' title='bbox 385 1681 409 1712; x_wconf 61' lang='lat' dir='ltr'>m</span> <span class='ocrx_word' id='word_1_47' title='bbox 584 1620 657 1685; x_wconf 77' lang='lat'><strong>¹24·</strong></span> <span class='ocrx_word' id='word_1_48' title='bbox 704 1604 871 1686; x_wconf 72' lang='lat' dir='ltr'>Excrplroa</span> <span class='ocrx_word' id='word_1_49' title='bbox 886 1606 1005 1671; x_wconf 90' lang='lat' dir='ltr'>dicitur</span> <span class='ocrx_word' id='word_1_50' title='bbox 1020 1603 1215 1689; x_wconf 78' lang='lat' dir='ltr'>propositio,</span> <span class='ocrx_word' id='word_1_51' title='bbox 1232 1622 1307 1687; x_wconf 88' lang='lat' dir='ltr'>quae</span> <span class='ocrx_word' id='word_1_52' title='bbox 1322 1602 1462 1670; x_wconf 82' lang='lat' dir='ltr'>afficitur</span> <span class='ocrx_word' id='word_1_53' title='bbox 1476 1602 1572 1689; x_wconf 83' lang='lat' dir='ltr'>signo</span> <span class='ocrx_word' id='word_1_54' title='bbox 1585 1607 1638 1669; x_wconf 85' lang='lat' dir='ltr'>vel</span> 
     </span>
     <span class='ocr_line' id='line_1_10' title="bbox 426 1698 1643 1797; baseline 0.002 -22"><span class='ocrx_word' id='word_1_55' title='bbox 426 1698 432 1730; x_wconf 71' lang='lat'><strong>²</strong></span> <span class='ocrx_word' id='word_1_56' title='bbox 514 1711 669 1796; x_wconf 90' lang='lat' dir='ltr'>particula</span> <span class='ocrx_word' id='word_1_57' title='bbox 683 1710 852 1796; x_wconf 86' lang='lat' dir='ltr'>exceptiva</span> <span class='ocrx_word' id='word_1_58' title='bbox 861 1716 994 1793; x_wconf 76' lang='lat' dir='ltr'>preter,</span> <span class='ocrx_word' id='word_1_59' title='bbox 1012 1712 1092 1788; x_wconf 87' lang='lat' dir='ltr'>nisi,</span> <span class='ocrx_word' id='word_1_60' title='bbox 1110 1721 1173 1778; x_wconf 90' lang='lat' dir='ltr'>etc.</span> <span class='ocrx_word' id='word_1_61' title='bbox 1191 1732 1223 1778; x_wconf 92' lang='lat' dir='ltr'>v.</span> <span class='ocrx_word' id='word_1_62' title='bbox 1241 1728 1290 1797; x_wconf 62' lang='lat' dir='ltr'>gs</span> <span class='ocrx_word' id='word_1_63' title='bbox 1306 1710 1424 1777; x_wconf 82' lang='lat' dir='ltr'>Omnes</span> <span class='ocrx_word' id='word_1_64' title='bbox 1434 1718 1643 1793; x_wconf 76' lang='lat' dir='ltr'>peccaverunt</span> 
     </span>
     <span class='ocr_line' id='line_1_11' title="bbox 513 1818 1280 1903; baseline 0 -20"><span class='ocrx_word' id='word_1_65' title='bbox 513 1818 547 1884; x_wconf 83' lang='lat' dir='ltr'>in</span> <span class='ocrx_word' id='word_1_66' title='bbox 568 1819 692 1896; x_wconf 82' lang='lat' dir='ltr'>Adam,</span> <span class='ocrx_word' id='word_1_67' title='bbox 712 1833 842 1901; x_wconf 80' lang='lat' dir='ltr'>praeter</span> <span class='ocrx_word' id='word_1_68' title='bbox 856 1826 898 1886; x_wconf 87' lang='lat' dir='ltr'>B.</span> <span class='ocrx_word' id='word_1_69' title='bbox 920 1824 1103 1903; x_wconf 75' lang='lat' dir='ltr'>Virginem</span> <span class='ocrx_word' id='word_1_70' title='bbox 1118 1823 1280 1887; x_wconf 83' lang='lat' dir='ltr'>Mariam.</span> 
     </span>
    </p>

    <p class='ocr_par' dir='ltr' id='par_1_6' title="bbox 509 1926 1640 2547">
     <span class='ocr_line' id='line_1_12' title="bbox 580 1926 1638 2012; baseline 0.005 -22"><span class='ocrx_word' id='word_1_71' title='bbox 580 1926 735 2011; x_wconf 84' lang='lat' dir='ltr'>Exceptio</span> <span class='ocrx_word' id='word_1_72' title='bbox 758 1936 808 1992; x_wconf 88' lang='lat' dir='ltr'>est</span> <span class='ocrx_word' id='word_1_73' title='bbox 836 1927 990 1993; x_wconf 84' lang='lat' dir='ltr'>detractio</span> <span class='ocrx_word' id='word_1_74' title='bbox 1017 1927 1116 2012; x_wconf 89' lang='lat' dir='ltr'>partis</span> <span class='ocrx_word' id='word_1_75' title='bbox 1138 1945 1158 1992; x_wconf 88' lang='lat' dir='ltr'>a</span> <span class='ocrx_word' id='word_1_76' title='bbox 1179 1934 1266 1992; x_wconf 90' lang='lat' dir='ltr'>toto:</span> <span class='ocrx_word' id='word_1_77' title='bbox 1288 1944 1386 2009; x_wconf 87' lang='lat' dir='ltr'>quare</span> <span class='ocrx_word' id='word_1_78' title='bbox 1406 1927 1472 1993; x_wconf 90' lang='lat' dir='ltr'>veri</span> <span class='ocrx_word' id='word_1_79' title='bbox 1493 1926 1638 1995; x_wconf 87' lang='lat' dir='ltr'>nominis</span> 
     </span>
     <span class='ocr_line' id='line_1_13' title="bbox 513 2030 1640 2121; baseline 0.002 -22"><span class='ocrx_word' id='word_1_80' title='bbox 513 2033 684 2118; x_wconf 77' lang='lat' dir='ltr'>exceptive</span> <span class='ocrx_word' id='word_1_81' title='bbox 702 2034 881 2119; x_wconf 84' lang='lat' dir='ltr'>propositio</span> <span class='ocrx_word' id='word_1_82' title='bbox 900 2035 966 2102; x_wconf 90' lang='lat' dir='ltr'>duo</span> <span class='ocrx_word' id='word_1_83' title='bbox 985 2034 1166 2101; x_wconf 88' lang='lat' dir='ltr'>necessario</span> <span class='ocrx_word' id='word_1_84' title='bbox 1186 2035 1345 2119; x_wconf 88' lang='lat' dir='ltr'>postulat:</span> <span class='ocrx_word' id='word_1_85' title='bbox 1366 2030 1406 2121; x_wconf 88' lang='grc' dir='ltr'>α)</span> <span class='ocrx_word' id='word_1_86' title='bbox 1424 2042 1460 2099; x_wconf 91' lang='lat' dir='ltr'>ut</span> <span class='ocrx_word' id='word_1_87' title='bbox 1479 2035 1640 2101; x_wconf 89' lang='lat' dir='ltr'>terminus</span> 
     </span>
     <span class='ocr_line' id='line_1_14' title="bbox 513 2140 1640 2227; baseline 0.002 -22"><span class='ocrx_word' id='word_1_88' title='bbox 513 2141 569 2223; x_wconf 85' lang='lat' dir='ltr'>qui</span> <span class='ocrx_word' id='word_1_89' title='bbox 595 2141 755 2224; x_wconf 85' lang='lat' dir='ltr'>excipitur</span> <span class='ocrx_word' id='word_1_90' title='bbox 778 2142 982 2208; x_wconf 90' lang='lat' dir='ltr'>contineatur</span> <span class='ocrx_word' id='word_1_91' title='bbox 1007 2143 1070 2209; x_wconf 92' lang='lat' dir='ltr'>sub</span> <span class='ocrx_word' id='word_1_92' title='bbox 1097 2140 1327 2226; x_wconf 90' lang='lat' dir='ltr'>propositionis</span> <span class='ocrx_word' id='word_1_93' title='bbox 1350 2142 1530 2227; x_wconf 85' lang='lat' dir='ltr'>exceptivae</span> <span class='ocrx_word' id='word_1_94' title='bbox 1558 2143 1640 2209; x_wconf 55' lang='lat' dir='ltr'>suin</span> 
     </span>
     <span class='ocr_line' id='line_1_15' title="bbox 509 2246 1638 2336; baseline 0.002 -24"><span class='ocrx_word' id='word_1_95' title='bbox 509 2248 615 2331; x_wconf 87' lang='lat' dir='ltr'>jecto:</span> <span class='ocrx_word' id='word_1_96' title='bbox 637 2246 677 2336; x_wconf 83' lang='grc' dir='ltr'>β)</span> <span class='ocrx_word' id='word_1_97' title='bbox 696 2257 733 2313; x_wconf 90' lang='lat' dir='ltr'>ut</span> <span class='ocrx_word' id='word_1_98' title='bbox 755 2249 939 2333; x_wconf 83' lang='lat' dir='ltr'>subjectum</span> <span class='ocrx_word' id='word_1_99' title='bbox 964 2250 1111 2335; x_wconf 88' lang='lat' dir='ltr'>ejusdem</span> <span class='ocrx_word' id='word_1_100' title='bbox 1136 2258 1284 2315; x_wconf 90' lang='lat' dir='ltr'>sumatur</span> <span class='ocrx_word' id='word_1_101' title='bbox 1308 2249 1542 2316; x_wconf 89' lang='lat' dir='ltr'>universaliter.</span> <span class='ocrx_word' id='word_1_102' title='bbox 1568 2250 1638 2317; x_wconf 90' lang='lat' dir='ltr'>Nisi</span> 
     </span>
     <span class='ocr_line' id='line_1_16' title="bbox 514 2355 1640 2441; baseline 0.004 -22"><span class='ocrx_word' id='word_1_103' title='bbox 514 2355 602 2420; x_wconf 89' lang='lat' dir='ltr'>enim</span> <span class='ocrx_word' id='word_1_104' title='bbox 622 2365 771 2422; x_wconf 89' lang='lat' dir='ltr'>sumatur</span> <span class='ocrx_word' id='word_1_105' title='bbox 790 2356 1029 2432; x_wconf 88' lang='lat' dir='ltr'>universaliter,</span> <span class='ocrx_word' id='word_1_106' title='bbox 1050 2357 1208 2422; x_wconf 90' lang='lat' dir='ltr'>terminus</span> <span class='ocrx_word' id='word_1_107' title='bbox 1228 2366 1382 2441; x_wconf 89' lang='lat' dir='ltr'>exceptus</span> <span class='ocrx_word' id='word_1_108' title='bbox 1402 2376 1468 2422; x_wconf 89' lang='lat' dir='ltr'>non</span> <span class='ocrx_word' id='word_1_109' title='bbox 1489 2375 1640 2423; x_wconf 89' lang='lat' dir='ltr'>necessa-</span> 
     </span>
     <span class='ocr_line' id='line_1_17' title="bbox 516 2464 1640 2547; baseline 0.004 -20"><span class='ocrx_word' id='word_1_110' title='bbox 516 2464 562 2527; x_wconf 92' lang='lat' dir='ltr'>rio</span> <span class='ocrx_word' id='word_1_111' title='bbox 593 2465 657 2530; x_wconf 91' lang='lat' dir='ltr'>sub</span> <span class='ocrx_word' id='word_1_112' title='bbox 689 2464 775 2529; x_wconf 90' lang='lat' dir='ltr'>iliius</span> <span class='ocrx_word' id='word_1_113' title='bbox 808 2464 997 2531; x_wconf 88' lang='lat' dir='ltr'>extensione</span> <span class='ocrx_word' id='word_1_114' title='bbox 1029 2464 1263 2545; x_wconf 90' lang='lat' dir='ltr'>continebitur;</span> <span class='ocrx_word' id='word_1_115' title='bbox 1291 2465 1381 2547; x_wconf 90' lang='lat' dir='ltr'>quod</span> <span class='ocrx_word' id='word_1_116' title='bbox 1409 2464 1435 2529; x_wconf 90' lang='lat' dir='ltr'>si</span> <span class='ocrx_word' id='word_1_117' title='bbox 1465 2466 1527 2531; x_wconf 91' lang='lat' dir='ltr'>sub</span> <span class='ocrx_word' id='word_1_118' title='bbox 1553 2464 1640 2531; x_wconf 89' lang='lat' dir='ltr'>illius</span> 
     </span>
    </p>

    <p class='ocr_par' dir='ltr' id='par_1_7' title="bbox 402 2570 1641 2960">
     <span class='ocr_line' id='line_1_18' title="bbox 402 2570 1639 2656; baseline 0.002 -22"><span class='ocrx_word' id='word_1_119' title='bbox 402 2595 407 2603; x_wconf 94' lang='lat'><strong>·</strong></span> <span class='ocrx_word' id='word_1_120' title='bbox 515 2572 704 2638; x_wconf 87' lang='lat' dir='ltr'>extensione</span> <span class='ocrx_word' id='word_1_121' title='bbox 724 2592 789 2637; x_wconf 92' lang='lat' dir='ltr'>non</span> <span class='ocrx_word' id='word_1_122' title='bbox 812 2572 1032 2648; x_wconf 83' lang='lat' dir='ltr'>contineatur,</span> <span class='ocrx_word' id='word_1_123' title='bbox 1058 2590 1216 2655; x_wconf 88' lang='lat' dir='ltr'>quorsum</span> <span class='ocrx_word' id='word_1_124' title='bbox 1241 2572 1330 2637; x_wconf 91' lang='lat' dir='ltr'>venit</span> <span class='ocrx_word' id='word_1_125' title='bbox 1352 2570 1519 2656; x_wconf 70' lang='lat' dir='ltr'>exceptio?</span> <span class='ocrx_word' id='word_1_126' title='bbox 1543 2572 1639 2637; x_wconf 89' lang='lat' dir='ltr'>Unde</span> 
     </span>
     <span class='ocr_line' id='line_1_19' title="bbox 514 2678 1639 2774; baseline 0.004 -32"><span class='ocrx_word' id='word_1_127' title='bbox 514 2678 622 2763; x_wconf 90' lang='lat' dir='ltr'>inepta</span> <span class='ocrx_word' id='word_1_128' title='bbox 641 2689 692 2745; x_wconf 85' lang='lat' dir='ltr'>est</span> <span class='ocrx_word' id='word_1_129' title='bbox 711 2699 748 2745; x_wconf 91' lang='lat' dir='ltr'>ac</span> <span class='ocrx_word' id='word_1_130' title='bbox 766 2679 835 2746; x_wconf 80' lang='lat' dir='ltr'>salsi</span> <span class='ocrx_word' id='word_1_131' title='bbox 855 2680 1014 2766; x_wconf 88' lang='lat' dir='ltr'>suppositi</span> <span class='ocrx_word' id='word_1_132' title='bbox 1035 2681 1119 2745; x_wconf 86' lang='lat' dir='ltr'>haec:</span> <span class='ocrx_word' id='word_1_133' title='bbox 1135 2678 1245 2745; x_wconf 84' lang='lat' dir='ltr'>Omnis</span> <span class='ocrx_word' id='word_1_134' title='bbox 1260 2680 1346 2774; x_wconf 86' lang='lat' dir='ltr'>homo</span> <span class='ocrx_word' id='word_1_135' title='bbox 1363 2695 1493 2763; x_wconf 83' lang='lat' dir='ltr'>praeter</span> <span class='ocrx_word' id='word_1_136' title='bbox 1507 2702 1639 2764; x_wconf 87' lang='lat' dir='ltr'>equum</span> 
     </span>
     <span class='ocr_line' id='line_1_20' title="bbox 513 2787 1641 2880; baseline 0.002 -29"><span class='ocrx_word' id='word_1_137' title='bbox 513 2790 562 2851; x_wconf 82' lang='lat' dir='ltr'>est</span> <span class='ocrx_word' id='word_1_138' title='bbox 576 2787 727 2869; x_wconf 82' lang='lat' dir='ltr'>risibilis;</span> <span class='ocrx_word' id='word_1_139' title='bbox 750 2787 894 2871; x_wconf 86' lang='lat' dir='ltr'>itemque</span> <span class='ocrx_word' id='word_1_140' title='bbox 919 2791 1004 2854; x_wconf 86' lang='lat' dir='ltr'>haec:</span> <span class='ocrx_word' id='word_1_141' title='bbox 1025 2788 1154 2874; x_wconf 78' lang='lat' dir='ltr'>Alr&#39;quis</span> <span class='ocrx_word' id='word_1_142' title='bbox 1176 2788 1262 2853; x_wconf 79' lang='lat' dir='ltr'>honlo</span> <span class='ocrx_word' id='word_1_143' title='bbox 1284 2801 1413 2880; x_wconf 76' lang='lat' dir='ltr'>praeter</span> <span class='ocrx_word' id='word_1_144' title='bbox 1431 2795 1573 2856; x_wconf 86' lang='lat' dir='ltr'>Petrum</span> <span class='ocrx_word' id='word_1_145' title='bbox 1591 2792 1641 2854; x_wconf 81' lang='lat' dir='ltr'>esl</span> 
     </span>
     <span class='ocr_line' id='line_1_21' title="bbox 512 2895 632 2960; baseline 0.017 -2"><span class='ocrx_word' id='word_1_146' title='bbox 512 2895 632 2960; x_wconf 78' lang='lat' dir='ltr'>doclrn.</span> 
     </span>
    </p>

    <p class='ocr_par' dir='ltr' id='par_1_8' title="bbox 513 3001 1641 3298">
     <span class='ocr_line' id='line_1_22' title="bbox 581 3001 1639 3086; baseline 0.003 -20"><span class='ocrx_word' id='word_1_147' title='bbox 581 3001 656 3067; x_wconf 86' lang='lat' dir='ltr'>Non</span> <span class='ocrx_word' id='word_1_148' title='bbox 680 3021 751 3068; x_wconf 89' lang='lat' dir='ltr'>raro</span> <span class='ocrx_word' id='word_1_149' title='bbox 774 3011 884 3068; x_wconf 88' lang='lat' dir='ltr'>tamen</span> <span class='ocrx_word' id='word_1_150' title='bbox 903 3006 1019 3085; x_wconf 72' lang='lat' dir='ltr'>proter</span> <span class='ocrx_word' id='word_1_151' title='bbox 1041 3001 1129 3068; x_wconf 90' lang='lat' dir='ltr'>idem</span> <span class='ocrx_word' id='word_1_152' title='bbox 1153 3010 1248 3070; x_wconf 87' lang='lat' dir='ltr'>sonat</span> <span class='ocrx_word' id='word_1_153' title='bbox 1270 3010 1369 3086; x_wconf 87' lang='lat' dir='ltr'>atque</span> <span class='ocrx_word' id='word_1_154' title='bbox 1386 3004 1486 3080; x_wconf 86' lang='lat' dir='ltr'>ultra,</span> <span class='ocrx_word' id='word_1_155' title='bbox 1507 3013 1540 3068; x_wconf 93' lang='lat' dir='ltr'>et</span> <span class='ocrx_word' id='word_1_156' title='bbox 1557 3011 1639 3070; x_wconf 90' lang='lat' dir='ltr'>tunc</span> 
     </span>
     <span class='ocr_line' id='line_1_23' title="bbox 514 3107 1641 3194; baseline 0.003 -20"><span class='ocrx_word' id='word_1_157' title='bbox 514 3127 581 3174; x_wconf 91' lang='lat' dir='ltr'>non</span> <span class='ocrx_word' id='word_1_158' title='bbox 605 3109 703 3175; x_wconf 85' lang='lat' dir='ltr'>efficit</span> <span class='ocrx_word' id='word_1_159' title='bbox 730 3111 986 3194; x_wconf 87' lang='lat' dir='ltr'>propositionem</span> <span class='ocrx_word' id='word_1_160' title='bbox 1010 3109 1229 3193; x_wconf 89' lang='lat' dir='ltr'>exceptivam,</span> <span class='ocrx_word' id='word_1_161' title='bbox 1260 3118 1297 3175; x_wconf 94' lang='lat' dir='ltr'>ut</span> <span class='ocrx_word' id='word_1_162' title='bbox 1323 3110 1349 3176; x_wconf 90' lang='lat' dir='ltr'>si</span> <span class='ocrx_word' id='word_1_163' title='bbox 1377 3109 1484 3177; x_wconf 88' lang='lat' dir='ltr'>dicas:</span> <span class='ocrx_word' id='word_1_164' title='bbox 1516 3107 1641 3178; x_wconf 83' lang='lat' dir='ltr'>Proeler</span> 
     </span>
     <span class='ocr_line' id='line_1_24' title="bbox 513 3216 1225 3298; baseline 0.001 -18"><span class='ocrx_word' id='word_1_165' title='bbox 513 3216 701 3298; x_wconf 71' lang='lat' dir='ltr'>Hispaniam</span> <span class='ocrx_word' id='word_1_166' title='bbox 717 3221 794 3284; x_wconf 85' lang='lat' dir='ltr'>sunl</span> <span class='ocrx_word' id='word_1_167' title='bbox 807 3218 882 3283; x_wconf 78' lang='lat' dir='ltr'>alic</span> <span class='ocrx_word' id='word_1_168' title='bbox 899 3218 1041 3283; x_wconf 85' lang='lat' dir='ltr'>nationes</span> <span class='ocrx_word' id='word_1_169' title='bbox 1057 3217 1225 3283; x_wconf 75' lang='lat' dir='ltr'>catholico.</span> 
     </span>
    </p>

    <p class='ocr_par' dir='ltr' id='par_1_9' title="bbox 314 3323 1729 3625">
     <span class='ocr_line' id='line_1_25' title="bbox 434 3323 1729 3411; baseline 0 -21"><span class='ocrx_word' id='word_1_170' title='bbox 434 3361 446 3390; x_wconf 77' lang='grc' dir='ltr'><strong>ι</strong></span> <span class='ocrx_word' id='word_1_171' title='bbox 580 3324 750 3408; x_wconf 85' lang='lat' dir='ltr'>Exceptiva</span> <span class='ocrx_word' id='word_1_172' title='bbox 774 3325 953 3409; x_wconf 91' lang='lat' dir='ltr'>propositio</span> <span class='ocrx_word' id='word_1_173' title='bbox 977 3333 1085 3408; x_wconf 88' lang='lat' dir='ltr'>polest</span> <span class='ocrx_word' id='word_1_174' title='bbox 1108 3342 1180 3391; x_wconf 88' lang='lat' dir='ltr'>esse</span> <span class='ocrx_word' id='word_1_175' title='bbox 1203 3323 1396 3390; x_wconf 85' lang='lat' dir='ltr'>affirmativa</span> <span class='ocrx_word' id='word_1_176' title='bbox 1420 3333 1452 3390; x_wconf 93' lang='lat' dir='ltr'>et</span> <span class='ocrx_word' id='word_1_177' title='bbox 1472 3324 1634 3411; x_wconf 82' lang='lat' dir='ltr'>negativa:</span> <span class='ocrx_word' id='word_1_178' title='bbox 1728 3339 1729 3398; x_wconf 66' lang='lat' dir='ltr'>i</span> 
     </span>
     <span class='ocr_line' id='line_1_26' title="bbox 314 3411 1639 3534; baseline 0.002 -38"><span class='ocrx_word' id='word_1_179' title='bbox 314 3505 360 3534; x_wconf 64' lang='lat' dir='ltr'>mm</span> <span class='ocrx_word' id='word_1_180' title='bbox 395 3417 487 3534; x_wconf 40' lang='grc' dir='ltr'><strong>ὣ</strong></span> <span class='ocrx_word' id='word_1_181' title='bbox 513 3411 587 3514; x_wconf 72' lang='lat' dir='ltr'>quae</span> <span class='ocrx_word' id='word_1_182' title='bbox 615 3432 767 3516; x_wconf 89' lang='lat' dir='ltr'>opposito</span> <span class='ocrx_word' id='word_1_183' title='bbox 795 3435 895 3498; x_wconf 92' lang='lat' dir='ltr'>modo</span> <span class='ocrx_word' id='word_1_184' title='bbox 924 3451 959 3499; x_wconf 86' lang='lat' dir='ltr'>se</span> <span class='ocrx_word' id='word_1_185' title='bbox 987 3433 1117 3500; x_wconf 89' lang='lat' dir='ltr'>habent.</span> <span class='ocrx_word' id='word_1_186' title='bbox 1147 3431 1231 3498; x_wconf 89' lang='lat' dir='ltr'>Nam</span> <span class='ocrx_word' id='word_1_187' title='bbox 1260 3431 1452 3498; x_wconf 84' lang='lat' dir='ltr'>affirmativa</span> <span class='ocrx_word' id='word_1_188' title='bbox 1477 3441 1574 3519; x_wconf 83' lang='lat' dir='ltr'>negat</span> <span class='ocrx_word' id='word_1_189' title='bbox 1596 3435 1639 3499; x_wconf 90' lang='lat' dir='ltr'>de</span> 
     </span>
     <span class='ocr_line' id='line_1_27' title="bbox 405 3539 1639 3625; baseline 0.001 -20"><span class='ocrx_word' id='word_1_190' title='bbox 405 3561 425 3605; x_wconf 80' lang='lat' dir='ltr'>n</span> <span class='ocrx_word' id='word_1_191' title='bbox 512 3539 654 3605; x_wconf 89' lang='lat' dir='ltr'>termino</span> <span class='ocrx_word' id='word_1_192' title='bbox 676 3548 813 3624; x_wconf 87' lang='lat' dir='ltr'>excepto</span> <span class='ocrx_word' id='word_1_193' title='bbox 840 3540 891 3616; x_wconf 90' lang='lat' dir='ltr'>id,</span> <span class='ocrx_word' id='word_1_194' title='bbox 916 3541 1006 3624; x_wconf 87' lang='lat' dir='ltr'>quod</span> <span class='ocrx_word' id='word_1_195' title='bbox 1029 3539 1170 3605; x_wconf 84' lang='lat' dir='ltr'>affirmat</span> <span class='ocrx_word' id='word_1_196' title='bbox 1193 3541 1234 3604; x_wconf 92' lang='lat' dir='ltr'>de</span> <span class='ocrx_word' id='word_1_197' title='bbox 1252 3549 1340 3615; x_wconf 91' lang='lat' dir='ltr'>toto,</span> <span class='ocrx_word' id='word_1_198' title='bbox 1362 3548 1400 3605; x_wconf 90' lang='lat' dir='ltr'>ut·</span> <span class='ocrx_word' id='word_1_199' title='bbox 1417 3547 1504 3625; x_wconf 87' lang='lat' dir='ltr'>patet</span> <span class='ocrx_word' id='word_1_200' title='bbox 1523 3541 1556 3606; x_wconf 94' lang='lat' dir='ltr'>in</span> <span class='ocrx_word' id='word_1_201' title='bbox 1576 3542 1639 3606; x_wconf 90' lang='lat' dir='ltr'>hoc</span> 
     </span>
    </p>

    <p class='ocr_par' dir='ltr' id='par_1_10' title="bbox 316 3605 1728 4376">
     <span class='ocr_line' id='line_1_28' title="bbox 363 3631 1638 3732; baseline 0.001 -21"><span class='ocrx_word' id='word_1_202' title='bbox 363 3646 378 3676; x_wconf 82' lang='lat'>¹¹</span> <span class='ocrx_word' id='word_1_203' title='bbox 430 3631 471 3674; x_wconf 77' lang='lat'>&#39;²</span> <span class='ocrx_word' id='word_1_204' title='bbox 512 3647 680 3732; x_wconf 91' lang='lat' dir='ltr'>exemplo:</span> <span class='ocrx_word' id='word_1_205' title='bbox 703 3646 803 3714; x_wconf 77' lang='lat' dir='ltr'>Omne</span> <span class='ocrx_word' id='word_1_206' title='bbox 820 3647 943 3713; x_wconf 83' lang='lat' dir='ltr'>oninml</span> <span class='ocrx_word' id='word_1_207' title='bbox 955 3651 1070 3730; x_wconf 77' lang='lat' dir='ltr'>preter</span> <span class='ocrx_word' id='word_1_208' title='bbox 1087 3646 1239 3713; x_wconf 80' lang='lat' dir='ltr'>bominem</span> <span class='ocrx_word' id='word_1_209' title='bbox 1251 3651 1299 3714; x_wconf 83' lang='lat' dir='ltr'>est</span> <span class='ocrx_word' id='word_1_210' title='bbox 1310 3647 1506 3714; x_wconf 83' lang='lat' dir='ltr'>irrationale.</span> <span class='ocrx_word' id='word_1_211' title='bbox 1528 3645 1638 3724; x_wconf 83' lang='lat' dir='ltr'>Quare</span> 
     </span>
     <span class='ocr_line' id='line_1_29' title="bbox 316 3736 1638 3855; baseline -0.002 -33"><span class='ocrx_word' id='word_1_212' title='bbox 316 3753 332 3784; x_wconf 82' lang='lat'>¹¹</span> <span class='ocrx_word' id='word_1_213' title='bbox 352 3738 387 3783; x_wconf 66' lang='lat'>³¹¹¹</span> <span class='ocrx_word' id='word_1_214' title='bbox 400 3753 481 3855; x_wconf 47' lang='grc' dir='ltr'>,Ἕω</span> <span class='ocrx_word' id='word_1_215' title='bbox 512 3773 569 3837; x_wconf 91' lang='lat' dir='ltr'>per</span> <span class='ocrx_word' id='word_1_216' title='bbox 586 3764 652 3820; x_wconf 88' lang='lat' dir='ltr'>tres</span> <span class='ocrx_word' id='word_1_217' title='bbox 670 3754 865 3840; x_wconf 86' lang='lat' dir='ltr'>categoricas</span> <span class='ocrx_word' id='word_1_218' title='bbox 885 3756 980 3839; x_wconf 85' lang='lat' dir='ltr'>piena</span> <span class='ocrx_word' id='word_1_219' title='bbox 998 3736 1068 3841; x_wconf 61' lang='lat' dir='ltr'>ej&#39;us</span> <span class='ocrx_word' id='word_1_220' title='bbox 1086 3755 1136 3820; x_wconf 90' lang='lat' dir='ltr'>vis</span> <span class='ocrx_word' id='word_1_221' title='bbox 1159 3755 1349 3840; x_wconf 88' lang='lat' dir='ltr'>exponitur,</span> <span class='ocrx_word' id='word_1_222' title='bbox 1371 3773 1509 3838; x_wconf 88' lang='lat' dir='ltr'>quarum</span> <span class='ocrx_word' id='word_1_223' title='bbox 1531 3756 1638 3838; x_wconf 89' lang='lat' dir='ltr'>prima</span> 
     </span>
     <span class='ocr_line' id='line_1_30' title="bbox 511 3861 1638 3948; baseline 0.002 -22"><span class='ocrx_word' id='word_1_224' title='bbox 511 3863 659 3927; x_wconf 85' lang='lat' dir='ltr'>enuntiat</span> <span class='ocrx_word' id='word_1_225' title='bbox 681 3863 864 3947; x_wconf 87' lang='lat' dir='ltr'>subjectum</span> <span class='ocrx_word' id='word_1_226' title='bbox 889 3863 1069 3928; x_wconf 87' lang='lat' dir='ltr'>universale</span> <span class='ocrx_word' id='word_1_227' title='bbox 1093 3863 1133 3928; x_wconf 92' lang='lat' dir='ltr'>de</span> <span class='ocrx_word' id='word_1_228' title='bbox 1158 3871 1248 3948; x_wconf 88' lang='lat' dir='ltr'>parte</span> <span class='ocrx_word' id='word_1_229' title='bbox 1272 3861 1343 3947; x_wconf 93' lang='lat' dir='ltr'>ipsa</span> <span class='ocrx_word' id='word_1_230' title='bbox 1366 3871 1516 3947; x_wconf 88' lang='lat' dir='ltr'>excepta,</span> <span class='ocrx_word' id='word_1_231' title='bbox 1537 3864 1638 3928; x_wconf 87' lang='lat' dir='ltr'>altera</span> 
     </span>
     <span class='ocr_line' id='line_1_31' title="bbox 513 3969 1638 4054; baseline 0.002 -20"><span class='ocrx_word' id='word_1_232' title='bbox 513 3977 612 4054; x_wconf 86' lang='lat' dir='ltr'>negat</span> <span class='ocrx_word' id='word_1_233' title='bbox 631 3969 841 4054; x_wconf 86' lang='lat' dir='ltr'>praedicatum</span> <span class='ocrx_word' id='word_1_234' title='bbox 860 3969 1054 4053; x_wconf 91' lang='lat' dir='ltr'>exponibilis</span> <span class='ocrx_word' id='word_1_235' title='bbox 1072 3969 1113 4035; x_wconf 92' lang='lat' dir='ltr'>de</span> <span class='ocrx_word' id='word_1_236' title='bbox 1131 3970 1245 4035; x_wconf 85' lang='lat' dir='ltr'>eadem</span> <span class='ocrx_word' id='word_1_237' title='bbox 1265 3979 1355 4054; x_wconf 91' lang='lat' dir='ltr'>parte</span> <span class='ocrx_word' id='word_1_238' title='bbox 1369 3979 1521 4054; x_wconf 89' lang='lat' dir='ltr'>excepta,</span> <span class='ocrx_word' id='word_1_239' title='bbox 1543 3970 1638 4038; x_wconf 88' lang='lat' dir='ltr'>tertia</span> 
     </span>
     <span class='ocr_line' id='line_1_32' title="bbox 514 4077 1635 4161; baseline 0.001 -19"><span class='ocrx_word' id='word_1_240' title='bbox 514 4095 591 4142; x_wconf 86' lang='lat' dir='ltr'>vero</span> <span class='ocrx_word' id='word_1_241' title='bbox 606 4077 692 4143; x_wconf 91' lang='lat' dir='ltr'>idem</span> <span class='ocrx_word' id='word_1_242' title='bbox 708 4077 918 4161; x_wconf 85' lang='lat' dir='ltr'>praedicatum</span> <span class='ocrx_word' id='word_1_243' title='bbox 933 4077 1074 4143; x_wconf 85' lang='lat' dir='ltr'>affirmat</span> <span class='ocrx_word' id='word_1_244' title='bbox 1086 4078 1128 4144; x_wconf 88' lang='lat' dir='ltr'>de</span> <span class='ocrx_word' id='word_1_245' title='bbox 1141 4085 1211 4145; x_wconf 92' lang='lat' dir='ltr'>toto</span> <span class='ocrx_word' id='word_1_246' title='bbox 1225 4087 1428 4144; x_wconf 88' lang='lat' dir='ltr'>remanente.</span> <span class='ocrx_word' id='word_1_247' title='bbox 1447 4078 1516 4144; x_wconf 86' lang='lat' dir='ltr'>Hoc</span> <span class='ocrx_word' id='word_1_248' title='bbox 1533 4077 1635 4144; x_wconf 91' lang='lat' dir='ltr'>modo</span> 
     </span>
     <span class='ocr_line' id='line_1_33' title="bbox 511 4183 1639 4270; baseline 0.004 -22"><span class='ocrx_word' id='word_1_249' title='bbox 511 4183 769 4270; x_wconf 89' lang='lat' dir='ltr'>propositionem</span> <span class='ocrx_word' id='word_1_250' title='bbox 790 4185 889 4250; x_wconf 90' lang='lat' dir='ltr'>hanc:</span> <span class='ocrx_word' id='word_1_251' title='bbox 917 4183 1017 4251; x_wconf 83' lang='lat' dir='ltr'>Omne</span> <span class='ocrx_word' id='word_1_252' title='bbox 1040 4185 1164 4252; x_wconf 78' lang='lat' dir='ltr'>animi</span> <span class='ocrx_word' id='word_1_253' title='bbox 1174 4189 1291 4268; x_wconf 72' lang='lat' dir='ltr'>proter</span> <span class='ocrx_word' id='word_1_254' title='bbox 1314 4185 1466 4252; x_wconf 78' lang='lat' dir='ltr'>bominem</span> <span class='ocrx_word' id='word_1_255' title='bbox 1482 4188 1532 4251; x_wconf 82' lang='lat' dir='ltr'>est</span> <span class='ocrx_word' id='word_1_256' title='bbox 1550 4185 1639 4252; x_wconf 86' lang='lat' dir='ltr'>irra-</span> 
     </span>
     <span class='ocr_line' id='line_1_34' title="bbox 510 4291 1638 4376; baseline 0.004 -20"><span class='ocrx_word' id='word_1_257' title='bbox 510 4291 643 4368; x_wconf 77' lang='lat' dir='ltr'>lmnale,</span> <span class='ocrx_word' id='word_1_258' title='bbox 666 4291 712 4357; x_wconf 87' lang='lat' dir='ltr'>sic</span> <span class='ocrx_word' id='word_1_259' title='bbox 729 4293 920 4376; x_wconf 89' lang='lat' dir='ltr'>explicabis:</span> <span class='ocrx_word' id='word_1_260' title='bbox 938 4291 1036 4358; x_wconf 83' lang='lat' dir='ltr'>Honro</span> <span class='ocrx_word' id='word_1_261' title='bbox 1053 4296 1100 4358; x_wconf 81' lang='lat' dir='ltr'>est</span> <span class='ocrx_word' id='word_1_262' title='bbox 1113 4293 1251 4368; x_wconf 86' lang='lat' dir='ltr'>animal,</span> <span class='ocrx_word' id='word_1_263' title='bbox 1268 4293 1355 4360; x_wconf 81' lang='lat' dir='ltr'>honre</span> <span class='ocrx_word' id='word_1_264' title='bbox 1368 4311 1432 4360; x_wconf 86' lang='lat' dir='ltr'>non</span> <span class='ocrx_word' id='word_1_265' title='bbox 1445 4297 1492 4360; x_wconf 85' lang='lat' dir='ltr'>est</span> <span class='ocrx_word' id='word_1_266' title='bbox 1508 4293 1638 4360; x_wconf 80' lang='lat' dir='ltr'>irratio-</span> 
     </span>
    </p>

    <p class='ocr_par' dir='ltr' id='par_1_11' title="bbox 511 4398 1293 4484">
     <span class='ocr_line' id='line_1_35' title="bbox 511 4398 1293 4484; baseline 0.003 -20"><span class='ocrx_word' id='word_1_267' title='bbox 511 4398 605 4475; x_wconf 80' lang='lat' dir='ltr'>natis,</span> <span class='ocrx_word' id='word_1_268' title='bbox 627 4399 797 4484; x_wconf 79' lang='lat' dir='ltr'>etreliqua</span> <span class='ocrx_word' id='word_1_269' title='bbox 814 4400 969 4466; x_wconf 83' lang='lat' dir='ltr'>animalia</span> <span class='ocrx_word' id='word_1_270' title='bbox 987 4403 1064 4466; x_wconf 85' lang='lat' dir='ltr'>sunt</span> <span class='ocrx_word' id='word_1_271' title='bbox 1078 4400 1293 4467; x_wconf 71' lang='lat' dir='ltr'>irrationalia.</span> 
     </span>
    </p>
   </div>
   <div class='ocr_carea' id='block_1_5' title="bbox 509 4621 1636 4812">
    <p class='ocr_par' dir='ltr' id='par_1_12' title="bbox 509 4621 1636 4812">
     <span class='ocr_line' id='line_1_36' title="bbox 545 4621 1636 4720; baseline 0.005 -16"><span class='ocrx_word' id='word_1_272' title='bbox 545 4652 587 4714; x_wconf 85' lang='lat' dir='ltr'>(r)</span> <span class='ocrx_word' id='word_1_273' title='bbox 622 4647 731 4708; x_wconf 81' lang='lat' dir='ltr'>Eadem</span> <span class='ocrx_word' id='word_1_274' title='bbox 745 4659 789 4707; x_wconf 79' lang='lat' dir='ltr'>eet</span> <span class='ocrx_word' id='word_1_275' title='bbox 807 4645 855 4706; x_wconf 85' lang='lat' dir='ltr'>hic</span> <span class='ocrx_word' id='word_1_276' title='bbox 868 4647 1013 4708; x_wconf 83' lang='lat' dir='ltr'>discordia</span> <span class='ocrx_word' id='word_1_277' title='bbox 1025 4661 1055 4707; x_wconf 85' lang='lat' dir='ltr'>et</span> <span class='ocrx_word' id='word_1_278' title='bbox 1068 4649 1106 4708; x_wconf 90' lang='lat' dir='ltr'>ob</span> <span class='ocrx_word' id='word_1_279' title='bbox 1118 4647 1233 4708; x_wconf 75' lang='lat' dir='ltr'>eoadem</span> <span class='ocrx_word' id='word_1_280' title='bbox 1248 4665 1367 4720; x_wconf 71' lang='lat' dir='ltr'>musar,</span> <span class='ocrx_word' id='word_1_281' title='bbox 1382 4669 1416 4708; x_wconf 84' lang='lat' dir='ltr'>ac</span> <span class='ocrx_word' id='word_1_282' title='bbox 1429 4647 1506 4710; x_wconf 78' lang='lat' dir='ltr'>inter</span> <span class='ocrx_word' id='word_1_283' title='bbox 1518 4621 1636 4710; x_wconf 79' lang='lat' dir='ltr'>eoadem</span> 
     </span>
     <span class='ocr_line' id='line_1_37' title="bbox 509 4736 1158 4812; baseline 0.005 -17"><span class='ocrx_word' id='word_1_284' title='bbox 509 4749 659 4812; x_wconf 81' lang='lat' dir='ltr'>auctores,</span> <span class='ocrx_word' id='word_1_285' title='bbox 674 4736 711 4796; x_wconf 79' lang='lat' dir='ltr'>de</span> <span class='ocrx_word' id='word_1_286' title='bbox 724 4737 833 4810; x_wconf 80' lang='lat' dir='ltr'>quibua</span> <span class='ocrx_word' id='word_1_287' title='bbox 844 4736 876 4797; x_wconf 88' lang='lat' dir='ltr'>in</span> <span class='ocrx_word' id='word_1_288' title='bbox 889 4737 1063 4810; x_wconf 71' lang='lat' dir='ltr'>precedenti</span> <span class='ocrx_word' id='word_1_289' title='bbox 1078 4749 1158 4798; x_wconf 83' lang='lat' dir='ltr'>nota.</span> 
     </span>
    </p>
   </div>
   <div class='ocr_carea' id='block_1_6' title="bbox 0 0 1750 5525">
    <p class='ocr_par' dir='ltr' id='par_1_13' title="bbox 0 0 1750 5525">
     <span class='ocr_line' id='line_1_38' title="bbox 0 0 1750 5525; baseline 0 0"><span class='ocrx_word' id='word_1_290' title='bbox 0 0 1750 5525; x_wconf 95' lang='lat' dir='ltr'> </span> 
     </span>
    </p>
   </div>
  </div>
 </body>
</html>
