3492 5525
263 511 381 576 Aurio.
401 527 460 594 3.¹¹·
474 511 526 576 ue
541 506 686 578 Sunion.
704 532 853 580 sonuiss.
868 533 931 580 seu
945 535 1115 582 eunucus
1150 515 1209 601 389

5 767 7 782 .
125 714 227 778 quam
244 713 348 762 unum
372 697 525 780 idemque
544 699 724 782 proteratur
743 707 780 766 ut
798 719 862 766 una
881 701 933 765 vel
952 711 989 768 ut
1007 703 1116 786 plures
1134 701 1249 770 dictio·

126 821 201 878 nes,
223 824 257 870 v.
277 824 311 889 g.
335 805 501 890 Quidquid
517 805 604 872 Deus
617 805 823 892 secdinvite,
833 808 917 894 fecit
930 808 1066 878 invites.
1083 811 1147 877 seo
1163 829 1250 876 roce-

5 911 6 968 Ῑ
123 931 191 976 mos
207 914 287 980 tecit
301 917 337 979 ia
358 918 440 981 vite.
462 915 540 998 Ergo
567 933 705 985 racemos
722 915 808 999 fecit
821 915 967 984 inuitus..
989 917 1083 984 Hisce
1107 917 1249 986 ridiculis

5 1011 6 1014 ’
122 1017 250 1084 technis
269 1021 439 1102 quomodo
459 1021 724 1105 respondendum
745 1021 804 1098 sit,
826 1020 927 1108 patet.

168 1132 296 1209 Figura
313 1133 485 1196 dictionis.
533 1129 652 1214 Figura
674 1129 837 1208 dictionis,
854 1136 953 1214 prom
969 1131 1019 1198 bic
1034 1133 1181 1211 sumitur,
1203 1138 1251 1202 cst
1268 1145 1450 1238 mentimini·

120 1234 298 1300 similitudo
319 1235 416 1302 unius
432 1235 579 1303 dictionis
601 1237 646 1302 ad
660 1241 808 1314 alteram,
817 1179 914 1304 linet
931 1239 1056 1324 alicuid
1070 1241 1189 1306 lentur
1205 1244 1250 1332 ad
1269 1274 1318 1390 lq

109 1342 254 1428 figuram
270 1343 543 1430 atteriussactum,
559 1345 642 1430 quod
654 1363 683 1410 cn
678 1338 902 1434 assimilatum
921 1346 1313 1436 Undesallociojigu-

5 1457 7 1518 ξ
120 1449 522 1534 raedictioniscstdeceptnb
530 1452 719 1534 proveniens
732 1471 830 1529 exeo,
846 1453 1046 1538 quodotcipuo
1059 1455 1247 1522 dutiosirni-

5 1597 7 1602 -
111 1557 168 1621 tis
186 1557 283 1622 atteri
295 1557 428 1624 undoni
446 1559 573 1625 ametur
587 1559 698 1626 babere
719 1562 859 1626 eumdem
881 1565 1006 1628 modum
1026 1562 1243 1650 significandi,

119 1683 193 1730 cum
208 1669 309 1730 mnan
324 1665 588 1754 nonbobmt(1).
610 1667 648 1732 Et
661 1667 806 1734 bifariam
826 1668 990 1735 committi
1010 1680 1119 1754 potest
1139 1670 1246 1755 primo

5 1823 6 1828 ,
120 1789 199 1837 cum
219 1766 355 1839 diversis
371 1773 523 1848 vocibus,
545 1775 621 1857 quia
640 1774 762 1841 similes
784 1785 881 1850 sunt,
909 1776 1034 1842 eaedem
1058 1778 1245 1845 affectiones

5 1885 7 1974 ζ
123 1879 386 1964 grammaticales
399 1880 605 1960 tribuuntur,
626 1889 663 1949 ut
676 1883 705 1968 si
719 1881 899 1949 contendas
914 1888 1039 1966 pontem
1054 1903 1126 1951 esse
1143 1886 1246 1952 taemi-

122 1985 190 2052 nini
210 1987 355 2071 generis,
377 1988 452 2071 quia
458 1990 554 2074 frons
563 1981 617 2056 'est
636 1987 792 2056 iaeminini
807 1991 953 2076 generis3
970 1999 1003 2056 et
1016 1991 1155 2058 verbum
1171 1993 1246 2060 obeo

121 2111 195 2158 esse
215 2095 373 2160 'secundae
398 2095 638 2182 conjugationis
663 2097 748 2164 sicut
775 2095 885 2174 habco,
907 2098 983 2181 quia
1000 2100 1117 2165 eodem
1144 2099 1245 2167 modo

123 2209 305 2284 utrumque
324 2201 455 2269 desinit.
469 2203 631 2279 Secundo,
649 2203 675 2270 si
695 2203 805 2279 dictio,
827 2221 902 2288 quae
920 2203 1079 2291 significat
1098 2226 1155 2290 per
1174 2226 1246 2273 mo-

121 2309 204 2375 dum
232 2307 330 2374 unius
359 2311 618 2394 praedicamenti,
649 2309 797 2378 videatur'
828 2310 1008 2396 significare
1031 2332 1088 2398 per
1106 2315 1244 2380 modum

118 2415 265 2484 alterius.
300 2415 345 2484 Ut
375 2417 407 2482 in
437 2418 486 2484 his
514 2417 691 2502 exemplis:
725 2417 890 2504 Quidquid
915 2420 984 2507 beri
1006 2419 1131 2498 musti,
1157 2421 1246 2487 bodie

115 2523 308 2590 videsset
335 2523 402 2589 locri
422 2524 532 2589 vidisti
552 2526 669 2592 album
700 2527 778 2610 Ergo
805 2526 913 2592 altrum
939 2527 1028 2593 bodie
1043 2528 1150 2595 omas:
1179 2530 1242 2596 vet:
1300 2531 1305 2536 “

121 2630 266 2715 Ωιιὴιιίά
277 2627 393 2718 eruisti
409 2632 578 2698 comedisti.
600 2633 664 2699 Sed
675 2633 779 2698 emisti
790 2636 1039 2703 cornescrudas.
1055 2635 1133 2720 Ergo
1146 2655 1246 2702 corne·

116 2738 197 2804 dicti
212 2757 324 2805 carnes
341 2741 469 2808 crudas.
486 2739 559 2806 Non
575 2740 685 2807 valent
700 2740 889 2826 hujusmodi
903 2735 1245 2846 conclusionestjuia
1258 2749 1306 2885 '2

116 2845 150 2911 in
171 2845 235 2911 illis
255 2854 403 2915 mutatur
420 2846 523 2933 quid'
515 2866 548 2914 m
566 2851 675 2933 quote,
695 2848 941 2915 substantiam
933 2870 965 2915 m
980 2850 1192 2977 qualitatem

187 2952 257 3020 Huc
279 2962 449 3020 revocatur
469 2954 589 3021 fallacia
607 2973 682 3040 quae
696 2957 914 3023 committitur
932 2854 1192 3026 transeundo]
1151 2980 1170 3024 a
1187 2980 1245 3046 ge-

116 3079 195 3128 nere
213 3062 264 3125 vet
284 3061 394 3145 specie
413 3061 453 3127 ad
473 3062 697 3141 individuum,
714 3071 747 3128 et
761 3065 864 3130 etiam
875 3073 1001 3131 mutata
1016 3068 1243 3151 suppositione

118 3170 338 3235 terminorum
358 3164 422 3257 (2).
1162 3195 1165 3204 ·

188 3271 279 3342 istud
298 3292 431 3359 quoque
450 3276 617 3359 sophisma
637 3277 725 3343 tacite
745 3278 904 3373 enodatur
927 3280 979 3345 vel
999 3280 1171 3365 negatione
1190 3284 1242 3349 vel

114 3394 193 3471 apta
207 3382 416 3450 distinctione
435 3402 565 3450 sensus.
1038 3444 1042 3449 .

5 3528 6 3575 ;
166 3494 241 3575 187.
290 3490 431 3557 Fallaciae
460 3498 550 3556 extra
575 3490 751 3559 dictionem
776 3501 853 3559 sunt
873 3495 924 3559 hae
952 3505 1096 3577 septem:
1123 3496 1244 3563 fallacia
1276 3523 1379 3571 mma.
1388 3532 1449 3569 aa·

110 3597 297 3673 caumas,
312 3597 391 3663 dicti
408 3597 591 3680 simpliciter
606 3602 637 3663 ct
652 3602 823 3693 secundum
840 3600 933 3685 quill,
951 3596 1241 3685 mumodoclencbi,
1298 3594 1423 3641 ‘'iim'‘

5 3716 7 3757 ῑ
106 3704 221 3789 petito
235 3704 403 3787 principii,
423 3706 651 3790 consequentis,
672 3726 734 3772 non
753 3726 856 3773 consu
873 3710 911 3774 ut
925 3727 1039 3786 cause,
1059 3712 1091 3774 et
1101 3710 1244 3795 plurium

5 3822 6 3835 ¹
113 3812 406 3895 mtemogotionum.
628 3822 631 3837 ’

159 3925 309 3995 Fallacia
327 3924 524 3988 accidentis.
572 3920 626 3987 Est
645 3922 726 3986 torte
745 3922 896 3989 omnium
916 3922 1091 3989 deterrima
1108 3930 1141 3989 et
1160 3924 1244 4008 peri·
1317 3947 1407 3996 nme·

112 4025 337 4103 culosissima‚
359 4045 488 4110 quaque
502 4028 554 4093 vel
573 4028 634 4112 ipsi
658 4028 821 4112 sapientes
846 4030 1069 4115 decipiuntur,
1096 4040 1132 4096 ut
1151 4040 1243 4096 notat
1297 4022 1423 4076 '‘dili'’
1524 4073 1529 4087 ι

113 4134 308 4201 Aristoteles
325 4130 389 4220 (3).
410 4132 454 4199 Ut
475 4153 553 4220 ergo
578 4135 636 4201 rite
654 4136 869 4222 intelligatur,
890 4137 1059 4205 sciendum
1078 4147 1141 4216 est,
1161 4140 1246 4223 quot

111 4243 261 4309 accidens
279 4241 328 4306 bic
345 4240 510 4323 recepitur,
527 4247 622 4325 prout
638 4244 845 4328 distinguitur
856 4248 965 4311 contro
982 4269 1044 4330 per
1062 4268 1113 4313 se.
1134 4247 1196 4312 Per
1212 4265 1244 4312 sc

110 4352 220 4417 ouum
244 4346 361 4415 dr'citur
388 4348 487 4415 inesse
513 4350 637 4435 aliquant
659 4352 773 4441 alicui,
802 4355 886 4437 quod
911 4352 993 4419 inest
1016 4353 1047 4421 ri
1071 4356 1243 4420 snnndum
1355 4435 1357 4439 Ι

148 4622 192 4685 (1)
231 4612 264 4673 S.
282 4612 397 4683 Thom.,
415 4612 538 4690 opusc,
553 4614 603 4675 cit.
620 4636 684 4688 cap.
700 4616 727 4675 8.

149 4710 194 4774 (a)
233 4702 309 4761 Vide
324 4701 356 4761 S.
374 4702 479 4761 Thom.
497 4703 566 4763 ibid.

147 4798 194 4868 (3)
232 4792 312 4851 Libr.
327 4793 495 4864 tractor..
510 4814 573 4867 cap.
591 4812 616 4867 ς.
633 4794 710 4853 Vide
724 4795 794 4854 ibid.
810 4796 924 4869 Mauri,
940 4819 969 4861 n.
984 4800 1011 4857 6.
