3492 5525
583 512 642 577 902
690 494 815 561 Lootcn
828 494 1059 571 MaJon-Lts.
1077 508 1147 571 μ’,
1163 496 1251 557 Drso.
1268 508 1315 577 4.·
1327 496 1409 559 Cae.
1427 510 1500 559 ram

380 690 406 736 ¹1²
416 706 461 771 up
598 678 633 745 ln
651 696 717 763 qua
734 678 955 747 controversia
972 678 1005 743 in
1025 677 1138 763 primis
1153 685 1190 743 ut
1203 686 1289 746 certa
1306 679 1347 745 ab
1358 679 1493 747 incertis
1507 696 1646 745 secema

353 770 483 879 ‘2:233‘
533 805 625 864 mus,
645 786 844 855 conveniunt
863 794 1013 853 auctores
1031 784 1164 851 nomine
1176 786 1305 867 praxis,
1324 786 1556 873 intelligendas
1581 805 1644 851 esse

532 894 676 961 actiones
692 896 865 962 dumtaxat
884 894 1111 961 intellectualis
1128 902 1269 970 naturae,
1299 912 1420 978 easque
1446 896 1550 970 tales,
1578 912 1642 976 qua

532 1002 706 1088 dirigibiies
724 1003 833 1087 aliquo
849 1003 950 1068 modo
964 1002 1040 1069 sint.
1057 1000 1166 1078 Quare
1180 1019 1286 1085 neque
1300 1004 1444 1068 actiones
1461 1003 1639 1075 brutorum,

533 1128 591 1188 nec
610 1110 734 1177 entium
749 1110 1003 1178 inanimatorum
1019 1116 1097 1175 sunt
1111 1126 1247 1194 praxes,
1266 1126 1372 1192 neque
1390 1110 1489 1175 etiam
1509 1107 1640 1174 actiones

532 1218 695 1285 naturales
718 1218 876 1294 hominis,
905 1216 1011 1301 quatis
1038 1224 1089 1282 est
1107 1236 1140 1283 v.
1169 1235 1204 1301 g.
1233 1216 1386 1299 vegetatio
1411 1225 1446 1281 et
1472 1218 1639 1299 reliquaea

532 1323 708 1391 voluntatis
741 1324 879 1410 imperio
907 1324 1181 1409 independentes,
1212 1341 1328 1389 omnes
1346 1324 1511 1409 siquidem
1544 1324 1640 1389 istius

533 1433 623 1498 modi
642 1430 785 1498 actiones
808 1431 901 1516 dirigi
920 1450 956 1497 ac
976 1430 1112 1517 regulari
1132 1444 1312 1513 nequeunt.
1333 1429 1378 1495 At
1396 1432 1483 1497 hisce
1501 1430 1635 1501 seclusis.

533 1546 702 1604 remanent
720 1538 780 1604 tria
797 1538 856 1604 alia
870 1555 991 1623 genera
1009 1537 1192 1615 actionum,
1209 1546 1301 1604 actus
1316 1556 1437 1622 nempe
1450 1539 1634 1607 intellectus.

532 1654 624 1713 actus
643 1646 839 1722 voluntatis,
861 1655 893 1712 et
912 1656 1004 1712 actus
1022 1644 1146 1710 externi
1165 1646 1390 1712 membrorum
1418 1664 1636 1729 corporeonim

531 1754 564 1820 in
583 1754 728 1819 homine.

318 1891 432 1939 &mem
441 1890 508 1937 swa,
596 1862 669 1940 Qua
679 1861 719 1926 de
730 1880 762 1926 re
771 1868 883 1927 censet
892 1860 1021 1935 Scotus,
1033 1859 1176 1925 actiones
1191 1860 1372 1924 intellectus
1386 1878 1452 1925 non
1467 1878 1563 1944 posse
1574 1877 1634 1924 esse

530 1968 672 2052 praxim,
692 1968 751 2035 sed
770 1970 877 2034 sotum
896 1968 1041 2033 actiones
1063 1974 1120 2032 aut
1138 1965 1317 2032 voluntatis
1341 1974 1398 2031 aut
1426 1967 1559 2033 aliarum
1586 1986 1634 2050 po

367 2086 480 2133 Definitio·
528 2076 704 2142 tentiarum
723 2093 965 2159 corporearum.
980 2074 1089 2152 Quare
1107 2073 1204 2138 etiam
1216 2093 1235 2138 a
1249 2073 1350 2139 Scoto
1361 2074 1517 2140 definitur
1529 2073 1631 2159 praxis:

330 2157 503 2275 ”ww
528 2186 616 2247 acas
632 2182 762 2248 azarius
775 2182 920 2264 poemiae
932 2182 972 2246 ao
990 2182 1163 2255 inarum,
1183 2181 1374 2245 murator
1385 2183 1542 2262 posterior
1554 2181 1633 2245 rner-

529 2290 672 2365 lectione‚
702 2292 797 2355 natus
818 2289 892 2355 elici
915 2288 1112 2375 corpormiter
1137 2287 1256 2352 rationi
1279 2291 1372 2353 rectae
1393 2292 1439 2353 ad
1459 2290 1526 2365 doc,
1543 2292 1577 2355 ut
1598 2287 1634 2353 sit

353 2417 485 2463 cumsac-
529 2400 631 2462 rectus
656 2394 721 2484 (1).
750 2396 840 2462 Hane
868 2395 1014 2481 Magistri
1045 2394 1096 2461 sui
1125 2394 1328 2461 sententiam·
1350 2385 1541 2479 sequuntur
1565 2396 1631 2461 Sco

325 2487 507 2615 ’jffffpffi'
528 2505 614 2569 tistae
633 2501 696 2592 (2),
717 2524 753 2569 ae
773 2505 883 2588 plures
901 2502 1099 2578 Thomistae,
1126 2502 1210 2569 inter
1234 2519 1319 2584 quos
1347 2505 1567 2569 numerandus
1589 2514 1630 2568 est

352 2630 478 2679 nomme.
529 2610 624 2677 Card.
641 2611 777 2697 Aguirre
791 2609 855 2700 (3);
869 2612 955 2676 iavet
973 2612 1072 2676 etiam
1091 2609 1270 2695 Angelicus
1288 2608 1334 2675 sic
1352 2610 1510 2677 scribens:
1527 2612 1630 2678 Proeti·
1703 2691 1705 2710 Ι

528 2738 598 2786 cum
615 2723 666 2787 vel
681 2719 888 2803 operativum,
908 2720 992 2804 quod
1012 2718 1169 2784 deciditur
1195 2722 1304 2783 eontra
1332 2719 1566 2800 speculativum,
1587 2738 1630 2784 su·
1703 2721 1705 2728 '

528 2828 628 2894 mitur
638 2829 679 2893 ab
696 2836 785 2911 opere
802 2827 967 2903 ammei,
987 2828 1033 2891 ad
1054 2827 1138 2911 quod
1163 2844 1226 2890 non
1250 2825 1340 2920 daie!
1362 2827 1505 2891 ordinem
1526 2827 1629 2892 babitu

527 2935 749 3018 speculatiuae,
768 2938 824 3001 sed
840 2937 942 3001 solum
958 2935 1002 2999 ad
1024 2934 1158 2999 interius
1182 2939 1257 3015 opus
1278 2932 1469 3009 intellectis,
1495 2935 1630 3018 quoiast

527 3043 683 3125 paean·
697 3061 806 3110 oerum
823 3040 888 3131 (4).
910 3041 995 3108 «Ubi
1015 3039 1054 3105 D.
1074 3040 1219 3107 Thomas
1236 3059 1311 3104 cum
1325 3039 1367 3104 de
1380 3057 1479 3124 opere
1493 3040 1625 3106 exteriori

528 3149 671 3233 loquitur
689 3168 755 3216 non
774 3149 925 3235 intelligit
942 3149 1029 3214 solas
1047 3148 1190 3213 actiones
1211 3155 1434 3222 transeuntes,
1455 3149 1513 3214 sed
1529 3165 1627 3213 omnes

527 3265 618 3325 actus
636 3257 766 3324 alterius
785 3257 940 3342 potentiae
954 3256 994 3322 ab
1012 3255 1196 3336 intellectu3
1215 3254 1283 3340 agit
1296 3255 1384 3321 enim
1398 3256 1440 3321 de
1453 3273 1548 3340 opere
1560 3255 1627 3320 inte

528 3366 601 3432 riori
620 3374 653 3430 et
670 3365 818 3432 exteriori
837 3361 1070 3449 comparationi
1089 3361 1190 3446 ipsius
1204 3361 1411 3429 intellectus»
1426 3359 1491 3451 (5).
1507 3363 1542 3428 Et
1554 3362 1623 3428 idem

529 3472 623 3538 docet
643 3493 660 3538 e
680 3473 799 3539 nostris
819 3474 855 3538 P.
879 3471 1022 3538 Cosmus
1040 3469 1253 3536 Alamannius
1271 3467 1334 3558 (6).

335 3619 488 3676 Quorum
595 3579 737 3657 Quidam
757 3598 836 3646 vero
854 3578 1046 3654 Thomistae,
1067 3586 1104 3643 ut
1124 3578 1301 3662 Capreolus
1317 3573 1387 3666 (7),
1407 3577 1558 3646 Soncinas
1573 3574 1622 3665 (8),

357 3691 468 3739 taurian.
522 3689 662 3773 Javellus
680 3685 743 3776 (9),
763 3686 1014 3771 Complutenses
1039 3685 1244 3752 Carmelitani
1265 3682 1351 3773 (ro),
1370 3685 1489 3771 aliique
1506 3685 1624 3752 liniunt

561 3975 602 4044 (r)
638 3975 672 4032 In
687 3975 819 4050 Prologo
835 3973 1030 4042 Sententiam,
1045 3985 1150 4044 quaest.
1164 3991 1192 4044 4.

560 4067 600 4130 (a)
636 4063 733 4135 Apud.
749 4062 927 4132 Mestrium,
943 4063 1060 4139 Logia,
1077 4061 1153 4133 disp.
1172 4081 1215 4130 aa,
1230 4074 1333 4134 quaest.
1351 4079 1377 4134 ς,
1391 4077 1448 4122 art.
1467 4082 1491 4132 ι,
1506 4083 1535 4120 n.
1548 4083 1588 4135 99.

561 4156 602 4226 (3)
637 4155 757 4228 Dr'sput.
769 4155 884 4211 selectae
899 4153 930 4209 in
941 4152 1059 4228 Logia,
1073 4164 1157 4221 tract,
1171 4173 1194 4218 a,
1211 4149 1287 4222 disp.
1303 4166 1415 4223 μοι.
1433 4172 1457 4210 r.

559 4244 601 4318 (4)
638 4241 669 4300 S.
685 4243 802 4313 Thom.‚
822 4265 845 4300 ι.
861 4263 890 4310 a,
902 4262 932 4314 q.
951 4253 1064 4314 57‚art.
1083 4261 1107 4298 1.

559 4333 601 4404 (ς)
636 4331 753 4400 Suara,
770 4331 847 4402 disp.
863 4331 1003 4403 Metapa,
1018 4349 1064 4402 44,
1080 4342 1149 4388 sect.
1166 4349 1205 4401 13,
1223 4349 1253 4387 n.
1268 4349 1314 4388 ar.

558 4423 600 4496 (6)
636 4422 747 4482 Suram.
763 4423 893 4490 Nailos,
906 4420 993 4493 prim.
1008 4431 1084 4492 part.
1099 4435 1202 4492 quur.
1221 4440 1245 4490 ι,
1260 4432 1315 4478 art.
1329 4438 1359 4494 4.

558 4517 599 4586 (7)
636 4513 747 4583 Quaest.
764 4531 791 4581 a,
810 4511 933 4587 Prolog.

559 4603 599 4670 (8)
636 4603 810 4676 Μοταρὴγε.,
825 4599 877 4659 lib.
888 4602 917 4669 6,
932 4613 1036 4671 quaest.
1051 4619 1079 4657 a.

558 4696 599 4765 (9)
637 4691 702 4748 Lib.
716 4691 892 4764 6Merapt„
908 4701 1011 4761 quaest.
1025 4709 1053 4762 4.

558 4779 619 4853 (ιο)
654 4781 768 4853 Legis..
782 4779 873 4852 disp..
892 4800 903 4836 1
918 4788 1035 4853 protem,
1051 4793 1154 4851 quoeet.
1169 4779 1197 4839 6.
