3492 5525
570 408 633 473 910
689 389 813 455 lanies
826 386 1054 463 MnJon—Lna.
1073 388 1406 473 a.¹1·‚D1se.4.·Cno.
1428 404 1495 452 ψ’

531 573 653 639 iactum
671 581 705 641 et
723 591 942 659 permanens»
957 570 1008 660 (1)
1022 571 1135 637 mmm
1148 589 1218 654 qua
1231 570 1337 656 fiunt,
1357 590 1482 657 quoque
1497 576 1641 655 aguano,

531 699 595 745 nou
609 683 658 746 est
666 680 837 747 oommrmis
848 682 991 765 quadam
998 679 1148 765 facultas,
1164 682 1225 744 tom
1238 681 1281 745 ad
1288 680 1476 755 tocr'eudm
1496 697 1592 763 quom
1608 682 1644 743 at

532 790 688 870 agendum
704 790 791 871 apto.
820 786 978 853 limitata
1005 785 1087 851 enim
1110 772 1359 870 olfaciendum
1376 786 1494 853 Moneo
1511 786 1596 853 alius
1607 790 1646 851 ert

526 899 642 976 preter
658 895 844 978 effectionem
850 893 950 979 fluis,
971 892 1057 959 utin
1079 892 1259 979 edificandi
1268 896 1352 969 orte,
1376 896 1467 981 cujus
1483 896 1534 959 est
1549 896 1645 957 domos

530 1000 702 1086 adificare,
716 1005 834 1085 proter
844 1001 1030 1085 effectionem
1037 1001 1119 1086 finis
1132 1001 1162 1067 ei
1173 1004 1220 1067 est
1225 1002 1415 1083 propositus,
1427 1004 1553 1068 domus.
1572 1000 1645 1067 latera

502 1103 512 1113 “
529 1108 631 1174 estin
647 1112 717 1174 orte
720 1108 839 1193 fabrili
854 1111 889 1173 et
897 1106 1026 1192 reliquis
1042 1106 1200 1185 omnibus,
1221 1126 1291 1193 quo
1300 1108 1461 1191 pertinent
1477 1108 1647 1192 adfacien-

529 1217 605 1280 dum
622 1216 752 1301 aliquod
771 1222 861 1297 opus.
878 1215 927 1282 Aa
943 1214 976 1279 iu
994 1215 1036 1281 ils
1053 1215 1184 1291 artius,
1204 1233 1273 1299 que
1289 1218 1333 1281 od
1345 1234 1395 1282 res
1407 1214 1646 1299 agendasperli-

530 1304 623 1400 n'eut,
638 1326 755 1404 prater
771 1323 922 1389 actionem
940 1322 1048 1389 nultus
1064 1325 1112 1387 est
1126 1322 1209 1389 alius
1216 1322 1316 1409 finis,
1335 1326 1374 1389 ut
1392 1326 1512 1406 prater
1528 1322 1645 1387 cithara

530 1430 769 1497 modulationem
778 1428 859 1515 finis
877 1448 939 1496 non
957 1429 1114 1507 astallus,
1135 1432 1191 1495 sed
1207 1430 1343 1513 adipsum
1357 1438 1416 1513 pro
1431 1429 1495 1507 fine
1508 1434 1570 1506 est,
1585 1436 1644 1512 opr-

530 1537 614 1603 ratio
630 1541 723 1623 atque
738 1536 820 1604 acm
833 1534 897 1625 (2).

596 1644 725 1722 Quibus
743 1644 858 1711 similia
878 1643 1004 1729 scripsit
1020 1644 1057 1713 S.
1072 1645 1228 1711 Thomas:
1245 1646 1370 1727 Duplex
1381 1649 1430 1711 est
1445 1644 1602 1727 operatio,
1617 1648 1646 1707 ul

529 1750 648 1817 dicitur
664 1752 700 1817 in
716 1750 770 1834 9.⁰
790 1751 1043 1833 Maupoysaom
1070 1770 1135 1817 uno
1153 1770 1222 1837 quo
1238 1755 1345 1819 manet
1358 1753 1393 1817 iu
1409 1752 1478 1835 ipso
1494 1754 1642 1835 operante,

529 1857 612 1924 sicut
625 1859 748 1935 ardere,
766 1860 860 1935 aelle,
880 1862 915 1924 et
930 1858 1103 1943 intelligere
1124 1863 1158 1925 et
1172 1859 1353 1947 hujusmodi
1368 1859 1507 1941 operatio
1524 1860 1643 1941 proprie

1697 674 1699 761 i

528 1964 648 2031 dicitur
664 1966 760 2033 actio.
779 1967 858 2035 Atia
875 1970 980 2033 auum
996 1967 1134 2049 operatio
1152 1966 1309 2033 transiens
1332 1967 1367 2031 in
1384 1966 1569 2033 exteriorem
1587 1985 1642 2031 ma·
1701 2008 1702 2051 ,

531 2072 659 2151 terram,
683 2093 754 2159 quo
777 2074 904 2157 proprie
926 2075 1046 2141 dicitur
1064 2075 1179 2159 factio.
1211 2075 1404 2159 Quandoque
1427 2074 1512 2141 enim
1536 2072 1643 2158 atrqdis

528 2180 711 2247 antenorem
729 2182 893 2247 materiam
918 2182 1051 2249 assumit
1066 2183 1166 2249 solam
1183 2184 1227 2247 ad
1250 2200 1357 2259 usum,
1382 2182 1465 2249 sieut
1480 2200 1591 2267 equum
1606 2184 1642 2245 od

529 2287 731 2373 equitandum
752 2293 783 2355 et
807 2289 959 2354 citharam
985 2292 1029 2355 ad
1050 2289 1319 2376 citharizandum·
1343 2292 1529 2375 quandoque
1551 2294 1641 2355 ouum

529 2398 695 2461 assumunt
709 2395 872 2461 materiam
888 2396 1088 2474 exteriorem,
1108 2400 1144 2462 ut
1159 2398 1279 2463 mutent
1294 2416 1363 2463 eom
1380 2397 1416 2463 iu
1433 2397 1640 2482 otiquomsor-

529 2521 628 2579 mam,
647 2502 731 2569 sicut
744 2522 816 2571 cum
832 2504 950 2589 artifex
954 2503 1042 2587 facit
1060 2508 1184 2572 domam
1201 2508 1260 2569 out
1275 2508 1399 2573 lectum.
1420 2504 1530 2570 Prima
1553 2504 1641 2589 igitar

530 2614 562 2675 et
585 2611 721 2677 secunda
747 2611 959 2693 operationum
976 2631 1039 2677 non
1064 2612 1177 2679 tabent
1190 2612 1320 2697 aliquod
1342 2612 1552 2694 operativum,
1570 2614 1640 2697 quot

529 2716 574 2784 sit
587 2716 687 2804 finis,
715 2719 771 2784 sed
793 2722 923 2804 utroque
946 2736 1055 2786 earum
1079 2722 1126 2786 est
1137 2718 1236 2806 finis,
1263 2718 1367 2803 prima
1393 2722 1497 2786 ouum
1517 2720 1640 2786 noriam

529 2844 624 2910 quom
640 2829 776 2893 uuanda
795 2827 998 2912 inquantum
1015 2831 1120 2894 manet
1139 2828 1173 2893 in
1188 2827 1254 2912 ipso
1267 2832 1423 2910 operante.
1457 2827 1562 2894 Tertio
1579 2845 1638 2892 aero

528 2934 666 3017 operatio
683 2934 824 3000 estsicut
832 2936 992 3018 generatio
1005 2937 1164 3020 quaedam,
1180 2936 1357 3023 cujusfinis
1370 2942 1417 3001 est
1432 2940 1636 3020 resgrnerata.

530 3042 571 3108 Et
580 3041 649 3108 ideo
665 3042 701 3106 iu
714 3043 942 3124 operationibus
959 3043 1047 3109 tertii
1060 3044 1186 3126 generis
1203 3043 1271 3126 ipsa
1289 3051 1381 3126 opera
1399 3046 1477 3110 sunt
1485 3043 1573 3130 fines
1584 3041 1637 3128 (3).

475 3203 482 3219 .
596 3147 717 3214 «Unde
727 3149 820 3235 juxta
835 3141 1060 3216 hanc'tertiam
1077 3149 1326 3234 expositionem,
1343 3148 1406 3217 sub
1420 3152 1548 3218 actione
1561 3170 1638 3216 corn·

531 3257 782 3342 prehunduntur
799 3276 917 3324 ornnes
930 3265 1022 3324 actus
1037 3259 1256 3326 immanentes
1270 3257 1466 3344 regulabiles
1485 3277 1543 3343 per
1557 3259 1639 3324 ratio

532 3382 607 3430 nem
626 3373 661 3430 et
678 3373 833 3447 praeterea
850 3364 950 3450 aliqui
969 3373 1191 3444 transeuntes,
1214 3365 1288 3450 quia
1302 3365 1411 3433 omnis
1430 3365 1513 3432 actio
1531 3366 1638 3432 inima-

532 3489 613 3537 nens
640 3470 718 3538 nihil
746 3482 917 3557 operatum
945 3491 987 3542 ex
1015 3491 1051 3538 se
1081 3473 1249 3557 relinquit,
1280 3473 1443 3540 transiens
1475 3491 1554 3540 vero
1581 3489 1635 3538 non

530 3579 639 3644 omnis
654 3576 708 3665 (ut
726 3598 760 3644 v.
786 3598 821 3664 g.
851 3579 1053 3666 citharizare)
1075 3580 1133 3646 sed
1161 3581 1295 3666 aliqua»
1322 3577 1387 3669 (4).
1418 3579 1555 3666 «Atque
1582 3583 1638 3645 hac

530 3685 623 3754 tertia
642 3685 802 3770 expositio
822 3687 964 3752 maxime
984 3685 1111 3753 videtur
1125 3687 1249 3756 intenta
1268 3688 1308 3756 ab
1324 3687 1516 3767 Aristotele,
1534 3707 1638 3773 quam·

530 3811 631 3877 quam
650 3793 726 3880 quia
744 3791 828 3859 inter
852 3794 997 3864 actiones
1023 3793 1193 3880 ptaecipuae
1211 3803 1288 3863 sunt
1306 3790 1543 3876 immanentes,
1563 3793 1636 3861 etin

565 4045 608 4116 (1)
643 4042 775 4114 suarem,
790 4041 867 4116 disp.
881 4061 930 4117 44,
947 4042 1086 4118 Meropia„
1106 4055 1176 4102 sect.
1195 4065 1242 4117 ις,
1256 4064 1286 4103 n.
1303 4063 1347 4118 aq.

564 4133 606 4206 (a)
642 4132 774 4202 Ariston,
789 4131 839 4191 lib.
854 4140 900 4202 1.·,
912 4133 1039 4208 Magnor
1048 4133 1155 4204 Moral,
1167 4153 1230 4207 cap.
1242 4155 1286 4210 33,
1297 4133 1376 4207 apud
1388 4133 1540 4210 sylvestre
1554 4130 1637 4194 Mauri

530 4225 615 4295 eujus
628 4221 694 4282 vide
708 4223 913 4298 Paraplorasin
926 4220 957 4281 iu
970 4221 1104 4281 eumdem
1118 4223 1223 4282 locum.
1239 4297 1241 4302 Ι

565 4317 606 4384 (3)
643 4311 676 4370 S.
688 4311 806 4381 Thom„
821 4311 870 4370 tib.
889 4322 927 4370 1.·
940 4311 1081 4382 Etliieor„
1094 4312 1158 4372 lect.
1173 4333 1196 4370 r.
1208 4331 1324 4386 paragr.
1334 4331 1359 4372 c.
1376 4311 1438 4374 cir.
1449 4311 1550 4381 Arist..
1564 4313 1636 4372 litli-

530 4401 661 4472 cor.,1ib.
673 4402 702 4471 6,
711 4422 773 4474 cup.
785 4420 814 4474 43
825 4400 858 4460 S.
869 4399 987 4471 Thom.,
998 4399 1068 4460 ibid.
1078 4402 1144 4460 lect.
1155 4422 1183 4475 4,
1195 4423 1310 4477 paragr.
1319 4409 1350 4474 s,-
1360 4403 1410 4462 lib.
1423 4413 1463 4464 ι.·
1472 4403 1635 4479 Memptys..

531 4492 598 4550 lect.
625 4513 650 4561 ις
674 4490 819 4564 Opuscul.
841 4492 877 4548 da
903 4490 1007 4548 Trinit.
1030 4499 1121 4566 super
1142 4492 1290 4564 Boetium,
1315 4506 1418 4566 quest.
1442 4513 1468 4568 ς,
1490 4505 1543 4554 ιη.
1572 4489 1634 4551 ι.ιά

529 4603 607 4656 4.·ν,
625 4602 650 4641 1.
665 4600 692 4653 a,
709 4591 814 4653 quest.
831 4597 876 4654 57,
891 4591 948 4640 art.
965 4602 991 4656 3.

566 4671 608 4747 (4)
646 4669 773 4744 Suarea,
787 4669 872 4743 Disp.
886 4669 1015 4745 Metaplr.
1029 4687 1077 4744 44,
1092 4683 1163 4732 sect.
1181 4691 1225 4745 ις,
1240 4690 1271 4732 n.
1286 4691 1331 4746 aq.
