3492 5525
209 477 328 542 Anne.
343 493 403 542 ψ
419 479 550 558 Quiris
564 495 704 541 venires
719 495 753 540 ru
770 497 855 542 smn.
871 496 1087 544 aenneusus
1110 489 1168 559 425

729 585 1209 602 m

88 669 237 738 ornatur,
253 673 290 729 ut
308 663 416 728 errare
435 678 501 728 non
525 660 643 746 possit,
662 677 740 728 curn
758 680 847 728 error
864 660 917 728 his
935 660 1061 728 actibus
1079 663 1211 726 relucte-

88 779 154 836 tur.
175 769 265 862 idem
281 787 362 856 ergo
379 769 431 836 dic
449 770 491 836 de
509 768 648 853 simplici
665 766 956 856 apprehensione(
980 764 1006 856 ).

156 881 234 961 obj.
250 875 304 946 3.⁰
320 876 500 961 Propositio
514 895 556 942 ex
569 877 789 944 communiter
800 885 930 961 recepta
942 873 1142 954 definitione,
1158 883 1209 944 est

88 986 192 1052 oratio
206 1003 321 1051 verum
336 986 388 1058 ,vel
403 985 521 1051 falsum
535 983 736 1070 significans.
752 984 853 1069 Atqui
872 985 900 1051 si
915 983 1034 1051 veritas
1051 983 1209 1067 competit

87 1091 226 1179 simplici
245 1091 512 1178 apprehensioni,
542 1111 609 1158 non
633 1103 720 1159 recta
738 1101 826 1159 esset
844 1094 914 1159 haec
939 1091 1097 1158 definitio.
1123 1092 1207 1156 Nam

88 1212 167 1267 tunc
188 1218 253 1268 non
279 1201 379 1267 modo
404 1200 436 1266 in
456 1199 692 1284 propositione,
713 1198 819 1266 sedin
837 1199 928 1266 omni
946 1198 1092 1265 oratione
1111 1207 1209 1282 atque

88 1311 171 1375 adeo
199 1309 231 1374 in
259 1307 407 1374 terminis
438 1307 671 1392 incomplexis,
702 1308 776 1374 licet
806 1305 1005 1392 simplicium
1033 1307 1211 1391 apprehen·

87 1419 220 1484 sionum
266 1415 331 1484 sint
374 1416 622 1500 expressiones,
661 1417 791 1482 adesset
823 1415 968 1482 veritatis
1002 1412 1207 1501 significatio.

87 1525 214 1610 Ergo...

154 1641 260 1718 Resp.
285 1632 371 1702 Diri.
397 1631 473 1717 hlaj.
495 1631 677 1715 Propositio
694 1639 744 1698 est
763 1631 865 1697 oratio
885 1647 1001 1696 verum
1021 1629 1072 1696 vel
1091 1630 1209 1696 falsum
1251 1690 1253 1693 .

86 1741 275 1828 significans
294 1741 435 1826 perfecte
453 1747 486 1806 et
505 1741 613 1824 plene,
642 1759 749 1824 eoque
772 1737 924 1823 peculiari
953 1737 1066 1814 modo,
1094 1737 1150 1821 qui
1167 1736 1209 1802 de

83 1847 205 1935 judicio
233 1867 313 1915 mox
344 1853 539 1933 exponetur,
568 1865 656 1914 conc.
685 1845 867 1932 Propositio
893 1855 944 1912 est
962 1845 1066 1912 orario
1093 1862 1208 1911 verum

85 1958 403 2043 quomodocumque
420 1955 619 2040 exprimens,
635 1974 726 2040 nego.
1178 2039 1181 2044 Ι
1262 1952 1267 1960 “

153 2063 317 2132 Nimirum
337 2063 425 2130 idem
454 2061 631 2129 dicendum
659 2072 711 2129 est
737 2064 778 2130 de
803 2063 882 2130 orali
909 2061 1135 2148 cognitionum
1153 2080 1210 2127 ex-

86 2173 265 2258 pressione,
291 2171 382 2256 quod
407 2171 448 2238 de
469 2169 547 2256 ipsis
572 2169 822 2256 cognitionibus
833 2171 967 2248 mentis,
995 2188 1071 2238 cum
1090 2169 1209 2235 veritas

85 2279 249 2347 sermonis
270 2271 403 2362 signum
427 2278 470 2344 sit
498 2277 641 2344 veritatis
660 2278 855 2346 intellectus.
882 2277 970 2344 licet
986 2286 1096 2342 autem
1115 2277 1210 2343 intel·

85 2391 188 2455 lectus
218 2397 330 2454 noster
356 2387 389 2452 in
418 2387 510 2452 omni
542 2385 767 2472 cognitionum
799 2405 918 2472 genere
947 2387 1041 2471 potiri
1074 2384 1209 2452 veritate
1277 2383 1281 2387 ’

86 2496 201 2580 possit,
230 2507 343 2562 tamen
363 2494 471 2561 solum
490 2493 523 2559 in
542 2504 615 2560 actu
638 2493 749 2579 judicii
777 2513 850 2560 earn
879 2496 975 2580 plene
1003 2494 1208 2579 perfecteque

87 2605 243 2687 possidet:
265 2610 297 2668 et
316 2602 388 2669 licet
412 2619 470 2685 per
487 2601 669 2686 simplicem
687 2619 819 2686 quoque
838 2603 1132 2687 apprehensionem
1153 2601 1209 2668 ba·

84 2712 199 2779 teatin
213 2729 248 2777 se
261 2709 444 2788 veritatem,
462 2717 494 2775 at
508 2728 586 2777 vero
604 2711 715 2777 solum
730 2717 912 2795 peractum
931 2711 1043 2797 judicii
1058 2713 1212 2798 cognoscit

83 2840 116 2887 se
134 2822 225 2887 illam
252 2820 373 2885 hahere.
403 2816 486 2894 Quae
506 2826 556 2883 est
576 2818 721 2903 Angelici
741 2819 888 2885 doctrina
907 2838 947 2885 eo
970 2819 1043 2903 ipso
1071 2820 1102 2886 in
1123 2822 1207 2898 loco,

84 2929 140 2995 ubi
157 2930 288 2993 allatam
307 2926 541 3012 propositionis
558 2926 782 2992 definitionem
803 2926 939 3009 exponit
955 2925 1019 3015 (2).
1041 2928 1111 2995 Hoc
1130 2947 1209 3015 ergo

83 3054 183 3102 sensu
203 3034 382 3121 propositio
400 3041 451 3100 est
472 3034 575 3098 oratio
605 3032 795 3118 significans
823 3052 952 3109 verum,
981 3036 1072 3119 quod
1100 3038 1208 3104 estin

83 3144 249 3209 intellectu
266 3146 424 3225 tamquam
442 3140 610 3224 cognitum.

149 3256 226 3334 obj.
246 3258 294 3333 4.⁰
317 3248 349 3313 Si
369 3248 488 3315 veritas
500 3248 604 3333 logica
619 3256 707 3315 esset
730 3250 761 3315 in
778 3248 917 3333 simplici
932 3251 1207 3335 apprehensione,

82 3369 169 3427 esset
184 3358 283 3424 etiam
299 3358 332 3423 ln
345 3354 518 3441 speciebus
529 3355 797 3441 intelligibilibus,
818 3367 918 3441 atque
931 3358 1109 3442 habitibus3
1131 3379 1207 3427 narn

82 3468 181 3535 etiam
199 3468 268 3532 haec
286 3464 410 3533 habent
428 3482 523 3531 suam
537 3464 799 3531 conformitatem
819 3484 895 3531 cum
916 3465 1050 3553 objectis
1071 3468 1111 3533 ad
1126 3486 1209 3553 quo-

81 3594 155 3643 rum
177 3571 434 3640 intellectionem
454 3580 664 3638 concurrunt.
689 3572 790 3656 Atqui
814 3572 847 3637 id
866 3573 995 3641 videtur
1013 3574 1206 3658 absurdum3

79 3684 201 3752 veritas
214 3682 302 3748 enim
325 3678 454 3765 propria
466 3692 516 3747 est
530 3680 591 3746 dos
604 3678 811 3765 cognitionis.
833 3680 960 3766 Ergo...

148 3798 254 3873 Reep.
274 3808 342 3873 neg.
364 3789 478 3869 hlajor.
500 3806 575 3871 quae
595 3807 661 3854 non
680 3786 764 3853 bene
783 3780 950 3873 probatur.
976 3788 1028 3857 Ad
1048 3790 1206 3857 rationem

79 3900 170 3966 enim
197 3896 309 3983 logicae
328 3894 473 3962 veritatis
492 3914 558 3961 non
582 3894 704 3963 suflicit
722 3894 877 3981 quaelibet
893 3897 1123 3975 conformitas,
1147 3900 1206 3966 sed

79 4027 117 4073 ea
137 4024 212 4090 quae
231 4012 282 4071 est
299 4005 384 4070 inter
401 4005 573 4071 formalem
587 4004 810 4089 cognitionem
829 4016 861 4072 et
875 4005 1056 4091 objectum.
1072 4007 1207 4092 Species

79 4134 161 4183 vero
179 4122 213 4180 et
231 4112 361 4180 habitus
390 4130 456 4178 non
475 4120 553 4178 sunt
575 4112 646 4197 ipsa
669 4112 812 4179 formalis
831 4112 993 4199 cognitio,
1013 4116 1071 4181 sed
1090 4116 1207 4201 princi-

79 4226 132 4309 pia
152 4221 364 4309 cognitionis.

148 4336 224 4413 obj.
247 4335 295 4397 5.·
318 4326 447 4393 Veritas
466 4327 622 4413 simplicis
641 4328 909 4413 apprehensionis
933 4331 1049 4397 saltem
1074 4350 1140 4397 non
1160 4332 1208 4398 vi-

77 4441 177 4506 detur
204 4454 277 4505 esse
295 4434 419 4522 logica,
438 4436 499 4503 sed
515 4436 819 4505 transcendentalis.
837 4438 924 4505 Nam
943 4440 1207 4507 transcendente·

113 4694 157 4757 (r)
194 4686 256 4746 cfr.
270 4686 304 4747 S.
316 4686 373 4745 Th.
390 4684 434 4745 De
447 4686 538 4745 Verit.
553 4706 583 4759 q.
598 4706 642 4756 21,
654 4707 681 4745 a.
693 4706 720 4763 2¹
734 4687 771 4746 ad
790 4698 849 4746 r.'¹¹¹

113 4780 156 4850 (a)
197 4784 234 4835 r.‘
245 4778 407 4837 Periherm.
424 4774 490 4835 leot.
507 4798 532 4849 3.
