3492 5525
556 493 614 556 ¹30
745 475 870 542 Loorca
891 473 1140 541 Minoa-Dior.
1165 486 1207 539 1.·
1227 474 1307 540 Car.
1332 489 1403 541 alm

514 673 665 740 eamdem
699 675 857 741 rationem
889 691 950 741 scu
977 673 1251 759 significationem
1282 673 1439 742 nominis.
1470 673 1559 740 Talis
1584 685 1634 740 est

513 779 612 858 homo,
629 797 707 846 curn
723 779 917 866 praedicatur
929 781 971 848 de
985 780 1099 858 Petro,
1124 781 1241 859 Paulo,
1264 789 1329 848 etc.
1346 792 1378 847 et
1388 780 1526 872 pninral,
1540 783 1630 865 quod
1733 774 1734 825 ἶ

513 886 630 952 dicitur
643 905 741 973 aequo
757 888 858 954 modo
878 888 921 954 de
935 889 1070 954 homine
1082 896 1115 954 et
1130 888 1241 954 bruto.

579 993 787 1078 AEquivocus
819 1006 869 1062 est
903 995 960 1079 qui
982 996 1144 1081 ¹pluribus
1162 994 1314 1080 applicari
1345 1003 1473 1080 potest,
1499 995 1557 1061 sed
1584 1014 1636 1060 se·

512 1103 659 1168 cundum
682 1104 847 1170 diversam
872 1104 1033 1170 rationein
1059 1111 1092 1169 et
1116 1102 1262 1170 nominis
1281 1102 1568 1188 significationem,
1598 1113 1634 1167 ut

510 1210 702 1294 patrimoni
727 1219 760 1277 et
783 1212 823 1276 de
841 1211 1021 1297 gallinaceo
1039 1209 1174 1288 dicitur,
1197 1221 1231 1276 et
1252 1211 1293 1276 de
1317 1211 1451 1276 homine
1478 1210 1510 1275 in
1525 1209 1635 1276 Galliis
1733 1274 1734 1283 ,

513 1325 607 1383 nato:
638 1329 671 1385 et
693 1319 784 1384 conis
810 1319 852 1384 de
875 1330 964 1386 certo
987 1318 1119 1385 animali
1146 1319 1307 1396 terrestri,
1335 1319 1378 1384 de
1408 1318 1496 1403 pisce
1524 1337 1561 1383 ac
1593 1319 1635 1382 de
1733 1362 1734 1407 3

511 1425 780 1492 constellatione..
1733 1512 1734 1519 ἵ

308 1531 490 1616 Αᾶῑῑῠῑόωῑῡῖ
579 1531 640 1598 Ubi
657 1541 733 1598 nota
749 1534 870 1617 primo,
895 1533 980 1600 sicut
1001 1535 1041 1598 ad
1061 1533 1328 1600 univocationem
1354 1551 1420 1598 non
1445 1531 1633 1615 requiritur,
1733 1526 1734 1529 ’

299 1618 498 1732 ”fliiufflffl
512 1647 548 1704 ut
564 1657 615 1706 res
636 1640 785 1707 univocae
809 1642 841 1707 in
866 1641 1022 1708 omnibus
1044 1643 1130 1708 inter
1144 1659 1181 1707 se
1205 1639 1421 1716 conveniant,
1448 1641 1507 1706 sed
1527 1641 1558 1706 in
1582 1641 1635 1706 illa

329 1747 465 1832 nomnen·
512 1746 647 1824 ratione,
664 1763 739 1831 quae
755 1767 812 1833 per
825 1730 1006 1816 commune
1024 1767 1146 1814 nomen
1165 1748 1429 1837 designaturgita
1444 1765 1635 1812 econverso

317 1829 476 1938 “nifflm'
511 1873 619 1938 neque
633 1855 675 1920 ad
690 1855 986 1940 aequivocationem
1002 1873 1087 1940 opus
1101 1875 1191 1932 esse,
1214 1869 1251 1923 ut
1269 1874 1345 1940 quae
1361 1855 1496 1920 nomine
1510 1854 1637 1920 donan-

297 1963 495 2025 „quivoarroaem
511 1969 564 2028 tur
577 1964 764 2046 aequivoca,
782 1963 815 2030 in
835 1965 991 2031 omnibus
1004 1966 1091 2031 inter
1104 1983 1140 2030 se
1160 1963 1363 2048 discrepent,
1379 1961 1580 2042 sedsufficit‚
1598 1975 1636 2029 ut

323 2035 469 2165 ,ssffih
510 2067 543 2134 in
558 2070 609 2136 illa
624 2079 754 2138 tantum
766 2071 892 2138 ratione
906 2073 1107 2156 discrepent,
1123 2068 1380 2155 quaecommuni
1394 2079 1527 2136 notatur
1541 2089 1638 2135 voca·

511 2175 590 2243 bulo
608 2174 673 2265 (r).
690 2177 740 2244 Sic
756 2179 870 2247 Petrus
885 2189 917 2245 et
933 2181 1053 2246 l’aulus
1066 2178 1098 2245 in
1119 2179 1232 2245 multis
1250 2177 1386 2262 quidem
1409 2177 1637 2244 discriminan-

510 2294 578 2361 tur,
604 2285 663 2351 sed
681 2285 885 2354 conveniunt
905 2286 940 2354 in
962 2287 1185 2363 humanitate,
1212 2285 1303 2351 unde
1319 2285 1459 2352 univoce
1481 2285 1638 2351 dicuntur

510 2391 676 2460 homines.
698 2393 735 2458 Et
751 2413 768 2458 e
782 2412 942 2460 converso
956 2395 1063 2480 gallus
1078 2393 1277 2479 gallinaceus
1298 2401 1332 2458 et
1350 2392 1455 2457 homo
1468 2391 1501 2457 in
1523 2391 1637 2458 Galliis

511 2507 606 2566 natus
620 2499 654 2566 in
670 2499 783 2567 multis
796 2500 1020 2578 conveniunt,
1038 2510 1117 2586 puta
1131 2499 1166 2565 in
1177 2501 1393 2577 animalitate,
1411 2500 1493 2576 vita,
1511 2499 1636 2565 ratione
1733 2502 1734 2563 Ξ

508 2606 672 2690 corporis,
692 2609 902 2685 substantie,
919 2611 1021 2691 entis,
1045 2610 1103 2675 sed
1117 2608 1302 2691 discrepant
1321 2607 1353 2673 in
1373 2627 1411 2671 ea
1430 2605 1562 2690 praecise
1586 2625 1639 2671 ra·
1733 2610 1734 2617 ’

508 2714 597 2781 tione
609 2731 685 2801 quae
701 2715 833 2783 nomine
845 2717 921 2803 galli
937 2715 1070 2783 venitin
1086 2723 1227 2800 utroque
1240 2712 1305 2804 (2).

327 2842 460 2889 naaman
574 2822 658 2888 Nota
682 2825 845 2901 secundo,
869 2843 985 2891 vocem
1009 2825 1159 2890 eamdem
1185 2842 1282 2908 posse
1307 2841 1364 2907 per
1381 2831 1568 2907 respectum
1592 2824 1637 2888 ad

303 2914 485 2972 rupectudirer-

304 3004 377 3037 Mum
388 3000 440 3032 univ

421 2986 426 2997 .
508 2930 593 2996 varia
613 2932 739 3016 objecta
765 2934 866 2997 modo
885 2932 1060 2999 univocam
1082 2934 1182 2998 modo
1191 2931 1395 3015 aequivocam
1407 2949 1491 2997 esse.
1507 2929 1634 3006 Quem·
1733 2937 1734 2940 ’

314 3060 464 3119 aequivoca.
507 3038 687 3105 admodum
723 3039 810 3106 homo
839 3038 1001 3107 univocus
1027 3055 1075 3107 est
1095 3059 1154 3124 pro
1176 3037 1271 3105 variis
1291 3037 1468 3105 individuis
1493 3038 1635 3104 humani
1733 3101 1735 3116 ,

505 3146 647 3231 generis,
660 3157 692 3212 et
702 3147 892 3231 aequivocus
903 3157 1050 3233 respectu
1064 3145 1208 3212 hominis
1221 3148 1287 3213 vivi
1297 3159 1329 3214 et
1345 3145 1419 3232 picti
1432 3147 1484 3213 vel
1495 3147 1631 3231 sculpti.

312 3256 469 3317 marvan·
572 3252 746 3321 Terminus
769 3255 960 3341 aequivocus
981 3255 1201 3321 subdividitur
1223 3256 1256 3321 in
1283 3255 1491 3340 aequivocum
1519 3253 1635 3321 stricte
1733 3319 1734 3334 ,

292 3338 372 3376 manet
381 3325 493 3373 aconadio
839 3365 844 3377 .
1240 3362 1246 3375 .
1265 3363 1270 3375 .
1733 3345 1734 3380 j

313 3401 470 3465 mm,
505 3377 595 3426 seua
613 3363 1287 3447 casu,etaequ1vocumlateseuaconsrlro
1302 3364 1352 3430 vel
1377 3360 1575 3451 artemam(
1601 3361 1630 3451 ).
1733 3413 1734 3470 l

507 3608 592 3677 tatis)
607 3611 722 3669 nomini
740 3612 953 3670 accommodata
967 3614 1066 3670 eadem
1086 3621 1157 3671 est.»
1178 3611 1282 3683 (Arist.
1298 3610 1351 3691 De¹
1366 3612 1545 3671 Proedicam.
1560 3633 1586 3670 e.
1607 3618 1635 3681 r)
1733 3623 1735 3696 ξ

505 3698 647 3759 Similiter
662 3700 872 3773 aequirocantia
885 3716 957 3760 aunt
977 3701 1096 3760 termini
1109 3699 1266 3773 aequiroci3
1280 3700 1428 3773 aequivoca
1450 3721 1520 3760 vero
1533 3704 1635 3775 aequi-

504 3802 606 3848 vocata
620 3802 691 3848 aunt
704 3791 813 3861 objecta
827 3790 892 3863 ipsa
919 3811 1059 3864 rquorum
1081 3792 1290 3849 nomensolurn
1303 3810 1452 3849 commune
1474 3802 1532 3863 est,
1553 3796 1634 3851 ratio
1733 3843 1734 3852 ,

505 3898 573 3937 vero
595 3879 768 3939 substantiae
791 3880 903 3938 nomini
921 3882 1149 3947 accommodata,
1171 3882 1319 3939 diversa·
1335 3880 1442 3949 (Arist.
1465 3880 1548 3949 ibid.)
1563 3881 1628 3942 Cl'r.
1733 3883 1735 3916 i

504 3966 760 4027 conimbricenses
775 3967 805 4027 in
820 3968 900 4027 hunc
912 3970 1017 4027 locum.

557 4056 703 4117 Caeterum
727 4057 883 4131 appellatio
905 4058 1098 4117 univocorum
1109 4072 1138 4117 et
1160 4058 1376 4131 equivocorum
1399 4058 1494 4134 magia
1512 4061 1632 4134 proprie

504 4147 591 4205 rebus
605 4146 678 4219 ipsis
690 4146 842 4220 competit,
859 4168 948 4219 quam
963 4147 1126 4217 vocabulis,
1141 4162 1269 4221 spectato
1283 4147 1363 4207 vocis
1376 4164 1485 4223 etymo.

538 4240 579 4303 (ι)
616 4236 692 4296 Vide
706 4236 960 4296 Conimbrioensea
974 4237 1005 4295 in
1014 4236 1196 4309 expositione
1208 4237 1321 4296 laudati
1336 4238 1632 4299 textusArintotelici.
1733 4221 1735 4236 ’

537 4326 579 4397 (2)
616 4324 680 4385 Cir.
699 4325 731 4385 S.
747 4326 803 4385 Th.
822 4330 864 4387 Da
884 4327 1011 4385 Veritat.
1026 4341 1131 4398 quaest.
1146 4346 1174 4385 a.
1187 4340 1245 4386 art.
1265 4348 1294 4385 11
1310 4328 1348 4386 ad
1363 4340 1411 4403 7.·

538 4420 579 4487 (3)
614 4415 716 4474 Totam
726 4424 801 4475 hanc
809 4416 973 4475 doctrinam
983 4415 1025 4474 aie
1033 4431 1213 4489 expresserat
1223 4415 1362 4476 Clemens
1375 4417 1519 4478 Alexand.
1531 4418 1634 4490 (Stro-

501 4514 570 4563 mat.
586 4504 635 4563 lib.
646 4506 687 4572 8.)
707 4506 755 4563 Ex
771 4506 816 4563 nis
833 4526 897 4579 quae
917 4516 986 4563 sunt
999 4506 1053 4563 sud
1064 4508 1161 4564 decem
1174 4507 1420 4580 predicamentis,
1435 4510 1502 4567 alie
1514 4509 1631 4584 quntum

501 4602 570 4650 rant
591 4596 742 4668 synonima
761 4594 937 4667 (univoca),
958 4614 1078 4668 quorum
1093 4605 1122 4653 et
1139 4616 1241 4654 nomen
1255 4605 1301 4654 est
1318 4596 1456 4657 ambobus
1469 4615 1630 4659 mmmm:

501 4682 581 4741 sicut
594 4684 644 4742 bos
662 4694 690 4742 et
704 4686 802 4755 domo,
821 4694 965 4758 quatenus
985 4686 1108 4744 animal:
1131 4696 1202 4744 sunt
1219 4687 1299 4744 enim
1315 4689 1486 4759 synonimo,
1506 4707 1631 4762 qaorum

497 4772 649 4831 ‘amborum
671 4792 773 4833 manea
792 4782 838 4833 est
859 4792 1021 4845 marnae,
1040 4782 1075 4832 ut
1095 4777 1225 4846 animal,
1239 4786 1270 4834 et
1283 4778 1362 4836 rnta'o
1373 4777 1491 4849 cadent,
1506 4778 1561 4838 doc
1572 4790 1629 4851 est,
