3492 5525
574 421 636 504 980
696 425 819 489 Locren
834 425 1064 499 Maron-Lm.
1081 439 1150 503 μ’,
1167 426 1254 489 um.
1274 438 1320 508 4·
1335 426 1416 488 Can.
1435 440 1517 507 3³¹³

603 605 654 671 Ad
674 609 755 674 banc
775 608 953 676 secundam
974 610 1223 693 explicationem
1242 610 1426 677 revocanda
1446 609 1586 676 videtur
1601 609 1655 690 opi

537 713 591 779 nio
612 717 834 798 quorumdam
852 715 1114 793 Themistarum,
1142 718 1330 785 docentium
1358 718 1532 785 unitatem
1555 716 1603 780 vel
1619 716 1656 779 di

535 822 723 888 versitatem
738 823 881 890 scientiae
894 825 1103 891 derivandam
1123 844 1196 891 esse
1213 844 1255 891 ex
1270 825 1395 892 unitate
1420 826 1478 889 vel
1504 824 1656 890 diversita

536 938 568 994 te
587 930 736 1006 luminis,
758 936 825 1014 quo
842 932 1071 999 conclusiones
1089 942 1348 1018 cognoscuntur,
1375 930 1654 1017 quemadmodum

536 1037 680 1121 loquitur
697 1039 887 1105 Dominicus
915 1042 1019 1106 Banez
1037 1038 1101 1129 (ι).
1125 1041 1208 1106 Cum
1233 1041 1320 1107 enim
1345 1041 1531 1106 videantur
1558 1038 1588 1103 hi
1612 1057 1656 1101 au·

535 1153 642 1212 ctores
655 1146 745 1231 loqui
764 1146 943 1213 delumine
958 1148 1137 1231 objectivo,
1167 1149 1278 1213 lumen
1301 1166 1379 1213 vero
1400 1146 1609 1231 objectivum
1626 1148 1655 1206 at

536 1256 781 1338 cognoscendas
806 1256 1035 1321 conclusiones
1061 1256 1129 1327 sint
1153 1256 1260 1321 media
1284 1255 1591 1321 demonstrationis
1611 1270 1655 1317 seu

538 1360 707 1447 principia;
729 1363 824 1446 plane
843 1364 954 1429 solum
974 1364 1005 1429 in
1027 1364 1126 1429 modo
1145 1362 1301 1447 loquendi
1325 1362 1522 1446 discrepant
1541 1360 1655 1425 abrilis

536 1469 722 1534 auctoribus
736 1472 889 1536 secundae
904 1471 1088 1537 sententiae.

605 1576 768 1643 Caeterum
785 1598 823 1643 ca
841 1578 1067 1663 intelliguntur
1085 1577 1237 1665 principia
1255 1578 1338 1643 inter
1356 1596 1392 1643 se
1410 1578 1570 1653 diversa,
1590 1595 1657 1658 quo

537 1704 609 1751 rum
628 1704 733 1751 unum
754 1705 819 1751 non
844 1687 991 1769 sequitur
1010 1706 1052 1753 ex
1070 1686 1149 1761 alio,
1176 1705 1234 1751 nec
1254 1694 1390 1767 utraque
1417 1704 1461 1749 ex
1482 1686 1552 1749 alio
1575 1702 1657 1766 supe

536 1792 611 1858 riori
630 1791 713 1857 intra
732 1794 883 1859 eamdem
903 1793 1020 1859 lineam
1040 1790 1284 1868 abstractionis,
1300 1800 1336 1857 ut
1347 1792 1505 1875 superius
1522 1810 1658 1879 expone-

535 1899 591 1967 bat
609 1899 777 1985 Sylvester
790 1901 924 1967 Maurus
938 1900 990 1989 (2)
1014 1920 1055 1966 ex
1075 1902 1249 1967 Aristotele
1269 1899 1332 1988 (3).

602 2006 750 2091 Denique
781 1995 924 2075 succedit
954 2008 1045 2073 tertia
1084 2007 1244 2075 sententia
1274 2006 1465 2074 docentium
1503 2008 1656 2073 unitatem

535 2114 678 2181 scientiae
707 2116 915 2199 repetendam
942 2134 1019 2182 esse
1044 2135 1084 2180 ex
1111 2114 1234 2181 unitate
1258 2115 1391 2200 subjecti
1422 2115 1616 2199 principalis
1634 2126 1657 2177 et

535 2220 713 2306 adaquati.
741 2224 774 2287 in
792 2242 861 2306 quo
890 2223 1011 2306 reliqua
1030 2222 1140 2289 omnia
1167 2231 1419 2297 connectantur,
1447 2240 1528 2305 quae
1557 2222 1591 2287 in
1615 2223 1657 2283 illa

535 2329 668 2395 scientia
682 2331 848 2397 tractanda
866 2339 1095 2407 assumuntur,
1115 2331 1191 2413 quia
1211 2331 1261 2397 vel
1281 2338 1412 2414 propter
1430 2330 1533 2403 illud.
1564 2332 1614 2393 vel
1632 2328 1657 2391 in

535 2439 647 2504 ordine
658 2438 697 2503 ad
708 2439 806 2516 illud,
823 2446 1015 2507 tractantur.
1037 2439 1128 2505 Unde
1143 2458 1161 2502 e
1178 2456 1337 2503 converso
1351 2438 1413 2503 illae
1430 2446 1538 2503 erunt
1559 2438 1658 2502 diver-

536 2564 580 2611 sae
599 2547 755 2621 scientiae,
782 2566 856 2631 quae
881 2546 1007 2612 diversa
1031 2548 1295 2631 contemplantur
1318 2545 1512 2630 hujusmodi
1533 2546 1657 2630 objectu

535 2656 703 2738 adaequata
723 2663 755 2719 et
768 2654 880 2719 totalia
895 2664 926 2720 et
941 2674 1006 2719 non
1026 2655 1109 2719 inter
1128 2673 1163 2720 se
1182 2672 1340 2719 connexa.
1359 2652 1439 2718 Aliis
1457 2653 1591 2730 verbis,
1612 2672 1657 2718 se-

534 2763 679 2830 cundum
699 2764 782 2827 banc
801 2763 1015 2838 sententiam,
1037 2763 1178 2828 scientiae
1202 2760 1462 2828 diversificantur
1479 2780 1538 2845 per
1559 2760 1657 2826 diver-

533 2889 571 2936 sa
598 2871 723 2955 objecta
750 2869 985 2951 attributionis;
1013 2889 1130 2936 omnes
1156 2871 1267 2953 itaque
1289 2869 1538 2946 conclusiones,
1573 2871 1653 2934 idem

534 2978 691 3043 babentes
708 2977 873 3060 objectum
894 2978 1131 3054 attributioniS,
1153 2996 1252 3043 unam
1271 2978 1493 3059 eamdemque
1512 2977 1654 3043 contium

532 3085 715 3152 scientiam.

518 3278 520 3281 Ι
599 3193 674 3258 llaec
694 3203 744 3259 est
761 3193 922 3261 sententia
942 3207 973 3262 et
992 3193 1163 3279 explicatio
1182 3193 1268 3260 Scoti
1289 3203 1321 3258 et
1338 3191 1558 3259 Scotistarum
1575 3193 1653 3276 apud

533 3300 701 3366 Mestrium
721 3299 783 3387 (4).
806 3302 844 3366 Et
862 3303 936 3367 huic
959 3303 1091 3367 tandem
1117 3303 1252 3392 adhaesit
1276 3301 1420 3366 Eximius
1444 3299 1571 3366 Doctor
1594 3297 1651 3385 (5).

532 3406 646 3474 Petrus
665 3410 831 3476 llurtadus
850 3407 914 3499 (6),
930 3411 1118 3476 franciscus
1142 3409 1258 3475 Soarez
1282 3409 1442 3475 lusitanus
1456 3405 1511 3496 (7)
1525 3409 1650 3491 aliique.

576 3518 654 3582 288.
702 3516 785 3582 lnter
803 3517 863 3583 has
886 3527 952 3584 tres
980 3519 1175 3594 sententias,
1195 3519 1269 3584 duae
1298 3517 1419 3601 priores
1447 3535 1564 3601 reapse
1594 3535 1651 3580 non

532 3611 685 3690 videntur
703 3642 848 3709 pugnare
868 3625 952 3691 inter
969 3645 1021 3701 se,
1042 3645 1157 3692 verum
1178 3629 1288 3710 potius
1310 3626 1480 3709 complent
1503 3625 1651 3690 eamdem

532 3732 737 3815 adaequatam
766 3732 809 3798 rei
838 3733 1100 3819 explicationem.
1130 3731 1214 3800 Cum
1243 3733 1330 3800 enim
1356 3731 1490 3827 scientia
1521 3735 1652 3798 non-sit

566 4004 607 4064 (ι)
645 3999 678 4056 ln
697 4011 752 4057 ι.·“
767 4012 856 4071 part,
871 4012 976 4070 quoest.
997 4021 1019 4069 ι,
1036 4014 1088 4060 art.
1108 4021 1134 4058 o.

569 4095 609 4154 (ι)
646 4088 710 4147 Lib.
731 4101 768 4146 r.⁰
783 4091 908 4154 Foster..
925 4111 987 4160 cap.
1004 4111 1049 4157 ιι,
1065 4093 1095 4148 u'.
1114 4109 1138 4156 ς.

507 4248 509 4251 ,
565 4183 606 4249 (3)
644 4178 707 4235 Lib.
730 4190 766 4234 ¹.⁰
781 4180 946 4244 Poster.‚c.
964 4199 1007 4250 23.
1028 4179 1089 4237 Ctr.
1106 4179 1175 4236 ibid.
1193 4178 1225 4237 S.
1251 4180 1368 4250 Thom.‚
1390 4182 1456 4244 lect.
1477 4206 1524 4258 41,
1547 4189 1652 4246 Deinde

531 4287 595 4326 cum
608 4268 694 4324 dicit.-
706 4268 814 4324 Altera
829 4277 934 4326 autem.

566 4365 606 4431 (4)
642 4357 732 4434 [ομ
757 4357 833 4428 disp.
858 4376 905 4425 ιι,
930 4377 959 4428 q.
991 4379 1020 4429 3,
1047 4379 1075 4416 n.
1102 4359 1147 4416 60.
1174 4359 1250 4416 Vide
1273 4359 1362 4419 etism
1386 4361 1542 4434 Pontium,
1567 4365 1649 4442 top..

532 4448 607 4519 disp.
624 4467 673 4516 22,
689 4467 720 4518 q.
736 4446 843 4515 ultim.¹
862 4466 891 4503 n.
907 4465 952 4518 95.
969 4465 1050 4518 seqq.

564 4543 606 4607 (ς)
644 4535 726 4607 Disp.
741 4555 792 4608 44,
806 4548 875 4593 sect.
896 4555 941 4605 ιι,
960 4557 989 4594 ιι.
1003 4538 1054 4609 69;
1071 4535 1134 4596 Csr.
1151 4537 1191 4597 ib.
1207 4557 1238 4598 n.
1253 4539 1299 4612 65.

565 4626 605 4693 (6)
644 4624 785 4698 Metoph„
800 4624 877 4696 disp.
897 4646 926 4696 ι,
942 4638 1011 4685 sect.
1027 4628 1045 4685 6
1059 4639 1087 4712 et
1102 4648 1128 4700 7.

563 4722 606 4792 (7)
641 4715 756 4804 boeck..
774 4725 857 4774 tract.
871 4715 905 4786 8,
921 4715 998 4790 disp.
1014 4737 1044 4787 ι,
1061 4730 1130 4778 sect.
1145 4735 1172 4790 a,
1189 4737 1217 4778 n.
1237 4737 1297 4793 ¹57·
