3492 5525
297 460 410 523 Annio.
437 474 494 522 nv
515 457 605 536 Qun>
627 476 670 521 m·
689 475 894 533 Quoruntsx
914 470 1064 523 serem
1133 454 1190 522 881

110 638 279 707 scientiam
294 638 511 705 definiendam
526 632 837 721 assumimusque
853 636 983 723 proprie
1004 656 1128 704 nomen
1145 636 1234 705 istud

113 728 269 823 meretur,
286 753 319 811 et
333 762 389 830 per
403 763 502 833 quam
518 764 569 811 res
584 746 723 830 perfecte
738 762 774 810 ac
788 744 977 828 simpliciter
990 746 1143 831 cognosci
1157 746 1234 812 dici·

113 868 180 923 tur.
197 854 297 937 Atqui
312 870 371 919 nec
380 852 524 938 cognitio
538 852 702 937 opinative
715 851 1046 937 nec-experimentalis
1059 863 1110 921 est
1121 854 1235 940 hujus-

114 961 216 1029 modi.
240 960 391 1046 Cognitio
409 972 518 1027 autem
543 960 721 1044 primorum
750 958 981 1045 principiorum
1001 962 1141 1045 perlecta
1163 962 1236 1046 qui·

114 1071 191 1135 dem
219 1078 286 1146 est,
316 1068 421 1135 immo
447 1077 479 1133 et
505 1067 672 1152 perfectior
698 1066 732 1133 in
755 1086 875 1152 genere
898 1068 1109 1152 cognitionis,
1135 1088 1234 1153 quam
1345 1122 1354 1137 .

115 1175 265 1255 scientia,
293 1174 504 1242 nihilominus
522 1194 564 1241 ex
587 1174 757 1241 communi
776 1159 867 1241 more
887 1176 1042 1259 loquendi
1066 1194 1132 1243 non
1150 1177 1236 1243 solet

115 1283 257 1351 scientiae
277 1302 399 1349 nomen
413 1282 531 1350 sortiri.

183 1390 220 1456 Et
238 1391 393 1474 quoniam
412 1388 546 1458 scientia
572 1389 604 1456 in
633 1392 692 1458 hac
721 1390 848 1476 propria
876 1388 1062 1476 acceptione
1089 1390 1236 1477 gignitur

116 1517 174 1583 per
185 1496 511 1576 demonstrationem,
526 1506 558 1563 et
573 1499 643 1564 haec
656 1499 779 1583 duplex
793 1510 860 1576 est,
873 1502 1003 1581 propter
1016 1498 1095 1584 quid
1107 1500 1233 1585 atquin
1337 1502 1346 1511 ‘

118 1616 156 1673 ut
180 1606 330 1691 superius
353 1606 570 1690 exponimus;
589 1606 711 1690 duplex
735 1615 767 1671 et
800 1605 868 1689 ipsa
892 1624 964 1671 esse
989 1615 1113 1690 potest,
1138 1608 1236 1673 altera

117 1732 192 1798 quae
210 1722 415 1797 comparatur
442 1732 499 1797 per
528 1713 712 1780 discursum
742 1732 784 1779 ex
802 1712 972 1779 effectibus
989 1714 1042 1779 vel
1066 1733 1108 1779 ex
1129 1714 1235 1781 causis

117 1820 345 1888 remotioribus
362 1828 560 1904 vocaturque
578 1820 710 1887 scientia
728 1821 822 1905 quim·
840 1822 957 1896 altera,
977 1835 1053 1904 quae
1067 1840 1236 1906 compara·

117 1940 172 2004 tur
190 1948 246 2013 per
259 1928 443 1997 discursum
456 1946 605 1995 excausa
621 1927 786 2013 proxima,
802 1937 834 1995 et
849 1942 972 2015 nomen
984 1928 1081 1997 babet
1092 1927 1236 1996 scientie

112 2040 242 2120 propter
258 2037 347 2123 quid.
368 2036 450 2101 ilinc
464 2037 586 2121 duplex
599 2035 666 2103 dari
681 2044 789 2120 potest
803 2035 949 2103 definitio
967 2036 1120 2112 scientiae,
1134 2014 1239 2103 ‘altera
1310 2050 1396 2108 nupta

118 2164 192 2228 quae
209 2145 400 2213 utrumlibet
417 2142 600 2211 discursum
620 2142 804 2227 permittat,
820 2146 919 2212 altera
939 2162 1013 2227 quae
1034 2145 1170 2210 omnino
1189 2164 1238 2211 re-
1257 2122 1446 2243 mazam.
1528 2119 1532 2126 ’

118 2250 225 2337 quirat
243 2252 556 2319 demonstrationem
572 2254 701 2334 propter
714 2250 808 2335 quid:
828 2252 979 2334 quamvis
994 2252 1098 2317 solam
1115 2260 1238 2336 postre-

119 2380 225 2436 mam,
238 2368 352 2445 utpote
367 2356 563 2444 praecipuam
579 2378 615 2424 ac
630 2358 933 2442 praestantissimam
948 2359 1116 2438 omnium,
1137 2378 1238 2445 expo·

119 2467 260 2533 nendam
293 2467 468 2551 assumpsit
501 2466 731 2549 Philosophus,
758 2467 1039 2550 quemadmodum
1063 2463 1168 2535 'etiarn
1193 2467 1236 2532 ob

117 2578 267 2641 eamdem
286 2592 436 2651 causam,
454 2574 614 2659 precipue
633 2574 946 2642 demonstrationem
962 2578 1091 2657 propter
1107 2574 1185 2659 quid
1201 2592 1237 2639 ac

118 2682 320 2768 potissimam
349 2680 595 2749 describendam
623 2681 683 2747 sibi
714 2695 941 2768 proposuerat,
958 2689 995 2749 ut
1012 2682 1161 2768 superius
1179 2700 1239 2747 no·
1353 2691 1385 2771 J

117 2793 271 2858 tavimus.
292 2793 403 2875 ltaque
421 2790 570 2867 scientia,
600 2799 764 2874 quatenus
783 2791 968 2875 praescindit
990 2790 1032 2857 ab
1056 2791 1163 2875 specie
1182 2791 1238 2860 de.
1327 2806 1345 2852 n

118 2898 377 2974 monstrationis,
398 2916 572 2982 perquam
591 2898 793 2976 obtineatur,
815 2898 940 2964 deliniri
955 2906 1081 2982 potest:
1101 2898 1238 2982 cognittb

116 3011 254 3073 cericei
277 3007 401 3072 evidens
427 3005 477 3072 rei
497 3012 556 3086 per
576 3005 868 3072 demomlrationcm
894 3009 1085 3088 comparata.
1117 3004 1238 3071 Dicitur

116 3115 251 3198 cognitio
277 3118 378 3190 ceria,
398 3121 435 3178 ut
461 3114 651 3184 excludatur
675 3131 781 3190 error,
801 3113 921 3196 opinio,
945 3113 1080 3196 suspicio
1101 3133 1139 3179 ac
1153 3113 1239 3200 fides

117 3223 272 3299 maiano,
304 3241 395 3306 quae,
415 3222 531 3287 saltem
554 3221 763 3305 plerumque,
786 3237 957 3286 assensum
975 3221 1146 3287 dumtaxat
1164 3238 1239 3305 pro-

117 3329 256 3394 babilem
275 3326 409 3415 gignere
422 3330 520 3396 valet.
538 3327 594 3394 Est
606 3339 716 3396 autem
732 3327 865 3395 scientia
876 3327 1021 3413 cognitio
1039 3339 1142 3404 certa,
1162 3327 1239 3411 quia

119 3455 218 3503 nemo
237 3437 365 3522 proprie
392 3456 428 3502 ac
446 3435 636 3521 simpliciter
655 3437 735 3501 scire
754 3435 816 3501 dici
835 3442 956 3520 potest,
977 3436 1039 3502 nisi
1057 3455 1125 3502 rem
1147 3433 1240 3502 inial·
1268 3518 1271 3524 Ι

117 3543 245 3610 libiliter
262 3555 456 3629 cognoscat,
477 3561 535 3610 seu
561 3543 621 3610 nisi
645 3551 823 3630 cognoscat
847 3562 917 3609 rem
936 3543 980 3608 ita
998 3562 1071 3610 esse
1097 3552 1131 3608 et
1148 3542 1240 3608 aliter

117 3669 270 3718 essenon
291 3669 400 3736 posse.

185 3758 307 3825 Dicitur
333 3759 474 3834 evidens,
506 3757 546 3823 ad
573 3759 809 3825 excludendam
842 3758 941 3825 tidem
971 3757 1135 3833 divinarn,
1164 3776 1239 3842 quae

118 3868 256 3934 obscura
277 3867 336 3944 sit,
361 3874 502 3952 oportet.
522 3864 667 3949 Reliquae
687 3865 851 3950 particulae
878 3874 1054 3933 secernunt
1071 3865 1238 3933 scientiam

118 3995 136 4040 a
154 3973 338 4060 cognitione
357 3973 605 4059 principiorum,
626 3983 725 4057 atque
740 3975 821 4040 adeo
836 3994 855 4039 a
873 3973 998 4040 visione
1015 3973 1165 4042 beatifica
1183 3975 1242 4040 ho-

119 4081 216 4148 minis
234 4081 303 4148 Deo
322 4079 458 4148 fruentis
486 4079 518 4146 in
547 4081 639 4148 caelo.
660 4081 698 4146 lit
717 4101 773 4165 per
792 4082 926 4150 easdem
945 4081 1118 4167 particulas
1139 4082 1239 4148 etiam

118 4189 300 4256 excluditur
313 4191 355 4256 ab
374 4190 433 4256 hac
451 4187 640 4256 definitione
658 4187 792 4256 scientia
812 4190 869 4256 Dei
889 4198 921 4255 et
940 4191 1145 4276 angelorum,
1165 4207 1241 4275 quae

118 4299 192 4364 licet
209 4297 337 4364 scicntia
352 4298 454 4384 vulgo
473 4297 576 4374 audit,
598 4314 664 4361 non
679 4305 791 4364 tamen
811 4305 862 4363 est
876 4298 910 4364 in
930 4297 1060 4384 proprio
1078 4307 1112 4363 et
1129 4296 1241 4364 stricto

118 4422 218 4472 sensu
239 4404 389 4480 scientia,
410 4405 450 4469 de
466 4420 532 4488 qua
559 4402 658 4469 modo
677 4403 861 4488 loquimur,
884 4413 999 4491 utpote
1017 4423 1131 4472 carens
1149 4403 1240 4470 omni

116 4511 281 4602 discursu.

186 4619 229 4686 At
248 4637 326 4687 vero
339 4616 473 4686 scientia
491 4619 647 4704 perlecta,
664 4635 739 4702 quae
754 4619 879 4688 tructus
893 4616 936 4686 sit
954 4615 1243 4688 demonstrationis
1307 4648 1405 4697 ma,

113 4729 241 4814 propter
257 4723 348 4812 quid,
368 4726 415 4793 sic
432 4725 473 4794 ad
492 4735 639 4794 mentem
655 4724 837 4822 Aristotelis
850 4727 976 4821 definiri
996 4736 1117 4812 potest:
1137 4729 1244 4814 cogni·
1304 4720 1410 4768 &fidit

547 4870 554 4886 t
1165 4843 1203 4921 φ
