3492 5525
273 445 391 508 Anne.
410 457 467 508 υ·
480 442 651 522 Quonobo
667 458 906 507 oouuoannun
920 457 1090 504 enrucrnra
1144 451 1202 524 795

119 638 195 696 nate
216 627 377 694 utendum
398 625 448 694 his
465 623 637 709 speciebus
656 631 696 689 et
715 629 800 693 recte
817 619 1031 707 judicandum
1060 618 1242 686 secundum

117 738 209 804 illas»
229 732 293 824 (r),
315 735 362 801 Ac
381 732 515 819 proinde
533 731 613 799 ratio
632 730 775 798 formalis
794 727 926 796 habitus
951 745 1018 792 non
1041 723 1191 794 consistit
1208 724 1241 792 in

115 843 306 930 speciebus,
321 841 379 908 sed
394 841 428 908 in
443 839 496 905 illa
515 838 694 915 habilitate,
715 855 790 923 quae
809 854 885 904 vera
904 833 1043 920 qualitas
1061 841 1125 904 est.

183 950 246 1018 Sed
264 950 307 1015 de
326 947 377 1016 bis
395 946 469 1016 alibi
489 947 595 1014 fusius
615 947 793 1032 agendum.

525 1237 726 1328 CAPUT
756 1237 830 1327 ΙΙΙ.

159 1439 537 1526 Quouuono
576 1438 1199 1505 coomoscAN‘run

867 1557 883 1590 0

550 1587 803 1656 PRINCIPIA.

183 1816 349 1895 Quoniam
364 1817 593 1884 conclusiones
605 1834 725 1884 omncs
738 1824 982 1902 cognoscuntur
992 1835 1034 1885 ex
1048 1816 1235 1902 praemissis,

112 1947 151 1992 ac
166 1927 299 1993 tandem
314 1945 357 1991 ex
376 1925 490 2010 primis
507 1923 669 2010 principiis
684 1923 1047 2006 indemonstrabilibus;
1072 1923 1239 2008 inquiren-

111 2036 195 2100 dum
212 2034 280 2118 jam
301 2042 369 2110 est,
391 2033 560 2116 quomodo
579 2030 733 2117 principia
752 2033 822 2116 ipsa
840 2039 1082 2117 cognoscantur
1104 2033 1155 2097 vel
1173 2033 1239 2100 col-

112 2141 268 2226 ligantur.

498 2417 800 2495 ARTICULUS
823 2419 852 2493 Ι.

190 2589 353 2654 Utrum
367 2588 590 2669 principia
603 2587 863 2654 induetione
877 2587 1158 2667 colligantur.

157 2800 235 2868 207.
282 2783 456 2850 Sollemnis
476 2792 527 2849 est
553 2783 637 2849 inter
664 2782 859 2850 recentiores
886 2784 1103 2869 Philosophos
1120 2786 1234 2857 distin·
1296 2794 1389 2878 ‚⁰¹.'².⁸‘“’
1455 2764 1462 2778 ’

109 3000 156 3065 Ir'a
169 3017 227 3069 seu
245 2999 429 3081 syrnlbetico.
445 2997 624 3065 Rationalia
644 3007 763 3065 vocant
780 2998 951 3083 principia,
972 3018 1047 3083 quae
1060 3001 1232 3083 intuitione
1248 3009 1432 3053 memet·

110 3106 379 3191 pronuntiantur,
407 3107 503 3191 quale
529 3116 579 3171 est
604 3106 681 3173 boc:
720 3104 829 3173 Totum
854 3110 902 3173 est
920 3110 1024 3194 nrajrcs
1043 3127 1104 3177 sua
1124 3114 1230 3192 parta·
1244 3080 1447 3195 wnffiw‘

110 3214 374 3299 experimentalia
392 3222 503 3279 autem
522 3219 657 3291 vocant,
678 3231 753 3297 quae
772 3232 834 3298 ope
853 3214 1061 3299 experientiae
1085 3235 1230 3303 pronun·
1287 3229 1410 3288 onheim

108 3321 247 3404 tiantur;
267 3340 344 3389 cum
363 3322 450 3387 enim
471 3320 679 3405 predicatum
695 3321 836 3389 habeant
854 3330 945 3389 extra
965 3324 1133 3391 notionem
1152 3327 1231 3393 sub-

109 3430 182 3510 iecti
201 3428 363 3513 positum,
385 3435 553 3513 nequeunt
572 3428 724 3495 affirmari
743 3428 803 3495 nisi
822 3447 885 3514 ope
902 3428 1101 3498 inductionis
1121 3441 1155 3498 et
1173 3452 1230 3501 ex·

110 3536 285 3621 perientiae.
315 3537 450 3602 Addunt
477 3535 619 3620 praedicti
643 3546 791 3603 auctores
817 3536 970 3622 principia
998 3538 1163 3607 rationalia
1187 3560 1229 3607 ex

107 3662 181 3710 sese
200 3643 317 3709 habere
339 3644 614 3709 universalitatem
638 3653 672 3709 et
696 3642 939 3726 necessitatem
964 3645 1229 3737 experimentalia

107 3768 186 3817 vero
214 3770 285 3817 earn
313 3769 354 3817 ex
380 3769 417 3816 se
442 3750 520 3833 ipsis
545 3750 665 3816 babere
684 3768 750 3817 non
770 3768 883 3836 posse,
908 3752 967 3820 sed
989 3753 1138 3820 obtinere
1164 3774 1229 3840 ope

106 3858 251 3941 principii
269 3858 440 3943 cujusdam
455 3856 616 3943 analytici.
633 3858 739 3924 Immo
753 3868 903 3926 asserunt
920 3859 1083 3928 axiomata
1096 3862 1228 3948 empiri-

97 3972 143 4031 ‘ca
162 3965 329 4051 physicam
344 3965 573 4032 certitudinem
594 3982 660 4032 non
680 3966 835 4032 excedere
848 3963 913 4056 (2).

173 4076 207 4139 ln
226 4092 291 4158 qua
308 4073 454 4139 doctrina
478 4074 511 4139 id
534 4072 613 4141 milri
638 4072 746 4156 primu
764 4072 927 4158 displicet,
954 4076 1044 4158 quod
1072 4076 1228 4163 principia
1272 4088 1407 4147 roob-ur·

105 4178 370 4266 experimentalia
391 4180 543 4249 dicuntur
563 4197 628 4245 non
656 4180 773 4245 habere
791 4200 833 4247 ex
858 4200 931 4249 sese
949 4181 1226 4253 universalitatem

103 4299 161 4357 aut
180 4288 423 4367 necessitatem,
440 4287 498 4354 sed
517 4306 589 4353 earn
606 4284 748 4371 accipere
762 4305 826 4373 ope
840 4289 976 4376 alicuius
991 4290 1137 4377 principii
1151 4312 1228 4361 ana-

138 4564 179 4624 (r)
216 4554 315 4627 Suam,
330 4554 406 4629 disp.
422 4556 565 4631 Metapin,
577 4575 623 4629 44,
640 4568 709 4615 sect.
723 4574 752 4630 4,
768 4574 800 4614 n.
811 4556 839 4615 ⁶.

137 4648 178 4719 (a)
216 4646 291 4704 Vide
301 4647 337 4705 cl.
363 4646 396 4705 P.
422 4646 599 4715 Liber-atone,
624 4645 826 4705 Institutionum
847 4646 1102 4722 paimoniam...
1123 4648 1183 4707 vol.
1199 4670 1223 4707 r.

102 4737 222 4812 Logicoe
235 4744 306 4810 pars
320 4736 428 4806 arcera,
443 4754 507 4807 cap.
524 4752 552 4806 ς,
565 4747 620 4794 art.
640 4756 663 4793 r.
