3492 5525
275 481 390 545 Anne.
411 494 467 544 ψ
481 479 648 558 Quonono
664 499 899 548 conciduntur<
914 502 1080 548 rnruornir
1140 499 1199 563 797

922 587 1241 603 ——--—

121 664 238 727 saltem
257 666 438 730 secundum
457 685 505 731 se.
529 666 685 752 Principia
704 686 782 734 vero
801 667 1101 736 indemonstrabilia
1120 682 1241 731 secun-

121 769 203 835 dum
231 769 310 854 quid
337 773 434 839 etiam
459 773 610 840 videntur
633 793 703 840 esse
723 777 898 863 analytica,
915 778 966 842 uel
983 783 1067 841 certe
1083 776 1147 840 noli
1163 778 1241 837 sunt

122 877 305 963 syntbetica
327 879 359 944 in
385 898 482 946 sensu
510 885 738 948 recentiorum.
761 881 846 958 Ouia
873 881 1025 968 principia
1052 876 1241 964 hujusmodi

121 993 335 1051 assumuntur
348 995 518 1071 tamquam
543 991 718 1072 praemissae
743 990 783 1057 ad
803 991 972 1057 ulteriores
990 985 1243 1055 demonstratio-

123 1111 194 1158 nes.
221 1092 320 1176 Atqui
347 1095 523 1178 praemissae
544 1096 841 1173 demonstrationis,
862 1079 899 1165 ut
917 1099 1016 1181 paulo
1042 1095 1176 1160 inferius
1193 1091 1244 1156 vi-

121 1200 289 1278 debimus,
308 1221 348 1268 ex
366 1204 535 1269 communi
560 1205 719 1270 sententia
737 1205 1010 1272 scholasticorum
1034 1210 1113 1268 sunt
1131 1218 1241 1266 neces·

121 1308 214 1373 sariae
241 1327 279 1374 ac
301 1310 342 1374 de
368 1311 538 1394 praedicato
552 1318 612 1392 per
628 1331 660 1377 se
670 1311 876 1379 convenienti
896 1312 1042 1396 subjecto
1056 1308 1241 1376 secundum

122 1423 226 1482 totam
240 1433 334 1482 suam
355 1419 580 1485 extensionem
601 1417 652 1507 (1)
671 1420 798 1504 Ergo..i

191 1523 274 1589 Sane
291 1525 497 1608 praedicatum
515 1535 621 1610 perse
639 1528 836 1594 conveniens
852 1526 1015 1611 subjecto,
1032 1525 1128 1608 quale
1147 1522 1245 1588 debet

124 1649 197 1696 esse
216 1631 424 1715 praedicatum
446 1635 685 1718 praemissarum
714 1632 1018 1708 demonstrationis,
1048 1631 1100 1696 vel
1120 1639 1169 1696 est
1190 1628 1246 1694 ali-

123 1738 203 1821 quid
222 1747 370 1824 spectans
389 1741 429 1805 ad
447 1741 621 1807 essentiam
640 1744 794 1829 subjecti,
815 1744 865 1807 vel
886 1739 1063 1825 proprietas
1089 1739 1177 1824 ejus,
1207 1756 1245 1800 ac

125 1846 260 1928 proinde
279 1866 321 1914 ex
334 1866 392 1912 sua
411 1849 539 1934 propria
558 1857 670 1915 natura
690 1849 869 1916 necessario
885 1857 917 1913 et
932 1845 1155 1913 universaliter
1166 1861 1245 1909 con-

124 1953 215 2018 venit
232 1955 389 2040 subjecto,
411 1963 443 2020 et
461 1966 511 2021 est
530 1957 676 2022 absolute
695 1956 913 2042 cognoscibile
927 1975 967 2020 ex
986 1951 1244 2019 consideratione

125 2069 159 2125 et
178 2063 373 2128 resolutione
393 2063 473 2128 ideae
491 2064 638 2164 squecti.
1098 2051 1101 2060 ¹

194 2171 349 2236 Praeterea
362 2170 507 2240 doctrina
526 2173 578 2238 illa
592 2182 740 2262 statuens
754 2175 820 2240 sola
835 2170 988 2258 principia
1012 2167 1248 2253 experimenta-

126 2277 166 2342 lia
194 2276 382 2344 inductione
410 2289 442 2345 et
470 2281 665 2364 experientia
695 2299 801 2366 egere,
828 2288 865 2346 ut
884 2278 1094 2363 colligantur,
1120 2273 1248 2339 videtur

125 2386 283 2452 contraria
310 2405 382 2452 esse
411 2388 579 2454 communi
607 2399 754 2454 veterum
783 2395 953 2454 auctorum
981 2382 1153 2452 sententiae
1171 2400 1247 2448 cum

127 2493 301 2562 Aristotele
320 2504 353 2560 et
371 2493 404 2563 S.
425 2495 568 2572 Thorna,
590 2505 625 2561 ut
640 2499 707 2582 J'arn
727 2495 906 2562 videndum
925 2501 987 2560 est.

173 2657 250 2724 208.
298 2655 500 2724 Pnorosmo.
522 2660 692 2742 Principia
708 2663 820 2741 prima
832 2671 867 2724 et
888 2678 951 2739 per
975 2678 1013 2722 se
1035 2667 1116 2721 nota
1129 2671 1250 2734 cogno-

127 2780 288 2845 scuntur,
308 2772 580 2850 colligunturque
597 2772 794 2835 inductione
810 2770 959 2851 quadam
975 2786 1017 2830 ex
1031 2763 1153 2829 notitia
1170 2781 1249 2829 sen·

128 2896 233 2941 suum
250 2871 509 2957 enperimentali
527 2870 540 2961 (
564 2872 592 2959 ).

197 3036 283 3098 Ante
302 3034 526 3118 probationem
548 3034 732 3100 notandum
762 3042 812 3099 est
840 3051 917 3098 cum
937 3030 1154 3113 philosopho,
1182 3024 1462 3116 mittimini-'omnia

130 3140 264 3205 matium
284 3142 369 3207 varia
390 3160 458 3207 esse
477 3161 606 3226 genera.
629 3142 789 3219 Quamvis
804 3141 892 3207 enim
911 3139 1068 3205 omnibus
1084 3137 1170 3201 inest
1187 3134 1251 3201 vir·
1300 3102 1426 3233 mssjffi‘

129 3258 183 3313 tus
202 3248 353 3331 quaedam
372 3248 572 3314 discernendi
591 3267 764 3333 corporeas
793 3248 983 3331 qualitates,
1015 3264 1090 3329 quae
1117 3252 1251 3308 vocatur
1327 3247 1408 3300 coluri,

129 3373 252 3431 sensus,
275 3354 538 3421 differunttamen
558 3357 589 3422 in
610 3374 665 3433 eo,
687 3356 776 3439 quod
794 3354 947 3421 animalia
967 3350 1156 3438 perfectiora
1174 3368 1253 3415 con-
1305 3319 1420 3434 pffiffi

130 3472 261 3555 servant
292 3464 416 3547 species
444 3465 493 3528 vel
524 3462 772 3549 impressionem
802 3462 1023 3537 sensibilium,
1053 3475 1090 3524 ac
1118 3456 1252 3542 proinde
1303 3460 1433 3575 effoetum

122 3578 272 3653 *possunt
288 3571 341 3636 illa
366 3570 527 3656 percipere
556 3571 671 3647 etiam,
704 3571 836 3654 quando
865 3567 1037 3654 praesentia
1065 3584 1132 3631 non
1161 3570 1250 3639 sunt,
1275 3537 1457 3657 ffiffiffi

130 3696 193 3763 ope
209 3678 362 3744 nimirum
384 3679 548 3744 memoriae
567 3686 665 3762 atque
683 3676 940 3762 imaginationis3
962 3674 1022 3740 alia
1036 3691 1115 3740 vero
1134 3671 1253 3754 imper·
1313 3676 1426 3721 <liventaa

131 3788 213 3853 tecta
232 3795 286 3852 aut
307 3788 410 3852 nullas
427 3772 622 3852 conservant
641 3786 781 3871 species,
803 3794 859 3849 aut
887 3782 1017 3850 nonnisi
1048 3778 1251 3847 sensibilium
1275 3748 1457 3869 ,π’,ζζξζόζῗή

131 3894 513 3971 vehementissimorum,
548 3903 580 3959 et
611 3894 656 3960 sic
688 3912 753 3960 non
784 3900 923 3977 possunt
959 3907 1157 3976 cognoscere
1189 3887 1254 3951 ulla
1330 3894 1405 3938 rivam·

131 4002 311 4080 sensibilia,
333 4002 393 4069 nisi
412 4002 599 4086 praesentia‚
622 4001 672 4067 vel
693 4002 800 4067 solum
829 4005 1034 4085 cognoscunt
1057 3998 1090 4062 in
1108 3992 1253 4060 absentia

130 4109 294 4175 sensibilia
313 4108 365 4175 illa
383 4109 644 4185 vehementiora,
672 4126 813 4193 quorum
843 4108 983 4174 retinent
1005 4102 1250 4188 impressiones.

132 4318 410 4332 m

130 4377 133 4385 Δ
166 4401 207 4464 (ι)
242 4394 318 4453 Vide
333 4394 453 4453 inferius
464 4392 586 4454 dicenda
600 4390 630 4451 in
644 4376 777 4464 sequenti
793 4380 1039 4462 Disputationen.
1058 4407 1121 4461 237.

167 4488 208 4555 (2)
245 4486 321 4543 Vide
334 4484 518 4544 Aristotelem
532 4496 561 4541 et
575 4481 607 4541 S.
623 4482 777 4540 Thomam.
788 4480 859 4539 locis
868 4478 968 4539 statim
978 4476 1119 4546 citandis3
1133 4472 1253 4541 Suarez,

128 4576 213 4648 disp.¹
234 4575 363 4650 Metapln
389 4596 417 4644 r,
440 4588 507 4633 sect.
531 4574 775 4645 6‚n.124seqq.;
798 4570 919 4629 Fonsec.
944 4566 1136 4643 Metaplrysie.
1158 4564 1209 4623 lib.
1228 4584 1252 4633 r,

131 4686 195 4738 cap.
222 4686 247 4735 r,
266 4678 360 4737 quaeat
377 4685 412 4739 4³
434 4662 606 4731 Alamanni,
630 4662 739 4722 Smnm.
756 4658 981 4730 Plrilos.,prim.
994 4669 1069 4731 part.
1095 4666 1256 4728 questas,

95 4780 99 4787 ⁴
131 4771 187 4817 art.
198 4777 229 4830 23
242 4756 357 4826 Mauri,
374 4756 534 4837 Quoeslion.
546 4751 720 4827 philosoph„
736 4763 769 4813 t..
779 4770 801 4818 ι,
817 4759 847 4821 q:
867 4749 915 4823 16,
926 4761 980 4816 etc.
