<?xml version="1.0" encoding="UTF-8"?>
<!DOCTYPE html PUBLIC "-//W3C//DTD XHTML 1.0 Transitional//EN"
    "http://www.w3.org/TR/xhtml1/DTD/xhtml1-transitional.dtd">
<html xmlns="http://www.w3.org/1999/xhtml" xml:lang="en" lang="en">
 <head>
  <title>
</title>
<meta http-equiv="Content-Type" content="text/html;charset=utf-8" />
  <meta name='ocr-system' content='tesseract 3.04.00' />
  <meta name='ocr-capabilities' content='ocr_page ocr_carea ocr_par ocr_line ocrx_word'/>
</head>
<body>
  <div class='ocr_page' id='page_1' title='image "./institutionesph00urrgoog/institutionesph00urrgoog_0621.png"; bbox 0 0 3492 5525; ppageno 0'>
   <div class='ocr_carea' id='block_1_1' title="bbox 288 422 1260 501">
    <p class='ocr_par' dir='ltr' id='par_1_1' title="bbox 288 422 1260 501">
     <span class='ocr_line' id='line_1_1' title="bbox 288 422 1260 501; baseline 0 -14"><span class='ocrx_word' id='word_1_1' title='bbox 288 426 407 487; x_wconf 81' lang='lat' dir='ltr'>Anrrc.</span> <span class='ocrx_word' id='word_1_2' title='bbox 426 422 581 500; x_wconf 78' lang='lat' dir='ltr'>r.¹¹⁸Quru</span> <span class='ocrx_word' id='word_1_3' title='bbox 595 439 837 501; x_wconf 82' lang='lat' dir='ltr'>rusrruourun,</span> <span class='ocrx_word' id='word_1_4' title='bbox 853 440 1069 501; x_wconf 80' lang='lat' dir='ltr'>nucrorurns,</span> <span class='ocrx_word' id='word_1_5' title='bbox 1085 441 1181 487; x_wconf 77' lang='lat' dir='ltr'>eroes</span> <span class='ocrx_word' id='word_1_6' title='bbox 1201 426 1260 487; x_wconf 78' lang='lat' dir='ltr'>bor</span> 
     </span>
    </p>
   </div>
   <div class='ocr_carea' id='block_1_2' title="bbox 173 604 1512 2091">
    <p class='ocr_par' dir='ltr' id='par_1_2' title="bbox 177 604 1464 906">
     <span class='ocr_line' id='line_1_2' title="bbox 178 604 1464 691; baseline -0.004 -20"><span class='ocrx_word' id='word_1_7' title='bbox 178 606 380 671; x_wconf 88' lang='lat' dir='ltr'>documenta</span> <span class='ocrx_word' id='word_1_8' title='bbox 403 612 530 690; x_wconf 85' lang='lat' dir='ltr'>spectat</span> <span class='ocrx_word' id='word_1_9' title='bbox 554 604 699 683; x_wconf 83' lang='lat' dir='ltr'>historia,</span> <span class='ocrx_word' id='word_1_10' title='bbox 728 623 803 688; x_wconf 83' lang='lat' dir='ltr'>quae</span> <span class='ocrx_word' id='word_1_11' title='bbox 829 613 880 670; x_wconf 90' lang='lat' dir='ltr'>est</span> <span class='ocrx_word' id='word_1_12' title='bbox 908 606 980 672; x_wconf 85' lang='lat' dir='ltr'>sacti</span> <span class='ocrx_word' id='word_1_13' title='bbox 1009 606 1148 672; x_wconf 87' lang='lat' dir='ltr'>narratio</span> <span class='ocrx_word' id='word_1_14' title='bbox 1176 605 1303 691; x_wconf 89' lang='lat' dir='ltr'>scriptis</span> <span class='ocrx_word' id='word_1_15' title='bbox 1365 620 1464 668; x_wconf 70' lang='lat' dir='ltr'>loom.</span> 
     </span>
     <span class='ocr_line' id='line_1_3' title="bbox 177 712 1304 806; baseline 0.001 -28"><span class='ocrx_word' id='word_1_16' title='bbox 177 714 423 780; x_wconf 87' lang='lat' dir='ltr'>commendata.</span> <span class='ocrx_word' id='word_1_17' title='bbox 445 712 591 797; x_wconf 87' lang='lat' dir='ltr'>Denique</span> <span class='ocrx_word' id='word_1_18' title='bbox 611 721 865 779; x_wconf 85' lang='lat' dir='ltr'>monumentum</span> <span class='ocrx_word' id='word_1_19' title='bbox 886 721 937 778; x_wconf 91' lang='lat' dir='ltr'>est</span> <span class='ocrx_word' id='word_1_20' title='bbox 959 731 1044 797; x_wconf 90' lang='lat' dir='ltr'>opus</span> <span class='ocrx_word' id='word_1_21' title='bbox 1065 713 1208 806; x_wconf 79' lang='lat' dir='ltr'>quodvis</span> <span class='ocrx_word' id='word_1_22' title='bbox 1226 714 1304 791; x_wconf 80' lang='lat' dir='ltr'>artis</span> 
     </span>
     <span class='ocr_line' id='line_1_4' title="bbox 177 814 1305 906; baseline 0 -20"><span class='ocrx_word' id='word_1_23' title='bbox 177 821 327 888; x_wconf 85' lang='lat' dir='ltr'>durabile</span> <span class='ocrx_word' id='word_1_24' title='bbox 343 822 386 887; x_wconf 83' lang='lat' dir='ltr'>ad</span> <span class='ocrx_word' id='word_1_25' title='bbox 405 821 478 887; x_wconf 86' lang='lat' dir='ltr'>iacti</span> <span class='ocrx_word' id='word_1_26' title='bbox 497 814 690 886; x_wconf 89' lang='lat' dir='ltr'>memoriam</span> <span class='ocrx_word' id='word_1_27' title='bbox 711 820 930 887; x_wconf 84' lang='lat' dir='ltr'>retinendam:</span> <span class='ocrx_word' id='word_1_28' title='bbox 951 820 1028 887; x_wconf 76' lang='lat' dir='ltr'>talia</span> <span class='ocrx_word' id='word_1_29' title='bbox 1042 830 1121 887; x_wconf 91' lang='lat' dir='ltr'>sunt</span> <span class='ocrx_word' id='word_1_30' title='bbox 1136 841 1169 890; x_wconf 89' lang='lat' dir='ltr'>v.</span> <span class='ocrx_word' id='word_1_31' title='bbox 1185 841 1220 906; x_wconf 88' lang='lat' dir='ltr'>g.</span> <span class='ocrx_word' id='word_1_32' title='bbox 1239 824 1305 886; x_wconf 85' lang='lat' dir='ltr'>sto-</span> 
     </span>
    </p>

    <p class='ocr_par' dir='ltr' id='par_1_3' title="bbox 177 928 1304 1013">
     <span class='ocr_line' id='line_1_5' title="bbox 177 928 1304 1013; baseline 0 -18"><span class='ocrx_word' id='word_1_33' title='bbox 177 933 259 1007; x_wconf 81' lang='lat' dir='ltr'>tuoe,</span> <span class='ocrx_word' id='word_1_34' title='bbox 279 928 511 1010; x_wconf 72' lang='lat' dir='ltr'>inscriptiones,</span> <span class='ocrx_word' id='word_1_35' title='bbox 526 928 675 1010; x_wconf 74' lang='lat' dir='ltr'>putum,</span> <span class='ocrx_word' id='word_1_36' title='bbox 695 946 804 1005; x_wconf 83' lang='lat' dir='ltr'>arcus,</span> <span class='ocrx_word' id='word_1_37' title='bbox 825 929 1017 995; x_wconf 84' lang='lat' dir='ltr'>numismata</span> <span class='ocrx_word' id='word_1_38' title='bbox 1024 963 1038 1005; x_wconf 91' lang='lat'>,·</span> <span class='ocrx_word' id='word_1_39' title='bbox 1055 932 1184 1011; x_wconf 71' lang='lat' dir='ltr'>cepta,</span> <span class='ocrx_word' id='word_1_40' title='bbox 1205 935 1304 1013; x_wconf 87' lang='lat' dir='ltr'>atque</span> 
     </span>
    </p>

    <p class='ocr_par' dir='ltr' id='par_1_4' title="bbox 177 1034 430 1121">
     <span class='ocr_line' id='line_1_6' title="bbox 177 1034 430 1121; baseline 0.012 -21"><span class='ocrx_word' id='word_1_41' title='bbox 177 1037 243 1101; x_wconf 87' lang='lat' dir='ltr'>alia</span> <span class='ocrx_word' id='word_1_42' title='bbox 262 1034 295 1101; x_wconf 90' lang='lat' dir='ltr'>id</span> <span class='ocrx_word' id='word_1_43' title='bbox 312 1054 430 1121; x_wconf 89' lang='lat' dir='ltr'>genus.</span> 
     </span>
    </p>

    <p class='ocr_par' dir='ltr' id='par_1_5' title="bbox 174 1141 1458 1640">
     <span class='ocr_line' id='line_1_7' title="bbox 232 1141 1458 1229; baseline -0.002 -22"><span class='ocrx_word' id='word_1_44' title='bbox 232 1160 304 1209; x_wconf 78' lang='lat' dir='ltr'>rao.</span> <span class='ocrx_word' id='word_1_45' title='bbox 351 1141 555 1211; x_wconf 86' lang='lat' dir='ltr'>Testimonio</span> <span class='ocrx_word' id='word_1_46' title='bbox 573 1143 748 1227; x_wconf 86' lang='lat' dir='ltr'>respondet</span> <span class='ocrx_word' id='word_1_47' title='bbox 766 1144 799 1210; x_wconf 91' lang='lat' dir='ltr'>in</span> <span class='ocrx_word' id='word_1_48' title='bbox 826 1142 979 1210; x_wconf 85' lang='lat' dir='ltr'>audiente</span> <span class='ocrx_word' id='word_1_49' title='bbox 988 1144 1091 1229; x_wconf 82' lang='lat' dir='ltr'>fidcs;</span> <span class='ocrx_word' id='word_1_50' title='bbox 1109 1142 1193 1209; x_wconf 84' lang='lat' dir='ltr'>fides</span> <span class='ocrx_word' id='word_1_51' title='bbox 1211 1162 1302 1221; x_wconf 88' lang='lat' dir='ltr'>vero,</span> <span class='ocrx_word' id='word_1_52' title='bbox 1386 1154 1458 1206; x_wconf 66' lang='lat' dir='ltr'>tna.</span> 
     </span>
     <span class='ocr_line' id='line_1_8' title="bbox 177 1247 1305 1337; baseline 0.003 -23"><span class='ocrx_word' id='word_1_53' title='bbox 177 1251 299 1317; x_wconf 89' lang='lat' dir='ltr'>relictis</span> <span class='ocrx_word' id='word_1_54' title='bbox 328 1252 397 1318; x_wconf 87' lang='lat' dir='ltr'>aliis</span> <span class='ocrx_word' id='word_1_55' title='bbox 426 1250 667 1334; x_wconf 86' lang='lat' dir='ltr'>acceptionibus</span> <span class='ocrx_word' id='word_1_56' title='bbox 697 1247 765 1337; x_wconf 89' lang='lat'>(1),</span> <span class='ocrx_word' id='word_1_57' title='bbox 799 1252 831 1316; x_wconf 94' lang='lat' dir='ltr'>in</span> <span class='ocrx_word' id='word_1_58' title='bbox 859 1251 921 1316; x_wconf 89' lang='lat' dir='ltr'>hac</span> <span class='ocrx_word' id='word_1_59' title='bbox 951 1252 1087 1317; x_wconf 86' lang='lat' dir='ltr'>materia</span> <span class='ocrx_word' id='word_1_60' title='bbox 1113 1252 1305 1336; x_wconf 83' lang='lat' dir='ltr'>intelligitur</span> 
     </span>
     <span class='ocr_line' id='line_1_9' title="bbox 176 1359 1304 1443; baseline 0.001 -20"><span class='ocrx_word' id='word_1_61' title='bbox 176 1376 355 1437; x_wconf 73' lang='lat' dir='ltr'>assensuS,</span> <span class='ocrx_word' id='word_1_62' title='bbox 375 1378 443 1443; x_wconf 90' lang='lat' dir='ltr'>quo</span> <span class='ocrx_word' id='word_1_63' title='bbox 462 1367 613 1423; x_wconf 89' lang='lat' dir='ltr'>tenemus</span> <span class='ocrx_word' id='word_1_64' title='bbox 633 1376 708 1422; x_wconf 83' lang='lat' dir='ltr'>vera</span> <span class='ocrx_word' id='word_1_65' title='bbox 727 1376 816 1441; x_wconf 85' lang='lat' dir='ltr'>esse,</span> <span class='ocrx_word' id='word_1_66' title='bbox 832 1377 907 1442; x_wconf 83' lang='lat' dir='ltr'>quae</span> <span class='ocrx_word' id='word_1_67' title='bbox 922 1368 1108 1436; x_wconf 85' lang='lat' dir='ltr'>narrantur,</span> <span class='ocrx_word' id='word_1_68' title='bbox 1124 1359 1167 1424; x_wconf 94' lang='lat' dir='ltr'>ob</span> <span class='ocrx_word' id='word_1_69' title='bbox 1180 1366 1304 1425; x_wconf 81' lang='lat' dir='ltr'>testan-</span> 
     </span>
     <span class='ocr_line' id='line_1_10' title="bbox 176 1464 1304 1550; baseline 0.001 -19"><span class='ocrx_word' id='word_1_70' title='bbox 176 1467 224 1532; x_wconf 90' lang='lat' dir='ltr'>tis</span> <span class='ocrx_word' id='word_1_71' title='bbox 242 1466 487 1535; x_wconf 86' lang='lat' dir='ltr'>auctoritatem:</span> <span class='ocrx_word' id='word_1_72' title='bbox 509 1473 542 1530; x_wconf 91' lang='lat' dir='ltr'>et</span> <span class='ocrx_word' id='word_1_73' title='bbox 560 1466 752 1550; x_wconf 88' lang='lat' dir='ltr'>hujusmodi</span> <span class='ocrx_word' id='word_1_74' title='bbox 770 1483 925 1534; x_wconf 88' lang='lat' dir='ltr'>assensus</span> <span class='ocrx_word' id='word_1_75' title='bbox 944 1474 1079 1533; x_wconf 87' lang='lat' dir='ltr'>vocatur</span> <span class='ocrx_word' id='word_1_76' title='bbox 1095 1464 1194 1531; x_wconf 88' lang='lat' dir='ltr'>etiam</span> <span class='ocrx_word' id='word_1_77' title='bbox 1212 1475 1304 1533; x_wconf 85' lang='lat' dir='ltr'>actus</span> 
     </span>
     <span class='ocr_line' id='line_1_11' title="bbox 174 1575 339 1640; baseline -0.006 0"><span class='ocrx_word' id='word_1_78' title='bbox 174 1575 339 1640; x_wconf 80' lang='lat' dir='ltr'>credendi.</span> 
     </span>
    </p>

    <p class='ocr_par' dir='ltr' id='par_1_6' title="bbox 173 1682 1512 2091">
     <span class='ocr_line' id='line_1_12' title="bbox 247 1682 1472 1767; baseline -0.002 -19"><span class='ocrx_word' id='word_1_79' title='bbox 247 1682 433 1748; x_wconf 80' lang='lat' dir='ltr'>Auctoritas</span> <span class='ocrx_word' id='word_1_80' title='bbox 450 1689 578 1757; x_wconf 89' lang='lat' dir='ltr'>autem,</span> <span class='ocrx_word' id='word_1_81' title='bbox 599 1682 673 1748; x_wconf 90' lang='lat' dir='ltr'>licet</span> <span class='ocrx_word' id='word_1_82' title='bbox 689 1682 869 1767; x_wconf 83' lang='lat' dir='ltr'>generatim</span> <span class='ocrx_word' id='word_1_83' title='bbox 890 1690 941 1747; x_wconf 88' lang='lat' dir='ltr'>est</span> <span class='ocrx_word' id='word_1_84' title='bbox 963 1683 1019 1767; x_wconf 87' lang='lat' dir='ltr'>jus</span> <span class='ocrx_word' id='word_1_85' title='bbox 1037 1682 1229 1767; x_wconf 90' lang='lat' dir='ltr'>imponendi</span> <span class='ocrx_word' id='word_1_86' title='bbox 1247 1682 1303 1747; x_wconf 85' lang='lat' dir='ltr'>ali·</span> <span class='ocrx_word' id='word_1_87' title='bbox 1349 1700 1472 1747; x_wconf 67' lang='lat' dir='ltr'>Auctoritas</span> 
     </span>
     <span class='ocr_line' id='line_1_13' title="bbox 173 1789 1303 1872; baseline 0.003 -18"><span class='ocrx_word' id='word_1_88' title='bbox 173 1789 276 1872; x_wconf 90' lang='lat' dir='ltr'>quid,</span> <span class='ocrx_word' id='word_1_89' title='bbox 297 1790 348 1856; x_wconf 89' lang='lat' dir='ltr'>hic</span> <span class='ocrx_word' id='word_1_90' title='bbox 364 1798 474 1855; x_wconf 83' lang='lat' dir='ltr'>tamen</span> <span class='ocrx_word' id='word_1_91' title='bbox 494 1799 588 1856; x_wconf 87' lang='lat' dir='ltr'>sonat</span> <span class='ocrx_word' id='word_1_92' title='bbox 608 1790 675 1856; x_wconf 91' lang='lat' dir='ltr'>virn</span> <span class='ocrx_word' id='word_1_93' title='bbox 695 1789 873 1857; x_wconf 90' lang='lat' dir='ltr'>testimonii</span> <span class='ocrx_word' id='word_1_94' title='bbox 886 1791 928 1855; x_wconf 88' lang='lat' dir='ltr'>ad</span> <span class='ocrx_word' id='word_1_95' title='bbox 946 1790 1163 1857; x_wconf 90' lang='lat' dir='ltr'>obtinendum</span> <span class='ocrx_word' id='word_1_96' title='bbox 1183 1792 1225 1857; x_wconf 86' lang='lat' dir='ltr'>ab</span> <span class='ocrx_word' id='word_1_97' title='bbox 1246 1809 1303 1857; x_wconf 92' lang='lat' dir='ltr'>au-</span> 
     </span>
     <span class='ocr_line' id='line_1_14' title="bbox 173 1896 1471 1985; baseline -0.002 -24"><span class='ocrx_word' id='word_1_98' title='bbox 173 1896 343 1964; x_wconf 88' lang='lat' dir='ltr'>dientibus</span> <span class='ocrx_word' id='word_1_99' title='bbox 373 1915 560 1971; x_wconf 87' lang='lat' dir='ltr'>assensum,</span> <span class='ocrx_word' id='word_1_100' title='bbox 590 1916 632 1963; x_wconf 88' lang='lat' dir='ltr'>ex</span> <span class='ocrx_word' id='word_1_101' title='bbox 660 1916 762 1981; x_wconf 86' lang='lat' dir='ltr'>eaque</span> <span class='ocrx_word' id='word_1_102' title='bbox 788 1898 884 1965; x_wconf 90' lang='lat' dir='ltr'>testis</span> <span class='ocrx_word' id='word_1_103' title='bbox 911 1898 1053 1964; x_wconf 89' lang='lat' dir='ltr'>redditur</span> <span class='ocrx_word' id='word_1_104' title='bbox 1071 1900 1143 1985; x_wconf 78' lang='lat' dir='ltr'>fide</span> <span class='ocrx_word' id='word_1_105' title='bbox 1170 1900 1299 1982; x_wconf 81' lang='lat' dir='ltr'>dignus.</span> <span class='ocrx_word' id='word_1_106' title='bbox 1369 1915 1471 1960; x_wconf 54' lang='lat' dir='ltr'>coenan</span> 
     </span>
     <span class='ocr_line' id='line_1_15' title="bbox 173 1988 1512 2091; baseline 0.003 -22"><span class='ocrx_word' id='word_1_107' title='bbox 173 2002 343 2070; x_wconf 82' lang='lat' dir='ltr'>Caeterum</span> <span class='ocrx_word' id='word_1_108' title='bbox 363 2012 452 2089; x_wconf 86' lang='lat' dir='ltr'>patet</span> <span class='ocrx_word' id='word_1_109' title='bbox 465 2005 688 2071; x_wconf 88' lang='lat' dir='ltr'>auctoritatem</span> <span class='ocrx_word' id='word_1_110' title='bbox 704 2006 894 2091; x_wconf 89' lang='lat' dir='ltr'>hujusmodi</span> <span class='ocrx_word' id='word_1_111' title='bbox 909 2007 1103 2090; x_wconf 90' lang='lat' dir='ltr'>plerumque</span> <span class='ocrx_word' id='word_1_112' title='bbox 1117 2025 1157 2072; x_wconf 87' lang='lat' dir='ltr'>ex</span> <span class='ocrx_word' id='word_1_113' title='bbox 1172 2007 1303 2074; x_wconf 91' lang='lat' dir='ltr'>duobus</span> <span class='ocrx_word' id='word_1_114' title='bbox 1324 1988 1475 2033; x_wconf 54' lang='lat' dir='ltr'>“mm“</span> <span class='ocrx_word' id='word_1_115' title='bbox 1485 2001 1512 2031; x_wconf 76' lang='lat'>²⁶</span> 
     </span>
    </p>
   </div>
   <div class='ocr_carea' id='block_1_3' title="bbox 1368 2059 1459 2103">
    <p class='ocr_par' dir='ltr' id='par_1_7' title="bbox 1368 2059 1459 2103">
     <span class='ocr_line' id='line_1_16' title="bbox 1368 2059 1459 2103; baseline -0.022 0"><span class='ocrx_word' id='word_1_116' title='bbox 1368 2059 1459 2103; x_wconf 76' lang='lat' dir='ltr'>scientia</span> 
     </span>
    </p>
   </div>
   <div class='ocr_carea' id='block_1_4' title="bbox 171 2110 1469 2630">
    <p class='ocr_par' dir='ltr' id='par_1_8' title="bbox 171 2110 1469 2630">
     <span class='ocr_line' id='line_1_17' title="bbox 173 2110 1469 2190; baseline -0.005 -12"><span class='ocrx_word' id='word_1_117' title='bbox 173 2114 376 2190; x_wconf 81' lang='lat' dir='ltr'>coalescere,</span> <span class='ocrx_word' id='word_1_118' title='bbox 405 2132 445 2178; x_wconf 85' lang='lat' dir='ltr'>ex</span> <span class='ocrx_word' id='word_1_119' title='bbox 474 2110 646 2178; x_wconf 89' lang='lat' dir='ltr'>veracitate</span> <span class='ocrx_word' id='word_1_120' title='bbox 670 2110 824 2177; x_wconf 92' lang='lat' dir='ltr'>nimirum</span> <span class='ocrx_word' id='word_1_121' title='bbox 853 2121 886 2177; x_wconf 88' lang='lat' dir='ltr'>ct</span> <span class='ocrx_word' id='word_1_122' title='bbox 915 2113 1050 2179; x_wconf 87' lang='lat' dir='ltr'>scientia</span> <span class='ocrx_word' id='word_1_123' title='bbox 1069 2114 1173 2181; x_wconf 89' lang='lat' dir='ltr'>testis.</span> <span class='ocrx_word' id='word_1_124' title='bbox 1202 2116 1300 2190; x_wconf 87' lang='lat' dir='ltr'>Nam,</span> <span class='ocrx_word' id='word_1_125' title='bbox 1362 2130 1469 2175; x_wconf 60' lang='lat' dir='ltr'>setania.</span> 
     </span>
     <span class='ocr_line' id='line_1_18' title="bbox 171 2220 1305 2305; baseline 0.002 -20"><span class='ocrx_word' id='word_1_126' title='bbox 171 2222 262 2303; x_wconf 85' lang='lat' dir='ltr'>quod</span> <span class='ocrx_word' id='word_1_127' title='bbox 277 2220 376 2286; x_wconf 71' lang='lat' dir='ltr'>aliud</span> <span class='ocrx_word' id='word_1_128' title='bbox 391 2239 455 2285; x_wconf 87' lang='lat' dir='ltr'>non</span> <span class='ocrx_word' id='word_1_129' title='bbox 468 2222 633 2295; x_wconf 79' lang='lat' dir='ltr'>credatur,</span> <span class='ocrx_word' id='word_1_130' title='bbox 650 2238 690 2285; x_wconf 83' lang='lat' dir='ltr'>cx</span> <span class='ocrx_word' id='word_1_131' title='bbox 702 2221 822 2285; x_wconf 80' lang='lat' dir='ltr'>duobus</span> <span class='ocrx_word' id='word_1_132' title='bbox 833 2220 999 2304; x_wconf 85' lang='lat' dir='ltr'>contingit,</span> <span class='ocrx_word' id='word_1_133' title='bbox 1014 2224 1074 2287; x_wconf 86' lang='lat' dir='ltr'>aut</span> <span class='ocrx_word' id='word_1_134' title='bbox 1088 2222 1163 2305; x_wconf 84' lang='lat' dir='ltr'>quia</span> <span class='ocrx_word' id='word_1_135' title='bbox 1176 2226 1235 2298; x_wconf 83' lang='lat' dir='ltr'>est,</span> <span class='ocrx_word' id='word_1_136' title='bbox 1253 2222 1305 2287; x_wconf 86' lang='lat' dir='ltr'>oct</span> 
     </span>
     <span class='ocr_line' id='line_1_19' title="bbox 173 2325 1303 2417; baseline 0.002 -24"><span class='ocrx_word' id='word_1_137' title='bbox 173 2330 346 2409; x_wconf 67' lang='lat' dir='ltr'>reputatio</span> <span class='ocrx_word' id='word_1_138' title='bbox 362 2328 506 2411; x_wconf 78' lang='lat' dir='ltr'>ignarus,</span> <span class='ocrx_word' id='word_1_139' title='bbox 526 2331 585 2392; x_wconf 88' lang='lat' dir='ltr'>aut</span> <span class='ocrx_word' id='word_1_140' title='bbox 600 2327 675 2412; x_wconf 81' lang='lat' dir='ltr'>quia</span> <span class='ocrx_word' id='word_1_141' title='bbox 692 2331 748 2403; x_wconf 77' lang='lat' dir='ltr'>cst,</span> <span class='ocrx_word' id='word_1_142' title='bbox 766 2330 816 2393; x_wconf 82' lang='lat' dir='ltr'>vel</span> <span class='ocrx_word' id='word_1_143' title='bbox 831 2332 997 2409; x_wconf 81' lang='lat' dir='ltr'>reputatur</span> <span class='ocrx_word' id='word_1_144' title='bbox 1008 2332 1145 2394; x_wconf 83' lang='lat' dir='ltr'>mendax</span> <span class='ocrx_word' id='word_1_145' title='bbox 1162 2325 1229 2417; x_wconf 84' lang='lat'><strong>(2).-</strong></span> <span class='ocrx_word' id='word_1_146' title='bbox 1243 2330 1303 2395; x_wconf 88' lang='lat' dir='ltr'>Po-</span> 
     </span>
     <span class='ocr_line' id='line_1_20' title="bbox 174 2434 1302 2521; baseline 0.004 -22"><span class='ocrx_word' id='word_1_147' title='bbox 174 2443 245 2501; x_wconf 87' lang='lat' dir='ltr'>test</span> <span class='ocrx_word' id='word_1_148' title='bbox 265 2434 475 2501; x_wconf 89' lang='lat' dir='ltr'>nihilominus</span> <span class='ocrx_word' id='word_1_149' title='bbox 494 2435 527 2501; x_wconf 95' lang='lat' dir='ltr'>in</span> <span class='ocrx_word' id='word_1_150' title='bbox 546 2434 653 2517; x_wconf 87' lang='lat' dir='ltr'>aliquo</span> <span class='ocrx_word' id='word_1_151' title='bbox 668 2454 746 2501; x_wconf 88' lang='lat' dir='ltr'>casu</span> <span class='ocrx_word' id='word_1_152' title='bbox 764 2434 847 2501; x_wconf 85' lang='lat' dir='ltr'>fides</span> <span class='ocrx_word' id='word_1_153' title='bbox 865 2436 957 2521; x_wconf 86' lang='lat' dir='ltr'>gigni</span> <span class='ocrx_word' id='word_1_154' title='bbox 972 2438 1072 2501; x_wconf 89' lang='lat' dir='ltr'>etiam</span> <span class='ocrx_word' id='word_1_155' title='bbox 1087 2456 1129 2503; x_wconf 86' lang='lat' dir='ltr'>ex</span> <span class='ocrx_word' id='word_1_156' title='bbox 1146 2436 1302 2504; x_wconf 82' lang='lat' dir='ltr'>fidelitate</span> 
     </span>
     <span class='ocr_line' id='line_1_21' title="bbox 173 2541 1300 2630; baseline 0.002 -21"><span class='ocrx_word' id='word_1_157' title='bbox 173 2545 232 2609; x_wconf 90' lang='lat' dir='ltr'>vel</span> <span class='ocrx_word' id='word_1_158' title='bbox 261 2543 406 2627; x_wconf 84' lang='lat' dir='ltr'>potentia</span> <span class='ocrx_word' id='word_1_159' title='bbox 435 2562 508 2630; x_wconf 18' lang='lat' dir='ltr'>rem„</span> <span class='ocrx_word' id='word_1_160' title='bbox 534 2541 675 2625; x_wconf 88' lang='lat' dir='ltr'>aliquam</span> <span class='ocrx_word' id='word_1_161' title='bbox 705 2542 942 2625; x_wconf 85' lang='lat' dir='ltr'>promittentis,</span> <span class='ocrx_word' id='word_1_162' title='bbox 973 2544 1060 2609; x_wconf 91' lang='lat' dir='ltr'>unde</span> <span class='ocrx_word' id='word_1_163' title='bbox 1086 2554 1241 2628; x_wconf 88' lang='lat' dir='ltr'>sequatur</span> <span class='ocrx_word' id='word_1_164' title='bbox 1268 2545 1300 2611; x_wconf 93' lang='lat' dir='ltr'>in</span> 
     </span>
    </p>
   </div>
   <div class='ocr_carea' id='block_1_5' title="bbox 169 2649 1302 3816">
    <p class='ocr_par' dir='ltr' id='par_1_9' title="bbox 174 2649 1302 2844">
     <span class='ocr_line' id='line_1_22' title="bbox 175 2649 1302 2736; baseline 0 -19"><span class='ocrx_word' id='word_1_165' title='bbox 175 2661 291 2718; x_wconf 89' lang='lat' dir='ltr'>mente</span> <span class='ocrx_word' id='word_1_166' title='bbox 304 2650 411 2736; x_wconf 91' lang='lat' dir='ltr'>magis</span> <span class='ocrx_word' id='word_1_167' title='bbox 427 2657 483 2715; x_wconf 89' lang='lat' dir='ltr'>aut</span> <span class='ocrx_word' id='word_1_168' title='bbox 502 2650 611 2715; x_wconf 92' lang='lat' dir='ltr'>minus</span> <span class='ocrx_word' id='word_1_169' title='bbox 632 2649 727 2715; x_wconf 83' lang='lat' dir='ltr'>firma</span> <span class='ocrx_word' id='word_1_170' title='bbox 746 2650 912 2733; x_wconf 89' lang='lat' dir='ltr'>persuasio</span> <span class='ocrx_word' id='word_1_171' title='bbox 932 2651 1018 2717; x_wconf 91' lang='lat' dir='ltr'>etin</span> <span class='ocrx_word' id='word_1_172' title='bbox 1037 2652 1207 2718; x_wconf 82' lang='lat' dir='ltr'>voluntate</span> <span class='ocrx_word' id='word_1_173' title='bbox 1226 2671 1302 2736; x_wconf 89' lang='lat' dir='ltr'>spes</span> 
     </span>
     <span class='ocr_line' id='line_1_23' title="bbox 174 2757 659 2844; baseline -0.006 -17"><span class='ocrx_word' id='word_1_174' title='bbox 174 2758 347 2828; x_wconf 90' lang='lat' dir='ltr'>obtinendi</span> <span class='ocrx_word' id='word_1_175' title='bbox 362 2757 556 2844; x_wconf 86' lang='lat' dir='ltr'>promissam</span> <span class='ocrx_word' id='word_1_176' title='bbox 577 2775 659 2824; x_wconf 87' lang='lat' dir='ltr'>rem.</span> 
     </span>
    </p>

    <p class='ocr_par' dir='ltr' id='par_1_10' title="bbox 169 2865 1302 3816">
     <span class='ocr_line' id='line_1_24' title="bbox 246 2865 1298 2953; baseline 0.004 -22"><span class='ocrx_word' id='word_1_177' title='bbox 246 2868 290 2932; x_wconf 89' lang='lat' dir='ltr'>Ex</span> <span class='ocrx_word' id='word_1_178' title='bbox 304 2866 359 2934; x_wconf 87' lang='lat' dir='ltr'>his</span> <span class='ocrx_word' id='word_1_179' title='bbox 379 2865 589 2932; x_wconf 81' lang='lat' dir='ltr'>manifestum</span> <span class='ocrx_word' id='word_1_180' title='bbox 608 2865 662 2941; x_wconf 82' lang='lat' dir='ltr'>nt,</span> <span class='ocrx_word' id='word_1_181' title='bbox 684 2872 845 2948; x_wconf 88' lang='lat' dir='ltr'>quantum</span> <span class='ocrx_word' id='word_1_182' title='bbox 865 2866 963 2932; x_wconf 89' lang='lat' dir='ltr'>distet</span> <span class='ocrx_word' id='word_1_183' title='bbox 978 2867 1063 2934; x_wconf 88' lang='lat' dir='ltr'>inter</span> <span class='ocrx_word' id='word_1_184' title='bbox 1080 2869 1298 2953; x_wconf 91' lang='lat' dir='ltr'>cognitionem</span> 
     </span>
     <span class='ocr_line' id='line_1_25' title="bbox 173 2974 1301 3058; baseline 0.001 -16"><span class='ocrx_word' id='word_1_185' title='bbox 173 2975 266 3051; x_wconf 82' lang='lat' dir='ltr'>fidei,</span> <span class='ocrx_word' id='word_1_186' title='bbox 286 2985 318 3041; x_wconf 87' lang='lat' dir='ltr'>et</span> <span class='ocrx_word' id='word_1_187' title='bbox 337 2975 420 3039; x_wconf 90' lang='lat' dir='ltr'>inter</span> <span class='ocrx_word' id='word_1_188' title='bbox 438 2974 659 3058; x_wconf 88' lang='lat' dir='ltr'>cognitionem</span> <span class='ocrx_word' id='word_1_189' title='bbox 674 2974 743 3038; x_wconf 86' lang='lat' dir='ltr'>sive</span> <span class='ocrx_word' id='word_1_190' title='bbox 762 2974 1051 3054; x_wconf 82' lang='lat' dir='ltr'>experimentalem</span> <span class='ocrx_word' id='word_1_191' title='bbox 1064 2977 1134 3042; x_wconf 88' lang='lat' dir='ltr'>sive</span> <span class='ocrx_word' id='word_1_192' title='bbox 1149 2976 1301 3043; x_wconf 84' lang='lat' dir='ltr'>scientifi-</span> 
     </span>
     <span class='ocr_line' id='line_1_26' title="bbox 174 3080 1302 3174; baseline 0.002 -26"><span class='ocrx_word' id='word_1_193' title='bbox 174 3102 265 3148; x_wconf 86' lang='lat' dir='ltr'>cam.</span> <span class='ocrx_word' id='word_1_194' title='bbox 285 3084 369 3148; x_wconf 87' lang='lat' dir='ltr'>Nam</span> <span class='ocrx_word' id='word_1_195' title='bbox 384 3081 419 3174; x_wconf 67' lang='lat' dir='ltr'>in</span> <span class='ocrx_word' id='word_1_196' title='bbox 437 3081 489 3156; x_wconf 86' lang='lat' dir='ltr'>iis,</span> <span class='ocrx_word' id='word_1_197' title='bbox 510 3099 578 3164; x_wconf 69' lang='lat' dir='ltr'>quae</span> <span class='ocrx_word' id='word_1_198' title='bbox 594 3080 745 3157; x_wconf 70' lang='lat' dir='ltr'>ordimur,</span> <span class='ocrx_word' id='word_1_199' title='bbox 760 3084 820 3145; x_wconf 87' lang='lat' dir='ltr'>aut</span> <span class='ocrx_word' id='word_1_200' title='bbox 830 3081 986 3158; x_wconf 74' lang='lat' dir='ltr'>videmus,</span> <span class='ocrx_word' id='word_1_201' title='bbox 1006 3083 1111 3165; x_wconf 91' lang='lat' dir='ltr'>inquit</span> <span class='ocrx_word' id='word_1_202' title='bbox 1129 3083 1164 3148; x_wconf 87' lang='lat' dir='ltr'>S.</span> <span class='ocrx_word' id='word_1_203' title='bbox 1188 3084 1302 3169; x_wconf 85' lang='lat' dir='ltr'>Augu·</span> 
     </span>
     <span class='ocr_line' id='line_1_27' title="bbox 172 3187 1301 3273; baseline 0.001 -17"><span class='ocrx_word' id='word_1_204' title='bbox 172 3193 297 3265; x_wconf 73' lang='lat' dir='ltr'>stinuS,</span> <span class='ocrx_word' id='word_1_205' title='bbox 316 3207 374 3254; x_wconf 79' lang='lat' dir='ltr'>nos</span> <span class='ocrx_word' id='word_1_206' title='bbox 392 3189 454 3270; x_wconf 83' lang='lat' dir='ltr'>ipsi</span> <span class='ocrx_word' id='word_1_207' title='bbox 472 3191 559 3254; x_wconf 73' lang='lat' dir='ltr'>testes</span> <span class='ocrx_word' id='word_1_208' title='bbox 572 3206 680 3252; x_wconf 87' lang='lat' dir='ltr'>sumus</span> <span class='ocrx_word' id='word_1_209' title='bbox 687 3209 700 3268; x_wconf 87' lang='lat'>,·</span> <span class='ocrx_word' id='word_1_210' title='bbox 719 3187 753 3251; x_wconf 85' lang='lat' dir='ltr'>in</span> <span class='ocrx_word' id='word_1_211' title='bbox 766 3187 807 3252; x_wconf 88' lang='lat' dir='ltr'>iis</span> <span class='ocrx_word' id='word_1_212' title='bbox 820 3191 943 3266; x_wconf 82' lang='lat' dir='ltr'>autem,</span> <span class='ocrx_word' id='word_1_213' title='bbox 957 3209 1026 3273; x_wconf 78' lang='lat' dir='ltr'>quae</span> <span class='ocrx_word' id='word_1_214' title='bbox 1039 3190 1211 3268; x_wconf 80' lang='lat' dir='ltr'>credimus,</span> <span class='ocrx_word' id='word_1_215' title='bbox 1226 3193 1301 3257; x_wconf 71' lang='lat' dir='ltr'>aliis</span> 
     </span>
     <span class='ocr_line' id='line_1_28' title="bbox 172 3296 1301 3382; baseline 0.001 -18"><span class='ocrx_word' id='word_1_216' title='bbox 172 3298 305 3366; x_wconf 83' lang='lat' dir='ltr'>testibus</span> <span class='ocrx_word' id='word_1_217' title='bbox 317 3314 475 3362; x_wconf 81' lang='lat' dir='ltr'>movemur</span> <span class='ocrx_word' id='word_1_218' title='bbox 488 3298 532 3360; x_wconf 78' lang='lat' dir='ltr'>ad</span> <span class='ocrx_word' id='word_1_219' title='bbox 538 3296 656 3382; x_wconf 81' lang='lat' dir='ltr'>fidem,</span> <span class='ocrx_word' id='word_1_220' title='bbox 672 3314 743 3360; x_wconf 90' lang='lat' dir='ltr'>cum</span> <span class='ocrx_word' id='word_1_221' title='bbox 760 3312 870 3360; x_wconf 84' lang='lat' dir='ltr'>corum</span> <span class='ocrx_word' id='word_1_222' title='bbox 884 3313 1002 3373; x_wconf 86' lang='lat' dir='ltr'>rerum,</span> <span class='ocrx_word' id='word_1_223' title='bbox 1021 3316 1099 3381; x_wconf 80' lang='lat' dir='ltr'>quas</span> <span class='ocrx_word' id='word_1_224' title='bbox 1113 3311 1169 3363; x_wconf 87' lang='lat' dir='ltr'>ncc</span> <span class='ocrx_word' id='word_1_225' title='bbox 1185 3299 1301 3365; x_wconf 72' lang='lat' dir='ltr'>ordisse</span> 
     </span>
     <span class='ocr_line' id='line_1_29' title="bbox 169 3401 1299 3484; baseline 0.002 -14"><span class='ocrx_word' id='word_1_226' title='bbox 169 3425 233 3470; x_wconf 82' lang='lat' dir='ltr'>nos</span> <span class='ocrx_word' id='word_1_227' title='bbox 252 3404 424 3480; x_wconf 76' lang='lat' dir='ltr'>recolimus,</span> <span class='ocrx_word' id='word_1_228' title='bbox 443 3421 499 3468; x_wconf 79' lang='lat' dir='ltr'>nec</span> <span class='ocrx_word' id='word_1_229' title='bbox 515 3403 667 3477; x_wconf 83' lang='lat' dir='ltr'>videmus,</span> <span class='ocrx_word' id='word_1_230' title='bbox 686 3404 808 3468; x_wconf 84' lang='lat' dir='ltr'>dantur</span> <span class='ocrx_word' id='word_1_231' title='bbox 823 3401 916 3484; x_wconf 85' lang='lat' dir='ltr'>signo</span> <span class='ocrx_word' id='word_1_232' title='bbox 933 3405 985 3469; x_wconf 87' lang='lat' dir='ltr'>oel</span> <span class='ocrx_word' id='word_1_233' title='bbox 1000 3403 1035 3468; x_wconf 88' lang='lat' dir='ltr'>in</span> <span class='ocrx_word' id='word_1_234' title='bbox 1052 3405 1179 3470; x_wconf 79' lang='lat' dir='ltr'>vocibus</span> <span class='ocrx_word' id='word_1_235' title='bbox 1196 3409 1248 3472; x_wconf 84' lang='lat' dir='ltr'>oet</span> <span class='ocrx_word' id='word_1_236' title='bbox 1264 3407 1299 3472; x_wconf 85' lang='lat' dir='ltr'>in</span> 
     </span>
     <span class='ocr_line' id='line_1_30' title="bbox 172 3509 1301 3596; baseline -0.001 -16"><span class='ocrx_word' id='word_1_237' title='bbox 172 3512 292 3580; x_wconf 80' lang='lat' dir='ltr'>titteris</span> <span class='ocrx_word' id='word_1_238' title='bbox 309 3514 360 3577; x_wconf 82' lang='lat' dir='ltr'>uel</span> <span class='ocrx_word' id='word_1_239' title='bbox 376 3513 411 3576; x_wconf 89' lang='lat' dir='ltr'>in</span> <span class='ocrx_word' id='word_1_240' title='bbox 429 3510 667 3596; x_wconf 77' lang='lat' dir='ltr'>quibuscumque</span> <span class='ocrx_word' id='word_1_241' title='bbox 684 3509 893 3587; x_wconf 82' lang='lat' dir='ltr'>documentis,</span> <span class='ocrx_word' id='word_1_242' title='bbox 912 3511 1023 3595; x_wconf 79' lang='lat' dir='ltr'>quidrcs</span> <span class='ocrx_word' id='word_1_243' title='bbox 1040 3512 1133 3587; x_wconf 80' lang='lat' dir='ltr'>visis,</span> <span class='ocrx_word' id='word_1_244' title='bbox 1149 3533 1213 3578; x_wconf 92' lang='lat' dir='ltr'>non</span> <span class='ocrx_word' id='word_1_245' title='bbox 1231 3514 1301 3579; x_wconf 85' lang='lat' dir='ltr'>uisa</span> 
     </span>
     <span class='ocr_line' id='line_1_31' title="bbox 170 3615 1300 3706; baseline 0 -19"><span class='ocrx_word' id='word_1_246' title='bbox 170 3623 346 3688; x_wconf 83' lang='lat' dir='ltr'>credantur</span> <span class='ocrx_word' id='word_1_247' title='bbox 359 3615 423 3706; x_wconf 75' lang='lat'>(3).</span> <span class='ocrx_word' id='word_1_248' title='bbox 439 3616 548 3694; x_wconf 78' lang='lat' dir='ltr'>Quam</span> <span class='ocrx_word' id='word_1_249' title='bbox 563 3617 743 3683; x_wconf 85' lang='lat' dir='ltr'>doctrinam</span> <span class='ocrx_word' id='word_1_250' title='bbox 759 3620 928 3700; x_wconf 86' lang='lat' dir='ltr'>praeclare,</span> <span class='ocrx_word' id='word_1_251' title='bbox 943 3628 980 3685; x_wconf 91' lang='lat' dir='ltr'>ut</span> <span class='ocrx_word' id='word_1_252' title='bbox 993 3620 1093 3696; x_wconf 92' lang='lat' dir='ltr'>solet,</span> <span class='ocrx_word' id='word_1_253' title='bbox 1110 3619 1300 3704; x_wconf 90' lang='lat' dir='ltr'>interpreta-</span> 
     </span>
     <span class='ocr_line' id='line_1_32' title="bbox 170 3721 648 3816; baseline -0.013 -20"><span class='ocrx_word' id='word_1_254' title='bbox 170 3743 231 3796; x_wconf 90' lang='lat' dir='ltr'>tur</span> <span class='ocrx_word' id='word_1_255' title='bbox 247 3728 366 3794; x_wconf 88' lang='lat' dir='ltr'>Ductor</span> <span class='ocrx_word' id='word_1_256' title='bbox 384 3724 562 3816; x_wconf 81' lang='lat' dir='ltr'>Angelicus</span> <span class='ocrx_word' id='word_1_257' title='bbox 584 3721 597 3812; x_wconf 87' lang='lat'>(</span> <span class='ocrx_word' id='word_1_258' title='bbox 621 3722 648 3810; x_wconf 89' lang='lat'>).</span> 
     </span>
    </p>
   </div>
   <div class='ocr_carea' id='block_1_6' title="bbox 171 3865 431 3882">
    <p class='ocr_par' dir='ltr' id='par_1_11' title="bbox 171 3865 431 3882">
     <span class='ocr_line' id='line_1_33' title="bbox 171 3865 431 3882; baseline -0.012 -3"><span class='ocrx_word' id='word_1_259' title='bbox 171 3865 431 3882; x_wconf 49' lang='grc' dir='ltr'>’.μ-</span> 
     </span>
    </p>
   </div>
   <div class='ocr_carea' id='block_1_7' title="bbox 155 3901 1301 4786">
    <p class='ocr_par' dir='ltr' id='par_1_12' title="bbox 155 3901 1301 4343">
     <span class='ocr_line' id='line_1_34' title="bbox 212 3901 1300 3976; baseline 0.004 -15"><span class='ocrx_word' id='word_1_260' title='bbox 212 3906 254 3975; x_wconf 80' lang='grc' dir='ltr'>(ι)</span> <span class='ocrx_word' id='word_1_261' title='bbox 291 3903 373 3962; x_wconf 90' lang='lat' dir='ltr'>Solet</span> <span class='ocrx_word' id='word_1_262' title='bbox 395 3902 474 3961; x_wconf 86' lang='lat' dir='ltr'>enim</span> <span class='ocrx_word' id='word_1_263' title='bbox 497 3901 569 3960; x_wconf 81' lang='lat' dir='ltr'>fides</span> <span class='ocrx_word' id='word_1_264' title='bbox 591 3902 767 3973; x_wconf 80' lang='lat' dir='ltr'>quandoque</span> <span class='ocrx_word' id='word_1_265' title='bbox 781 3902 859 3960; x_wconf 85' lang='lat' dir='ltr'>sumi</span> <span class='ocrx_word' id='word_1_266' title='bbox 873 3923 926 3975; x_wconf 90' lang='lat' dir='ltr'>pro</span> <span class='ocrx_word' id='word_1_267' title='bbox 940 3904 1061 3974; x_wconf 79' lang='lat' dir='ltr'>fiducie,</span> <span class='ocrx_word' id='word_1_268' title='bbox 1075 3925 1142 3976; x_wconf 83' lang='lat' dir='ltr'>quae</span> <span class='ocrx_word' id='word_1_269' title='bbox 1154 3919 1237 3964; x_wconf 79' lang='lat' dir='ltr'>actus</span> <span class='ocrx_word' id='word_1_270' title='bbox 1255 3920 1300 3966; x_wconf 81' lang='lat' dir='ltr'>est</span> 
     </span>
     <span class='ocr_line' id='line_1_35' title="bbox 168 3990 1301 4070; baseline 0 -16"><span class='ocrx_word' id='word_1_271' title='bbox 168 3993 345 4055; x_wconf 79' lang='lat' dir='ltr'>voluntatis.</span> <span class='ocrx_word' id='word_1_272' title='bbox 370 3993 465 4061; x_wconf 75' lang='lat' dir='ltr'>Alias,</span> <span class='ocrx_word' id='word_1_273' title='bbox 481 3990 664 4064; x_wconf 86' lang='lat' dir='ltr'>potissimum</span> <span class='ocrx_word' id='word_1_274' title='bbox 689 3991 768 4064; x_wconf 83' lang='lat' dir='ltr'>apud</span> <span class='ocrx_word' id='word_1_275' title='bbox 791 3993 896 4051; x_wconf 80' lang='lat' dir='ltr'>arabes</span> <span class='ocrx_word' id='word_1_276' title='bbox 915 3995 1086 4066; x_wconf 76' lang='lat' dir='ltr'>scriptores,</span> <span class='ocrx_word' id='word_1_277' title='bbox 1111 3995 1301 4070; x_wconf 80' lang='lat' dir='ltr'>nomenfidei</span> 
     </span>
     <span class='ocr_line' id='line_1_36' title="bbox 168 4080 1297 4155; baseline 0 -12"><span class='ocrx_word' id='word_1_278' title='bbox 168 4084 341 4144; x_wconf 84' lang='lat' dir='ltr'>extenditur</span> <span class='ocrx_word' id='word_1_279' title='bbox 354 4083 390 4141; x_wconf 81' lang='lat' dir='ltr'>ad</span> <span class='ocrx_word' id='word_1_280' title='bbox 401 4101 507 4140; x_wconf 87' lang='lat' dir='ltr'>omnen</span> <span class='ocrx_word' id='word_1_281' title='bbox 517 4095 614 4140; x_wconf 84' lang='lat' dir='ltr'>actum</span> <span class='ocrx_word' id='word_1_282' title='bbox 623 4080 732 4152; x_wconf 88' lang='lat' dir='ltr'>judicii,</span> <span class='ocrx_word' id='word_1_283' title='bbox 746 4095 780 4140; x_wconf 90' lang='lat' dir='ltr'>ut</span> <span class='ocrx_word' id='word_1_284' title='bbox 793 4082 876 4140; x_wconf 77' lang='lat' dir='ltr'>testie</span> <span class='ocrx_word' id='word_1_285' title='bbox 885 4082 972 4142; x_wconf 81' lang='lat' dir='ltr'>eetS.</span> <span class='ocrx_word' id='word_1_286' title='bbox 988 4083 1127 4154; x_wconf 83' lang='lat' dir='ltr'>Thomas,</span> <span class='ocrx_word' id='word_1_287' title='bbox 1141 4087 1177 4142; x_wconf 82' lang='lat' dir='ltr'>de</span> <span class='ocrx_word' id='word_1_288' title='bbox 1193 4085 1297 4155; x_wconf 69' lang='lat' dir='ltr'>Verit„</span> 
     </span>
     <span class='ocr_line' id='line_1_37' title="bbox 166 4169 1299 4248; baseline 0.002 -16"><span class='ocrx_word' id='word_1_289' title='bbox 166 4198 204 4248; x_wconf 90' lang='lat' dir='ltr'>q.</span> <span class='ocrx_word' id='word_1_290' title='bbox 224 4193 273 4246; x_wconf 83' lang='lat'>14,</span> <span class='ocrx_word' id='word_1_291' title='bbox 288 4187 344 4232; x_wconf 87' lang='lat' dir='ltr'>art.</span> <span class='ocrx_word' id='word_1_292' title='bbox 358 4194 369 4230; x_wconf 91' lang='lat'>1</span> <span class='ocrx_word' id='word_1_293' title='bbox 386 4185 440 4230; x_wconf 85' lang='lat' dir='ltr'>etc.</span> <span class='ocrx_word' id='word_1_294' title='bbox 452 4171 536 4230; x_wconf 80' lang='lat' dir='ltr'>Notae</span> <span class='ocrx_word' id='word_1_295' title='bbox 548 4169 674 4242; x_wconf 86' lang='lat' dir='ltr'>denique</span> <span class='ocrx_word' id='word_1_296' title='bbox 687 4185 758 4230; x_wconf 86' lang='lat' dir='ltr'>eunt</span> <span class='ocrx_word' id='word_1_297' title='bbox 771 4171 871 4230; x_wconf 78' lang='lat' dir='ltr'>latinae</span> <span class='ocrx_word' id='word_1_298' title='bbox 886 4172 996 4246; x_wconf 80' lang='lat' dir='ltr'>linguae</span> <span class='ocrx_word' id='word_1_299' title='bbox 1009 4173 1110 4246; x_wconf 81' lang='lat' dir='ltr'>peritis</span> <span class='ocrx_word' id='word_1_300' title='bbox 1122 4175 1186 4233; x_wconf 72' lang='lat' dir='ltr'>elie</span> <span class='ocrx_word' id='word_1_301' title='bbox 1199 4175 1299 4248; x_wconf 83' lang='lat' dir='ltr'>plures</span> 
     </span>
     <span class='ocr_line' id='line_1_38' title="bbox 155 4261 469 4343; baseline -0.013 -21"><span class='ocrx_word' id='word_1_302' title='bbox 155 4267 249 4343; x_wconf 77' lang='lat' dir='ltr'>fidei</span> <span class='ocrx_word' id='word_1_303' title='bbox 258 4261 469 4336; x_wconf 80' lang='lat' dir='ltr'>acceptationes</span> 
     </span>
    </p>

    <p class='ocr_par' dir='ltr' id='par_1_13' title="bbox 165 4348 1293 4504">
     <span class='ocr_line' id='line_1_39' title="bbox 210 4348 1293 4428; baseline 0.003 -18"><span class='ocrx_word' id='word_1_304' title='bbox 210 4358 252 4421; x_wconf 91' lang='lat'>(2)</span> <span class='ocrx_word' id='word_1_305' title='bbox 289 4351 323 4411; x_wconf 86' lang='lat' dir='ltr'>S.</span> <span class='ocrx_word' id='word_1_306' title='bbox 338 4351 456 4420; x_wconf 85' lang='lat' dir='ltr'>Thom.‚</span> <span class='ocrx_word' id='word_1_307' title='bbox 472 4349 638 4408; x_wconf 80' lang='lat' dir='ltr'>Commeat.</span> <span class='ocrx_word' id='word_1_308' title='bbox 654 4348 685 4407; x_wconf 90' lang='lat' dir='ltr'>in</span> <span class='ocrx_word' id='word_1_309' title='bbox 700 4349 821 4423; x_wconf 78' lang='lat' dir='ltr'>Opusc.¹</span> <span class='ocrx_word' id='word_1_310' title='bbox 837 4351 1001 4412; x_wconf 77' lang='lat' dir='ltr'>deDr&#39;uim&#39;s</span> <span class='ocrx_word' id='word_1_311' title='bbox 1014 4354 1174 4420; x_wconf 69' lang='lat' dir='ltr'>Nominib„</span> <span class='ocrx_word' id='word_1_312' title='bbox 1189 4375 1252 4428; x_wconf 82' lang='lat' dir='ltr'>cap.</span> <span class='ocrx_word' id='word_1_313' title='bbox 1271 4377 1293 4423; x_wconf 89' lang='lat' dir='ltr'>r,</span> 
     </span>
     <span class='ocr_line' id='line_1_40' title="bbox 165 4447 283 4504; baseline -0.051 0"><span class='ocrx_word' id='word_1_314' title='bbox 165 4447 240 4504; x_wconf 83' lang='lat' dir='ltr'>lect.</span> <span class='ocrx_word' id='word_1_315' title='bbox 259 4463 283 4500; x_wconf 89' lang='lat' dir='ltr'>r.</span> 
     </span>
    </p>

    <p class='ocr_par' dir='ltr' id='par_1_14' title="bbox 165 4528 1295 4700">
     <span class='ocr_line' id='line_1_41' title="bbox 209 4528 1295 4605; baseline 0.005 -16"><span class='ocrx_word' id='word_1_316' title='bbox 209 4540 252 4605; x_wconf 84' lang='lat'>(3)</span> <span class='ocrx_word' id='word_1_317' title='bbox 291 4529 324 4589; x_wconf 86' lang='lat' dir='ltr'>S.</span> <span class='ocrx_word' id='word_1_318' title='bbox 340 4533 480 4604; x_wconf 63' lang='lat' dir='ltr'>August„</span> <span class='ocrx_word' id='word_1_319' title='bbox 497 4528 574 4602; x_wconf 78' lang='lat' dir='ltr'>Epir.</span> <span class='ocrx_word' id='word_1_320' title='bbox 593 4549 650 4602; x_wconf 88' lang='lat'>147,</span> <span class='ocrx_word' id='word_1_321' title='bbox 668 4529 705 4586; x_wconf 82' lang='lat' dir='ltr'>ad</span> <span class='ocrx_word' id='word_1_322' title='bbox 719 4549 783 4600; x_wconf 82' lang='lat' dir='ltr'>rra,</span> <span class='ocrx_word' id='word_1_323' title='bbox 794 4549 857 4601; x_wconf 86' lang='lat' dir='ltr'>cap.</span> <span class='ocrx_word' id='word_1_324' title='bbox 874 4550 901 4589; x_wconf 83' lang='lat'>2.</span> <span class='ocrx_word' id='word_1_325' title='bbox 916 4530 994 4604; x_wconf 81' lang='lat' dir='ltr'>Lege</span> <span class='ocrx_word' id='word_1_326' title='bbox 1003 4532 1101 4602; x_wconf 80' lang='lat' dir='ltr'>etiam,</span> <span class='ocrx_word' id='word_1_327' title='bbox 1116 4553 1181 4604; x_wconf 81' lang='lat' dir='ltr'>quae</span> <span class='ocrx_word' id='word_1_328' title='bbox 1189 4534 1295 4594; x_wconf 82' lang='lat' dir='ltr'>ibidem</span> 
     </span>
     <span class='ocr_line' id='line_1_42' title="bbox 165 4621 354 4700; baseline -0.011 -18"><span class='ocrx_word' id='word_1_329' title='bbox 165 4621 354 4700; x_wconf 76' lang='lat' dir='ltr'>praecedunt.</span> 
     </span>
    </p>

    <p class='ocr_par' dir='ltr' id='par_1_15' title="bbox 209 4707 1091 4786">
     <span class='ocr_line' id='line_1_43' title="bbox 209 4707 1091 4786; baseline 0.002 -18"><span class='ocrx_word' id='word_1_330' title='bbox 209 4717 252 4784; x_wconf 85' lang='lat'>(4)</span> <span class='ocrx_word' id='word_1_331' title='bbox 289 4711 334 4768; x_wconf 88' lang='lat' dir='ltr'>De</span> <span class='ocrx_word' id='word_1_332' title='bbox 358 4709 460 4779; x_wconf 61' lang='lat' dir='ltr'>Vetat,</span> <span class='ocrx_word' id='word_1_333' title='bbox 476 4729 505 4781; x_wconf 90' lang='lat' dir='ltr'>q.</span> <span class='ocrx_word' id='word_1_334' title='bbox 526 4727 567 4782; x_wconf 88' lang='lat'>14.</span> <span class='ocrx_word' id='word_1_335' title='bbox 584 4721 639 4768; x_wconf 78' lang='lat' dir='ltr'>art.</span> <span class='ocrx_word' id='word_1_336' title='bbox 654 4729 672 4782; x_wconf 91' lang='lat'><strong>9</strong></span> <span class='ocrx_word' id='word_1_337' title='bbox 686 4707 820 4782; x_wconf 79' lang='lat' dir='ltr'>superius</span> <span class='ocrx_word' id='word_1_338' title='bbox 834 4707 935 4780; x_wconf 86' lang='lat' dir='ltr'>relato,</span> <span class='ocrx_word' id='word_1_339' title='bbox 951 4730 1019 4786; x_wconf 85' lang='lat' dir='ltr'>pag.</span> <span class='ocrx_word' id='word_1_340' title='bbox 1032 4730 1091 4783; x_wconf 81' lang='lat'>511.</span> 
     </span>
    </p>
   </div>
   <div class='ocr_carea' id='block_1_8' title="bbox 0 0 1750 5525">
    <p class='ocr_par' dir='ltr' id='par_1_16' title="bbox 0 0 1750 5525">
     <span class='ocr_line' id='line_1_44' title="bbox 0 0 1750 5525; baseline 0 3"><span class='ocrx_word' id='word_1_341' title='bbox 0 0 1750 5525; x_wconf 95' lang='lat' dir='ltr'> </span> 
     </span>
    </p>
   </div>
  </div>
 </body>
</html>
