3492 5525
580 425 707 491 Loorca
727 445 838 492 umore
1172 443 1229 510 ¹⁰9

786 534 1265 557 -ι--ι-η--ι--ι-σ-

141 611 226 694 quot
236 611 315 669 sunt
330 604 419 670 modi
440 605 621 672 disserendi
636 625 673 673 ac
687 605 825 700 sciendi,
842 625 883 672 eo
898 608 985 674 enim
1000 607 1135 673 tandem
1149 606 1267 693 logica

140 710 263 788 tendit,
294 720 331 776 ut
360 713 529 797 quomodo
556 713 728 780 sciendum
743 714 1039 798 disserendumque
1061 713 1115 789 sit,
1136 715 1265 781 doceat.

142 816 234 883 Cum
244 837 325 903 ergo
341 819 429 885 modi
448 820 569 888 sciendi
593 832 660 888 tres
681 831 909 899 numerentur,
933 820 1100 909 Definitio,
1125 821 1262 899 Divisio,

140 925 397 1008 Argumentatio,
431 925 463 992 in
488 946 543 993 eas
564 927 715 995 dividunt
734 927 955 995 Dialecticam.
985 929 1061 994 llaec
1081 935 1136 995 ‘est
1163 930 1265 997 Boetii

139 1034 301 1100 sententia
316 1030 380 1122 (r),
405 1035 490 1104 Petri
509 1035 662 1102 Fonsecae
687 1033 739 1124 (2)
764 1036 1084 1122 Corrimbricensium
1110 1033 1163 1125 (3)
1187 1037 1265 1102 alio-

139 1157 300 1224 rumque,
317 1151 350 1208 et
365 1141 493 1209 fundari
510 1145 593 1209 lone
610 1153 719 1227 potest
737 1143 769 1209 in
790 1144 826 1210 S.
853 1144 1041 1230 Augustino
1067 1141 1135 1232 (4).
1161 1144 1264 1211 Nobis

138 1248 265 1331 planior
292 1249 421 1314 videtur
448 1269 505 1326 ea,
535 1268 635 1334 quam
665 1269 743 1317 cum
771 1251 930 1336 Angelico
955 1250 1095 1318 Doctore
1118 1249 1262 1336 amplexi

136 1373 273 1433 sumus,
300 1355 429 1424 divisio.
455 1355 636 1435 ceterum,
662 1357 850 1424 utramlibet
870 1359 945 1442 quis
967 1357 1060 1443 sequi
1085 1360 1190 1436 volet,
1221 1361 1262 1426 de

136 1463 261 1528 iisdem-
282 1462 379 1529 rebus
406 1465 494 1529 haud
526 1463 647 1548 dispari
673 1467 879 1532 accuratione
908 1465 1142 1552 diligentiaque
1170 1478 1258 1553 agat,

134 1579 285 1655 oportet,
304 1590 363 1657 pro
381 1571 576 1658 gravissimo
588 1573 791 1640 tractationis
804 1575 903 1660 hujus
917 1585 1100 1654 momento.
1145 1577 1148 1582 ’
1260 1627 1270 1642 .

332 2155 785 2270 DISPUTATIO
842 2159 1063 2270 PRIMA

189 2381 247 2438 ue
279 2381 333 2438 ns
363 2381 459 2451 Qum
489 2373 735 2438 P'Enrrureur
762 2383 818 2438 nn
848 2383 1010 2440 omniu
1042 2361 1204 2443 MENTls

533 2523 855 2583 opennrromen.

625 2659 772 2674 ——--·-r

193 2872 283 2937 Turn
297 2871 441 2955 simplex
456 2870 578 2936 mentis
590 2870 826 2955 apprehensio,
843 2879 916 2936 tum
931 2871 1002 2955 ejus
1015 2880 1150 2936 externa
1159 2920 1175 2949 ,,
1184 2871 1254 2938 sive

122 2996 184 3063 per
210 2996 310 3043 voces
334 2977 486 3061 siveper
511 2978 649 3061 scripta,
670 2976 904 3061 manifestatio,
925 2978 1068 3062 generali
1093 2980 1253 3046 vocabulo

118 3085 446 3170 terminusalogicis
457 3085 734 3169 nuncupatur,de
744 3103 811 3169 quo
822 3085 915 3167 plura
925 3084 1019 3151 nobis
1029 3082 1253 3171 investiganda

118 3200 219 3260 sunt.
234 3192 299 3259 Sed
314 3212 390 3259 cum
406 3192 567 3259 terminus
583 3192 708 3269 omnis,
723 3192 803 3277 quin
818 3203 851 3259 et
863 3202 956 3258 actus
970 3192 1092 3260 mentis
1104 3210 1252 3279 cognos-

116 3302 245 3367 citivus
258 3302 397 3385 ejusque
410 3292 544 3367 externa
558 3300 742 3385 expressio,
757 3300 789 3366 id
803 3299 864 3366 sibi
880 3297 1031 3383 propium
1041 3299 1201 3380 vindicet,
1215 3314 1251 3369 ut

115 3410 249 3492 aliquid
263 3408 432 3496 significet,
449 3408 608 3475 rationem
622 3406 711 3491 signi
717 3416 793 3473 ante
805 3407 917 3473 omnia
933 3407 1162 3491 exponendam
1177 3428 1250 3476 esse

114 3517 333 3582 arbitramur.

149 3810 199 3872 (r)
239 3802 406 3862 Comment.
425 3802 457 3862 in
473 3804 576 3879 Topic.
589 3802 721 3863 Cr'ceron.
736 3822 800 3876 por.
814 3822 841 3861 2.

149 3900 199 3963 (2)
236 3894 370 3952 institut.
383 3894 509 3953 Dialecl.
526 3893 577 3952 lib.
597 3915 621 3964 1,
636 3914 699 3966 cap.
713 3912 743 3967 4.

147 3990 203 4059 (3)
241 3982 300 4055 Op.
316 3981 364 4041 cit.
381 3982 908 4059 Appendixadquoestr'onesprooem.
975 4059 977 4062 Ι

143 4080 194 4149 (4)
233 4074 281 4133 De
294 4073 612 4145 doctrinamentum,
628 4074 678 4133 lib.
691 4093 717 4132 a.
732 4094 796 4147 cop.
812 4096 859 4149 37.
