3492 5525
211 464 325 527 Anne.
341 460 1069 527 aa·Vanacnasracumawncoenoscmv.
1116 474 1171 543 573

900 567 1212 582 -—-————

462 782 761 859 ARTICULUS
791 784 838 857 ΙΙ.

88 970 258 1035 Utrum
288 984 476 1033 ver-aces
499 968 591 1031 sint
613 932 853 1033 facultates
877 966 1208 1045 cognoscitivae.

147 1198 218 1262 104.
265 1178 394 1265 Negant
407 1178 555 1264 Sceptici,
569 1188 624 1247 aut
635 1182 749 1246 saltem
762 1180 824 1248 ida
840 1180 934 1247 nobis
953 1178 1024 1246 sciri
1040 1188 1129 1245 certe
1146 1196 1214 1243 non

94 1306 193 1372 posse
215 1286 434 1369 contendunt;
464 1295 562 1371 atque
593 1288 710 1354 exinde
738 1288 896 1354 rationem
925 1296 1079 1371 repetunt
1105 1286 1213 1353 insani

95 1391 425 1479 perniciosissimique
444 1394 643 1481 systematis.
664 1396 786 1461 Contra
803 1412 888 1478 quos
900 1394 953 1460 sit:

143 1557 344 1621 Psoeoslrto
376 1554 425 1621 i.⁸
471 1562 664 1623 Facultates
682 1560 1060 1638 omnescognoscitivoe
1077 1575 1219 1621 veraces

94 1683 159 1746 per
172 1685 263 1729 sese
271 1677 393 1729 natura
403 1686 466 1730 sua
474 1677 558 1730 sunt
567 1670 658 1731 circa
666 1670 843 1747 proprium
853 1668 1020 1747 cujusque
1031 1668 1217 1745 objectum,

96 1784 245 1853 possunt
257 1783 373 1837 umen
392 1792 453 1853 per
470 1776 628 1838 accidens
644 1776 765 1854 decipi.

166 1908 354 1996 Notandtim
372 1929 405 1995 in
429 1940 634 1998 antecessum
655 1939 705 1997 est
724 1930 979 2015 propositionem
1008 1931 1090 1996 hanc
1117 1946 1217 1994 unam
1234 1954 1319 2002 vain,
1341 1955 1437 2001 man.

100 2055 143 2103 ex
157 2035 195 2102 iis
214 2054 301 2115 esse,
318 2056 393 2121 quae
412 2057 471 2105 nec
492 2038 618 2123 probari
638 2052 776 2123 possunt
794 2036 864 2105 sine
887 2038 1043 2122 petitione
1062 2034 1217 2121 principii,
1265 2027 1415 2143 fflt‘ffit

100 2163 162 2210 nec
175 2144 362 2229 probatione
374 2146 520 2231 indigent
535 2146 577 2213 ob
590 2164 775 2225 summam,
795 2166 860 2230 qua
870 2146 998 2231 fulgent
1008 2144 1218 2210 evidentiam.
1245 2112 1404 2216 '‘aanatga

101 2252 222 2319 Omnis
240 2271 382 2335 namque
396 2253 461 2319 veri
488 2252 628 2320 nominis
655 2254 818 2338 probatio,
844 2262 880 2319 ut
900 2252 1065 2336 quidpiam
1085 2252 1223 2317 demon·
1235 2239 1437 2295 ΛΜΝ·

100 2368 199 2437 stret,
220 2378 404 2445 supponere
420 2370 590 2444 tamquam
610 2370 730 2427 certam
750 2362 848 2427 debet
866 2361 1072 2426 veracitatem
1093 2360 1226 2425 faculta-

101 2477 176 2533 tum
195 2467 506 2553 cognoscitivarum,
528 2487 666 2552 quarum
687 2488 748 2535 usu
764 2481 796 2537 et
805 2467 960 2536 exercitio
974 2467 1012 2533 srt
1022 2468 1226 2535 demonstra-

100 2574 162 2641 tio.
185 2574 252 2641 Nisi
272 2575 360 2641 enirn
379 2594 511 2641 veraces
529 2576 594 2641 sint
616 2586 649 2642 et
672 2594 743 2642 esse
766 2584 1026 2661 cognoscantur,
1054 2574 1223 2659 quisnam,

102 2699 239 2766 quaeso,
272 2701 384 2747 earum
410 2684 599 2749 testimonio
630 2682 728 2749 fidem
758 2684 934 2750 adhibeat?
966 2685 1041 2749 Non
1071 2702 1150 2769 ergo
1172 2684 1227 2746 de-

101 2793 307 2856 monstranda
318 2800 367 2856 est
379 2790 640 2875 propositioista‚
653 2793 710 2857 sed
726 2792 843 2858 reflexa
858 2794 1028 2858 dumtaxat
1037 2791 1225 2875 explicanda

103 2915 162 2982 per
180 2905 336 2963 attentam
356 2898 648 2965 considerationem
669 2902 900 2967 terminorum.
922 2899 1032 2982 ltaque

152 3011 266 3072 Prima
292 3029 372 3088 pars
397 3006 575 3072 declaratur
608 3023 653 3073 1.0
698 3006 832 3083 Quaevis
861 3007 1007 3091 potentia
1039 3003 1227 3071 naturaliter

103 3111 211 3178 tendit
228 3114 268 3177 acl
286 3131 379 3178 suam
400 3113 647 3198 perfectionem,
670 3115 747 3180 nihil
763 3115 886 3198 quippe
906 3113 1092 3179 naturaliter
1108 3113 1225 3196 quaerit

105 3221 231 3285 malum
250 3238 366 3298 suum,
387 3221 444 3287 sed
463 3222 605 3304 bonum;
622 3223 748 3287 bonurn
770 3233 880 3289 autem
903 3221 1062 3306 cujusque
1081 3229 1132 3286 est
1154 3238 1227 3304 per-

106 3326 204 3393 fectio
224 3329 310 3413 ejus;
332 3336 365 3393 et
388 3328 461 3394 ideo
480 3329 604 3394 bonum
624 3309 778 3396 definitur
804 3329 853 3405 id,
884 3327 974 3412 quod
993 3327 1103 3394 omnia
1130 3346 1229 3412 appe·

105 3443 183 3500 tunt
201 3431 264 3522 (ι).
282 3435 382 3518 Atqui
401 3436 553 3521 perfectio
574 3436 701 3521 propria
720 3437 909 3502 facultatum
929 3435 1226 3521 cognoscitivarum

106 3549 160 3606 est
179 3542 311 3624 veritas;
333 3542 493 3626 siquidem
512 3561 588 3610 cum
609 3545 742 3610 facultas
760 3543 981 3628 cognoscitiva
1000 3542 1159 3609 destinata
1187 3541 1229 3607 sit

106 3649 150 3714 ad
168 3651 451 3734 cognoscendum,
468 3659 547 3716 tunc
561 3671 637 3716 vere
652 3651 832 3736 perficitur,
852 3669 929 3717 cum
956 3650 1053 3716 habet
1071 3649 1231 3735 cognitio-

108 3775 170 3822 nes
180 3758 365 3824 conformes
373 3758 522 3842 objectis,
536 3757 690 3826 nimirum
704 3777 812 3836 veras,
825 3759 908 3826 sicut
917 3780 934 3825 e
944 3777 1103 3825 converso
1111 3775 1231 3841 magna

107 3873 295 3947 turparetur
312 3865 619 3958 imperfectione,si
635 3885 685 3933 res
704 3867 811 3944 aliter,
832 3885 868 3933 ac
889 3876 968 3934 sunt
986 3866 1019 3931 in
1037 3865 1165 3950 seipsis,
1190 3881 1232 3929 ex

108 3972 238 4036 interno
257 3971 335 4040 vitio
350 3975 606 4057 apprehenderet
628 3974 690 4060 (2).
712 3975 796 4061 Ergo
810 3973 980 4040 facultates
1000 3971 1232 4059 cognoscitivae

110 4085 226 4144 natura
244 4097 304 4146 sua
318 4080 457 4146 tendunt
470 4081 510 4146 ad
526 4100 657 4158 verum,
679 4101 714 4147 ac
733 4082 868 4167 proinde
880 4099 1009 4148 veraces
1020 4099 1077 4165 per
1091 4099 1126 4147 se
1139 4087 1230 4145 sunt.

89 4177 93 4184 ’
179 4185 336 4272 Apposite
359 4186 392 4255 S.
414 4188 575 4255 Thomas:
592 4188 693 4259 Nulla
702 4189 844 4274 potentia
863 4188 1071 4274 cognuscitioa
1088 4187 1234 4270 deficite

109 4293 283 4377 cognitione
301 4294 353 4360 sui
364 4296 490 4382 objecti,
506 4297 570 4363 nisi
586 4301 717 4381 propter
727 4299 864 4385 aliquem
878 4298 1032 4383 defectum
1049 4299 1107 4362 aut
1125 4311 1236 4361 corret-

149 4567 189 4628 (ι)
227 4562 295 4621 Haec
308 4562 376 4622 alibi
385 4578 567 4636 exponentur
575 4605 582 4635 ,
591 4539 727 4636 quemvis
735 4565 807 4625 satis
815 4585 867 4638 per
880 4585 911 4624 se
922 4577 1033 4637 patent.
1049 4562 1112 4622 Cir.
1124 4561 1235 4621 interea

113 4649 148 4710 S.
166 4649 271 4711 Thom.
292 4664 333 4726 3.·
346 4663 446 4712 contra
461 4653 581 4725 Gentes,
596 4673 659 4726 cap.
676 4675 710 4728 3,
728 4655 770 4714 16.

149 4741 191 4818 (a)
228 4741 289 4802 Cir.
306 4742 339 4802 S.
352 4743 457 4805 Thom.
472 4745 522 4806 lib.
535 4745 567 4816 6,
583 4745 712 4820 Metellis.
725 4746 791 4806 lect.
805 4765 833 4820 4,
857 4763 972 4820 paragr.
989 4763 1015 4806 c.
