3492 5525
286 462 375 545 §ill
399 462 636 532 Purcosonuru
656 478 760 525 onroo
783 478 825 524 ur
847 476 1058 525 nnoonessus
1140 478 1177 543 ²3

170 642 355 711 Nobiliores
378 640 520 711 Platonis
544 640 709 727 discipuli,
736 641 792 724 qui
818 641 859 707 ad
884 641 1097 707 Academiam
1121 642 1239 709 abillo
1279 639 1454 723 bulliit:

103 750 277 817 fundatam
298 753 523 837 pertinuerunt
541 760 619 817 sunt
633 748 819 832 Speusippus
835 747 892 837 (ψ
901 767 966 836 339
988 769 1017 813 a.
1041 745 1117 836 C.),
1137 749 1241 817 Xeno-
1315 719 1387 757 ’Μ’

102 856 391 946 crates(÷114a
406 856 482 947 C.),
498 859 646 925 Polemon
659 854 758 945 (circa
773 874 827 923 an.
849 873 924 936 ¹14·
939 875 971 924 a.
988 854 1046 943 C.)
1060 856 1240 922 Athenien*

102 966 162 1042 sis,
175 965 498 1044 CratesTriasiensis,
510 964 627 1047 aliique
640 960 704 1052 (ι),
719 962 844 1030 Verum
860 982 959 1048 supra
969 973 1106 1031 caeteros
1120 983 1239 1031 omnes

103 1072 263 1151 eminuit,
284 1082 396 1141 auctor
418 1092 513 1139 novae
528 1073 650 1139 scholae
668 1070 868 1148 Aristoteles,
889 1073 945 1156 qui
966 1084 1097 1156 propter
1117 1074 1237 1139 acutis·

103 1181 229 1247 simum
245 1181 472 1265 eximiumque
487 1180 676 1266 ingenium,
693 1180 941 1245 solertissimam
961 1180 1171 1264 sagacitatem
1187 1180 1236 1245 in·
1260 1217 1389 1263 m
1400 1227 1440 1271 μ,

103 1286 309 1371 quisilioniS,
323 1286 582 1372 potentissimam
592 1286 660 1351 virn
671 1286 982 1371 argumentationis,
996 1286 1236 1354 vastissimam·
1260 1288 1437 1368 nummatam

103 1414 171 1479 que
186 1394 367 1463 doctrinam
382 1393 561 1477 Philosophi
572 1411 758 1479 cognomen
778 1393 865 1477 apud
879 1405 1029 1477 posteros
1044 1395 1176 1460 meruit.
1274 1358 1423 1489 ffiffl'

150 1522 208 1584 24.
258 1501 448 1569 Aristoteles
461 1501 650 1567 Nicomachi
665 1500 931 1584 Phaestiadisque
945 1500 1048 1577 filius,
1063 1502 1235 1586 Stagirites

102 1630 146 1675 ex
171 1611 293 1695 exigua
319 1608 462 1675 Thraciae
487 1608 617 1675 civitate
642 1608 909 1675 Macedoniorum
939 1627 1042 1693 regno
1066 1611 1232 1694 adjuncta,

102 1736 187 1783 voce
209 1718 318 1803 gracili
341 1725 374 1782 et
395 1716 533 1785 exilibus
554 1714 606 1804 (a)
626 1715 791 1792 cruribus,
814 1715 990 1800 parvisque
1009 1716 1112 1782 oculis
1137 1716 1236 1782 fuisse

102 1824 243 1905 dicitur,
259 1846 295 1891 ac
311 1833 403 1891 veste
415 1824 537 1910 insigni
552 1826 600 1891 uti
614 1825 745 1901 solitus,
763 1822 892 1889 annulis
906 1832 940 1890 et
951 1833 1099 1891 tonsura.
1117 1824 1145 1889 A
1164 1824 1237 1890 Phi-

100 1934 196 2018 lippo
222 1934 381 2018 magister
403 1931 597 2016 praepositus
623 1930 808 1997 Alexandro
832 1931 917 2008 filio,
941 1950 1018 1997 cunr
1048 1932 1124 1998 huic
1148 1932 1238 1998 insti·
1359 1974 1362 1986 .

100 2041 233 2107 tuendo
266 2040 344 2107 satis
374 2058 509 2125 operam
543 2047 711 2115 navasset,
732 2037 880 2104 Athenas
913 2040 1091 2117 concessit,
1126 2038 1237 2122 ibique

102 2149 262 2215 tredecim
283 2150 377 2215 annis
391 2146 424 2214 in
439 2148 534 2229 Lyceo
547 2147 676 2223 docuit,
697 2146 802 2213 donec
817 2146 857 2211 ab
872 2146 1115 2231 Eurymedonte
1131 2146 1235 2212 hiero·

101 2259 228 2341 phanta
244 2235 422 2340 impietatis
434 2265 607 2323 accusatus
616 2253 804 2319 Chalcidem
820 2254 981 2338 profugit,
996 2262 1096 2339 atque
1112 2254 1234 2323 ibidem

102 2364 224 2429 morbo
238 2361 332 2447 periit
342 2368 429 2428 annd
443 2362 548 2428 aetatis
562 2361 768 2447 sexagesimo
777 2360 903 2426 circiter
916 2362 1030 2448 tertio„
1045 2380 1122 2427 cunr
1139 2372 1236 2427 natus

102 2480 287 2537 essetanno
298 2470 404 2556 primo
414 2470 637 2554 nonagesimae
646 2486 740 2535 nonae
751 2465 1030 2555 Olympiadis(an.
1042 2488 1071 2533 a.
1087 2469 1127 2536 C.
1139 2466 1235 2556 38²·)

100 2580 179 2663 Ejus
200 2578 348 2661 discipuli
362 2578 638 2659 Peripateticorum
653 2576 786 2641 nomine
800 2575 947 2660 insigniti
967 2561 1070 2652 suere,
1087 2576 1235 2660 eoquod

103 2686 304 2772 magistrum
321 2684 469 2751 audirent
488 2685 756 2750 deambulantem
771 2680 836 2772 (3).

172 2795 279 2860 Multa
298 2791 427 2878 scripsit
446 2812 544 2878 opera
567 2811 632 2858 non
654 2793 763 2860 solum
788 2792 829 2857 de
852 2809 886 2855 re
911 2790 1154 2876 philosophica,
1179 2793 1244 2858 sed.

101 2901 206 2967 etiam
228 2901 271 2966 de
294 2900 467 2968 Rhetorica
495 2909 529 2965 et
562 2901 704 2966 Poetica.
726 2897 968 2982 Philosophiam
988 2917 1067 2965 vero
1087 2899 1238 2967 tractavit

101 3007 311 3084 universam,
328 3010 463 3092 excepta
479 3005 615 3073 Mathesi
635 3003 699 3095 (4).

136 3239 183 3312 (ι)
220 3239 424 3316 Tennemann.
440 3257 555 3310 paragr,
573 3237 634 3308 ¹383
651 3235 805 3304 Gonaalez‚
821 3255 884 3308 par.
901 3255 947 3309 70·

137 3333 183 3396 (a)
222 3328 349 3401 Diogen.
366 3328 463 3386 laert.
479 3327 529 3386 lib.
547 3346 560 3400 ς
577 3327 668 3386 Arist.

136 3425 183 3490 (3)
223 3418 341 3475 Cuevas
355 3418 409 3474 loc.
423 3437 516 3488 nuper
530 3415 578 3474 cit.
594 3429 664 3474 acet.
681 3437 709 3488 3.

136 3507 183 3580 (4)
220 3507 365 3584 Logicam
383 3507 483 3565 docuit
504 3505 534 3564 in
551 3505 854 3563 Proedicamenlisseu
876 3504 1043 3578 categoriis
1062 3516 1091 3561 et
1109 3503 1238 3563 inlibris

99 3601 134 3656 de
145 3591 419 3670 'Interpretalione,
441 3615 494 3652 seu
515 3595 767 3664 Peribermeuias,
781 3594 1016 3676 *analyticorum
1032 3593 1185 3662 (Priorum
1205 3614 1238 3651 ac

99 3687 331 3756 Posterrbrum)‚
346 3685 517 3762 Topicorum
527 3697 557 3742 et
569 3685 761 3742 Elenclrarum
768 3707 777 3752 ;
788 3683 947 3758 Physicam
957 3702 1009 3740 seu
1019 3681 1237 3754 Philosophiam

99 3776 270 3835 naturalem
286 3774 316 3832 in
331 3788 394 3833 octo
408 3773 489 3832 libris
504 3776 539 3831 de
554 3774 682 3846 Physica
696 3774 800 3830 auditu
812 3774 856 3830 vel
866 3772 1092 3840 auscultatione,
1109 3785 1238 3843 quatuor

98 3867 137 3924 de
154 3867 238 3926 Caelo
252 3874 283 3920 et
297 3865 419 3933 Mundo,
443 3863 559 3922 duobus
574 3862 611 3920 de
626 3861 819 3924 Generatione
837 3872 866 3918 et
881 3861 1090 3935 Corruplione,
1110 3876 1238 3932 quatuor

99 3953 413 4030 Meiereoiogicorum,
429 3952 523 4010 tribus
536 3953 571 4010 de
587 3951 710 4018 Anima,
726 3967 830 4009 novem
845 3951 881 4009 de
896 3952 1027 4009 Historia
1044 3952 1234 4020 animalium,

99 4057 238 4116 quatuor
257 4044 294 4100 de
307 4042 446 4100 Partibus
465 4043 653 4111 animalium,
672 4060 733 4099 uno
751 4041 787 4098 de
804 4043 921 4099 incessu
942 4041 1129 4110 animalium,
1151 4041 1238 4112 quin-

99 4155 161 4206 que
181 4133 216 4189 de
238 4131 429 4192 Generatioue
443 4131 634 4196 animalium,
655 4143 685 4189 et
700 4131 730 4188 in
744 4128 828 4188 libris
842 4129 894 4201 qui
914 4129 1116 4188 inscribuntur
1135 4131 1238 4189 Perua

98 4222 275 4288 naturalia,-
288 4221 516 4294 Melaphysicam
529 4219 559 4278 in
575 4219 657 4278 libris
671 4220 950 4294 Metaphysicorum.

158 4309 305 4370 Moralem
320 4309 438 4366 demum
459 4308 680 4380 Philosophiam
700 4307 730 4366 in
752 4309 833 4367 libris
855 4309 1024 4366 Etbicorum
1042 4309 1238 4369 adNicoma-

98 4403 205 4466 chum,
221 4413 252 4456 et
266 4399 296 4456 in
312 4397 394 4456 libris
409 4399 611 4457 Politicarum.

158 4488 228 4548 Alia
250 4501 387 4559 praeteree
409 4501 603 4546 numerantur
622 4487 736 4560 spuria,
756 4487 800 4546 De
822 4489 955 4557 Picentis,
977 4488 1236 4563 Physiagnomica,

99 4580 299 4647 lleclanice,
310 4577 347 4634 de
357 4577 528 4646 Caloribus,
540 4577 576 4634 de
588 4577 797 4646 Audibilibus,
810 4578 845 4634 de
854 4577 984 4650 Spiritu,
995 4578 1032 4634 de
1041 4577 1238 4652 Proprielali·

99 4671 158 4728 bus
173 4669 390 4727 Elementorum
409 4666 445 4724 de
464 4667 573 4724 Mundo
593 4667 630 4724 ad
650 4667 868 4736 Alexandrum,
888 4666 925 4724 de
942 4667 1047 4724 Lineis
1065 4668 1239 4724 insecabili-

100 4761 176 4827 bus,
201 4757 405 4825 Problemata,
422 4757 457 4814 de
472 4756 654 4814 admirandis
669 4757 864 4825 audibilibus,
880 4770 934 4814 etc.
