3492 5525
560 410 615 480 574
675 398 799 465 Locren
813 400 1041 475 Meton-Lm.
1062 402 1237 476 1.¹¹·,l)1se.
1254 415 1299 484 4·
1316 403 1393 466 Ceo.
1414 416 1483 465 mum

510 577 763 659 elnonensium,
781 601 852 647 cnm
865 582 1200 664 secundumpropriom
1217 582 1368 649 rabonem
1380 586 1424 649 oct
1436 582 1646 666 cognitsbnem

246 704 253 727 ·
342 726 348 743 .
443 712 456 747 e
515 686 588 750 talis
600 686 712 773 objecti
723 689 904 769 ordinetur,·
921 689 1098 758 sc'cutoisns
1108 708 1170 755 non
1180 690 1643 776 deficitacognitionecoloris‚

514 791 579 856 nisi
594 792 700 878 aliquo
714 794 910 878 corruptione
930 796 1015 863 circo
1028 796 1129 879 ipsum
1143 796 1303 863 existente.
1326 798 1440 864 Omnis
1459 800 1563 863 onem
1582 800 1647 861 de-

502 883 607 983 fectus
620 904 650 965 et
660 904 819 986 corruptio
836 908 885 969 est
889 908 1006 986 pratu
1017 906 1182 981 naturam,
1199 904 1273 988 quio
1287 908 1406 970 notura
1419 904 1558 969 intendit
1569 923 1646 968 esse

512 1008 557 1069 ad
568 1008 786 1093 perfectionem
805 1010 863 1077 eei.
880 1010 1067 1094 Impossibile
1078 1015 1126 1076 est
1136 1011 1247 1095 igitun
1262 1014 1346 1096 quot
1360 1012 1521 1096 sitoliquo
1533 1010 1645 1077 virtaas

511 1116 730 1195 cognoscilivo,
747 1136 815 1201 que
828 1118 1018 1185 nobcroliter
1028 1117 1154 1203 deficiat
1171 1139 1191 1184 a
1206 1122 1286 1184 recto
1295 1119 1421 1207 jndicio
1442 1119 1495 1185 sui
1511 1118 1628 1207 objecti
1632 1172 1641 1185 .

511 1220 678 1303 Proprium
696 1228 799 1291 autem
816 1226 965 1312 objectum
984 1218 1157 1291 intillectus
1174 1230 1224 1291 est
1236 1245 1356 1295 oerum.
1381 1227 1569 1309 Impossibile
1589 1231 1646 1291 est
1730 1259 1732 1278 .

511 1326 625 1409 igitur,
641 1333 725 1414 quod
739 1331 784 1396 sit
798 1332 915 1417 aliquis
932 1332 1105 1399 intellectus
1117 1334 1307 1402 naturaliter
1329 1334 1414 1400 circo
1433 1332 1643 1417 cognitionem
1730 1335 1731 1378 i

511 1434 580 1499 veri
600 1438 748 1504 oberrans
766 1435 829 1527 (ι).
867 1514 869 1520 ,

555 1542 609 1609 2.⁰
657 1544 733 1621 Vel,
760 1545 786 1610 si
807 1546 929 1621 mavis,
959 1547 1022 1611 hoc
1047 1544 1109 1612 alio
1136 1555 1230 1631 pacto
1250 1565 1318 1612 rem
1347 1546 1483 1613 declara.
1514 1546 1641 1612 Omnis

511 1650 654 1735 potentia
681 1645 903 1738 co'gnoscitiva
923 1673 964 1719 ex
989 1654 1117 1738 propria
1136 1663 1249 1720 natura
1274 1673 1332 1720 sua
1355 1654 1502 1719 ordinata
1522 1664 1572 1720 est
1591 1654 1637 1719 ad
1730 1717 1731 1752 ¹

511 1776 624 1827 verum
651 1761 914 1843 assequendum,
943 1779 1150 1846 unaquaeque
1172 1762 1256 1827 intra
1278 1778 1373 1826 suam
1397 1760 1575 1845 sphaeram,
1599 1771 1637 1825 et

457 1882 460 1890 “
509 1866 591 1935 circa
617 1867 784 1951 proprium
805 1867 984 1953 objectum.
1011 1860 1111 1952 Atq'ui
1141 1881 1309 1952 nequeunt
1327 1860 1483 1958 potentiae
1509 1886 1638 1952 cogno-
1730 1873 1731 1948 l

509 1973 630 2039 scitivae
654 1985 769 2041 natura
793 1992 853 2040 sua
879 1993 952 2041 esse
977 1975 1018 2040 ad
1042 1994 1156 2041 verum
1184 1975 1429 2058 assequendum
1458 1974 1635 2051 institutae,

511 2079 568 2145 nisi
584 2098 641 2165 per
658 2098 694 2147 se
713 2100 843 2148 veraces
861 2082 940 2149 sint.
961 2082 1106 2167 Ergo....
1217 2155 1219 2159 ,
1730 2091 1731 2100 ’

575 2195 687 2271 Major
714 2190 885 2255 manifesta
913 2198 963 2255 est
981 2188 1152 2266 omnibus,
1172 2189 1372 2273 quicumque
1400 2207 1468 2255 non
1491 2198 1633 2275 negant,
1730 2195 1731 2280 ]

463 2367 472 2379 .
508 2294 676 2361 hominem
696 2296 735 2361 ad
751 2297 816 2362 veri
836 2297 1075 2363 assecutionem
1097 2297 1283 2363 naturaliter
1300 2297 1392 2362 eniti.
1412 2298 1527 2380 Neque
1539 2297 1633 2362 enim
1730 2296 1732 2344 i

507 2401 576 2467 aliae
603 2402 697 2469 nobis
726 2411 907 2488 suppetunt
935 2404 1103 2469 facultates
1129 2423 1164 2468 ac
1191 2403 1355 2488 praesidia,
1383 2403 1503 2486 quibus
1533 2404 1633 2487 potiri
1730 2409 1731 2458 i

507 2510 640 2578 veritate
669 2512 848 2595 possimus.
883 2508 990 2585 Quare
1018 2512 1101 2577 sicut
1132 2510 1216 2595 ignis
1241 2510 1282 2575 ad
1307 2509 1569 2576 comburendum
1595 2522 1633 2577 et

506 2636 590 2700 aqua
608 2618 650 2682 ad
666 2618 939 2703 refrigerandum,
960 2616 1005 2684 sic
1026 2619 1180 2703 potentiae
1198 2616 1430 2702 cognoscitivae
1454 2618 1495 2682 ad
1509 2637 1630 2685 verum
1730 2611 1731 2684 Ϊ

506 2727 772 2812 cognoscendum
793 2726 884 2792 iactae
911 2736 1000 2793 sunt.
1588 2789 1592 2803 ,
1730 2804 1731 2813 ¹

571 2839 687 2901 Minor
704 2835 802 2899 etiam
818 2853 875 2917 per
893 2852 929 2898 se
947 2834 1133 2902 innotescit.
1154 2831 1239 2908 Quia
1257 2851 1353 2900 secus
1374 2844 1488 2899 natura
1501 2834 1629 2900 homini
1730 2846 1731 2849 ’

505 2939 719 3007 instrumenta
749 2940 990 3025 suppeditasset
1009 2942 1049 3006 ad
1068 2940 1168 3006 finem
1193 2931 1293 3007 suum
1313 2960 1354 3006 ex
1376 2939 1524 3027 ingenito
1547 2941 1630 3007 vitio
1730 2942 1731 3021 J

506 3049 626 3134 inepta.
648 3048 742 3114 Unde
765 3049 897 3114 tandem
921 3049 1035 3115 vitium
1060 3049 1220 3134 ejusmodi
1240 3049 1308 3114 Deo
1327 3047 1389 3133 ipsi
1414 3049 1627 3116 tribuendum

505 3158 603 3232 toret,
624 3165 737 3240 utpote
757 3165 880 3222 nature
899 3157 1024 3222 auctori
1042 3154 1110 3243 (2).
1262 3211 1266 3216 .
1730 3218 1731 3257 ἡ

570 3265 625 3329 Acl
633 3265 793 3347 proprium
806 3263 973 3352 objectum,
989 3262 1097 3330 scribit
1113 3263 1304 3348 Angelicus,
1315 3267 1629 3348 uncoquceqnepoten·
1730 3266 1731 3353 f

504 3371 610 3454 iopen
622 3390 655 3436 se
665 3370 848 3449 ordinatur,
864 3373 1126 3455 secundumqnod
1135 3371 1221 3453 ipsa:
1232 3389 1301 3455 qun
1315 3376 1418 3437 onum
1431 3376 1507 3436 ssent
1516 3372 1626 3454 buius·

502 3479 599 3555 modi,
614 3485 733 3562 semper
748 3481 853 3545 eodem
878 3482 968 3545 modo
989 3497 1022 3544 se
1042 3479 1165 3545 babent.
1188 3477 1291 3555 Unde,
1315 3483 1458 3544 monente
1465 3479 1624 3561 mentio,

502 3604 566 3652 non
583 3586 687 3672 deficit
703 3589 769 3673 ejus
775 3585 937 3673 judicium
953 3587 1039 3652 circa
1052 3585 1217 3668 proprium
1230 3587 1383 3673 objectum
1401 3585 1415 3673 (
1440 3582 1465 3673 ).

548 3693 601 3780 3.⁰
648 3695 804 3760 Praeterea
826 3694 928 3759 homo
946 3692 1124 3758 certissime
1139 3693 1179 3758 ad
1198 3691 1368 3759 veritatem
1383 3693 1623 3777 assequendam

502 3801 605 3867 tendit
632 3819 673 3866 ex
695 3802 765 3885 ipsa
794 3809 917 3866 naturae
937 3799 1154 3871 inclinatione.
1190 3799 1279 3876 Qud
1306 3801 1394 3866 enim
1420 3799 1481 3866 sibi
1506 3800 1625 3868 volunt

503 3906 643 3975 scientiae
665 3917 817 3991 artesque
840 3916 873 3972 et
896 3908 1039 3984 indoles,
1059 3925 1125 3990 qua
1144 3907 1267 3991 praediti
1287 3925 1421 3984 sumus,
1444 3908 1572 3974 curiosa
1589 3921 1623 3975 et

502 4015 674 4100 irrequieta
688 4031 738 4080 res
751 4015 981 4099 cognoscendi,
997 4021 1032 4079 et
1046 4033 1111 4079 non
1125 4015 1372 4097 quomodolibet
1384 4015 1621 4100 cognoscendi,

502 4124 560 4189 sed
579 4131 675 4206 prout
702 4123 830 4188 suntin
855 4120 992 4207 seipsis?
1020 4121 1119 4206 lgitur
1139 4121 1252 4197 debuit
1270 4122 1477 4190 facultatibus
1503 4123 1622 4189 instrui

501 4231 584 4314 aptis
603 4231 644 4296 ad
659 4249 751 4298 veras
769 4228 974 4316 cognitiones
991 4228 1197 4298 obtinendas.

536 4414 577 4478 (ι)
614 4409 678 4468 Lib.
694 4420 743 4482 39,
760 4409 869 4477 Contr„
882 4370 965 4466 Gent.
976 4425 1038 4478 cap.
1057 4407 1117 4477 108,
1132 4406 1244 4466 Adbuc.
1260 4407 1354 4465 Nulla
1362 4406 1501 4482 potentio.

536 4505 576 4566 (a)
613 4497 688 4557 Vide
705 4497 739 4556 S.
765 4497 883 4565 Thom.‚
904 4518 914 4554 1
936 4516 964 4568 p.
980 4516 1009 4568 q.
1029 4517 1072 4570 17,
1088 4510 1232 4568 a.aet3‚
1250 4496 1281 4554 iu
1303 4496 1621 4568 corp.etuda.¹¹;de

504 4587 608 4660 Verit.,
624 4609 653 4661 q.
671 4609 694 4658 1,
709 4607 736 4648 a.
753 4607 794 4654 12,
807 4589 842 4644 cie
856 4585 969 4654 Anien..
985 4585 1034 4644 lib.
1052 4606 1078 4658 3,
1093 4585 1158 4645 lect.
1172 4607 1214 4656 ss,
1228 4605 1327 4662 parag.
1340 4606 1365 4646 c.

535 4679 577 4754 (s)
615 4676 862 4752 ¹1³·<1·s⁸2³·⁶·
951 4749 954 4757 ,
1029 4746 1034 4756 .
