3492 5525
301 495 420 558 nnnc.
436 509 495 557 asu
507 493 657 558 Haemus
673 512 847 558 ammonuit
862 511 1104 558 parueraronun
1164 489 1223 574 783

208 683 314 759 Resp.
337 695 409 760 neg.
439 667 576 757 Minor.;‘
599 675 692 760 quia,
713 684 750 742 ut
769 693 871 760 nuper
893 677 1106 751 notabamus,
1128 674 1188 740 alia
1213 685 1263 742 est

140 782 222 850 ratio
247 782 513 868 apprehensionis
541 791 573 848 et
600 783 660 848 alia
684 782 808 870 judicii.
846 781 1016 868 Siquidem
1049 782 1264 867 apprehensio

138 889 355 956 terminorum
376 891 522 976 sequitur
539 889 844 956 determinationem
863 891 1110 976 provenientem
1134 907 1177 955 ex
1189 907 1265 974 spe·

138 997 204 1075 cie,
225 1005 258 1062 at
282 995 441 1082 judicium
470 1005 620 1063 causatur
647 1016 688 1063 ex
715 997 875 1082 objectiva
902 997 1026 1064 ratione
1053 996 1262 1071 assentiendi,

139 1121 241 1186 quarn
268 1105 358 1189 prius
385 1105 521 1190 perspici
541 1112 573 1169 et
600 1103 793 1170 considerari
822 1113 968 1190 oportet,
993 1125 1011 1170 a
1039 1121 1104 1188 qua
1130 1104 1264 1188 proinde

141 1212 247 1296 magis
267 1221 323 1277 aut
351 1211 461 1277 minus
487 1213 670 1278 intellectus
698 1221 806 1296 potest
832 1212 956 1278 moveri
986 1230 1045 1297 pro
1073 1211 1186 1297 majori
1209 1221 1266 1277 aut
1334 1233 1341 1242 ’

142 1319 261 1385 minori
279 1319 478 1387 advertentia
497 1327 529 1384 et
547 1318 639 1404 quasi
660 1338 721 1386 usu
741 1329 773 1385 et
792 1320 1042 1388 consuetudine.
1063 1319 1101 1385 Et
1114 1318 1160 1385 sic
1177 1327 1266 1404 patet

139 1428 311 1510 quomodo
329 1428 434 1494 adbuc
454 1436 530 1512 post
551 1427 844 1512 apprehensionem
863 1427 1080 1494 terminorum
1099 1425 1203 1512 possit
1218 1445 1266 1491 re-

141 1551 274 1599 manere
299 1533 332 1600 in
359 1535 523 1600 intellectu
554 1535 661 1619 aliqua
686 1534 901 1602 indifferentia
927 1536 978 1600 vel
1005 1532 1266 1601 indeterminatio

141 1661 199 1726 per
217 1640 365 1708 habitum
381 1641 556 1720 vincenda,
585 1652 617 1709 et
635 1644 805 1724 quomodo
824 1643 957 1708 facilitas
980 1653 1036 1708 aut
1063 1641 1207 1727 pronitas
1225 1639 1266 1705 ad

140 1745 359 1815 assensurum
376 1749 539 1834 principiis
560 1748 683 1815 nonsit
703 1757 771 1815 tota
789 1750 821 1814 in
846 1752 951 1815 solam
971 1749 1151 1833 potentiam
1172 1748 1267 1814 intel-

141 1857 310 1933 lectivam,
332 1858 383 1921 vel
407 1856 504 1923 etiam
526 1856 558 1922 in
578 1858 702 1940 species
726 1855 961 1942 intelligibiles,
983 1850 1213 1942 refundenda(
1238 1851 1264 1942 ).

187 1969 295 2047 Objic.
317 1963 370 2032 ³.⁰
417 1963 505 2029 Sicut
529 1981 565 2030 se
590 1965 688 2030 habet
711 1965 864 2030 voluntas
889 1965 930 2030 ad
953 1964 1055 2029 tinem
1074 1982 1172 2030 suurn
1192 1963 1268 2028 ulti·

134 2087 257 2147 mum,
278 2069 321 2135 ita
335 2070 520 2136 intellectus
537 2089 572 2136 se
591 2071 688 2136 habet
706 2070 746 2137 ad
767 2072 871 2156 prima
891 2091 978 2139 vera.
995 2071 1098 2154 Atqui
1113 2072 1267 2136 voluntas

142 2196 209 2243 non
229 2188 303 2264 eget
323 2176 434 2243 habitu
453 2177 691 2244 determinante
719 2180 758 2245 ad
782 2177 884 2244 srnem
914 2180 1067 2244 ultimum
1088 2187 1121 2245 et
1139 2179 1265 2245 bonum

140 2283 175 2350 in
194 2304 326 2369 genere.
348 2287 432 2371 Ergo
452 2305 511 2352 nec
529 2285 712 2352 intellectus
738 2288 779 2351 ad
805 2287 909 2371 prima
933 2305 1007 2352 vera
1029 2305 1087 2354 seu
1111 2285 1267 2372 principia

142 2392 260 2478 prima.

209 2507 315 2584 Resp.
338 2511 386 2568 r.⁰
400 2520 472 2585 neg.
487 2502 603 2585 Major.
617 2503 702 2567 Nam
717 2501 886 2585 disparitas
900 2511 951 2568 est
965 2501 1050 2568 inter
1063 2501 1265 2566 intellectum

89 2667 93 2674 .
143 2614 176 2672 et
204 2608 422 2676 voluntatem.
454 2608 530 2674 Haec
558 2609 645 2674 enim
675 2617 823 2693 respectu
849 2608 1057 2676 beatitudinis
1081 2628 1118 2674 ac
1136 2607 1214 2674 boni
1232 2607 1265 2672 in
1295 2689 1298 2694 ,

142 2734 263 2801 genere
281 2733 339 2801 per
357 2731 452 2783 suam
478 2727 628 2783 naturam
653 2716 868 2784 determinata
894 2725 944 2784 est
971 2717 1079 2802 quoad
1103 2714 1267 2800 specitica-

142 2824 286 2901 tionem,
308 2825 381 2891 licet
409 2824 507 2892 relate
535 2825 576 2890 ad
593 2824 680 2891 bona
699 2826 899 2909 particularia
926 2844 993 2892 non
1013 2833 1063 2891 est
1081 2842 1138 2910 per
1156 2844 1192 2891 se
1211 2824 1267 2889 de-

79 2922 81 2927 ’
144 2931 333 3007 terminata,
363 2932 422 3007 sed
450 2931 650 2998 indifferens.
680 2932 717 2997 Et
744 2934 817 2999 ideo
843 2933 967 3019 indiget
985 2934 1118 3018 quidem
1138 2931 1265 3009 habitu,

143 3057 211 3121 quo
239 3038 412 3106 inclinetur
439 3058 476 3105 ac
503 3041 738 3106 determinetur
766 3041 806 3106 ad
834 3042 921 3108 bona
947 3039 1166 3139 particularia,
1199 3058 1265 3105 non

144 3164 222 3213 vero
240 3147 282 3212 ad
299 3146 535 3213 beatitudinem
556 3165 592 3213 ac
618 3134 776 3214 rationem
805 3148 883 3215 boni
903 3148 936 3213 in
960 3166 1093 3233 genere.
1115 3145 1157 3213 At
1172 3146 1266 3213 intel·

144 3254 247 3319 lectus
267 3266 333 3320 non
357 3265 407 3320 est
434 3274 475 3320 ex
503 3272 574 3320 sese
594 3255 827 3322 determinatus
855 3256 954 3321 etiam
977 3264 1126 3339 respectu
1146 3255 1267 3339 primo·

144 3380 218 3427 rum
239 3380 409 3438 verorum,
430 3370 529 3445 atque
548 3362 629 3427 adeo
645 3371 795 3447 respectu
807 3363 911 3447 ipsius
926 3362 1059 3429 rationis
1070 3363 1172 3438 entis,
1189 3380 1266 3427 cum

143 3469 184 3534 ad
203 3470 314 3534 omnia
333 3477 427 3553 egeat
445 3468 634 3553 speciebus,
651 3469 860 3553 sinequibus
877 3479 927 3536 est
947 3471 1077 3555 penitus
1099 3469 1132 3535 in
1151 3477 1268 3555 poten-

144 3576 206 3652 tia,
227 3552 287 3641 nec
307 3584 415 3660 potest
434 3576 600 3660 quidpiam
619 3577 814 3663 intelligere.
944 3581 949 3588 '

212 3682 371 3768 Apposite
390 3684 553 3769 Aquinas:
574 3685 750 3751 intellectus
768 3686 889 3769 indiget
904 3686 1059 3767 speciebus
1085 3683 1270 3767 intelligibi-

143 3789 241 3870 tr'bus,
257 3798 317 3874 per
333 3810 411 3875 quas
433 3790 606 3875 intelligat,
626 3796 659 3858 et
673 3792 742 3859 ideo
758 3796 898 3875 oportet,
917 3795 1002 3878 quod
1025 3793 1061 3858 in
1079 3795 1270 3873 reponatur

142 3898 261 3983 aliquis
274 3898 396 3966 labina
414 3900 587 3975 naturalis,
607 3901 847 3983 supperadditus
860 3902 1018 3983 pounrna.
1042 3900 1106 3968 Sed
1123 3900 1191 3983 ipsa
1210 3918 1270 3965 na·

143 4010 216 4071 ttrra
242 3992 413 4073 voluntatis
439 4008 557 4091 sufficit
578 4009 622 4073 ad
645 4011 823 4075 naturalem
846 4010 990 4075 ordinem
1016 4008 1052 4074 r’n
1066 4008 1183 4094 finem,
1203 4006 1270 4073 sive

144 4116 299 4197 quantum
317 4114 360 4181 ad
377 4114 580 4181 intentionenr
594 4114 692 4199 finis,
715 4116 781 4182 sive
793 4121 945 4201 quantum
962 4120 1007 4181 ad
1025 4114 1270 4202 conformitatem

143 4222 189 4285 ad
214 4222 317 4305 ipsum
344 4218 408 4310 (a).
439 4222 550 4306 ltaque
578 4223 646 4289 sive
674 4224 803 4289 habitus
828 4234 1002 4309 reponatur
1025 4224 1057 4291 in
1083 4221 1267 4308 speciebus,

181 4513 223 4613 (r)
259 4506 322 4569 Cir.
346 4506 537 4579 Conimbric.,
558 4509 612 4569 loc.
635 4508 683 4568 cit.
708 4508 739 4568 in
763 4509 839 4569 med.
863 4529 978 4585 paragr.
1000 4509 1062 4601 Sed
1076 4518 1197 4585 utraque
1211 4510 1271 4569 hoec

147 4608 285 4756 miiimr.
301 4710 328 4748 a.
343 4709 373 4761 q.
388 4690 439 4760 62,
455 4702 511 4749 art.
528 4688 593 4763 3ad
610 4698 667 4749 1.·¹
681 4688 743 4748 Cir.
763 4710 787 4749 r.
800 4708 827 4749 a.
843 4709 873 4763 q.
891 4708 935 4764 50,
949 4702 1006 4750 art.
1022 4708 1054 4764 ς,
1068 4689 1105 4751 rrd
1119 4700 1178 4750 r.¹·
1191 4703 1220 4752 et
1234 4689 1270 4751 ad

146 4793 226 4852 νῆις
240 4780 275 4838 de
292 4778 431 4838 Verrunt.
447 4798 476 4851 q.
495 4800 518 4847 r,
535 4798 561 4839 a.
583 4796 613 4851 ς,
626 4778 664 4839 ad
678 4788 738 4853 3³¹¹
