3492 5525
302 470 417 534 Anne.
447 482 504 532 nv
527 468 618 551 Qum
640 486 682 535 er
703 487 908 545 Quorueuerr
928 489 1076 537 scrnnrrn
1150 468 1209 553 887

129 651 224 738 logiae
238 653 340 738 possit
353 652 384 721 in
400 654 462 719 alio
478 662 582 733 statu,
600 673 719 737 nempe
730 654 898 734 beatifico,
914 655 1111 723 evidentiam
1130 654 1246 731 sortiri,

126 758 212 827 sicut
222 758 356 830 evidens
368 760 513 829 redditur
526 761 657 829 scientia
669 762 903 841 subalternata,
917 782 993 831 cum
1006 764 1182 832 addiscitur
1193 780 1249 831 su·

126 868 324 951 balternans;
336 888 412 936 nam
422 869 526 955 prima
537 868 689 955 principia
699 870 919 938 subalternata
929 871 1084 949 scientiae,
1094 888 1172 937 curn
1183 871 1249 937 sint

126 976 350 1043 conclusiones
366 977 633 1055 subalternantls,
650 978 818 1045 evidenter
830 979 986 1065 cognosci
1001 987 1171 1063 nequeunt
1187 977 1248 1045 nisi

126 1102 184 1167 per
202 1084 535 1162 demonstrationem,
555 1103 631 1170 quae
649 1104 667 1150 a
685 1085 818 1153 scientia
832 1086 1053 1154 subalternata
1073 1086 1183 1153 datur:
1207 1104 1247 1152 an

126 1208 204 1257 vero
214 1189 404 1278 Theologia,
420 1210 496 1277 quae
510 1194 542 1259 in
558 1194 655 1260 altera
671 1194 737 1261 vita
755 1194 953 1261 evidentiam
969 1193 1116 1261 habitura
1130 1201 1193 1270 est,
1207 1192 1249 1261 sit

126 1298 209 1365 alius
227 1298 356 1368 habitus
369 1300 541 1369 distinctus
556 1301 597 1367 ab
617 1304 712 1385 hujus
728 1310 848 1369 nostrae
861 1300 1050 1386 Theologiae
1063 1301 1190 1368 habitu.

193 1407 329 1483 Questio
343 1426 423 1494 ergo
434 1408 597 1493 proposita
610 1410 738 1475 videtur
752 1409 859 1493 potius
873 1426 945 1475 esse
958 1408 999 1475 de
1011 1408 1156 1485 nomine,
1171 1428 1247 1475 narn
1302 1420 1414 1479 empore·

127 1533 178 1580 res
195 1523 282 1581 certa
300 1527 363 1583 est.
385 1514 519 1583 Certum
538 1516 635 1584 estin
655 1516 768 1601 primis
783 1516 997 1602 Theologiam
1022 1524 1166 1582 nostram
1185 1517 1250 1583 dis·
1275 1504 1360 1613 Ἓξ

126 1622 288 1688 cursivam
303 1642 375 1691 esse
387 1644 423 1690 ac
433 1624 662 1699 certissimam,
676 1632 709 1689 et
722 1624 754 1689 in
775 1626 835 1689 hoc
850 1624 1003 1691 convenit
1016 1643 1092 1690 cum
1107 1622 1249 1691 scientiis

131 1730 295 1797 humanis.
314 1732 447 1798 Certum
463 1740 513 1798 est
527 1732 626 1799 etiarn
641 1734 726 1798 hunc
740 1741 890 1799 nostrum
904 1732 1051 1799 habitum
1064 1730 1250 1816 Theologiae

128 1838 303 1905 obscurum
323 1848 356 1905 et
379 1838 601 1907 inevidentem
626 1858 714 1905 esse:
743 1839 775 1904 in
806 1858 875 1922 quo
896 1840 1005 1906 diiiert
1034 1840 1076 1905 ab
1095 1840 1250 1908 omnibus

127 1944 270 2013 scientiis
288 1945 453 2013 humanis.
474 1944 622 2022 Quaestio
638 1965 717 2031 ergo
731 1954 800 2012 tota
815 1949 878 2012 huc
893 1958 1073 2022 revocatur,
1089 1966 1130 2013 an
1145 1947 1251 2013 Theo·

128 2052 230 2137 logia,
251 2053 327 2136 quia
344 2052 488 2139 cognitio
507 2064 594 2121 certa
612 2062 645 2120 et
665 2054 843 2122 discursive
871 2063 938 2131 est,
967 2054 1103 2122 scientia
1122 2054 1250 2139 proprie

128 2158 263 2226 dicenda
282 2160 338 2237 sit,
361 2179 479 2238 necne,
494 2160 567 2227 licet
582 2160 743 2227 evidentia
763 2170 881 2227 careat:
903 2181 978 2246 quae
991 2160 1131 2246 quaestio
1149 2163 1183 2228 in
1197 2161 1249 2227 illa

127 2268 347 2335 controversia
372 2268 560 2353 generaliori
587 2268 784 2344 continetur,
814 2277 925 2335 utrum
951 2269 991 2336 ad
1019 2269 1086 2335 veri
1105 2269 1250 2336 nominis

130 2375 295 2441 scientiam
311 2376 471 2442 evidentia
484 2374 678 2459 requiratur,
693 2394 733 2443 an
747 2392 826 2443 vero
839 2376 979 2445 sufficiat
996 2376 1156 2445 certitudo
1171 2395 1248 2443 cunr

130 2483 290 2560 discursu,
311 2482 404 2549 itaut
418 2504 496 2551 mox
510 2484 607 2550 dividi
626 2484 759 2551 scientia
776 2485 880 2569 possit
897 2484 931 2551 in
948 2485 1133 2551 evidentem
1152 2493 1250 2567 atque

130 2591 367 2667 inevidentem,
385 2593 468 2660 sicut
486 2592 581 2657 datur
600 2604 691 2659 actus
705 2602 813 2659 certus
833 2592 967 2659 evidens
987 2600 1020 2657 et
1035 2580 1126 2660 actus
1142 2602 1251 2658 certus

130 2698 315 2776 inevidens,
336 2699 618 2783 quemadmodum
642 2707 728 2784 patet
748 2718 788 2765 ex
807 2698 903 2767 dictis
921 2699 961 2766 de
979 2698 1182 2769 certitudine.

201 2805 282 2878 Quae
301 2808 535 2883 controversia,
557 2807 582 2873 si
602 2827 643 2873 ex
668 2808 858 2876 auctoritate
884 2807 1068 2892 Philosophi
1087 2815 1251 2902 veterum·

131 2933 196 2998 que
215 2914 497 2998 Peripateticorum
518 2915 695 2983 decidenda
726 2917 823 2991 ioret,
846 2915 1029 2981 facillimam
1053 2917 1249 2983 solutionem

132 3023 281 3098 haberet,
307 3003 428 3108 quippe
451 3021 507 3105 qui
528 3024 651 3088 nullam
671 3022 838 3088 scientiam
860 3034 1084 3107 agnoverunt,
1104 3041 1180 3107 quae
1197 3040 1252 3090 ca·

132 3139 215 3197 reret
243 3129 415 3199 evidentia.
446 3129 545 3214 idque
577 3130 719 3197 latentur
747 3131 844 3196 etiarn
881 3141 1029 3196 auctores
1060 3130 1251 3197 arbitrantes

131 3236 343 3322 Theologiam
361 3257 432 3304 esse
453 3254 562 3303 veram
582 3257 617 3302 ac
636 3237 798 3322 propriam
812 3237 995 3320 scientium
1013 3250 1124 3306 tamen
1136 3246 1252 3323 putant

132 3344 354 3421 Aristotelem,
369 3343 394 3411 si
410 3345 619 3430 cognovisset
633 3345 786 3430 principia
799 3343 888 3422 fidei,
903 3363 978 3428 quae
989 3345 1167 3413 certissime
1182 3365 1251 3413 cre-

132 3453 272 3527 duntur,
292 3451 443 3536 quamvis
461 3470 526 3518 non
547 3453 693 3538 fulgeant
708 3453 888 3538 evidentia,
906 3455 1016 3536 procul
1031 3452 1132 3521 dubio
1146 3455 1252 3521 Theo-

133 3561 253 3645 logiam
283 3571 441 3636 nostram,
467 3577 532 3626 non
562 3560 752 3644 opinionem
777 3569 832 3625 aut
853 3559 966 3635 tidem,
994 3562 1053 3626 sed
1081 3563 1251 3629 scientiam

133 3669 370 3751 appellaturum
405 3667 518 3734 luisse.
539 3667 650 3750 ltaque
678 3668 762 3733 sicut
794 3667 975 3733 admittitur
1000 3667 1158 3735 certitudo
1181 3669 1252 3756 sine

134 3775 313 3852 evidentia,
334 3775 486 3857 quamvis
504 3773 696 3842 Aristoteles
715 3776 838 3840 nullam
857 3776 957 3840 talem
976 3776 1146 3859 agnoverit
1159 3777 1252 3842 certi·

134 3881 301 3958 tudinem,
322 3880 364 3947 ita
379 3881 476 3948 etiam
491 3881 728 3948 admittendam
748 3899 819 3947 esse
833 3881 1001 3948 scientiam
1020 3882 1181 3950 evidentia
1200 3901 1252 3950 ca-

135 3997 281 4065 rentem,
302 4008 338 4054 ac
356 3990 454 4056 talem
473 4007 545 4054 esse
557 3988 783 4074 Theologiam.

1347 1496 1368 1540 io
1387 1496 1457 1550 magis

1368 1580 1427 1628 rope.

202 4095 420 4162 Nihilominus
434 4096 505 4161 dico
518 4094 728 4179 Theologiam
744 4114 808 4161 non
819 4096 919 4162 videri
933 4098 1058 4181 proprie
1071 4107 1104 4164 et
1117 4098 1252 4165 univoce
1306 4113 1428 4161 nmium

136 4202 319 4280 scientiam,
347 4204 405 4269 sed
436 4201 610 4287 improprie
638 4211 671 4267 et
701 4203 865 4287 analogice
898 4204 1080 4270 dumtaxat.
1110 4207 1154 4270 lta
1179 4225 1254 4272 sen·
1315 4201 1330 4245 ‘¹

136 4312 222 4377 tiunt
242 4311 313 4376 ΑΑ.
332 4309 418 4375 citati
443 4328 502 4395 pro
520 4310 662 4376 secunda
683 4309 843 4376 sententia
858 4321 891 4376 et
907 4320 1061 4395 praeterea
1075 4311 1253 4398 Gregorius

137 4419 179 4484 de
194 4415 341 4484 Valentia
355 4414 423 4505 (r),
444 4415 597 4499 Vazquez
622 4414 690 4504 (2),
712 4417 848 4484 Arrubal
867 4415 931 4506 (3),
952 4418 1071 4504 aliique
1093 4427 1143 4496 et,
1164 4421 1253 4505 quod

173 4581 213 4642 (r)
251 4575 283 4633 ln
301 4585 357 4632 ιδ’
371 4586 445 4647 part.
461 4573 530 4633 dist.
549 4596 572 4644 r,
588 4593 617 4646 q.
637 4595 660 4645 r,
677 4581 818 4649 punct.'3.

172 4664 213 4734 (al
250 4665 283 4723 in
300 4674 356 4721 ι.·ΙΙ
368 4677 480 4736 partem
494 4662 568 4736 disp.
583 4683 611 4736 4,
627 4683 689 4736 cap.
705 4664 733 4722 6.

173 4759 213 4826 (3)
252 4753 323 4812 ibid.
344 4753 418 4825 disp.
434 4774 459 4820 a,
476 4773 537 4825 cap.
553 4753 580 4812 6.

1331 4188 1415 4233 uario.
