3492 5525
535 487 591 554 140
724 469 846 534 Loutcrt
868 467 1119 532 Minoa-urse.
1146 481 1187 530 1.·
1208 466 1286 530 Cae.
1311 481 1382 529 aum

492 650 622 718 termini
646 667 712 716 non
736 660 830 724 sunt,
854 668 931 715 cum
948 666 1012 713 non
1036 647 1162 732 possint
1183 665 1255 712 esse
1278 646 1337 712 nisi
1352 657 1460 730 partes
1474 648 1614 734 subjecti

494 769 549 825 aut
565 757 728 843 praedicati
743 753 795 844 (t)
1550 828 1554 835 .

341 884 424 928 arnan
539 863 593 933 26.
642 865 802 930 Dividitur
826 864 975 929 secundo
998 863 1160 928 terminus
1184 860 1363 947 infinitum
1386 871 1419 927 et
1442 863 1612 949 infinitum.
1719 942 1720 949 ἵ

307 965 328 1001 ⁰¹
344 956 450 999 ⁵⁰⁶³⁵¹⁰⁵'
493 975 616 1039 Finitus
635 991 693 1038 seu
713 972 861 1037 imitatus
883 979 953 1045 est,
972 968 1028 1052 qui
1049 967 1172 1053 aliquid
1198 969 1416 1034 determinate
1433 969 1607 1054 significat,

494 1091 529 1147 ut
557 1082 662 1156 homo,
689 1079 781 1161 lapr's.
812 1077 978 1152 lnitnitus,
1000 1077 1056 1161 qui
1077 1077 1155 1143 nihil
1174 1077 1429 1142 determinatum
1446 1077 1614 1161 exprimit,

493 1190 565 1255 licet
588 1186 710 1270 aliquid
731 1183 986 1251 determinatum
1012 1192 1197 1260 removeat,
1223 1185 1314 1248 velut
1336 1203 1399 1249 non
1422 1184 1526 1261 bonta,
1551 1203 1616 1249 non
1719 1170 1720 1249 ἷ

492 1297 590 1378 lapis.
613 1294 650 1360 lli
672 1295 759 1360 enim
780 1292 910 1359 termini
935 1303 1107 1358 removent
1123 1291 1258 1374 quidem
1280 1291 1495 1357 determinate
1514 1310 1550 1358 ac
1571 1293 1617 1358 si·
1719 1308 1720 1343 1

492 1411 591 1489 gnate
607 1414 756 1468 naturam
771 1399 904 1465 hominis
922 1408 955 1464 et
973 1399 1108 1482 lapellt's,
1131 1400 1207 1465 nibil
1222 1410 1334 1464 tamen
1351 1385 1525 1484 designant
1541 1417 1617 1483 spe·

493 1510 571 1576 ciale
586 1507 649 1597 (2).
671 1509 845 1575 Terminus
856 1527 935 1592 ergo
949 1506 1129 1593 infinilalur
1148 1505 1281 1590 praesrxa
1295 1506 1451 1588 particula
1465 1525 1542 1584 non,
1559 1524 1617 1601 per

493 1636 593 1700 quam
610 1615 729 1694 desinit
740 1614 924 1699 significare
939 1613 1018 1678 illud
1033 1615 1123 1698 quod
1139 1613 1244 1697 prius,
1259 1623 1293 1679 et
1308 1621 1417 1696 potest
1430 1612 1616 1706 significare

493 1725 672 1810 quamlibet
695 1724 788 1787 aliam
815 1742 898 1798 rem,
923 1721 993 1787 sive
1015 1721 1132 1786 realem
1155 1722 1222 1786 sive
1237 1721 1473 1798 chimaericam,
1501 1731 1618 1805 praeter

493 1833 584 1900 illud.

325 1957 436 2002 nonnae
557 1939 647 2004 Circa
671 1941 753 2003 banc
777 1937 972 2002 divisionem
1000 1935 1102 2000 notari
1132 1943 1179 2000 t.⁰
1199 1937 1315 2012 debet,
1340 1955 1411 2002 esse
1440 1933 1619 2002 nonnullos

290 2029 467 2145 ὲεηιῖζζζζξηί
491 2049 667 2123 terminos,
685 2047 756 2111 illos
772 2063 892 2128 nempe
907 2044 962 2126 qui
977 2044 1245 2108 transcendentes
1258 2045 1410 2109 dicuntur
1429 2062 1487 2110 seu
1502 2045 1619 2128 praedi-

300 2172 455 2228 nequeunnn-
491 2154 611 2221 cabiles
631 2157 671 2220 de
689 2152 861 2234 omnibus,
885 2150 1037 2215 infinitari
1058 2168 1124 2215 non
1144 2168 1255 2233 posse.
1277 2150 1362 2226 Quia
1381 2151 1455 2218 licet
1469 2149 1619 2216 terminis

333 2243 422 2290 Μή·
492 2263 578 2329 hisce
594 2247 765 2346 praeponas
782 2261 969 2343 negativam
991 2259 1199 2342 particulam,
1219 2277 1285 2323 non
1306 2259 1378 2324 ideo
1392 2259 1543 2324 desinent
1558 2259 1618 2323 ali-

492 2371 570 2452 quid
585 2367 841 2435 determinatum
857 2363 1057 2450 significare:
1076 2383 1096 2429 n
1170 2384 1234 2429 non
1247 2384 1301 2430 ens
1317 2387 1350 2430 v.
1367 2387 1401 2450 g.
1419 2377 1451 2432 et
1469 2385 1531 2432 non
1550 2385 1614 2440 res,

492 2491 547 2543 aut
556 2475 757 2560 nonalrlpuid,
770 2475 858 2539 idern
870 2474 956 2538 valet
964 2491 999 2537 ac
1011 2383 1336 2561 nilttiiiaeterquam
1348 2473 1437 2556 quod
1449 2473 1618 2557 proprium

412 2641 424 2704 ἶ
493 2598 542 2652 est
558 2585 772 2650 terminorum
789 2580 1009 2655 infinitorum,
1026 2599 1067 2644 ex
1087 2578 1273 2645 Aristotelis
1292 2600 1329 2644 ac
1350 2582 1387 2647 S.
1405 2582 1541 2650 Thomae
1558 2583 1620 2646 do-

417 2740 423 2779 ,
492 2693 593 2758 ctrina
609 2688 673 2780 (3),
695 2699 731 2754 ut
747 2707 841 2773 aeque
862 2685 989 2771 possint
1006 2687 1169 2770 praedicari
1189 2688 1229 2751 de
1245 2699 1320 2752 ente
1335 2690 1426 2753 aede
1443 2707 1508 2753 non
1526 2698 1628 2781 ente,
1649 2658 1668 2758 ἶ

494 2820 559 2866 non
575 2801 662 2865 eninr
681 2798 790 2863 minus
805 2814 880 2863 vera
891 2804 940 2859 est
954 2796 1022 2859 baec
1034 2794 1230 2877 propositio:
1244 2796 1400 2861 Chimaera
1412 2801 1459 2861 est
1471 2816 1533 2862 non
1547 2778 1619 2873 aas,

493 2924 592 2991 quarn
612 2908 681 2971 haec
698 2904 772 2970 alia:
799 2904 904 2987 Equus
921 2905 969 2966 est
983 2920 1046 2965 non
1063 2886 1170 3011 laon&
1184 2900 1327 2967 Termini
1350 2921 1427 2968 vero
1449 2913 1622 2970 transcen-

493 3016 656 3091 demeres,
686 3014 713 3077 si
740 3010 907 3096 praefixam
932 3009 1073 3073 habeant
1097 3009 1289 3091 particulam
1316 3011 1522 3095 negativam,
1550 3030 1621 3077 non

495 3128 648 3207 poterunt
666 3122 734 3205 jam
750 3118 971 3184 indifferenter
985 3114 1046 3180 dici
1061 3114 1130 3180 sive
1144 3116 1186 3181 de
1201 3128 1278 3183 ente
1291 3118 1361 3182 sive
1376 3118 1418 3183 de
1440 3137 1506 3184 non
1526 3130 1622 3197 ente,

493 3230 551 3295 sed
565 3227 781 3293 determinate
794 3222 1028 3309 significabunt
1042 3241 1105 3287 non
1119 3242 1190 3299 ens,
1203 3242 1261 3289 seu
1276 3225 1369 3291 nibil.

303 3340 458 3399 annana
539 3336 593 3403 2.⁰
640 3332 716 3409 Quo
735 3332 831 3397 latius
853 3340 943 3414 patet
962 3328 1125 3395 terminus
1149 3331 1265 3414 aliquis
1282 3332 1418 3409 ¹finitus,
1443 3352 1484 3399 eo
1507 3334 1625 3402 minus
1721 3325 1722 3406 l

289 3428 375 3541 ‘sn‘ffi
386 3427 471 3541 ἓξὲξ
496 3442 617 3528 patebit
637 3439 723 3507 idem
743 3440 813 3523 ipse
831 3439 938 3503 iactus
956 3436 1119 3502 infinitus:
1137 3446 1170 3503 et
1186 3458 1393 3506 econverso.
1411 3434 1448 3506 Et
1469 3444 1548 3508 ratio
1567 3453 1627 3509 est
1721 3421 1722 3444 l

314 3570 453 3615 armeta„-
497 3552 682 3624 manifesta,
703 3547 780 3630 quia
797 3563 873 3612 cum
894 3544 1054 3611 terminus
1074 3544 1188 3611 finitus
1210 3553 1242 3610 et
1263 3547 1409 3613 infinitus
1428 3550 1624 3616 universam

335 3644 427 3687 '³⁰³⁰m·
496 3659 582 3723 entis
594 3668 626 3723 et
642 3674 708 3722 non
724 3654 808 3720 entis
822 3650 1051 3719 extensionem
1067 3654 1342 3736 complectantur,
1359 3674 1427 3738 quo
1447 3657 1550 3741 major
1569 3672 1629 3725 est

500 3848 764 3863 —.........-..-

532 3948 572 4009 (t)
611 3942 676 3999 ldeo
691 3939 769 3997 haud
786 3937 885 4007 inepte
899 3936 1036 3993 nonnulli
1056 3957 1123 3994 cum
1141 3937 1174 3994 P.
1193 3938 1341 4010 Compton
1357 3940 1443 4012 (disp.
1460 3961 1491 4011 2,
1502 3960 1575 4001 sect.
1593 3952 1632 4019 4)

496 4047 525 4090 et
541 4034 574 4090 P.
585 4032 737 4103 Sylvestro
750 4026 846 4085 Mauri
856 4026 1029 4093 (Summul.,
1041 4046 1104 4097 cap.
1116 4032 1144 4099 7)
1156 4028 1296 4086 terminos
1309 4032 1562 4103 categorematicos
1572 4036 1632 4093 lit-

498 4123 568 4181 teris
582 4122 740 4187 vocalibus,
763 4114 1074 4189 syncategorematicos
1088 4118 1224 4175 consonis
1238 4135 1418 4189 comparent.
1443 4120 1528 4181 Sicut
1540 4126 1630 4184 enim

497 4230 677 4271 consonasse
696 4208 765 4266 solis
780 4217 932 4276 nequeunt
952 4206 1095 4277 syllabam
1119 4206 1270 4275 conficere3
1289 4208 1329 4266 ita
1350 4230 1402 4267 nec
1420 4229 1636 4285 syncategore-

498 4301 593 4360 metici
610 4314 732 4371 possunt
746 4300 857 4367 absque
880 4295 1001 4352 alterius
1023 4294 1159 4365 pracsidio
1174 4297 1337 4367 subjectum
1356 4316 1408 4359 aut
1432 4302 1631 4371 predicatum

497 4390 683 4451 constituere.
694 4386 750 4445 Alii
770 4406 838 4443 vero
852 4386 889 4441 ob
898 4384 1028 4441 camdem
1043 4384 1186 4443 rationem
1201 4390 1510 4461 syncategorematicos
1520 4394 1633 4457 eodem

500 4482 585 4539 modo
596 4500 626 4537 se
637 4480 743 4535 habere
757 4475 860 4533 dicunt
874 4496 907 4531 ac
922 4494 990 4548 {ero
1003 4474 1034 4530 in
1058 4473 1283 4535 Mathematicis.

534 4575 574 4635 (a)
611 4567 686 4624 Vide
701 4566 733 4623 S.
748 4565 853 4621 Thom.
869 4563 900 4620 in
914 4563 965 4620 lib.
985 4574 1030 4618 1.¹
1044 4564 1218 4629 Perilrerm„
1234 4567 1298 4625 lect.
1313 4586 1342 4640 4,
1358 4588 1474 4642 paragr.
1489 4592 1514 4627 e.

535 4658 576 4731 (3)
613 4657 645 4715 S.
660 4657 715 4713 Th.
736 4666 774 4711 r.⁰
788 4656 952 4712 Perllerm.
969 4652 1020 4709 lec.
1036 4672 1072 4725 4,
1092 4674 1209 4727 paragr.
1224 4678 1249 4715 e.
1259 4656 1334 4714 Vide
1348 4656 1549 4731 Aristotelem,
1562 4665 1638 4721 Pe-

500 4749 619 4806 rilrerm.
634 4765 696 4818 cap.
714 4765 740 4801 2.
