<?xml version="1.0" encoding="UTF-8"?>
<!DOCTYPE html PUBLIC "-//W3C//DTD XHTML 1.0 Transitional//EN"
    "http://www.w3.org/TR/xhtml1/DTD/xhtml1-transitional.dtd">
<html xmlns="http://www.w3.org/1999/xhtml" xml:lang="en" lang="en">
 <head>
  <title>
</title>
<meta http-equiv="Content-Type" content="text/html;charset=utf-8" />
  <meta name='ocr-system' content='tesseract 3.04.00' />
  <meta name='ocr-capabilities' content='ocr_page ocr_carea ocr_par ocr_line ocrx_word'/>
</head>
<body>
  <div class='ocr_page' id='page_1' title='image "./institutionesph00urrgoog/institutionesph00urrgoog_0629.png"; bbox 0 0 3492 5525; ppageno 0'>
   <div class='ocr_carea' id='block_1_1' title="bbox 348 439 1376 531">
    <p class='ocr_par' dir='ltr' id='par_1_1' title="bbox 348 439 1376 531">
     <span class='ocr_line' id='line_1_1' title="bbox 348 439 1376 531; baseline -0.002 -20"><span class='ocrx_word' id='word_1_1' title='bbox 348 449 467 512; x_wconf 75' lang='lat' dir='ltr'><strong><em>Annae.</em></strong></span> <span class='ocrx_word' id='word_1_2' title='bbox 491 448 622 515; x_wconf 66' lang='lat' dir='ltr'><strong><em>aus-Dc</em></strong></span> <span class='ocrx_word' id='word_1_3' title='bbox 642 466 774 513; x_wconf 77' lang='lat' dir='ltr'><strong><em>vacum:</em></strong></span> <span class='ocrx_word' id='word_1_4' title='bbox 794 466 997 513; x_wconf 82' lang='lat' dir='ltr'><strong><em>rcsrrnonu.</em></strong></span> <span class='ocrx_word' id='word_1_5' title='bbox 1139 444 1203 531; x_wconf 79' lang='lat'><strong><em>609</em></strong></span> <span class='ocrx_word' id='word_1_6' title='bbox 1368 439 1376 460; x_wconf 86' lang='lat'><strong><em>‘</em></strong></span> 
     </span>
    </p>
   </div>
   <div class='ocr_carea' id='block_1_2' title="bbox 114 630 1445 4582">
    <p class='ocr_par' dir='ltr' id='par_1_2' title="bbox 116 630 1285 1367">
     <span class='ocr_line' id='line_1_2' title="bbox 117 630 1242 716; baseline -0.003 -19"><span class='ocrx_word' id='word_1_7' title='bbox 117 634 245 697; x_wconf 79' lang='lat' dir='ltr'>soleant</span> <span class='ocrx_word' id='word_1_8' title='bbox 261 632 482 699; x_wconf 82' lang='lat' dir='ltr'><strong>curiositatem</strong></span> <span class='ocrx_word' id='word_1_9' title='bbox 501 631 675 700; x_wconf 79' lang='lat' dir='ltr'><strong><em>nesciendi</em></strong></span> <span class='ocrx_word' id='word_1_10' title='bbox 694 630 1069 716; x_wconf 83' lang='lat' dir='ltr'><strong><em>desiderium‚quamve</em></strong></span> <span class='ocrx_word' id='word_1_11' title='bbox 1080 630 1242 714; x_wconf 82' lang='lat' dir='ltr'>inquirere</span> 
     </span>
     <span class='ocr_line' id='line_1_3' title="bbox 117 739 1285 839; baseline -0.003 -33"><span class='ocrx_word' id='word_1_12' title='bbox 117 740 237 807; x_wconf 87' lang='lat' dir='ltr'><strong><em>testem</em></strong></span> <span class='ocrx_word' id='word_1_13' title='bbox 264 739 405 806; x_wconf 88' lang='lat' dir='ltr'><strong><em>intersit:</em></strong></span> <span class='ocrx_word' id='word_1_14' title='bbox 426 742 478 806; x_wconf 87' lang='lat' dir='ltr'><strong><em>vet</em></strong></span> <span class='ocrx_word' id='word_1_15' title='bbox 507 740 649 824; x_wconf 90' lang='lat' dir='ltr'><strong><em>denique</em></strong></span> <span class='ocrx_word' id='word_1_16' title='bbox 668 739 694 805; x_wconf 90' lang='lat' dir='ltr'><strong><em>si</em></strong></span> <span class='ocrx_word' id='word_1_17' title='bbox 714 739 844 806; x_wconf 85' lang='lat' dir='ltr'>aliunde</span> <span class='ocrx_word' id='word_1_18' title='bbox 866 747 1101 825; x_wconf 79' lang='lat' dir='ltr'><strong><em>cognoscatur,</em></strong></span> <span class='ocrx_word' id='word_1_19' title='bbox 1122 746 1241 805; x_wconf 85' lang='lat' dir='ltr'><strong><em>testem</em></strong></span> <span class='ocrx_word' id='word_1_20' title='bbox 1278 825 1285 839; x_wconf 57' lang='lat'><strong><em>,</em></strong></span> 
     </span>
     <span class='ocr_line' id='line_1_4' title="bbox 118 845 1243 933; baseline 0 -22"><span class='ocrx_word' id='word_1_21' title='bbox 118 864 193 912; x_wconf 88' lang='lat' dir='ltr'><strong><em>esse</em></strong></span> <span class='ocrx_word' id='word_1_22' title='bbox 217 846 443 933; x_wconf 80' lang='lat' dir='ltr'><strong><em>ingeniosum,</em></strong></span> <span class='ocrx_word' id='word_1_23' title='bbox 469 866 637 933; x_wconf 82' lang='lat' dir='ltr'>sagacem,</span> <span class='ocrx_word' id='word_1_24' title='bbox 661 845 853 933; x_wconf 85' lang='lat' dir='ltr'>diligentem</span> <span class='ocrx_word' id='word_1_25' title='bbox 873 846 1139 930; x_wconf 89' lang='lat' dir='ltr'><strong><em>studiosumque.</em></strong></span> <span class='ocrx_word' id='word_1_26' title='bbox 1157 845 1243 911; x_wconf 87' lang='lat' dir='ltr'><strong><em>iniis</em></strong></span> 
     </span>
     <span class='ocr_line' id='line_1_5' title="bbox 117 938 1244 1040; baseline 0 -22"><span class='ocrx_word' id='word_1_27' title='bbox 117 953 207 1019; x_wconf 90' lang='lat' dir='ltr'><strong><em>enim</em></strong></span> <span class='ocrx_word' id='word_1_28' title='bbox 226 938 386 1040; x_wconf 87' lang='lat' dir='ltr'><strong><em>adjunctis</em></strong></span> <span class='ocrx_word' id='word_1_29' title='bbox 403 956 512 1021; x_wconf 88' lang='lat' dir='ltr'><strong><em>valere</em></strong></span> <span class='ocrx_word' id='word_1_30' title='bbox 529 955 628 1021; x_wconf 89' lang='lat' dir='ltr'><strong><em>debet</em></strong></span> <span class='ocrx_word' id='word_1_31' title='bbox 639 955 692 1020; x_wconf 90' lang='lat' dir='ltr'><strong><em>illa</em></strong></span> <span class='ocrx_word' id='word_1_32' title='bbox 707 954 804 1021; x_wconf 86' lang='lat' dir='ltr'><strong><em>Tullii</em></strong></span> <span class='ocrx_word' id='word_1_33' title='bbox 818 955 996 1021; x_wconf 87' lang='lat' dir='ltr'><strong><em>sententia:</em></strong></span> <span class='ocrx_word' id='word_1_34' title='bbox 1013 954 1131 1022; x_wconf 80' lang='lat' dir='ltr'><strong><em>Omnes</em></strong></span> <span class='ocrx_word' id='word_1_35' title='bbox 1144 952 1244 1019; x_wconf 81' lang='lat' dir='ltr'><strong><em>trabi-</em></strong></span> 
     </span>
     <span class='ocr_line' id='line_1_6' title="bbox 117 1060 1242 1146; baseline 0 -21"><span class='ocrx_word' id='word_1_36' title='bbox 117 1079 191 1126; x_wconf 82' lang='lat' dir='ltr'><strong><em>mur</em></strong></span> <span class='ocrx_word' id='word_1_37' title='bbox 209 1065 242 1127; x_wconf 84' lang='lat' dir='ltr'><strong><em>et</em></strong></span> <span class='ocrx_word' id='word_1_38' title='bbox 259 1062 406 1128; x_wconf 75' lang='lat' dir='ltr'><em>ducimur</em></span> <span class='ocrx_word' id='word_1_39' title='bbox 428 1064 472 1128; x_wconf 84' lang='lat' dir='ltr'><strong><em>od</em></strong></span> <span class='ocrx_word' id='word_1_40' title='bbox 486 1062 674 1146; x_wconf 76' lang='lat' dir='ltr'><strong><em>cognitionis</em></strong></span> <span class='ocrx_word' id='word_1_41' title='bbox 689 1066 722 1127; x_wconf 83' lang='lat' dir='ltr'><strong><em>ct</em></strong></span> <span class='ocrx_word' id='word_1_42' title='bbox 738 1061 876 1129; x_wconf 74' lang='lat' dir='ltr'><strong><em>scicntia</em></strong></span> <span class='ocrx_word' id='word_1_43' title='bbox 893 1060 1163 1144; x_wconf 64' lang='lat' dir='ltr'><strong><em>cupiditatumve</em></strong></span> <span class='ocrx_word' id='word_1_44' title='bbox 1179 1076 1242 1145; x_wconf 83' lang='lat' dir='ltr'><strong><em>qua</em></strong></span> 
     </span>
     <span class='ocr_line' id='line_1_7' title="bbox 116 1166 1240 1253; baseline -0.001 -20"><span class='ocrx_word' id='word_1_45' title='bbox 116 1170 264 1234; x_wconf 81' lang='lat' dir='ltr'><strong><em>excellere</em></strong></span> <span class='ocrx_word' id='word_1_46' title='bbox 275 1169 443 1251; x_wconf 74' lang='lat' dir='ltr'><strong><em>pulchrum</em></strong></span> <span class='ocrx_word' id='word_1_47' title='bbox 455 1172 622 1253; x_wconf 67' lang='lat' dir='ltr'><strong><em>pommus:</em></strong></span> <span class='ocrx_word' id='word_1_48' title='bbox 637 1169 702 1235; x_wconf 83' lang='lat' dir='ltr'><strong><em>tobi</em></strong></span> <span class='ocrx_word' id='word_1_49' title='bbox 715 1172 829 1247; x_wconf 76' lang='lat' dir='ltr'><strong><em>ouum,</em></strong></span> <span class='ocrx_word' id='word_1_50' title='bbox 844 1186 965 1253; x_wconf 76' lang='lat' dir='ltr'><strong><em>errore,</em></strong></span> <span class='ocrx_word' id='word_1_51' title='bbox 980 1168 1112 1246; x_wconf 78' lang='lat' dir='ltr'><strong><em>nescire,</em></strong></span> <span class='ocrx_word' id='word_1_52' title='bbox 1127 1166 1240 1250; x_wconf 73' lang='lat' dir='ltr'><strong><em>decepi,</em></strong></span> 
     </span>
     <span class='ocr_line' id='line_1_8' title="bbox 116 1274 659 1367; baseline 0.013 -27"><span class='ocrx_word' id='word_1_53' title='bbox 116 1279 275 1343; x_wconf 76' lang='lat' dir='ltr'><strong><em>etmalum</em></strong></span> <span class='ocrx_word' id='word_1_54' title='bbox 291 1282 323 1343; x_wconf 82' lang='lat' dir='ltr'><strong><em>et</em></strong></span> <span class='ocrx_word' id='word_1_55' title='bbox 335 1280 423 1361; x_wconf 77' lang='lat' dir='ltr'><strong><em>turpe</em></strong></span> <span class='ocrx_word' id='word_1_56' title='bbox 433 1278 578 1344; x_wconf 83' lang='lat' dir='ltr'><strong><em>ducimus</em></strong></span> <span class='ocrx_word' id='word_1_57' title='bbox 595 1274 659 1367; x_wconf 86' lang='lat' dir='ltr'><strong><em>(r).</em></strong></span> 
     </span>
    </p>

    <p class='ocr_par' dir='ltr' id='par_1_3' title="bbox 116 1384 1244 2332">
     <span class='ocr_line' id='line_1_9' title="bbox 164 1384 1241 1472; baseline -0.002 -21"><span class='ocrx_word' id='word_1_58' title='bbox 164 1392 214 1471; x_wconf 60' lang='lat'><strong><em>3?</em></strong></span> <span class='ocrx_word' id='word_1_59' title='bbox 259 1384 373 1472; x_wconf 82' lang='lat' dir='ltr'><strong><em>Colligi</em></strong></span> <span class='ocrx_word' id='word_1_60' title='bbox 398 1393 507 1471; x_wconf 89' lang='lat' dir='ltr'><strong><em>potest</em></strong></span> <span class='ocrx_word' id='word_1_61' title='bbox 533 1388 709 1471; x_wconf 86' lang='lat' dir='ltr'>prudenter</span> <span class='ocrx_word' id='word_1_62' title='bbox 737 1384 872 1453; x_wconf 90' lang='lat' dir='ltr'><strong><em>scientia</em></strong></span> <span class='ocrx_word' id='word_1_63' title='bbox 897 1386 1008 1462; x_wconf 87' lang='lat' dir='ltr'><strong><em>testis,</em></strong></span> <span class='ocrx_word' id='word_1_64' title='bbox 1031 1384 1241 1469; x_wconf 87' lang='lat' dir='ltr'><strong><em>potissimum</em></strong></span> 
     </span>
     <span class='ocr_line' id='line_1_10' title="bbox 117 1492 1243 1579; baseline 0.002 -24"><span class='ocrx_word' id='word_1_65' title='bbox 117 1492 154 1556; x_wconf 94' lang='lat' dir='ltr'><strong><em>in</em></strong></span> <span class='ocrx_word' id='word_1_66' title='bbox 171 1492 359 1559; x_wconf 89' lang='lat' dir='ltr'><strong><em>testimonio</em></strong></span> <span class='ocrx_word' id='word_1_67' title='bbox 374 1493 577 1579; x_wconf 86' lang='lat' dir='ltr'><strong><em>dogmatico,</em></strong></span> <span class='ocrx_word' id='word_1_68' title='bbox 591 1512 632 1560; x_wconf 93' lang='lat' dir='ltr'><strong><em>ex</em></strong></span> <span class='ocrx_word' id='word_1_69' title='bbox 646 1494 792 1578; x_wconf 81' lang='lat' dir='ltr'><strong><em>pluribus</em></strong></span> <span class='ocrx_word' id='word_1_70' title='bbox 805 1494 908 1579; x_wconf 82' lang='lat' dir='ltr'><strong><em>signis</em></strong></span> <span class='ocrx_word' id='word_1_71' title='bbox 917 1492 1122 1569; x_wconf 79' lang='lat' dir='ltr'><strong><em>extrinsecis,</em></strong></span> <span class='ocrx_word' id='word_1_72' title='bbox 1134 1492 1243 1576; x_wconf 83' lang='lat' dir='ltr'><strong><em>qualia</em></strong></span> 
     </span>
     <span class='ocr_line' id='line_1_11' title="bbox 117 1598 1243 1691; baseline 0 -26"><span class='ocrx_word' id='word_1_73' title='bbox 117 1608 213 1691; x_wconf 89' lang='lat' dir='ltr'><strong><em>sunt:</em></strong></span> <span class='ocrx_word' id='word_1_74' title='bbox 234 1598 269 1688; x_wconf 82' lang='lat' dir='ltr'><strong><em>a)</em></strong></span> <span class='ocrx_word' id='word_1_75' title='bbox 295 1600 381 1667; x_wconf 88' lang='lat' dir='ltr'><strong><em>tituli</em></strong></span> <span class='ocrx_word' id='word_1_76' title='bbox 409 1602 583 1668; x_wconf 87' lang='lat' dir='ltr'><strong><em>academici</em></strong></span> <span class='ocrx_word' id='word_1_77' title='bbox 612 1620 648 1667; x_wconf 89' lang='lat' dir='ltr'><strong><em>ac</em></strong></span> <span class='ocrx_word' id='word_1_78' title='bbox 678 1602 873 1687; x_wconf 82' lang='lat' dir='ltr'>diplomata,</span> <span class='ocrx_word' id='word_1_79' title='bbox 895 1601 956 1669; x_wconf 90' lang='lat' dir='ltr'><strong><em>nisi</em></strong></span> <span class='ocrx_word' id='word_1_80' title='bbox 982 1604 1064 1667; x_wconf 86' lang='lat' dir='ltr'><strong><em>torte</em></strong></span> <span class='ocrx_word' id='word_1_81' title='bbox 1091 1601 1243 1685; x_wconf 90' lang='lat' dir='ltr'><strong><em>adjuncta</em></strong></span> 
     </span>
     <span class='ocr_line' id='line_1_12' title="bbox 117 1698 1244 1803; baseline 0.001 -31"><span class='ocrx_word' id='word_1_82' title='bbox 117 1715 323 1803; x_wconf 83' lang='lat' dir='ltr'><strong><em>temporum,</em></strong></span> <span class='ocrx_word' id='word_1_83' title='bbox 343 1698 491 1781; x_wconf 87' lang='lat' dir='ltr'><strong><em>locorum</em></strong></span> <span class='ocrx_word' id='word_1_84' title='bbox 507 1718 563 1774; x_wconf 91' lang='lat' dir='ltr'><strong><em>aut</em></strong></span> <span class='ocrx_word' id='word_1_85' title='bbox 576 1698 788 1793; x_wconf 88' lang='lat' dir='ltr'><strong><em>personarum</em></strong></span> <span class='ocrx_word' id='word_1_86' title='bbox 802 1708 938 1775; x_wconf 91' lang='lat' dir='ltr'><strong><em>dubiam</em></strong></span> <span class='ocrx_word' id='word_1_87' title='bbox 947 1707 1154 1775; x_wconf 83' lang='lat' dir='ltr'><strong><em>‘reddiderint</em></strong></span> <span class='ocrx_word' id='word_1_88' title='bbox 1172 1706 1244 1773; x_wconf 86' lang='lat' dir='ltr'><strong><em>iilo-</em></strong></span> 
     </span>
     <span class='ocr_line' id='line_1_13' title="bbox 118 1814 1241 1904; baseline 0 -25"><span class='ocrx_word' id='word_1_89' title='bbox 118 1832 192 1881; x_wconf 91' lang='lat' dir='ltr'><strong><em>rum</em></strong></span> <span class='ocrx_word' id='word_1_90' title='bbox 205 1814 499 1883; x_wconf 84' lang='lat' dir='ltr'><strong><em>instrumentorum</em></strong></span> <span class='ocrx_word' id='word_1_91' title='bbox 512 1816 625 1883; x_wconf 81' lang='lat' dir='ltr'><strong><em>fidem:</em></strong></span> <span class='ocrx_word' id='word_1_92' title='bbox 641 1816 677 1904; x_wconf 85' lang='grc' dir='ltr'><strong><em>β)</em></strong></span> <span class='ocrx_word' id='word_1_93' title='bbox 688 1815 794 1883; x_wconf 79' lang='lat' dir='ltr'><strong><em>officia</em></strong></span> <span class='ocrx_word' id='word_1_94' title='bbox 808 1816 935 1903; x_wconf 91' lang='lat' dir='ltr'><strong><em>publica</em></strong></span> <span class='ocrx_word' id='word_1_95' title='bbox 948 1815 1086 1883; x_wconf 90' lang='lat' dir='ltr'><strong><em>docendi</em></strong></span> <span class='ocrx_word' id='word_1_96' title='bbox 1098 1825 1156 1881; x_wconf 90' lang='lat' dir='ltr'><strong><em>aut</em></strong></span> <span class='ocrx_word' id='word_1_97' title='bbox 1169 1815 1241 1891; x_wconf 88' lang='lat' dir='ltr'><strong><em>alia,</em></strong></span> 
     </span>
     <span class='ocr_line' id='line_1_14' title="bbox 116 1922 1244 2009; baseline 0.002 -22"><span class='ocrx_word' id='word_1_98' title='bbox 116 1941 192 2005; x_wconf 83' lang='lat' dir='ltr'><strong><em>quae</em></strong></span> <span class='ocrx_word' id='word_1_99' title='bbox 205 1922 384 1989; x_wconf 78' lang='lat' dir='ltr'><strong><em>doctrinam</em></strong></span> <span class='ocrx_word' id='word_1_100' title='bbox 399 1924 579 2007; x_wconf 88' lang='lat' dir='ltr'><strong><em>requirant,</em></strong></span> <span class='ocrx_word' id='word_1_101' title='bbox 597 1924 776 2009; x_wconf 87' lang='lat' dir='ltr'><strong><em>praesertim</em></strong></span> <span class='ocrx_word' id='word_1_102' title='bbox 792 1925 818 1991; x_wconf 90' lang='lat' dir='ltr'><strong><em>si</em></strong></span> <span class='ocrx_word' id='word_1_103' title='bbox 835 1923 910 2008; x_wconf 89' lang='lat' dir='ltr'><strong><em>quis</em></strong></span> <span class='ocrx_word' id='word_1_104' title='bbox 923 1943 962 1989; x_wconf 87' lang='lat' dir='ltr'><strong><em>ea</em></strong></span> <span class='ocrx_word' id='word_1_105' title='bbox 976 1925 1074 1991; x_wconf 90' lang='lat' dir='ltr'><strong><em>obeat</em></strong></span> <span class='ocrx_word' id='word_1_106' title='bbox 1088 1925 1139 1990; x_wconf 87' lang='lat' dir='ltr'><strong><em>vei</em></strong></span> <span class='ocrx_word' id='word_1_107' title='bbox 1155 1923 1244 1989; x_wconf 88' lang='lat' dir='ltr'><strong><em>obie-</em></strong></span> 
     </span>
     <span class='ocr_line' id='line_1_15' title="bbox 117 2029 1244 2124; baseline 0.003 -31"><span class='ocrx_word' id='word_1_108' title='bbox 117 2030 158 2093; x_wconf 85' lang='lat' dir='ltr'><strong><em>rit</em></strong></span> <span class='ocrx_word' id='word_1_109' title='bbox 172 2047 249 2096; x_wconf 90' lang='lat' dir='ltr'><strong><em>cum</em></strong></span> <span class='ocrx_word' id='word_1_110' title='bbox 265 2029 495 2099; x_wconf 80' lang='lat' dir='ltr'><strong><em>satisfactione:</em></strong></span> <span class='ocrx_word' id='word_1_111' title='bbox 512 2029 548 2124; x_wconf 84' lang='grc' dir='ltr'><strong><em>γ)</em></strong></span> <span class='ocrx_word' id='word_1_112' title='bbox 561 2032 631 2098; x_wconf 90' lang='lat' dir='ltr'><strong><em>libri</em></strong></span> <span class='ocrx_word' id='word_1_113' title='bbox 648 2032 756 2116; x_wconf 90' lang='lat' dir='ltr'><strong><em>scripti</em></strong></span> <span class='ocrx_word' id='word_1_114' title='bbox 771 2034 812 2100; x_wconf 91' lang='lat' dir='ltr'><strong><em>de</em></strong></span> <span class='ocrx_word' id='word_1_115' title='bbox 827 2050 861 2098; x_wconf 88' lang='lat' dir='ltr'><strong><em>re</em></strong></span> <span class='ocrx_word' id='word_1_116' title='bbox 876 2033 941 2110; x_wconf 89' lang='lat' dir='ltr'><strong><em>illa,</em></strong></span> <span class='ocrx_word' id='word_1_117' title='bbox 958 2032 1040 2099; x_wconf 89' lang='lat' dir='ltr'><strong><em>circa</em></strong></span> <span class='ocrx_word' id='word_1_118' title='bbox 1054 2049 1155 2115; x_wconf 90' lang='lat' dir='ltr'><strong><em>quarn</em></strong></span> <span class='ocrx_word' id='word_1_119' title='bbox 1171 2051 1244 2099; x_wconf 88' lang='lat' dir='ltr'><strong><em>ver-</em></strong></span> 
     </span>
     <span class='ocr_line' id='line_1_16' title="bbox 116 2135 1244 2225; baseline 0.002 -22"><span class='ocrx_word' id='word_1_120' title='bbox 116 2145 209 2203; x_wconf 88' lang='lat' dir='ltr'><strong><em>satur</em></strong></span> <span class='ocrx_word' id='word_1_121' title='bbox 224 2138 463 2205; x_wconf 88' lang='lat' dir='ltr'><strong><em>testimonium:</em></strong></span> <span class='ocrx_word' id='word_1_122' title='bbox 479 2135 511 2225; x_wconf 83' lang='grc' dir='ltr'><strong><em>δ)</em></strong></span> <span class='ocrx_word' id='word_1_123' title='bbox 526 2140 656 2224; x_wconf 86' lang='lat' dir='ltr'><strong><em>publica</em></strong></span> <span class='ocrx_word' id='word_1_124' title='bbox 669 2141 762 2207; x_wconf 84' lang='lat' dir='ltr'><strong><em>testis</em></strong></span> <span class='ocrx_word' id='word_1_125' title='bbox 776 2138 973 2207; x_wconf 84' lang='lat' dir='ltr'><strong><em>existimatio</em></strong></span> <span class='ocrx_word' id='word_1_126' title='bbox 988 2149 1021 2205; x_wconf 88' lang='lat' dir='ltr'><strong><em>et</em></strong></span> <span class='ocrx_word' id='word_1_127' title='bbox 1033 2142 1118 2206; x_wconf 88' lang='lat' dir='ltr'><strong><em>tama</em></strong></span> <span class='ocrx_word' id='word_1_128' title='bbox 1129 2140 1244 2206; x_wconf 87' lang='lat' dir='ltr'><strong><em>doctri·</em></strong></span> 
     </span>
     <span class='ocr_line' id='line_1_17' title="bbox 118 2246 1239 2332; baseline 0.004 -23"><span class='ocrx_word' id='word_1_129' title='bbox 118 2263 186 2323; x_wconf 87' lang='lat' dir='ltr'><strong><em>nae,</em></strong></span> <span class='ocrx_word' id='word_1_130' title='bbox 214 2264 289 2328; x_wconf 87' lang='lat' dir='ltr'><strong><em>quae</em></strong></span> <span class='ocrx_word' id='word_1_131' title='bbox 316 2248 403 2331; x_wconf 91' lang='lat' dir='ltr'><strong><em>apud</em></strong></span> <span class='ocrx_word' id='word_1_132' title='bbox 426 2246 541 2313; x_wconf 91' lang='lat' dir='ltr'><strong><em>doctos</em></strong></span> <span class='ocrx_word' id='word_1_133' title='bbox 565 2250 715 2315; x_wconf 87' lang='lat' dir='ltr'><strong><em>homines</em></strong></span> <span class='ocrx_word' id='word_1_134' title='bbox 740 2249 985 2331; x_wconf 85' lang='lat' dir='ltr'><strong><em>prudentesque</em></strong></span> <span class='ocrx_word' id='word_1_135' title='bbox 1008 2248 1239 2332; x_wconf 85' lang='lat' dir='ltr'><strong><em>percrebescat.</em></strong></span> 
     </span>
    </p>

    <p class='ocr_par' dir='ltr' id='par_1_4' title="bbox 116 2351 1247 2854">
     <span class='ocr_line' id='line_1_18' title="bbox 163 2351 1247 2450; baseline 0.004 -33"><span class='ocrx_word' id='word_1_136' title='bbox 163 2351 217 2433; x_wconf 88' lang='lat'><strong><em>4.⁰</em></strong></span> <span class='ocrx_word' id='word_1_137' title='bbox 265 2352 428 2437; x_wconf 89' lang='lat' dir='ltr'><strong><em>Denique,</em></strong></span> <span class='ocrx_word' id='word_1_138' title='bbox 451 2363 488 2420; x_wconf 92' lang='lat' dir='ltr'><strong><em>ut</em></strong></span> <span class='ocrx_word' id='word_1_139' title='bbox 506 2356 567 2420; x_wconf 88' lang='lat' dir='ltr'><strong><em>alia</em></strong></span> <span class='ocrx_word' id='word_1_140' title='bbox 586 2374 673 2421; x_wconf 91' lang='lat' dir='ltr'><strong><em>nunc</em></strong></span> <span class='ocrx_word' id='word_1_141' title='bbox 691 2354 860 2433; x_wconf 90' lang='lat' dir='ltr'><strong><em>omittam,</em></strong></span> <span class='ocrx_word' id='word_1_142' title='bbox 888 2374 976 2439; x_wconf 87' lang='lat' dir='ltr'><strong><em>saepe</em></strong></span> <span class='ocrx_word' id='word_1_143' title='bbox 994 2356 1064 2440; x_wconf 87' lang='lat' dir='ltr'><strong><em>ipsa</em></strong></span> <span class='ocrx_word' id='word_1_144' title='bbox 1086 2357 1247 2450; x_wconf 84' lang='lat' dir='ltr'><strong><em>veracitas¹</em></strong></span> 
     </span>
     <span class='ocr_line' id='line_1_19' title="bbox 116 2458 1243 2550; baseline 0.003 -24"><span class='ocrx_word' id='word_1_145' title='bbox 116 2458 226 2536; x_wconf 91' lang='lat' dir='ltr'><strong><em>testis,</em></strong></span> <span class='ocrx_word' id='word_1_146' title='bbox 252 2461 278 2527; x_wconf 92' lang='lat' dir='ltr'><strong><em>si</em></strong></span> <span class='ocrx_word' id='word_1_147' title='bbox 307 2461 384 2529; x_wconf 90' lang='lat' dir='ltr'><strong><em>satis</em></strong></span> <span class='ocrx_word' id='word_1_148' title='bbox 401 2462 596 2538; x_wconf 90' lang='lat' dir='ltr'><strong><em>innotescat,</em></strong></span> <span class='ocrx_word' id='word_1_149' title='bbox 624 2465 773 2550; x_wconf 89' lang='lat' dir='ltr'><strong><em>ejusdem</em></strong></span> <span class='ocrx_word' id='word_1_150' title='bbox 798 2481 932 2549; x_wconf 88' lang='lat' dir='ltr'><strong><em>quoque</em></strong></span> <span class='ocrx_word' id='word_1_151' title='bbox 959 2463 1126 2529; x_wconf 87' lang='lat' dir='ltr'><strong><em>scientiam</em></strong></span> <span class='ocrx_word' id='word_1_152' title='bbox 1156 2462 1243 2529; x_wconf 86' lang='lat' dir='ltr'><strong><em>baud</em></strong></span> 
     </span>
     <span class='ocr_line' id='line_1_20' title="bbox 117 2568 1244 2655; baseline 0.004 -23"><span class='ocrx_word' id='word_1_153' title='bbox 117 2568 231 2633; x_wconf 89' lang='lat' dir='ltr'><strong><em>leviter</em></strong></span> <span class='ocrx_word' id='word_1_154' title='bbox 249 2568 434 2635; x_wconf 83' lang='lat' dir='ltr'><strong><em>confirmat.</em></strong></span> <span class='ocrx_word' id='word_1_155' title='bbox 451 2568 582 2636; x_wconf 88' lang='lat' dir='ltr'><strong><em>Testem</em></strong></span> <span class='ocrx_word' id='word_1_156' title='bbox 602 2572 689 2636; x_wconf 89' lang='lat' dir='ltr'><strong><em>enirn</em></strong></span> <span class='ocrx_word' id='word_1_157' title='bbox 714 2570 860 2655; x_wconf 89' lang='lat' dir='ltr'><strong><em>apprime</em></strong></span> <span class='ocrx_word' id='word_1_158' title='bbox 888 2590 1035 2637; x_wconf 88' lang='lat' dir='ltr'><strong><em>veracem</em></strong></span> <span class='ocrx_word' id='word_1_159' title='bbox 1055 2570 1244 2637; x_wconf 89' lang='lat' dir='ltr'><strong><em>existiman·</em></strong></span> 
     </span>
     <span class='ocr_line' id='line_1_21' title="bbox 116 2674 1240 2766; baseline 0.004 -27"><span class='ocrx_word' id='word_1_160' title='bbox 116 2674 197 2739; x_wconf 94' lang='lat' dir='ltr'><strong><em>dum</em></strong></span> <span class='ocrx_word' id='word_1_161' title='bbox 219 2685 366 2755; x_wconf 91' lang='lat' dir='ltr'><strong><em>nonest,</em></strong></span> <span class='ocrx_word' id='word_1_162' title='bbox 384 2696 452 2742; x_wconf 88' lang='lat' dir='ltr'><strong><em>rem</em></strong></span> <span class='ocrx_word' id='word_1_163' title='bbox 473 2678 607 2766; x_wconf 87' lang='lat' dir='ltr'><strong><em>alicujus</em></strong></span> <span class='ocrx_word' id='word_1_164' title='bbox 622 2678 799 2756; x_wconf 90' lang='lat' dir='ltr'><strong><em>momenti,</em></strong></span> <span class='ocrx_word' id='word_1_165' title='bbox 821 2698 920 2764; x_wconf 89' lang='lat' dir='ltr'><strong><em>quam</em></strong></span> <span class='ocrx_word' id='word_1_166' title='bbox 940 2679 1018 2745; x_wconf 89' lang='lat' dir='ltr'><strong><em>satis</em></strong></span> <span class='ocrx_word' id='word_1_167' title='bbox 1036 2688 1240 2765; x_wconf 89' lang='lat' dir='ltr'><strong><em>perspectam</em></strong></span> 
     </span>
     <span class='ocr_line' id='line_1_22' title="bbox 117 2785 949 2864; baseline 0.005 -16"><span class='ocrx_word' id='word_1_168' title='bbox 117 2803 185 2850; x_wconf 91' lang='lat' dir='ltr'><strong><em>non</em></strong></span> <span class='ocrx_word' id='word_1_169' title='bbox 198 2785 367 2864; x_wconf 85' lang='lat' dir='ltr'><strong><em>habuerit,</em></strong></span> <span class='ocrx_word' id='word_1_170' title='bbox 388 2796 578 2853; x_wconf 88' lang='lat' dir='ltr'><strong><em>constanter</em></strong></span> <span class='ocrx_word' id='word_1_171' title='bbox 589 2807 774 2854; x_wconf 89' lang='lat' dir='ltr'><strong><em>asseverare</em></strong></span> <span class='ocrx_word' id='word_1_172' title='bbox 793 2787 949 2854; x_wconf 86' lang='lat' dir='ltr'><strong><em>voluisse.</em></strong></span> 
     </span>
    </p>

    <p class='ocr_par' dir='ltr' id='par_1_5' title="bbox 117 2892 1242 3084">
     <span class='ocr_line' id='line_1_23' title="bbox 186 2892 1242 2980; baseline 0.003 -23"><span class='ocrx_word' id='word_1_173' title='bbox 186 2892 218 2958; x_wconf 88' lang='lat' dir='ltr'><strong><em>tn</em></strong></span> <span class='ocrx_word' id='word_1_174' title='bbox 238 2893 288 2959; x_wconf 89' lang='lat' dir='ltr'><strong><em>his</em></strong></span> <span class='ocrx_word' id='word_1_175' title='bbox 307 2894 441 2978; x_wconf 88' lang='lat' dir='ltr'><strong><em>aliisque</em></strong></span> <span class='ocrx_word' id='word_1_176' title='bbox 464 2895 624 2980; x_wconf 89' lang='lat' dir='ltr'><strong><em>adjunctis</em></strong></span> <span class='ocrx_word' id='word_1_177' title='bbox 638 2895 799 2963; x_wconf 90' lang='lat' dir='ltr'><strong><em>similibus</em></strong></span> <span class='ocrx_word' id='word_1_178' title='bbox 814 2897 925 2979; x_wconf 90' lang='lat' dir='ltr'><strong><em>procul</em></strong></span> <span class='ocrx_word' id='word_1_179' title='bbox 945 2896 1046 2962; x_wconf 91' lang='lat' dir='ltr'><strong><em>dubio</em></strong></span> <span class='ocrx_word' id='word_1_180' title='bbox 1066 2896 1242 2978; x_wconf 90' lang='lat' dir='ltr'><strong><em>prudenter</em></strong></span> 
     </span>
     <span class='ocr_line' id='line_1_24' title="bbox 117 2999 951 3084; baseline 0.007 -20"><span class='ocrx_word' id='word_1_181' title='bbox 117 2999 328 3084; x_wconf 81' lang='lat' dir='ltr'><strong><em>praesumitur</em></strong></span> <span class='ocrx_word' id='word_1_182' title='bbox 347 3003 481 3070; x_wconf 89' lang='lat' dir='ltr'><strong><em>scientia</em></strong></span> <span class='ocrx_word' id='word_1_183' title='bbox 498 3003 645 3069; x_wconf 89' lang='lat' dir='ltr'><strong><em>testium.</em></strong></span> <span class='ocrx_word' id='word_1_184' title='bbox 664 3004 844 3070; x_wconf 87' lang='lat' dir='ltr'><strong><em>Videamus</em></strong></span> <span class='ocrx_word' id='word_1_185' title='bbox 863 3023 951 3070; x_wconf 91' lang='lat' dir='ltr'><strong><em>nunc</em></strong></span> 
     </span>
    </p>

    <p class='ocr_par' dir='ltr' id='par_1_6' title="bbox 167 3105 1403 3195">
     <span class='ocr_line' id='line_1_25' title="bbox 167 3105 1403 3195; baseline 0.004 -23"><span class='ocrx_word' id='word_1_186' title='bbox 167 3105 239 3175; x_wconf 84' lang='lat'>126.</span> <span class='ocrx_word' id='word_1_187' title='bbox 287 3116 467 3195; x_wconf 86' lang='lat' dir='ltr'><strong><em>Quomodo</em></strong></span> <span class='ocrx_word' id='word_1_188' title='bbox 476 3116 622 3193; x_wconf 75' lang='lat' dir='ltr'><strong><em>iudicari</em></strong></span> <span class='ocrx_word' id='word_1_189' title='bbox 635 3118 746 3195; x_wconf 81' lang='lat' dir='ltr'><strong><em>possit</em></strong></span> <span class='ocrx_word' id='word_1_190' title='bbox 762 3117 806 3180; x_wconf 91' lang='lat' dir='ltr'><strong><em>de</em></strong></span> <span class='ocrx_word' id='word_1_191' title='bbox 823 3117 962 3178; x_wconf 86' lang='lat' dir='ltr'><strong><em>illorum</em></strong></span> <span class='ocrx_word' id='word_1_192' title='bbox 980 3117 1176 3180; x_wconf 83' lang='lat' dir='ltr'><strong><em>veracitate.</em></strong></span> <span class='ocrx_word' id='word_1_193' title='bbox 1312 3128 1403 3186; x_wconf 62' lang='lat' dir='ltr'><strong><em>negate</em></strong></span> 
     </span>
    </p>

    <p class='ocr_par' dir='ltr' id='par_1_7' title="bbox 114 3200 1445 3952">
     <span class='ocr_line' id='line_1_26' title="bbox 188 3200 1445 3318; baseline 0.004 -35.299"><span class='ocrx_word' id='word_1_194' title='bbox 188 3216 424 3294; x_wconf 83' lang='lat' dir='ltr'><strong><em>⁰Qroniam</em></strong></span> <span class='ocrx_word' id='word_1_195' title='bbox 454 3221 522 3284; x_wconf 91' lang='lat' dir='ltr'><strong><em>haec</em></strong></span> <span class='ocrx_word' id='word_1_196' title='bbox 544 3238 610 3286; x_wconf 91' lang='lat' dir='ltr'><strong><em>una</em></strong></span> <span class='ocrx_word' id='word_1_197' title='bbox 635 3229 686 3287; x_wconf 90' lang='lat' dir='ltr'><strong><em>est</em></strong></span> <span class='ocrx_word' id='word_1_198' title='bbox 714 3240 756 3286; x_wconf 90' lang='lat' dir='ltr'><strong><em>ex</em></strong></span> <span class='ocrx_word' id='word_1_199' title='bbox 778 3219 840 3286; x_wconf 93' lang='lat' dir='ltr'><strong><em>illis</em></strong></span> <span class='ocrx_word' id='word_1_200' title='bbox 862 3205 1068 3306; x_wconf 84' lang='lat' dir='ltr'><strong><em>generalibus</em></strong></span> <span class='ocrx_word' id='word_1_201' title='bbox 1097 3219 1237 3306; x_wconf 86' lang='lat' dir='ltr'><strong><em>legibus,</em></strong></span> <span class='ocrx_word' id='word_1_202' title='bbox 1261 3200 1445 3318; x_wconf 56' lang='lat' dir='ltr'><strong><em>&#39;dffi&#39;ffi&#39;m</em></strong></span> 
     </span>
     <span class='ocr_line' id='line_1_27' title="bbox 116 3237 1417 3413; baseline -0.002 -21"><span class='ocrx_word' id='word_1_203' title='bbox 116 3237 239 3409; x_wconf 85' lang='lat' dir='ltr'><strong><em>quibus</em></strong></span> <span class='ocrx_word' id='word_1_204' title='bbox 258 3344 366 3392; x_wconf 87' lang='lat' dir='ltr'><strong><em>mores</em></strong></span> <span class='ocrx_word' id='word_1_205' title='bbox 386 3327 557 3393; x_wconf 89' lang='lat' dir='ltr'><strong><em>hominum</em></strong></span> <span class='ocrx_word' id='word_1_206' title='bbox 582 3336 739 3413; x_wconf 87' lang='lat' dir='ltr'><strong><em>reguntur</em></strong></span> <span class='ocrx_word' id='word_1_207' title='bbox 762 3336 1058 3413; x_wconf 77' lang='lat' dir='ltr'><strong><em>attemperantur,</em></strong></span> <span class='ocrx_word' id='word_1_208' title='bbox 1082 3327 1241 3413; x_wconf 89' lang='lat' dir='ltr'><strong><em>quemad·</em></strong></span> <span class='ocrx_word' id='word_1_209' title='bbox 1294 3345 1417 3390; x_wconf 65' lang='lat' dir='ltr'><strong><em>manre.</em></strong></span> 
     </span>
     <span class='ocr_line' id='line_1_28' title="bbox 116 3434 1240 3528; baseline -0.001 -28"><span class='ocrx_word' id='word_1_210' title='bbox 116 3435 256 3502; x_wconf 91' lang='lat' dir='ltr'><strong><em>modum</em></strong></span> <span class='ocrx_word' id='word_1_211' title='bbox 275 3434 473 3528; x_wconf 84' lang='lat' dir='ltr'><strong><em>experientia</em></strong></span> <span class='ocrx_word' id='word_1_212' title='bbox 496 3436 654 3522; x_wconf 85' lang='lat' dir='ltr'><strong><em>cujusque</em></strong></span> <span class='ocrx_word' id='word_1_213' title='bbox 673 3435 895 3513; x_wconf 87' lang='lat' dir='ltr'><strong><em>demonstrat,</em></strong></span> <span class='ocrx_word' id='word_1_214' title='bbox 911 3447 949 3504; x_wconf 93' lang='lat' dir='ltr'><strong><em>ut</em></strong></span> <span class='ocrx_word' id='word_1_215' title='bbox 968 3455 1067 3501; x_wconf 91' lang='lat' dir='ltr'><strong><em>nemo</em></strong></span> <span class='ocrx_word' id='word_1_216' title='bbox 1083 3435 1143 3502; x_wconf 90' lang='lat' dir='ltr'><strong><em>nisi</em></strong></span> <span class='ocrx_word' id='word_1_217' title='bbox 1162 3435 1240 3502; x_wconf 90' lang='lat' dir='ltr'><strong><em>boni</em></strong></span> 
     </span>
     <span class='ocr_line' id='line_1_29' title="bbox 115 3539 1242 3629; baseline 0.002 -23"><span class='ocrx_word' id='word_1_218' title='bbox 115 3539 253 3628; x_wconf 84' lang='lat' dir='ltr'><strong><em>alicujus</em></strong></span> <span class='ocrx_word' id='word_1_219' title='bbox 262 3560 373 3608; x_wconf 90' lang='lat' dir='ltr'><strong><em>amore</em></strong></span> <span class='ocrx_word' id='word_1_220' title='bbox 387 3542 428 3609; x_wconf 93' lang='lat' dir='ltr'><strong><em>ad</em></strong></span> <span class='ocrx_word' id='word_1_221' title='bbox 447 3544 649 3626; x_wconf 91' lang='lat' dir='ltr'><strong><em>operandum</em></strong></span> <span class='ocrx_word' id='word_1_222' title='bbox 669 3542 872 3629; x_wconf 64' lang='lat' dir='ltr'><strong><em>imperiatum</em></strong></span> <span class='ocrx_word' id='word_1_223' title='bbox 889 3544 1054 3610; x_wconf 86' lang='lat' dir='ltr'><strong><em>sinceritas</em></strong></span> <span class='ocrx_word' id='word_1_224' title='bbox 1067 3562 1104 3609; x_wconf 92' lang='lat' dir='ltr'><strong><em>ac</em></strong></span> <span class='ocrx_word' id='word_1_225' title='bbox 1124 3543 1242 3609; x_wconf 87' lang='lat' dir='ltr'><strong><em>veritas</em></strong></span> 
     </span>
     <span class='ocr_line' id='line_1_30' title="bbox 116 3649 1241 3736; baseline 0 -22"><span class='ocrx_word' id='word_1_226' title='bbox 116 3649 307 3715; x_wconf 88' lang='lat' dir='ltr'><strong><em>narrationis</em></strong></span> <span class='ocrx_word' id='word_1_227' title='bbox 322 3649 498 3734; x_wconf 90' lang='lat' dir='ltr'><strong><em>prudenter</em></strong></span> <span class='ocrx_word' id='word_1_228' title='bbox 503 3651 681 3736; x_wconf 86' lang='lat' dir='ltr'><strong><em>judicatur,</em></strong></span> <span class='ocrx_word' id='word_1_229' title='bbox 698 3651 971 3736; x_wconf 87' lang='lat' dir='ltr'><strong><em>quotiescumque</em></strong></span> <span class='ocrx_word' id='word_1_230' title='bbox 982 3653 1069 3718; x_wconf 83' lang='lat' dir='ltr'><strong><em>nulla</em></strong></span> <span class='ocrx_word' id='word_1_231' title='bbox 1088 3659 1241 3735; x_wconf 91' lang='lat' dir='ltr'><strong><em>appareat</em></strong></span> 
     </span>
     <span class='ocr_line' id='line_1_31' title="bbox 115 3756 1241 3844; baseline 0.002 -20"><span class='ocrx_word' id='word_1_232' title='bbox 115 3756 256 3834; x_wconf 85' lang='lat' dir='ltr'><strong><em>utititas,</em></strong></span> <span class='ocrx_word' id='word_1_233' title='bbox 275 3776 375 3841; x_wconf 91' lang='lat' dir='ltr'><strong><em>quarn</em></strong></span> <span class='ocrx_word' id='word_1_234' title='bbox 395 3776 523 3842; x_wconf 86' lang='lat' dir='ltr'><strong><em>sperare</em></strong></span> <span class='ocrx_word' id='word_1_235' title='bbox 542 3759 602 3826; x_wconf 90' lang='lat' dir='ltr'><strong><em>sibi</em></strong></span> <span class='ocrx_word' id='word_1_236' title='bbox 622 3759 765 3844; x_wconf 89' lang='lat' dir='ltr'><strong><em>potuerit</em></strong></span> <span class='ocrx_word' id='word_1_237' title='bbox 781 3759 875 3827; x_wconf 87' lang='lat' dir='ltr'><strong><em>testis</em></strong></span> <span class='ocrx_word' id='word_1_238' title='bbox 894 3780 935 3828; x_wconf 92' lang='lat' dir='ltr'><strong><em>ex</em></strong></span> <span class='ocrx_word' id='word_1_239' title='bbox 948 3758 1135 3827; x_wconf 88' lang='lat' dir='ltr'><strong><em>mendacio:</em></strong></span> <span class='ocrx_word' id='word_1_240' title='bbox 1151 3776 1241 3826; x_wconf 79' lang='lat' dir='ltr'><strong><em>nemo</em></strong></span> 
     </span>
     <span class='ocr_line' id='line_1_32' title="bbox 114 3865 909 3952; baseline 0.004 -18"><span class='ocrx_word' id='word_1_241' title='bbox 114 3866 216 3941; x_wconf 87' lang='lat' dir='ltr'><strong><em>enim,</em></strong></span> <span class='ocrx_word' id='word_1_242' title='bbox 238 3873 275 3931; x_wconf 93' lang='lat' dir='ltr'><strong><em>ut</em></strong></span> <span class='ocrx_word' id='word_1_243' title='bbox 292 3865 424 3942; x_wconf 87' lang='lat' dir='ltr'><strong><em>dicitur,</em></strong></span> <span class='ocrx_word' id='word_1_244' title='bbox 442 3866 545 3952; x_wconf 82' lang='lat' dir='ltr'><strong><em>gratr&#39;s</em></strong></span> <span class='ocrx_word' id='word_1_245' title='bbox 563 3869 682 3946; x_wconf 82' lang='lat' dir='ltr'><strong><em>malus,</em></strong></span> <span class='ocrx_word' id='word_1_246' title='bbox 698 3870 751 3933; x_wconf 84' lang='lat' dir='ltr'><strong><em>aci</em></strong></span> <span class='ocrx_word' id='word_1_247' title='bbox 761 3871 909 3937; x_wconf 85' lang='lat' dir='ltr'><strong><em>mendax.</em></strong></span> 
     </span>
    </p>

    <p class='ocr_par' dir='ltr' id='par_1_8' title="bbox 114 3973 1243 4582">
     <span class='ocr_line' id='line_1_33' title="bbox 163 3973 1242 4066; baseline 0.001 -27"><span class='ocrx_word' id='word_1_248' title='bbox 163 3981 214 4040; x_wconf 83' lang='lat'><strong><em>2.⁰</em></strong></span> <span class='ocrx_word' id='word_1_249' title='bbox 260 3973 409 4058; x_wconf 81' lang='lat' dir='ltr'><strong><em>Augetur</em></strong></span> <span class='ocrx_word' id='word_1_250' title='bbox 421 3973 601 4066; x_wconf 89' lang='lat' dir='ltr'><strong><em>veracitatis</em></strong></span> <span class='ocrx_word' id='word_1_251' title='bbox 613 3974 735 4059; x_wconf 90' lang='lat' dir='ltr'><strong><em>opinio:</em></strong></span> <span class='ocrx_word' id='word_1_252' title='bbox 751 3973 785 4064; x_wconf 86' lang='grc' dir='ltr'><strong><em>α)</em></strong></span> <span class='ocrx_word' id='word_1_253' title='bbox 797 3974 823 4042; x_wconf 90' lang='lat' dir='ltr'><strong><em>si</em></strong></span> <span class='ocrx_word' id='word_1_254' title='bbox 839 3977 916 4042; x_wconf 86' lang='lat' dir='ltr'><strong><em>alias</em></strong></span> <span class='ocrx_word' id='word_1_255' title='bbox 931 3993 1017 4060; x_wconf 80' lang='lat' dir='ltr'><strong><em>saepe</em></strong></span> <span class='ocrx_word' id='word_1_256' title='bbox 1029 3975 1123 4043; x_wconf 89' lang='lat' dir='ltr'><strong><em>testis</em></strong></span> <span class='ocrx_word' id='word_1_257' title='bbox 1134 3993 1242 4059; x_wconf 84' lang='lat' dir='ltr'><strong><em>reper-</em></strong></span> 
     </span>
     <span class='ocr_line' id='line_1_34' title="bbox 114 4077 1242 4175; baseline 0 -28"><span class='ocrx_word' id='word_1_258' title='bbox 114 4093 173 4148; x_wconf 91' lang='lat' dir='ltr'><strong><em>tus</em></strong></span> <span class='ocrx_word' id='word_1_259' title='bbox 187 4079 282 4146; x_wconf 88' lang='lat' dir='ltr'><strong><em>tuerit</em></strong></span> <span class='ocrx_word' id='word_1_260' title='bbox 296 4079 416 4146; x_wconf 80' lang='lat' dir='ltr'><strong><em>fidelis:</em></strong></span> <span class='ocrx_word' id='word_1_261' title='bbox 434 4077 469 4168; x_wconf 86' lang='grc' dir='ltr'><strong><em>β)</em></strong></span> <span class='ocrx_word' id='word_1_262' title='bbox 484 4081 510 4146; x_wconf 91' lang='lat' dir='ltr'><strong><em>si</em></strong></span> <span class='ocrx_word' id='word_1_263' title='bbox 527 4089 679 4149; x_wconf 89' lang='lat' dir='ltr'><strong><em>noscatur</em></strong></span> <span class='ocrx_word' id='word_1_264' title='bbox 692 4083 741 4149; x_wconf 90' lang='lat' dir='ltr'><strong><em>vir</em></strong></span> <span class='ocrx_word' id='word_1_265' title='bbox 756 4082 878 4168; x_wconf 90' lang='lat' dir='ltr'><strong><em>probus</em></strong></span> <span class='ocrx_word' id='word_1_266' title='bbox 892 4090 924 4148; x_wconf 89' lang='lat' dir='ltr'><strong><em>et</em></strong></span> <span class='ocrx_word' id='word_1_267' title='bbox 939 4083 1114 4164; x_wconf 83' lang='lat' dir='ltr'><strong><em>honestus3</em></strong></span> <span class='ocrx_word' id='word_1_268' title='bbox 1133 4078 1170 4175; x_wconf 79' lang='grc' dir='ltr'><strong><em>γ)</em></strong></span> <span class='ocrx_word' id='word_1_269' title='bbox 1184 4091 1242 4148; x_wconf 92' lang='lat' dir='ltr'><strong><em>aut</em></strong></span> 
     </span>
     <span class='ocr_line' id='line_1_35' title="bbox 114 4185 1243 4277; baseline 0.001 -24"><span class='ocrx_word' id='word_1_270' title='bbox 114 4189 191 4254; x_wconf 88' lang='lat' dir='ltr'><strong><em>talis</em></strong></span> <span class='ocrx_word' id='word_1_271' title='bbox 206 4187 363 4255; x_wconf 91' lang='lat' dir='ltr'><strong><em>habeatur</em></strong></span> <span class='ocrx_word' id='word_1_272' title='bbox 378 4207 418 4253; x_wconf 88' lang='lat' dir='ltr'><strong><em>ex</em></strong></span> <span class='ocrx_word' id='word_1_273' title='bbox 434 4187 561 4272; x_wconf 88' lang='lat' dir='ltr'><strong><em>publica</em></strong></span> <span class='ocrx_word' id='word_1_274' title='bbox 575 4190 672 4256; x_wconf 88' lang='lat' dir='ltr'><strong><em>tama:</em></strong></span> <span class='ocrx_word' id='word_1_275' title='bbox 687 4185 718 4277; x_wconf 84' lang='grc' dir='ltr'><strong><em>δ)</em></strong></span> <span class='ocrx_word' id='word_1_276' title='bbox 730 4190 756 4256; x_wconf 90' lang='lat' dir='ltr'><strong><em>si</em></strong></span> <span class='ocrx_word' id='word_1_277' title='bbox 770 4191 927 4276; x_wconf 87' lang='lat' dir='ltr'><strong><em>dignitate</em></strong></span> <span class='ocrx_word' id='word_1_278' title='bbox 941 4191 1060 4276; x_wconf 88' lang='lat' dir='ltr'><strong><em>polleat</em></strong></span> <span class='ocrx_word' id='word_1_279' title='bbox 1070 4192 1123 4257; x_wconf 90' lang='lat' dir='ltr'><strong><em>vel</em></strong></span> <span class='ocrx_word' id='word_1_280' title='bbox 1138 4188 1243 4274; x_wconf 82' lang='lat' dir='ltr'><strong><em>magi-</em></strong></span> 
     </span>
     <span class='ocr_line' id='line_1_36' title="bbox 114 4294 1241 4382; baseline -0.001 -18"><span class='ocrx_word' id='word_1_281' title='bbox 114 4297 333 4377; x_wconf 87' lang='lat' dir='ltr'><strong><em>stratu;solet</em></strong></span> <span class='ocrx_word' id='word_1_282' title='bbox 345 4294 432 4360; x_wconf 89' lang='lat' dir='ltr'><strong><em>enim</em></strong></span> <span class='ocrx_word' id='word_1_283' title='bbox 445 4295 514 4381; x_wconf 89' lang='lat' dir='ltr'><strong><em>ipse</em></strong></span> <span class='ocrx_word' id='word_1_284' title='bbox 525 4296 624 4362; x_wconf 90' lang='lat' dir='ltr'><strong><em>timor</em></strong></span> <span class='ocrx_word' id='word_1_285' title='bbox 636 4297 791 4382; x_wconf 88' lang='lat' dir='ltr'><strong><em>perdendi</em></strong></span> <span class='ocrx_word' id='word_1_286' title='bbox 802 4297 1077 4366; x_wconf 87' lang='lat' dir='ltr'><strong><em>existimationem</em></strong></span> <span class='ocrx_word' id='word_1_287' title='bbox 1088 4295 1241 4364; x_wconf 87' lang='lat' dir='ltr'><strong><em>homines</em></strong></span> 
     </span>
     <span class='ocr_line' id='line_1_37' title="bbox 114 4400 1240 4491; baseline -0.001 -21"><span class='ocrx_word' id='word_1_288' title='bbox 114 4403 324 4490; x_wconf 86' lang='lat' dir='ltr'><strong><em>hujusmodi,</em></strong></span> <span class='ocrx_word' id='word_1_289' title='bbox 353 4400 413 4468; x_wconf 87' lang='lat' dir='ltr'><strong><em>nisi</em></strong></span> <span class='ocrx_word' id='word_1_290' title='bbox 429 4401 572 4486; x_wconf 71' lang='lat' dir='ltr'><strong><em>‘penitus</em></strong></span> <span class='ocrx_word' id='word_1_291' title='bbox 595 4406 754 4487; x_wconf 90' lang='lat' dir='ltr'><strong><em>pudorem</em></strong></span> <span class='ocrx_word' id='word_1_292' title='bbox 781 4406 971 4491; x_wconf 86' lang='lat' dir='ltr'><strong><em>abjecerint,</em></strong></span> <span class='ocrx_word' id='word_1_293' title='bbox 998 4428 1016 4471; x_wconf 93' lang='lat' dir='ltr'><strong><em>a</em></strong></span> <span class='ocrx_word' id='word_1_294' title='bbox 1038 4405 1240 4490; x_wconf 75' lang='lat' dir='ltr'><strong><em>&#39;quibusdam</em></strong></span> 
     </span>
     <span class='ocr_line' id='line_1_38' title="bbox 114 4508 894 4582; baseline 0.008 -6"><span class='ocrx_word' id='word_1_295' title='bbox 114 4511 204 4577; x_wconf 88' lang='lat' dir='ltr'><strong><em>vitiis</em></strong></span> <span class='ocrx_word' id='word_1_296' title='bbox 222 4529 260 4576; x_wconf 86' lang='lat' dir='ltr'><strong><em>ac</em></strong></span> <span class='ocrx_word' id='word_1_297' title='bbox 278 4508 472 4576; x_wconf 91' lang='lat' dir='ltr'><strong><em>nominatim</em></strong></span> <span class='ocrx_word' id='word_1_298' title='bbox 491 4530 509 4575; x_wconf 93' lang='lat' dir='ltr'><strong><em>a</em></strong></span> <span class='ocrx_word' id='word_1_299' title='bbox 528 4511 699 4578; x_wconf 86' lang='lat' dir='ltr'><strong><em>mendacio</em></strong></span> <span class='ocrx_word' id='word_1_300' title='bbox 717 4513 894 4582; x_wconf 90' lang='lat' dir='ltr'><strong><em>deterrere.</em></strong></span> 
     </span>
    </p>
   </div>
   <div class='ocr_carea' id='block_1_3' title="bbox 120 4685 391 4703">
    <p class='ocr_par' dir='ltr' id='par_1_9' title="bbox 120 4685 391 4703">
     <span class='ocr_line' id='line_1_39' title="bbox 120 4685 391 4703; baseline 0 -5"><span class='ocrx_word' id='word_1_301' title='bbox 120 4685 391 4703; x_wconf 47' lang='lat' dir='ltr'><strong><em>„w</em></strong></span> 
     </span>
    </p>
   </div>
   <div class='ocr_carea' id='block_1_4' title="bbox 151 4741 644 4822">
    <p class='ocr_par' dir='ltr' id='par_1_10' title="bbox 151 4741 644 4822">
     <span class='ocr_line' id='line_1_40' title="bbox 151 4741 644 4822; baseline 0 -19"><span class='ocrx_word' id='word_1_302' title='bbox 151 4749 193 4816; x_wconf 87' lang='lat' dir='ltr'><strong><em>(r)</em></strong></span> <span class='ocrx_word' id='word_1_303' title='bbox 230 4746 274 4804; x_wconf 83' lang='lat' dir='ltr'><strong><em>De</em></strong></span> <span class='ocrx_word' id='word_1_304' title='bbox 293 4743 417 4822; x_wconf 80' lang='lat' dir='ltr'><strong><em>Officiis,</em></strong></span> <span class='ocrx_word' id='word_1_305' title='bbox 433 4741 483 4804; x_wconf 89' lang='lat' dir='ltr'><strong><em>lib.</em></strong></span> <span class='ocrx_word' id='word_1_306' title='bbox 502 4763 526 4816; x_wconf 86' lang='lat' dir='ltr'><strong><em>r,</em></strong></span> <span class='ocrx_word' id='word_1_307' title='bbox 539 4762 602 4816; x_wconf 83' lang='lat' dir='ltr'><strong><em>cap.</em></strong></span> <span class='ocrx_word' id='word_1_308' title='bbox 615 4746 644 4803; x_wconf 89' lang='lat'><strong><em>6.</em></strong></span> 
     </span>
    </p>
   </div>
   <div class='ocr_carea' id='block_1_5' title="bbox 0 0 1750 5525">
    <p class='ocr_par' dir='ltr' id='par_1_11' title="bbox 0 0 1750 5525">
     <span class='ocr_line' id='line_1_41' title="bbox 0 0 1750 5525; baseline 0 0"><span class='ocrx_word' id='word_1_309' title='bbox 0 0 1750 5525; x_wconf 95' lang='lat' dir='ltr'><strong><em> </em></strong></span> 
     </span>
    </p>
   </div>
  </div>
 </body>
</html>
