3492 5525
236 493 354 560 Anno.
370 495 431 560 bn·
445 494 641 560 Drvrsroncs
653 511 768 572 urmq.
785 514 889 560 renni.
905 514 1087 561 continues
1130 513 1186 580 ¹43

90 683 185 751 alteri
208 682 406 759 inhaereant,
432 680 572 766 ideoque
600 678 811 748 nominantur
835 681 1032 762 accidentias
1058 681 1103 746 ita
1125 679 1234 747 etiam,

92 791 179 858 duos
198 809 275 859 esse
299 790 417 858 modos
439 789 659 875 cognoscendi
685 800 719 856 et
744 787 950 875 significandi
975 787 1137 856 realitates
1154 796 1223 853 tarn

91 897 328 965 substantiales
340 917 440 982 quam
454 882 688 974 accidentales,
705 897 845 965 alterum
858 897 1069 973 absolutum,
1084 895 1223 962 alterum

91 1006 359 1074 connotativum.
377 1003 570 1072 sicutenim
586 1005 696 1071 albedo
710 1024 744 1071 v.
758 1023 793 1091 g.
814 1004 847 1071 in
871 1003 1042 1071 existendo
1060 1003 1225 1088 dependet

92 1134 110 1178 a
128 1114 283 1196 subjecto
306 1113 433 1196 aliquo;
453 1113 498 1182 ita
518 1113 610 1179 albus
632 1113 664 1178 in
693 1111 926 1198 cognoscendo
950 1130 987 1177 ac
1010 1109 1224 1197 significando

93 1222 242 1304 postulat
256 1220 356 1286 alium
371 1221 566 1296 terminum,
582 1219 633 1285 cui
657 1219 837 1297 adhaereat,
855 1227 888 1284 et
910 1237 987 1285 cum
1004 1234 1072 1302 quo
1089 1235 1226 1283 concor·

91 1330 160 1394 det.
187 1329 236 1394 Ex
255 1347 323 1412 qua
340 1328 487 1394 doctrina
508 1327 688 1412 colligitur,
704 1328 863 1394 terminos
887 1327 1044 1392 absolutos
1061 1343 1129 1390 non
1152 1342 1226 1390 esse

90 1435 347 1502 contundendos
365 1453 442 1501 cum
457 1433 676 1512 nibstantiuis‚
693 1453 802 1518 neque
816 1430 1029 1500 connotatioos
1045 1449 1124 1498 cum
1137 1433 1227 1519 adje-

90 1543 184 1607 ctivis
201 1542 519 1623 Grammaticorum
538 1560 743 1626 quamquam
768 1541 856 1608 enim
876 1558 995 1608 omnes
1012 1538 1149 1605 absoluti
1160 1539 1225 1615 sint
1270 1627 1273 1633 Ι

91 1637 196 1715 etiam
208 1650 413 1727 substantivi,
431 1660 509 1716 sunt
521 1659 631 1716 tamen
648 1649 794 1716 nonnulli
814 1649 1020 1724 substantivi,
1040 1647 1223 1714 secundum

91 1756 235 1824 istorum
251 1757 323 1824 ΑΑ.
338 1757 539 1835 doctrinam,
552 1759 609 1842 qui
625 1775 689 1824 non
704 1757 770 1824 sint
782 1757 936 1834 absoluti,
951 1756 1009 1822 scd
1022 1754 1224 1831 connotatiri,

92 1875 212 1949 utpote
231 1865 371 1931 formam
391 1865 534 1949 aliquam
553 1866 775 1950 significantes
799 1865 900 1932 instar
918 1863 1008 1931 alteri
1033 1861 1222 1949 adjacentis.

88 1971 189 2038 Tales
199 1981 279 2039 sunt
292 1992 325 2038 v.
341 1994 376 2059 g.
388 1974 503 2056 pictor,
518 1973 645 2058 artifex,
664 1978 765 2057 pater,
780 1972 941 2049 dominus,
958 1971 1076 2056 aliique
1086 1971 1220 2038 similes.

159 2081 206 2146 At
231 2099 310 2146 vero
332 2079 587 2166 Complutenses
606 2080 675 2149 DD.
695 2078 747 2170 (r)
766 2091 799 2146 et
822 2080 882 2146 PP.
908 2079 1030 2157 Mauri,
1057 2079 1224 2163 Compton

90 2187 280 2265 liurtadus,
305 2187 476 2275 Semmery
491 2185 543 2277 (2)
561 2188 691 2273 aliique,
718 2208 786 2254 rem
805 2187 897 2255 aliter
914 2188 1089 2253 declarant.
1106 2184 1225 2253 Dicunt

89 2296 184 2361 enim
200 2294 381 2361 terminum
396 2296 487 2361 illum
503 2314 575 2362 esse
593 2296 799 2375 absolutum,
816 2295 872 2380 qui
895 2296 936 2365 ad
955 2295 1051 2380 plene
1071 2301 1106 2358 et
1120 2293 1225 2377 perle-

88 2411 143 2467 cte
158 2402 414 2488 significandum
436 2423 501 2470 non
519 2415 594 2490 eget
609 2405 688 2482 alio,
713 2403 766 2470 cui
785 2404 966 2478 adlraereat,
984 2411 1021 2468 ut
1038 2401 1142 2477 banio,
1157 2399 1225 2465 vir-

88 2517 160 2588 itu,
176 2513 316 2577 mador:
342 2511 599 2579 Connotativum
619 2521 749 2592 autem,
766 2503 822 2597 qui
844 2510 1025 2597 signifieat,
1049 2520 1221 2592 tamquam

89 2620 186 2684 alteri
200 2619 344 2686 termino
356 2621 524 2706 adjacens,
538 2641 557 2686 a
571 2638 638 2703 quo
659 2619 780 2706 pendet
795 2618 932 2705 proinde
946 2618 988 2684 ad
1011 2617 1152 2702 perfecte
1167 2614 1224 2680 ali·

88 2727 175 2811 quid
189 2726 461 2813 significandum,
485 2729 576 2796 velut
589 2727 697 2806 albus,
713 2727 891 2804 intumus,
911 2725 1032 2793 vinem.
1049 2723 1159 2818 Atque
1181 2740 1224 2788 ex

89 2837 154 2900 hac
168 2836 387 2901 declaratione
410 2837 443 2902 id
465 2836 602 2910 omnino
620 2836 851 2921 consequitur,
872 2835 1032 2900 terminos
1054 2832 1221 2907 absolutos,

87 2943 254 3009 contundi
266 2962 343 3009 curn
357 2944 578 3022 substantivis,
593 2942 815 3010 connotativos.
826 2951 938 3009 autem
956 2958 1035 3007 eum
1058 2937 1225 3027 arij'ectivis

88 3048 414 3127 Grammaticorum,
430 3052 485 3135 qui
497 3060 667 3137 propterea
679 3050 859 3117 dicuntura
870 3047 1004 3135 ‚logicis
1015 3044 1220 3121 connotativi,

88 3160 172 3241 quia
189 3166 305 3241 praeter
319 3160 459 3223 sormam
474 3176 532 3225 seu
549 3158 707 3225 rationem
723 3177 825 3242 quam
845 3155 998 3243 primario
1018 3154 1221 3240 exprimunt,

88 3262 325 3351 adsignificant
340 3268 437 3332 etiam
458 3285 517 3333 seu
537 3275 717 3333 connotant
736 3266 930 3332 secundario
951 3264 1154 3347 subjectum,
1170 3261 1223 3327 cui

88 3376 202 3439 torma
216 3374 290 3439 talis
302 3374 473 3458 competit.
496 3374 541 3439 lta
554 3376 660 3440 album
675 3394 708 3443 v.
724 3393 759 3460 g.
785 3372 938 3457 primario
955 3369 1147 3447 albedinem,
1173 3387 1224 3434 se·

88 3481 253 3548 cundario
267 3481 438 3571 subjectam
447 3481 603 3549 albedinis
620 3482 784 3567 designat.

162 3588 287 3655 llarum
303 3588 495 3673 opinionum
511 3599 584 3655 utra
597 3590 796 3674 praeferenda
816 3587 879 3666 sit,
905 3598 1055 3665 nonest,
1078 3604 1137 3653 cur
1160 3603 1224 3672 ego

87 3696 270 3774 definiam,
295 3714 372 3763 cum
399 3698 609 3782 potissimum
633 3706 703 3762 tota
722 3696 861 3781 quaestio
885 3689 1013 3762 vocalis
1030 3694 1088 3773 sit,
1115 3710 1223 3778 neque

88 3806 211 3871 eadem
226 3804 337 3889 magni
353 3804 527 3872 momenti.
543 3804 622 3871 lllud
643 3822 738 3890 porro
754 3812 803 3869 est
822 3802 1084 3881 observandum,
1108 3818 1225 3867 conno-

87 3914 227 3978 tdiivum
252 3912 429 3978 terminum
451 3932 540 3998 saepe
562 3912 649 3979 sumi
669 3931 727 3998 pro
749 3911 899 3989 relativo,
925 3930 984 3997 pro
1007 3929 1048 3976 eo
1067 3908 1222 3976 nimirum

87 4022 150 4105 qui
165 4020 290 4105 aliquid
301 4020 463 4106 significat
479 4032 665 4106 respectum
681 4020 864 4106 importans
875 4019 915 4085 ad
929 4019 1034 4097 aliud,
1048 4017 1119 4085 sine
1129 4019 1225 4103 cujus

89 4127 233 4213 proinde
253 4128 441 4213 cognitione
455 4130 596 4213 perfecte
609 4128 764 4215 cognosci
786 4125 919 4212 nequit,
940 4126 1223 4210 quemadmodum

82 4220 636 4323 parer,fi1ius,servus,cre?anna.
1200 4223 1203 4228 ’

135 4360 196 4432 30.
246 4342 350 4410 Sexto
373 4344 527 4413 dividitur
547 4344 709 4413 terminus
723 4344 757 4411 in
774 4346 952 4412 concretum
969 4353 1003 4413 et
1019 4341 1221 4410 abstractum,

87 4451 276 4520 Concretus
290 4462 353 4531 est,
369 4452 426 4537 qui
438 4452 600 4539 significat
612 4473 682 4521 rem
690 4451 789 4521 simul
798 4472 835 4521 ac
847 4454 988 4520 sormam
1000 4469 1060 4519 seu
1069 4448 1225 4518 determi-

121 4712 165 4774 (t)
202 4704 351 4764 Summul.
366 4703 416 4762 lib.
435 4724 460 4774 r,
475 4702 512 4763 dc
526 4704 674 4776 terminis,
691 4702 766 4779 Cap.
781 4722 810 4779 4.

121 4801 164 4865 (a)
204 4794 241 4855 ln
255 4792 430 4879 Summotis,
446 4792 497 4854 ubi
510 4794 571 4855 haeo
584 4794 690 4856 divisio
703 4793 822 4869 termini
834 4790 1000 4854 declaratur
1014 4792 1051 4853 ab
1064 4791 1113 4852 hia
1125 4791 1199 4856 an.

1281 3624 1397 3675 reminas

1264 3699 1414 3746 connotatirua

1254 3784 1313 3827 saepe
1326 3772 1420 3817 sumitur

1263 3858 1303 3899 pro
1311 3843 1408 3889 rehum

1276 4376 1397 4427 &nenas

1258 4450 1412 4499 nubem

1237 4555 1353 4661 (ωρ,
1373 4540 1494 4645 prb-p
1519 4528 1544 4609 i.
