3492 5525
288 456 307 540 ἓ
327 455 376 521 111.
399 457 637 523 Puruosonrum
657 473 762 523 onroo
783 475 825 522 er
846 475 1059 522 rnoonessus
1158 475 1198 538 79

111 639 322 723 modumque
349 639 449 707 divini
475 659 656 708 concursus
681 637 745 728 (1).
779 641 904 708 Verum
931 650 968 706 ut
989 638 1116 706 sincere
1145 635 1235 722 quod

109 748 237 824 senti0,
259 749 419 832 aperiam,
436 748 468 814 id
490 748 569 816 milri
586 749 715 816 videtur
732 767 844 813 revera
859 747 893 814 in
913 746 1066 813 Suarezio
1085 747 1237 811 adversa·

110 855 164 921 riis
178 856 366 940 displicere,
385 857 476 941 quod
496 856 593 922 simili
610 857 711 923 modo
725 856 778 922 ille
793 856 830 922 S.
846 853 1008 920 Thomam
1025 865 1158 921 secutus
1171 863 1234 929 est,

109 981 181 1045 quo
190 963 263 1048 ipse
276 963 310 1030 S.
329 964 451 1030 Doctor
470 983 549 1030 suos
566 965 740 1049 magistros
749 1005 768 1042 ,-
783 983 909 1048 nempe
922 963 995 1028 illos
1018 959 1235 1028 attentissime

110 1071 254 1156 legendo
277 1083 310 1138 et
334 1073 542 1156 meditando,
572 1091 640 1138 non
660 1072 897 1138 dissimulando
921 1072 973 1136 vel
992 1070 1237 1136 contemnendo

109 1179 252 1245 aliorum
275 1181 470 1264 scriptorum
495 1181 693 1258 sententias,
715 1181 773 1247 sed
796 1179 908 1245 omnia
931 1180 1045 1245 sedato
1068 1176 1178 1243 animo
1203 1177 1236 1242 in

107 1287 268 1354 trutinam
285 1287 417 1355 rationis
432 1289 632 1365 revocando,
655 1287 884 1372 rationemque
903 1285 1086 1354 auctoritati
1101 1295 1238 1368 antepo-

108 1395 233 1460 nendo.
253 1396 375 1461 Verum
391 1398 431 1462 ad
445 1396 761 1463 aliostranseamus.

153 1519 210 1586 92.
265 1501 394 1568 Gabriel
422 1504 593 1587 Vazquez,
612 1505 884 1598 Bellomontanus
903 1500 958 1590 (n.
987 1519 1066 1586 1551
1084 1495 1237 1586 -l-1604)
1358 1551 1388 1581 m

107 1611 252 1674 alterum
267 1611 454 1695 Theologiae
470 1610 678 1677 Scholasticae
693 1610 910 1676 clarissimum
927 1621 960 1676 et
977 1605 1237 1674 famosissimum
1316 1621 1341 1651 ²²
1358 1622 1397 1652 w

107 1713 305 1805 lumenta),
321 1737 422 1801 quem
438 1718 585 1786 nonnulli
601 1729 734 1804 propter
745 1717 866 1803 ingenii
877 1733 1017 1783 acumen
1029 1728 1063 1782 et
1073 1713 1239 1798 profundi·

107 1835 213 1892 tatem
240 1825 404 1908 hispanum
427 1826 640 1910 Augustinum
658 1826 770 1891 dixere
798 1822 861 1914 (3).
892 1847 909 1888 u
917 1823 974 1890 Vir
996 1823 1057 1889 ruit
1080 1823 1237 1888 acerrimo

107 1933 262 2017 ingeni0,
278 1933 321 1998 ait
335 1931 488 2000 Nicola'us
507 1932 688 2010 Antonius,
714 1932 870 2017 singulari
891 1950 927 1999 ac
943 1928 1235 1996 reconditarerum

106 2059 278 2107 sacrarum
290 2041 488 2119 eruditione,
501 2041 603 2108 totius
613 2039 807 2126 theologicae
817 2039 973 2106 doctrinae
985 2037 1237 2104 callentissimus

106 2159 210 2231 atque
225 2148 259 2214 in
273 2158 422 2216 veterum
445 2151 577 2216 Parrum
597 2147 823 2215 monumentis
842 2145 1156 2213 exercitatissimus»
1171 2139 1235 2231 (4).
1299 2142 1333 2182 '·
1447 2134 1449 2137 ’

106 2257 178 2322 Nec
194 2257 306 2323 minus
321 2258 415 2324 laude
429 2258 549 2342 dignus
564 2257 625 2324 luit
645 2266 776 2342 propter
787 2254 935 2340 insignes
948 2254 1102 2330 virtutes,
1119 2253 1150 2316 in
1166 2251 1238 2334 qui-

106 2365 172 2430 bus
187 2366 380 2431 eminebant
394 2365 445 2430 sui
459 2373 688 2448 contemptus
707 2377 898 2448 paupertaS,
915 2371 949 2427 et
962 2359 1146 2428 obedientia
1165 2355 1235 2446 (5).

106 2472 249 2557 Scripsit
261 2473 376 2538 decem
393 2475 560 2540 volumina
575 2473 607 2538 in
624 2473 712 2549 sollu,
731 2471 1033 2538 Commentariorum
1060 2487 1099 2534 ac
1120 2468 1238 2548 Dispu-

106 2581 310 2646 urionumm
338 2583 497 2648 Summam
520 2580 715 2662 theologicam
744 2590 777 2644 et
798 2580 961 2646 variorum
976 2575 1235 2668 Opusculorum.
1328 2592 1331 2597 ’

105 2687 275 2756 «Exstant
300 2699 453 2773 praeterea
472 2689 615 2754 collectae
627 2707 677 2752 ex
696 2685 798 2772 ipsius
817 2688 971 2772 operibus
988 2685 1030 2749 ab
1045 2684 1154 2768 aliquo
1177 2682 1238 2746 do·

104 2798 222 2861 ctrinae
238 2799 309 2881 ejus
323 2798 484 2873 studioso
501 2806 534 2861 et
543 2798 631 2882 typis
642 2797 748 2873 editae,
759 2794 977 2876 Metoplrysr'cu
990 2791 1234 2877 disquisitiones.
1290 2849 1293 2852 .

104 2906 302 2989 Antuerpiae
322 2901 452 2970 161811
468 2908 546 2971 83»
561 2902 627 2992 (6).

150 3030 212 3099 93.
261 3013 429 3096 Gregorius
448 3014 488 3077 de
516 2994 679 3088 uirentia,
716 3019 812 3077 natus
841 3010 1033 3096 Metbynnae
1061 3004 1177 3089 Campi
1204 3004 1236 3069 in
1313 3072 1324 3102 r
1366 3073 1383 3101 n

106 3121 268 3204 Hispania
291 3138 342 3187 an.
374 3138 469 3207 1551,
493 3131 645 3187 mortuus
671 3115 770 3204 1603,
786 3116 901 3183 Romae
923 3115 1068 3202 primum
1093 3113 1239 3179 Philoso·
1358 3146 1370 3176 a

105 3229 221 3311 phiam
242 3228 421 3294 admodum
437 3226 569 3314 juvenis
587 3227 716 3303 docuit,
735 3244 813 3291 mox
833 3244 878 3290 aa
898 3221 1152 3290 provincialibus
1165 3230 1237 3287 tum
1314 3242 1318 3248 ·

106 3334 253 3401 Franciae
270 3344 343 3403 tum
359 3335 542 3401 Germaniae
557 3345 690 3421 propter
706 3334 852 3418 insignes
867 3330 990 3418 ingenii
1006 3332 1100 3396 dotes
1115 3328 1241 3412 expeti·

105 3452 181 3521 tus,
202 3444 237 3509 in
256 3442 464 3511 Germaniam
483 3444 543 3509 tuit
562 3443 686 3509 missus
712 3458 808 3527 1575,
831 3440 887 3506 ubi
906 3439 1044 3525 Dilingae
1054 3456 1114 3524 per
1133 3453 1238 3503 annos

105 3552 236 3617 circiter
255 3569 274 3615 2
278 3569 315 3637 3,
331 3560 404 3617 tum
424 3549 613 3637 ingolstadii
627 3559 760 3617 strenue
776 3549 943 3634 promovit
963 3567 1031 3615 rem
1046 3545 1238 3613 catholicam

105 3658 391 3745 praelectionibus,
414 3658 709 3745 disputationibus,
732 3658 901 3742 scriptis.»
926 3656 1075 3740 Denique
1096 3654 1237 3719 «Romae

105 3768 323 3853 Theologiam
356 3769 489 3845 docere,
520 3766 660 3835 ac.dein
693 3765 726 3832 in
756 3766 875 3832 celebri
906 3763 1172 3849 congregatione
1201 3762 1240 3826 de

106 3876 256 3943 uexillis
268 3894 379 3942 coram
397 3874 569 3942 Clemente
588 3876 654 3942 Vlll
671 3874 851 3941 doctrinam
871 3872 1041 3941 Societatis
1055 3874 1171 3958 jussus
1189 3880 1240 3937 est

137 4116 186 4177 (1)
223 4109 304 4180 ibid,
322 4110 372 4167 ubi
387 4123 456 4168 nota
470 4110 560 4168 relate
577 4107 613 4167 ad
633 4108 754 4167 modum
767 4104 860 4165 divini
878 4123 1039 4165 concursus
1060 4102 1125 4162 aliis
1147 4101 1240 4160 videri

100 4200 391 4273 immisceamus,
402 4220 492 4273 quam
500 4198 724 4259 Suareziumvel
735 4198 875 4258 Doctores
886 4194 1050 4267 Societatis,
1059 4214 1077 4253 a
1086 4192 1241 4253 &Thomu

100 4290 270 4349 discedere:
285 4309 345 4361 qua
356 4292 394 4347 de
407 4310 438 4349 re
453 4308 507 4349 suo
522 4288 658 4349 locosuse
667 4287 883 4361 disputandum
895 4284 961 4348 erit.

136 4380 185 4453 (1)
221 4379 368 4439 Morinos.
384 4380 428 4439 De
443 4378 634 4451 poenitentia,
650 4379 699 4439 lib.
715 4379 749 4449 83,
764 4400 789 4438 c.
803 4398 832 4452 4.

135 4476 183 4543 (3)
220 4468 323 4528 Nouis.
338 4470 370 4529 in
387 4471 507 4529 Vindic.
524 4470 657 4545 August.—
672 4491 696 4528 e.
713 4491 740 4543 3.
755 4489 819 4542 per.
837 4486 862 4540 5.

136 4567 181 4632 (4)
217 4560 462 4634 Bibliotlr.hr'sp.
481 4580 558 4619 novo
572 4561 630 4618 vol.
650 4579 719 4632 r,p.
738 4578 799 4633 510.
1026 4620 1029 4623 ,

135 4655 180 4721 (5)
216 4647 360 4707 Historiis·
374 4648 441 4709 Soc.
452 4648 529 4721 jesu
542 4659 659 4709 auclore
666 4650 823 4721 Juueucio,
840 4666 903 4720 par.
923 4666 947 4721 5.
961 4647 1012 4707 lib.
1025 4666 1058 4721 23
1073 4666 1138 4720 par.
1155 4666 1201 4720 4²·
1303 4662 1306 4665 ·

135 4742 181 4807 (6)
218 4738 347 4808 Horter,
363 4738 421 4811 Op.
436 4739 486 4799 eit.
501 4738 559 4799 vol.
572 4739 583 4799 l
598 4759 665 4812 pag.
678 4738 741 4811 268,
758 4739 808 4799 ubi
823 4739 908 4813 plura
922 4737 989 4797 alia.
