3492 5525
259 437 376 500 Amic,
402 450 460 517 μ·
480 436 532 500 Dr:
549 454 791 507 convensroun
811 451 1080 501 eaoposrrrouuu
1130 435 1189 520 289

155 636 229 705 ¹34·
277 620 320 685 Ut
345 636 442 704 porro
468 636 584 689 caveas
613 619 753 685 fallacias
777 620 813 685 in
835 620 1119 695 conversionibus,
1145 629 1229 693 nota
1286 634 1396 682 nomm

14 775 15 778 ,
110 727 160 793 r.⁰
178 727 296 793 sedulo
313 742 386 793 esse
402 727 639 794 attendendum
662 728 703 793 ad
722 730 852 813 regulas
870 743 934 794 suo
955 730 1027 794 loco
1040 728 1133 797 datas
1146 727 1229 793 circa
1317 754 1368 788 mn

14 857 15 870 ¹
105 834 368 919 suppositionem
398 833 617 919 praedicarim
643 853 852 920 quacumque
881 835 1121 921 propositione,
1159 834 1229 901 sive

105 940 300 1008 affirmativa
318 941 389 1009 sive
403 941 568 1027 negativa.

151 1050 207 1118 2.⁰
254 1049 340 1116 Cum
359 1049 488 1117 termini
508 1047 930 1135 propositionis-conversae
948 1070 987 1116 ac
1007 1048 1230 1117 convertentis
1317 1077 1370 1111 m

106 1158 248 1224 debeant
261 1174 336 1224 esse
349 1156 463 1235 iidem,
481 1175 548 1225 non
567 1176 669 1243 penes
687 1176 800 1225 vocem
816 1160 1005 1237 dumtaxat,
1020 1159 1078 1224 sed
1093 1156 1232 1244 potissii-

109 1283 202 1331 mum
222 1264 333 1349 quoad
351 1283 440 1343 rem,
459 1265 643 1332 cavendum
662 1275 730 1343 est,
751 1285 792 1331 ne
809 1265 952 1333 varietur
969 1266 1003 1333 in
1020 1264 1233 1345 conversione

105 1371 318 1459 significatio,
333 1372 513 1457 suppositio
527 1393 565 1439 ac
583 1373 715 1457 reliquae
733 1373 946 1457 proprietates
964 1374 1108 1440 illorum.
1124 1371 1234 1447 Quare

110 1495 279 1565 perperam
294 1490 499 1548 converteres
517 1482 611 1547 hanc:
632 1481 752 1566 Aliqua
769 1480 885 1564 species
900 1481 1061 1560 milonio,
1082 1482 1114 1547 in
1134 1483 1231 1547 hanc:

108 1588 238 1673 Aliquis
255 1587 343 1655 homo
359 1592 407 1653 cst
420 1588 552 1671 species,
572 1588 649 1672 quia
668 1588 824 1654 nimirum
848 1588 992 1656 variatur
1014 1586 1197 1673 suppositio
1215 1606 1234 1652 a

107 1696 248 1780 simplici
267 1696 301 1762 in
319 1697 537 1781 personalem.
559 1698 731 1781 Perperam
755 1696 854 1762 etiam
876 1698 970 1762 hanc:
991 1696 1119 1781 Aliquis
1136 1713 1235 1761 cacus

108 1807 157 1870 est
180 1803 308 1881 mlieres,
328 1803 362 1870 in
386 1805 469 1869 hanc
492 1806 640 1871 alteram:
665 1802 794 1889 Aliquis
818 1804 932 1869 videm
949 1808 1129 1881 esrcecus,
1159 1802 1236 1887 quia

110 1910 326 1995 permiscetur
348 1909 518 1996 ampliatio
535 1930 612 1977 cum
637 1919 725 1977 statu
748 1910 781 1976 in
805 1930 886 1977 voce
904 1928 1015 1977 curru.
1036 1910 1116 1978 ltem
1137 1910 1233 1976 hanc:

109 2017 240 2102 Aliquis
256 2017 344 2083 lromo
360 2021 409 2084 est
422 2021 580 2097 moritum,
600 2016 635 2084 in
653 2020 751 2084 hanc:
770 2018 900 2104 Aliquis
917 2023 1057 2084 mortuus
1074 2020 1122 2083 esl
1135 2018 1234 2093 loro,

109 2125 189 2209 quia
202 2126 290 2192 lromo
303 2124 445 2191 sumitur
458 2125 559 2191 modo
571 2126 717 2211 proprie,
734 2126 835 2193 modo
850 2144 907 2210 per
921 2126 1167 2201 alienationem,
1182 2126 1235 2191 vel

109 2231 138 2300 si
156 2231 262 2300 mavis
281 2234 382 2299 modo
400 2232 606 2318 ampliative,
627 2234 728 2299 modo
743 2252 801 2319 per
814 2241 952 2301 statum.
972 2235 1143 2318 Perperam
1158 2251 1239 2316 quo-
1307 2248 1312 2257 ·

110 2358 178 2425 que
194 2342 290 2406 hanc:
308 2340 407 2406 Omne
419 2341 528 2407 ridens
545 2345 594 2407 est
605 2340 708 2419 homo,
724 2350 932 2407 converteres
945 2341 979 2407 in
994 2342 1089 2406 hanc:
1110 2340 1239 2425 Aliquis

111 2448 201 2513 lromo
215 2452 265 2514 csl
277 2448 404 2524 rideres,
421 2447 498 2532 quia
510 2446 694 2533 suppositio
711 2460 746 2515 et
763 2447 959 2535 significatio
972 2447 1103 2516 termini
1117 2449 1237 2525 ridens,

111 2577 131 2621 e
151 2555 332 2622 necessaria
348 2565 571 2634 commutatur
587 2556 620 2621 in
639 2555 906 2642 contingentem,
928 2574 969 2621 ex
983 2555 1239 2643 hypotheticam

112 2664 318 2746 absolutam;
339 2682 415 2729 narn
435 2664 485 2730 vis
504 2662 634 2730 termini
652 2664 761 2729 ridens
779 2664 811 2730 in
839 2663 1064 2750 propositione
1081 2681 1240 2730 conversa

112 2783 165 2840 est
182 2773 264 2838 lraec:
287 2771 399 2838 Omnis
416 2773 472 2857 qui
484 2775 545 2849 est,
561 2772 701 2856 oelsuil,
717 2774 768 2837 uel
779 2773 855 2851 erit,
870 2773 922 2838 vel
929 2775 1105 2855 potestesse
1120 2772 1237 2850 ridens,

111 2884 160 2946 csl
174 2881 281 2960 lromo;
298 2879 332 2944 in
350 2881 561 2950 convertente
579 2889 690 2971 autem
709 2880 817 2945 reilens
843 2877 997 2964 exprimit
1023 2882 1178 2945 acuculam
1195 2879 1239 2945 ri·

14 3012 15 3075 5
112 3006 184 3053 sum
203 3005 290 3052 nunc
304 2987 336 3053 in
349 2988 459 3072 aliquo
474 2988 607 3053 homine
618 2987 877 3073 contingentem:
896 2989 983 3054 unde
998 2988 1103 3072 prima
1122 3007 1241 3074 propo·

113 3096 191 3162 sitio
207 3113 284 3160 vera
297 3105 367 3173 est,
384 3093 511 3162 etiarnsi
526 3096 637 3161 nullus
650 3097 752 3161 lromo
770 3104 845 3162 actu
863 3095 997 3179 rideret;
1011 3114 1108 3163 secus
1122 3115 1242 3182 propo·

113 3201 191 3270 sitio
209 3203 262 3267 illa
279 3213 476 3270 convertens
495 3200 560 3291 (1).

160 3317 213 3395 3?
257 3311 292 3376 ln
323 3309 538 3377 conversione
560 3309 706 3377 iacienda
725 3319 874 3395 oportet,
903 3319 941 3378 ut
967 3309 1132 3397 integrum
1158 3330 1242 3397 prae·
1345 3343 1383 3380 ,ω

114 3417 260 3484 dicatum
293 3437 461 3485 conversae
490 3428 636 3486 transeat
668 3418 701 3484 in
726 3419 913 3504 subjectum
939 3419 1176 3487 convertentis:
1201 3437 1244 3486 ex

115 3526 213 3611 cujus
230 3527 381 3612 praecepti
410 3527 560 3611 neglectu
584 3526 653 3593 lieri
672 3524 763 3591 facile
787 3535 928 3610 possunt
943 3537 1152 3612 praeposterae
1164 3545 1245 3594 con-

116 3632 286 3701 versiones
297 3635 330 3700 in
344 3633 542 3716 quibusdam
557 3633 850 3718 propositionibus.
867 3633 920 3700 Sic
933 3635 1028 3700 hanc:
1046 3635 1133 3700 Deus
1136 3637 1245 3721 sactus

115 3742 275 3817 cstlomo,
294 3737 464 3826 perperam
483 3749 691 3808 converteres
705 3741 738 3807 in
754 3742 842 3808 hunc
858 3742 1009 3810 modum:
1027 3743 1126 3808 Homo
1134 3742 1246 3828 factm

114 3853 166 3916 est
180 3851 282 3927 Deus,
298 3850 375 3934 quia
389 3849 599 3934 praedicatum
615 3867 784 3916 conversae
798 3868 865 3916 non
881 3859 931 3917 est
944 3851 1054 3916 solum
1069 3849 1168 3929 lonso,
1187 3849 1247 3918 sed

114 3957 242 4044 aliquid
250 3957 377 4042 saelum
394 3957 482 4024 lomo
496 3955 566 4045 (2).
582 3958 670 4023 ldem
689 3959 741 4024 dic
759 3958 800 4024 de
819 3959 880 4025 hac
894 3957 968 4023 alia:
984 3958 1115 4043 Lignum
1122 3959 1247 4046 sactum

115 4069 166 4132 cst
178 4065 298 4144 alitem,
318 4083 393 4150 quae
411 4067 581 4151 hoc-pacto
595 4065 740 4150 legitime
753 4065 967 4136 convertitur:
984 4065 1121 4152 Aliquid
1130 4067 1247 4146 factum

116 4173 227 4240 mum
243 4176 291 4240 est
305 4172 425 4258 lignum
442 4170 507 4262 (3).

122 4418 393 4439 m

155 4556 198 4622 (r)
236 4548 366 4610 Loaoeda
379 4549 432 4610 loc.
448 4549 510 4621 cit,
527 4568 592 4623 cap.
603 4569 637 4623 4,
652 4548 777 4626 n.‚8·ro.

153 4641 199 4715 (²)
235 4639 299 4700 cfr.
314 4638 349 4699 3·
362 4639 468 4700 Thom.
485 4662 511 4714 3·
527 4660 557 4713 t>-
570 4659 605 4712 ψ
620 4641 782 4716 1⁶uert17.
798 4655 927 4714 praesen,
940 4641 977 4702 ad
992 4656 1063 4719 qun

154 4732 199 4805 (ᾖ)
236 4725 379 4802 [ostudu.
393 4729 520 4803 loe.eit.,
531 4749 562 4790 n.
581 4730 623 4790 18.
