3492 5525
332 428 408 493 1174

325 585 430 658 positio
445 584 611 643 immediata
625 595 654 642 et
677 598 772 655 perse
795 593 863 641 nota'
877 580 931 654 758

323 696 416 749 seqq:
429 696 487 734 non
502 689 547 733 cst
560 688 658 733 contra
671 687 812 733 ratione-m
828 691 930 743 propo

324 766 438 825 sitionis
453 786 503 837 per
517 786 548 823 sc
562 777 647 831 nota,
663 763 741 833 quod
751 762 931 819 demonstra·
966 784 969 789 ·

323 857 348 915 ri
363 855 454 928 possit
468 853 605 913 indirecte
615 867 643 912 et
660 874 677 911 a
695 849 847 925 posteriori
862 852 929 923 760.-

323 945 427 1005 divisio
448 942 655 1017 propositionis
678 962 728 1014 per
751 961 783 1001 se
809 954 887 999 notae
900 938 931 996 in

325 1056 376 1107 per
403 1056 434 1095 sc
457 1048 556 1094 notam
585 1034 746 1093 secundum
774 1052 805 1089 se
827 1044 856 1089 et
881 1050 931 1101 per

324 1147 354 1183 sc
378 1138 476 1183 notam
504 1125 599 1197 quoad
629 1144 682 1181 nos
706 1120 767 1195 760,
790 1142 807 1179 a
832 1119 932 1179 multis

324 1216 498 1288 reprehensa
534 1216 596 1289 761,
640 1225 843 1285 propugnatur
879 1210 929 1282 765
971 1242 973 1246 ·

323 1326 415 1377 seqq:
432 1303 517 1376 quale
532 1302 659 1362 medium
674 1301 807 1361 excludat
822 1319 930 1371 propo-

323 1395 389 1452 sitio
405 1392 571 1453 immediata
586 1413 636 1451 seu
662 1412 711 1464 per
730 1410 760 1449 se
772 1403 852 1448 mota
866 1391 929 1463 761:

324 1484 457 1555 quamvis
470 1483 590 1555 quidam
605 1482 733 1540 sentiant
743 1479 882 1547 sufficere,
900 1492 931 1537 ut

324 1574 456 1631 excludat
475 1573 603 1631 medium
626 1570 801 1644 cognitionis
823 1571 886 1641 7603
902 1581 932 1625 at

324 1662 502 1733 probabilius
517 1676 571 1730 cst,
582 1662 659 1745 quod
671 1660 821 1718 excludere
831 1660 932 1716 debeat

225 1816 228 1823 ¹
325 1752 452 1809 medium
469 1751 509 1810 rei
523 1752 574 1820 ita,
589 1764 621 1809 ut
635 1750 673 1809 sit
693 1771 760 1809 vere
774 1748 932 1806 indemon-

324 1841 450 1900 strabilis
465 1863 481 1898 a
496 1841 585 1914 priori
595 1842 657 1913 763:
675 1840 761 1912 idque
776 1838 882 1897 sufficit
895 1839 930 1896 ad

324 1931 465 1991 rationem
482 1930 687 2003 propositionis
702 1928 876 1987 immediatae
887 1929 931 1986 vel

325 2040 375 2091 per
389 2040 420 2078 se
435 2035 511 2079 notae
524 2022 574 2094 765
589 2040 681 2091 seqq:
708 2018 786 2076 unde
801 2018 932 2089 proposi-

324 2110 429 2179 tiones,
453 2094 518 2182 quae
542 2124 607 2166 actu
630 2120 846 2181 cognoscuntur
869 2108 933 2165 sine

324 2199 456 2257 discursu
495 2214 612 2271 propter
653 2198 870 2270 experientiam,
906 2196 933 2255 ssi

292 2274 298 2290 ⁸
324 2288 419 2360 quoad
438 2308 498 2345 rem
527 2288 620 2360 ipsam
644 2287 771 2345 medium
795 2288 931 2360 habeant,

325 2398 383 2437 non
398 2391 468 2436 sunt
482 2378 596 2449 proprie
607 2376 771 2435 immediate
782 2378 828 2434 vel
843 2398 892 2447 per
903 2397 933 2434 se
951 2434 954 2439 ,

324 2480 400 2527 notae
420 2469 481 2541 764:
504 2487 638 2538 quaenam
663 2466 875 2539 propositiones
903 2466 933 2525 in

220 2584 228 2603 ο
323 2578 447 2616 numero
465 2577 515 2628 per
537 2578 569 2614 se
593 2572 728 2616 notarum
753 2557 934 2614 recensendae

324 2668 386 2721 770:
425 2646 630 2719 propositionis
656 2646 845 2719 proprietates
881 2667 933 2719 277

324 2757 418 2809 seqq:
435 2736 593 2810 propositio
608 2736 707 2795 eadem
722 2756 790 2796 vera
805 2736 893 2795 simul
904 2749 934 2795 et

324 2827 395 2884 salsa
411 2845 473 2886 esse
485 2826 588 2898 nequit
599 2845 662 2900 454:
680 2845 739 2884 non
753 2827 849 2884 omnis
862 2846 934 2898 pro-

324 2914 429 2990 positio
442 2937 510 2974 vere
524 2915 718 2975 essentialiter
731 2930 759 2975 et
772 2919 809 2976 ab
823 2915 933 2974 intrin-

323 3026 387 3065 seco
401 3026 468 3064 vera
479 3019 522 3064 est
530 3026 594 3078 439:
607 3006 767 3077 propositio
775 3026 843 3062 vcra
851 3019 932 3064 tran-

323 3095 380 3152 aire
396 3095 425 3152 in
441 3095 543 3152 salsam
559 3107 652 3164 potest
665 3113 717 3167 445
733 3114 814 3165 seqq.

289 3185 479 3257 Proprium
494 3185 565 3256 quid
583 3205 642 3260 ¹70·
664 3186 726 3258 748:
743 3199 842 3243 utrum
857 3206 932 3256 prae·

325 3276 484 3333 dicationes
497 3275 533 3332 dc
546 3275 663 3347 proprio
682 3275 741 3332 sint
763 3276 932 3334 necessariae

323 3365 454 3423 veritatis
462 3365 524 3438 748:
542 3365 691 3437 proprium
704 3364 850 3437 quomodo
861 3386 933 3436 prae-

326 3454 440 3512 dicetur
453 3473 515 3527 749.

288 3543 508 3613 Protagoras
538 3564 578 3615 19:
608 3543 671 3615 ejus
702 3541 832 3601 doctrina
858 3542 931 3601 circa

324 3633 474 3692 criterium
490 3651 550 3704 555,
569 3633 741 3704 reprobatur
756 3633 816 3705 576.

290 3721 483 3779 Proudhon
496 3742 542 3794 91.

270 3821 272 3825 '
290 3813 433 3871 Pssllus
447 3811 627 3885 Michael48.

289 3902 429 3975 Pyrrho
443 3903 523 3960 eleus
533 3903 578 3960 28.

287 3994 517 4066 Pythauoras
531 4008 559 4051 et
573 3991 758 4066 Pythagorici
775 4013 815 4066 17,
833 4013 877 4063 70.

291 4101 498 4261 Qualitu
505 4170 575 4243 quid
587 4184 615 4230 et
622 4170 781 4243 quotuplex
794 4173 853 4242 181,
862 4192 931 4245 pro·

324 4261 461 4334 prietates
484 4261 613 4333 ejusdem
635 4260 694 4318 182:
716 4261 844 4332 qualitas
864 4283 931 4333 pro-

325 4352 502 4425 positionum
516 4370 579 4424 295,
602 4349 735 4409 bilariam
754 4351 931 4412 considerari

326 4454 421 4514 potest
438 4461 501 4514 252.

290 4532 449 4600 uuanda
464 4550 558 4590 unum
575 4531 613 4590 de
627 4529 857 4602 praedicamentis
869 4530 929 4604 184,

291 4622 485 4682 namura·
512 4620 582 4694 quid
613 4634 647 4678 et
676 4621 834 4693 quotuplex
868 4622 927 4686 180.

321 4712 455 4787 eiusdem
478 4713 669 4787 proprietates
697 4711 931 4784 nequeuntes

834 380 1078 469 lanan-annius

1013 581 1244 655 propositionum
1276 600 1336 655 145,
1365 581 1512 641 undenam
1540 583 1614 654 iudi-

1013 673 1106 731 canda
1118 671 1180 745 25οῑ
1192 672 1342 744 quantitas
1351 670 1511 731 indefinitae
1519 692 1615 745 propo

1013 778 1130 823 sationis
1144 780 1208 835 250.

988 870 1119 1003 Raeto
1141 941 1213 1013 quid
1230 942 1291 1014 568:
1307 941 1371 1011 eius
1393 940 1537 1000 veracitas
1559 942 1615 1014 588,

1016 1053 1077 1109 597;
1097 1034 1174 1093 ratio
1201 1033 1332 1091 formalis
1352 1052 1414 1106 quoe
1441 1043 1471 1090 et
1495 1034 1548 1089 sub
1566 1054 1615 1107 qua

1014 1138 1044 1181 et
1061 1122 1265 1181 formalissima
1277 1124 1332 1180 sub
1346 1142 1404 1196 quo
1416 1142 1480 1194 92οε
1504 1123 1615 1181 ratioet
1718 1121 1720 1130 '

1015 1213 1103 1271 Fides
1118 1225 1222 1269 mutuo
1238 1230 1269 1269 se
1291 1213 1406 1283 juvant,
1423 1212 1531 1269 nedum
1546 1212 1617 1268 inter
1718 1201 1720 1228 ¹

1014 1322 1045 1361 se
1057 1316 1189 1375 pugnent
1198 1303 1250 1374 962
1263 1321 1357 1373 seqq:
1369 1322 1435 1373 quae
1448 1316 1519 1359 sunt
1533 1321 1617 1373 supra
1718 1355 1720 1378 Ι

1015 1394 1167 1462 rationem,
1201 1391 1326 1449 absurde
1353 1392 1495 1450 dicuntur
1521 1406 1618 1451 contra
1718 1385 1720 1424 t

1016 1484 1157 1541 rationem
1176 1485 1239 1554 962.

980 1573 1222 1631 Ratiocinlum
1240 1571 1311 1644 quid
1326 1593 1377 1645 312
1393 1593 1474 1644 seqq.
1490 1574 1555 1643 ejus
1566 1573 1619 1631 ele-

1003 1676 1114 1721 ·menta
1129 1662 1289 1720 necessaria
1314 1682 1375 1735 317:
1396 1663 1557 1735 quotuplex
1570 1684 1620 1719 ra-

1017 1752 1166 1811 tiocinium
1181 1755 1243 1826 318,
1261 1756 1321 1827 568:
1346 1768 1445 1811 utrum
1465 1752 1621 1810 ratiocina-

1016 1842 1094 1899 tione
1118 1862 1199 1900 novae
1212 1844 1388 1916 detegantur
1411 1841 1550 1899 veritates
1569 1842 1621 1913 847

1016 1951 1097 2002 seqq.

982 2021 1185 2078 Rationalis
1196 2020 1353 2092 propositio
1363 2042 1425 2094 27τ.

982 2110 1286 2167 Rationaslismufl
1298 2110 1394 2167 nullas
1400 2126 1566 2182 agnoscens
1577 2130 1623 2166 vc·

1018 2200 1118 2257 ritates
1137 2200 1300 2257 humanum
1329 2213 1448 2270 captum
1470 2214 1623 2256 transcen·

1017 2289 1119 2345 dentes
1132 2308 1196 2360 950,
1216 2287 1387 2361 profligatur
1399 2306 1453 2360 950
1468 2307 1551 2359 seqq.

982 2378 1232 2436 Rationallstae
1255 2399 1298 2451 53,
1312 2380 1358 2447 82,
1379 2379 1425 2447 88,
1444 2398 1489 2450 9ο,
1509 2399 1546 2450 92
1575 2399 1622 2449 93³

1018 2469 1265 2528 rationalistarum
1279 2470 1387 2541 objecta
1400 2480 1502 2527 contra
1511 2470 1626 2526 verita-

1019 2573 1062 2618 tes
1085 2560 1214 2617 hominis
1234 2572 1351 2633 captum
1373 2561 1543 2619 excedentes
1563 2561 1625 2617 dis·

1019 2648 1154 2721 sipantur
1167 2668 1221 2721 959
1234 2670 1318 2721 seqq.

983 2738 1221 2811 Raymundus
1236 2738 1349 2797 Lollius
1363 2740 1407 2798 60.

983 2822 1222 2901 Raymundu's
1237 2829 1347 2888 Martia
1365 2831 1408 2902 56.

983 2921 1221 2993 Raymnndus
1235 2919 1376 2978 Sabande
1393 2922 1440 2978 62.
1718 2968 1720 2993 ,

983 3009 1186 3068 Realismus
1195 3007 1307 3082 rigidus
1319 3031 1351 3066 ac
1367 3013 1546 3081 temperatus
1558 3014 1624 3086 654:

1018 3098 1130 3171 rigidus
1152 3098 1240 3156 variae
1259 3098 1408 3170 expositus
1422 3121 1456 3157 ac
1476 3100 1625 3160 defensus.

1016 3208 1034 3245 a
1050 3187 1207 3246 Platonicis
1221 3191 1284 3261 672,
1300 3189 1446 3260 ontologis
1457 3191 1522 3260 667,
1546 3211 1625 3262 pan·

1018 3277 1133 3336 theistis
1144 3278 1208 3348 663,
1232 3278 1422 3351 scotistis·663
1436 3299 1533 3350 seqq,
1546 3280 1627 3338 aliis-

1017 3388 1074 3438 que
1086 3368 1149 3440 655,
1164 3369 1227 3437 666,
1243 3367 1415 3440 singillatim
1429 3369 1558 3440 rejicitur
1571 3373 1626 3427 666

1017 3477 1098 3528 seqq.
1115 3470 1142 3514 et
1149 3458 1204 3532 678
1214 3477 1308 3529 seqq:
1323 3458 1624 3532 realismustempera·

1017 3561 1066 3606 tus
1079 3548 1143 3606 luse
1157 3562 1360 3622 propugnatur
1372 3550 1426 3622 699
1439 3568 1522 3621 seqq.

982 3637 1093 3695 Recto
1114 3637 1183 3708 (in),
1205 3637 1277 3708 quid
1291 3637 1330 3696 sit
1351 3636 1509 3711 significari
1530 3638 1561 3697 in
1576 3661 1626 3697 re-

1018 3741 1065 3786 cto
1082 3745 1142 3799 145.

937 3805 940 3809 ’
982 3817 1228 3889 Reduplloans
1255 3817 1396 3889 particula
1421 3831 1518 3891 potest
1547 3819 1625 3878 sumi

1017 3907 1210 3979 specificative
1223 3919 1253 3965 et
1266 3907 1472 3979 reduplicatire
1484 3929 1548 3982 275.

981 3996 1262 4069 Redupllcntlva
1275 3997 1434 4070 propositio
1448 4017 1524 4074 275.

982 4086 1142 4143 Ressexlo
1154 4086 1227 4158 quid
1252 4086 1302 4145 108
1315 4086 1346 4144 in
1361 4101 1450 4146 notat·
1460 4089 1627 4164 outologiea

1015 4189 1045 4233 et
1059 4175 1262 4249 psychologica
1277 4177 1337 4234 128.

981 4264 1072 4323 Reid
1094 4266 1232 4337 Thomas,
1256 4279 1358 4324 auctor
1381 4265 1489 4325 schola
1513 4269 1628 4328 scotice

1015 4356 1061 4424 85:
1084 4355 1149 4426 ejus
1178 4355 1277 4429 opinio
1298 4356 1375 4415 eirca
1388 4357 1537 4417 criterium
1565 4379 1627 4433 534,

1017 4443 1186 4505 confutatur
1199 4448 1261 4518 536.

981 4534 1122 4593 Relatio
1144 4535 1217 4607 quid
1239 4548 1269 4596 et
1289 4536 1450 4609 quotuplex
1476 4537 1537 4599 182:
1560 4561 1629 4613 pro-

1017 4624 1153 4696 prietates
1166 4624 1316 4684 relationis
1333 4627 1396 4686 182.

981 4714 1150 4774 Rolatlva
1167 4713 1313 4789 oppositio
1336 4735 1396 4791 ¹52³
1417 4715 1542 4781 relativa
1563 4739 1629 4794 pra·
