3492 5525
554 424 608 491 522
670 412 795 478 Locren
810 413 1224 490 Maron-Lm..1u·,ursr›.
1241 430 1287 480 a·
1301 416 1379 481 Cur.
1398 432 1469 499 μω

511 598 612 663 modo
630 599 758 684 cogitur
776 599 817 665 ad
845 598 1024 666 videndum
1049 599 1164 665 oculus
1190 608 1339 684 apertus,
1372 599 1542 684 proposito
1567 598 1636 665 sibi

510 706 708 773 sufficienter
726 707 870 793 object03
891 706 1107 790 nequeenim
1132 716 1239 792 potest
1259 707 1420 774 visionem
1441 726 1561 792 ponere
1576 708 1634 773 vel

510 832 717 899 compescere
735 834 795 899 pro
814 814 931 881 lubitu.
949 815 1092 898 Utraque
1107 817 1166 881 hac
1186 817 1380 882 necessitate
1395 814 1483 881 beati
1498 816 1531 882 in
1544 817 1633 881 caelo

510 922 615 988 Deum
631 931 758 999 amant,
774 922 933 1006 quianon
949 924 1049 989 modo
1064 932 1234 1006 nequeunt
1246 924 1355 1008 ipsum
1370 924 1494 999 odisse,
1510 941 1631 989 verum
1730 951 1731 1016 }

510 1048 616 1112 neque
644 1030 686 1095 ab
713 1050 824 1095 amore
852 1029 907 1096 illo
934 1029 1131 1096 suavissimo
1160 1049 1300 1097 cessare.
1329 1031 1368 1096 Et
1401 1032 1477 1097 huic
1509 1031 1632 1116 duplici

510 1138 691 1204 necessitati
711 1158 728 1202 e
747 1134 907 1205 convelso
926 1139 1047 1223 duplex
1065 1138 1197 1206 libertas
1215 1141 1403 1223 respondet.
1730 1211 1731 1220 ,

575 1242 721 1321 Quaestio
748 1248 858 1331 itaque
885 1265 1029 1330 praesens
1051 1246 1177 1313 institui
1204 1255 1314 1331 potest
1341 1248 1382 1313 de
1414 1245 1534 1331 duplici
1568 1249 1631 1311 bac
1730 1245 1732 1338 i

509 1354 716 1435 necessitate3
747 1364 857 1420 utrum
889 1355 1044 1421 nimirum
1069 1354 1205 1421 evidens
1231 1355 1398 1439 objectum
1426 1354 1470 1421 ita
1490 1353 1631 1439 pelliciat
1730 1401 1731 1416 .

507 1461 548 1527 ad
567 1448 757 1538 assensum,
779 1470 814 1527 ut
833 1462 1014 1529 intellectus
1043 1471 1182 1545 nequeat
1210 1462 1400 1538 dissentire,
1429 1464 1523 1528 vele
1549 1481 1634 1528 con-

509 1585 619 1650 verso;
640 1577 673 1633 et
692 1579 801 1635 utrum
822 1569 864 1634 ita
880 1570 920 1635 ad
940 1570 1186 1636 assentiendum
1211 1571 1343 1653 praecise
1363 1571 1415 1636 vel
1434 1569 1632 1636 dissentien-

508 1676 587 1741 dum
603 1677 812 1755 determinet,
830 1687 883 1753 ut,
897 1678 1024 1763 objecto
1038 1678 1221 1762 proposito,
1233 1689 1344 1745 actum
1356 1679 1465 1763 ipsum
1475 1696 1629 1745 assensus
1730 1731 1731 1734 η

510 1786 562 1849 vel
582 1784 751 1851 dissensus
771 1794 912 1868 nequeat
925 1786 1138 1869 suspendere.

294 1897 327 1943 De
338 1898 496 1956 quaenunt·
556 1900 607 1958 a.⁰
651 1890 798 1967 Quaestio
812 1892 1022 1977 intelligenda
1036 1903 1085 1959 est
1099 1895 1140 1959 de
1154 1895 1206 1959 illa
1219 1894 1397 1970 evidentia,
1412 1912 1487 1977 quae
1499 1894 1629 1961 nullum

353 1981 438 2025 ‘'m''
512 2002 621 2066 locum
639 2000 799 2083 relinquat
817 1999 918 2066 dubio
933 2020 969 2065 ac
989 1999 1168 2079 formidini,
1190 2003 1241 2067 vel
1259 2001 1533 2084 imprudentibus.

556 2122 606 2191 3.⁰
652 2106 797 2190 Itemque
816 2109 856 2173 de
876 2108 1037 2173 evidentia
1052 2119 1124 2176 turn
1140 2108 1326 2175 immediata
1340 2115 1413 2175 tum
1429 2108 1580 2174 mediata.

556 2285 611 2355 79.
661 2270 854 2335 Puoeostrto
879 2276 925 2333 1.⁸
951 2276 1085 2335 Verum
1113 2275 1290 2337 evidenter
1312 2292 1480 2354 apparens
1498 2276 1631 2337 intelle·
1730 2281 1731 2314 r

508 2391 605 2443 ctum
625 2382 810 2444 necessitat
826 2382 937 2461 quoad
956 2382 1256 2459 specificationem.
1730 2369 1731 2396 ¹

575 2539 618 2603 lta
633 2538 730 2603 sentit
745 2538 932 2603 communis
950 2546 1120 2603 auctorum
1140 2538 1262 2623 opinio:
1392 2618 1398 2628 .

553 2652 653 2713 Prob.
679 2653 726 2715 r.⁰
771 2644 893 2728 Nequit
906 2646 1088 2711 intellectus
1106 2647 1258 2731 amplecti
1278 2645 1479 2712 enuntiabile
1496 2642 1629 2709 eviden-

507 2766 556 2820 ter
574 2754 706 2822 falsum.
726 2752 788 2819 Sed
804 2754 830 2820 si
849 2753 1033 2821 intellectus
1053 2763 1163 2839 posset
1180 2754 1351 2822 dissentire
1366 2773 1444 2820 vero
1469 2752 1625 2827 evidenti,

507 2863 756 2945 amplecteretur
774 2862 971 2928 enuntiabile
990 2863 1157 2928 evidenter
1176 2864 1306 2928 laisum.
1327 2862 1452 2946 Ergo...

574 2975 690 3037 Minor
708 2979 813 3053 patet,
833 2971 908 3053 quia
923 2969 1120 3035 enuntiabile
1139 2969 1328 3055 oppositum
1347 2969 1435 3035 alteri
1459 2969 1627 3034 evidenter

509 3096 602 3154 vero,
624 3075 791 3142 evidenter
810 3078 927 3144 laisum
948 3087 1010 3143 est.
1040 3077 1121 3143 Etsi
1142 3079 1284 3161 primum
1305 3088 1340 3144 ut
1360 3095 1476 3143 verum
1506 3094 1628 3160 cogno

508 3186 619 3260 scitur,
641 3185 738 3250 etiam
757 3186 894 3251 alterum
915 3193 951 3250 ut
966 3187 1083 3250 salsum
1102 3194 1331 3270 cognoscatur,
1354 3203 1487 3250 necesse
1501 3196 1564 3250 est.

575 3299 688 3376 Maior
709 3302 813 3376 patet:
848 3290 883 3380 α)
911 3293 1124 3376 experientia,
1155 3292 1231 3376 quia
1264 3293 1480 3377 quantumvis
1512 3291 1626 3374 aliquis

509 3401 610 3486 possit
638 3399 827 3468 mentiendo
852 3419 970 3484 negare
992 3400 1158 3466 evidenter
1177 3420 1272 3476 vera,
1302 3402 1352 3466 vel
1372 3400 1532 3466 affirmare
1561 3398 1626 3464 evi-

509 3512 618 3575 denter
639 3508 730 3584 ialsa,
758 3507 847 3573 intus
870 3517 982 3572 tamen
1002 3505 1165 3573 inanimo
1191 3509 1224 3574 id
1248 3507 1319 3573 fieri
1339 3528 1359 3572 a
1382 3507 1513 3572 nemine
1531 3523 1626 3590 posse
1730 3582 1731 3587 η

509 3615 694 3701 experimur
708 3612 775 3702 (r);
797 3613 833 3702 β)
852 3614 988 3692 ratione,
1017 3615 1093 3699 quia
1113 3618 1201 3682 nulla
1219 3616 1365 3699 potentia
1381 3614 1487 3682 tendit
1505 3617 1537 3682 in
1558 3634 1625 3679 ma-

509 3726 578 3790 lum
598 3743 713 3796 suum,
740 3723 832 3807 quod
860 3724 982 3787 nullam
1003 3724 1120 3790 babeat
1138 3723 1215 3790 boni
1236 3725 1395 3808 speciem;
1420 3742 1513 3790 secus
1538 3724 1623 3789 enim

508 3833 587 3899 vitio
606 3829 751 3915 ingenito
769 3838 970 3914 turparetur,
991 3831 1136 3916 illudque
1156 3817 1290 3916 proinde
1314 3832 1347 3896 in
1371 3831 1480 3916 ipsum
1506 3831 1626 3896 Aucto

510 3959 577 4005 rem
594 3951 717 4006 naturae
736 3939 979 4004 retundendum
1000 3941 1093 4005 soret.
1114 3939 1277 4020 jamvero
1296 3941 1415 4007 falsum
1434 3947 1484 4005 est
1503 3941 1624 4004 malum

508 4048 707 4124 intellectus,
725 4046 809 4112 sicut
823 4065 937 4112 verum
958 4055 1007 4112 est
1025 4048 1171 4132 ejusdem
1191 4048 1334 4128 bonum;
1349 4066 1492 4131 cumque
1512 4047 1624 4112 falsum

509 4154 645 4222 evidens
664 4161 734 4230 est,
763 4155 886 4219 nullam
906 4161 1014 4237 potest
1036 4154 1155 4220 habere
1174 4155 1241 4221 veri
1269 4155 1425 4240 speciem.
1445 4152 1524 4219 Fieri
1551 4172 1626 4238 ergo

511 4282 578 4328 non
597 4269 716 4346 potest,
735 4270 771 4327 ut
783 4259 967 4328 intellectus
980 4263 1097 4328 laisum
1113 4261 1260 4339 evidens,
1281 4279 1339 4328 seu
1354 4261 1628 4345 evidenterappa-
1730 4248 1731 4297 ἕ

511 4388 600 4446 rens,
616 4378 713 4454 prout
727 4369 790 4434 tale
805 4372 1032 4453 amplectatur.
1730 4364 1731 4371 ’

545 4623 586 4691 (ι)
623 4620 699 4678 Vide
715 4618 747 4678 S.
763 4620 882 4689 Thom,
902 4628 938 4679 r.·
951 4622 1123 4688 Posterior..
1140 4621 1203 4679 lect.
1222 4639 1256 4692 19
1267 4631 1341 4690 poet.
1356 4616 1484 4677 initium.
1500 4614 1562 4675 cir.
1573 4635 1626 4675 au·
1730 4634 1732 4733 ἱ

511 4709 608 4784 perius
621 4709 698 4768 dicta
713 4729 741 4768 n.
757 4731 802 4783 49.
1730 4738 1731 4781 p
