3492 5525
262 469 376 532 Anne.
396 483 454 532 aa·
470 468 656 534 anorcrr.
674 489 717 533 oe
731 487 849 536 corten.
867 491 910 536 er
923 491 1122 536 sesentiens
1156 491 1214 555 733

131 649 268 717 Scotum
288 647 351 738 (t),
372 669 473 735 quem
491 663 676 736 sequuntur
691 651 836 720 Scotistae
854 651 919 742 (2),
937 664 970 722 et
989 657 1024 724 P.
1045 655 1171 724 Rubius
1190 653 1254 745 (3),

132 755 266 824 Rhodes
283 755 336 846 (4)
353 768 387 824 et
405 760 662 828 bartholomeus
681 761 815 828 Amicus
835 759 900 849 (5).

201 871 280 950 Jam
292 871 397 934 relate
414 871 457 932 ad
475 871 740 951 predicationem
762 869 1000 938 differentiae
991 889 1024 940 tn
1043 870 1203 936 abstracto
1217 869 1257 935 de

132 971 254 1056 specie,
276 982 313 1039 ut
330 974 357 1039 si
375 972 574 1040 rationalitas
591 975 781 1059 predicetur
800 976 840 1042 de
858 977 1060 1115 humanitate,
1083 978 1186 1062 major
1209 984 1259 1043 est

132 1089 305 1146 auctorum
325 1080 499 1148 dissensio.

201 1186 321 1255 Suarez
339 1187 503 1255 existimat
526 1188 770 1273 praedicationes
789 1188 1015 1276 hujusmodi'
1005 1209 1038 1257 m
1059 1167 1165 1277 rigore
1188 1209 1260 1257 esse
1356 1207 1361 1215 ’

136 1295 246 1372 falsas,
279 1295 354 1380 quia
384 1293 505 1362 initiis
538 1315 646 1363 revera
678 1297 857 1366 differentia
893 1317 960 1365 non
987 1299 1179 1383 praedicatur
1203 1317 1260 1383 per

134 1403 272 1469 modum
292 1400 640 1488 ·dirterentiae‚'nempe
660 1405 692 1470 in
710 1407 801 1489 quale
813 1407 903 1490 quid,
925 1406 976 1472 hic
1002 1407 1090 1472 enim
1114 1417 1164 1472 est
1186 1425 1262 1489 pro-

135 1511 226 1595 prius
246 1511 364 1577 modus
390 1512 584 1596 praedicandi
602 1512 831 1590 differentiam,
852 1513 912 1580 sed
936 1513 1046 1598 potius
1070 1512 1262 1599 praedicatur

111 1615 115 1622 '
134 1626 175 1682 ut
191 1625 260 1684 tota
283 1627 316 1684 et
334 1617 461 1704 integra
479 1620 559 1685 ratio
578 1617 708 1703 speciei,
734 1629 766 1686 et
785 1622 828 1686 ita
849 1607 947 1687 efficit
971 1639 1104 1688 sensum
1129 1622 1264 1688 salsum.

134 1725 220 1792 Cum
239 1745 318 1812 ergo
336 1725 467 1793 aliunde
491 1735 631 1810 nequeat
659 1727 840 1794 differentia
861 1727 894 1793 in
917 1727 1080 1795 abstracto
1098 1725 1261 1813 praedicari

134 1841 174 1898 ut
187 1853 293 1919 genus
307 1834 347 1900 de
363 1833 485 1900 ratione
500 1833 660 1920 specifica,
676 1835 836 1918 reliquum
853 1845 919 1914 est,
933 1844 970 1902 ut
984 1853 1050 1902 non
1067 1837 1168 1920 possit
1182 1854 1262 1919 prae·

135 1940 233 2007 dicari
260 1941 397 2008 omnino
420 1940 600 2009 differentia
624 1941 657 2008 in
684 1941 848 2009 abstracto
870 1942 913 2010 de
935 1943 1055 2027 specie.
1081 1941 1148 2008 Nec
1172 1941 1261 2008 dicas

123 2047 350 2142 'differentiam
366 2067 436 2115 esse
455 2049 495 2114 de
507 2050 647 2116 essentia
661 2047 790 2133 speciei:
805 2049 898 2133 quia,
915 2049 1067 2135 quamvis
1087 2048 1119 2115 id
1133 2049 1262 2115 verissi-

136 2174 230 2221 mum
250 2156 304 2231 sit,
324 2165 435 2221 tamen
455 2157 507 2221 iile
527 2157 647 2222 modus
665 2157 854 2222 enuntiandi
875 2175 941 2223 non
961 2158 1024 2223 hoc
1038 2159 1145 2223 solum
1160 2155 1261 2241 signi-

133 2262 225 2340 ficat,
246 2263 321 2346 quia
340 2264 498 2330 abstracta
517 2282 647 2348 semper
674 2264 900 2350 intelliguntur
924 2264 1084 2349 praedicari
1112 2265 1145 2329 in
1169 2263 1259 2348 quid,

136 2389 175 2436 ac
195 2370 329 2455 proinde
348 2371 398 2435 vel
423 2381 459 2437 ut
477 2389 583 2456 genus
604 2372 653 2437 vei
674 2381 710 2436 ut
733 2373 869 2456 species.
894 2372 979 2439 Cum
1007 2391 1086 2456 ergo
1108 2383 1260 2438 neutrum

136 2479 181 2544 sit
203 2477 394 2554 differentia,
422 2479 534 2562 nequit
559 2478 721 2564 praedicari
741 2478 773 2544 in
793 2479 956 2546 abstracto
981 2479 1022 2544 de
1046 2479 1169 2544 ratione
1188 2496 1264 2562 spe-

136 2585 210 2660 ciei,
231 2586 289 2652 sed
315 2587 423 2652 solum
444 2587 476 2652 in
504 2596 658 2652 concreto
676 2584 740 2674 (6).
772 2588 938 2654 Hurtadus
958 2605 1035 2653 vero
1060 2585 1259 2653 contrarium

137 2693 250 2760 sentit.
738 2708 743 2718 '

185 2802 238 2870 6.⁰
284 2810 451 2871 concreta
472 2807 619 2887 denique
637 2808 852 2872 substantiva
869 2824 941 2871 non
964 2808 1199 2887 praedicantur
1221 2804 1265 2868 de
1324 2818 1371 2866 con
1373 2829 1430 2866 aa·

137 2914 337 2989 abstractis,
359 2919 394 2976 ut
412 2910 439 2977 si
458 2910 560 2976 dicas:
581 2910 790 2978 Rationaiitas
814 2914 861 2976 est
877 2910 981 2978 bomo
1009 2909 1169 2976 Concreta
1186 2927 1265 2974 vero
1284 2906 1312 2938 '¹¹
1296 2892 1408 3019 mim
1401 2906 1478 3007 Τ

138 3016 296 3102 adjectiva
314 3026 398 3083 recte
410 3018 625 3102 praedicantur
636 3018 676 3083 de
687 3017 877 3103 abstractis,
893 3036 968 3099 quae
980 3025 1059 3084 sunt
1071 3016 1264 3082 eorumdem
1298 3033 1326 3078 a
1335 3033 1409 3079 san
1410 3033 1459 3087 erar

138 3125 314 3209 subjecta,
333 3135 368 3192 ut
397 3126 429 3191 in
449 3124 507 3191 hac
531 3124 771 3191 enuntiatione:
797 3124 989 3191 Humanitas
1015 3130 1063 3190 cst
1086 3118 1359 3203 rationalis-⁰02³
1330 3112 1393 3232 aa:
1393 3176 1437 3221 o
1410 3118 1460 3149 '⁶¹⁰

140 3248 208 3298 non
228 3251 306 3299 vero
324 3232 365 3299 de
384 3234 452 3299 aliis
470 3231 619 3300 diversis.
1288 3264 1372 3307 rouen
1341 3247 1474 3303 rotrude

209 3340 301 3408 Ratio
320 3340 413 3423 primi
426 3349 493 3416 est,
514 3358 589 3424 quta
599 3349 747 3406 concreta
758 3340 980 3415 substantiva,
1003 3340 1119 3423 piaeter
1136 3340 1265 3403 forman
1315 3319 1442 3436 affinga

140 3448 350 3525 abstractam,
371 3446 490 3531 aliquid
510 3448 596 3514 aliud
622 3448 804 3514 includunt.
826 3446 944 3531 Excipe
959 3465 1090 3530 semper
1109 3445 1268 3511 attributa·

144 3552 253 3621 divina
270 3564 304 3621 et
322 3556 495 3639 praedicata
512 3556 788 3623 transcendentia.
1381 3598 1404 3647 0

210 3663 303 3730 Ratio
320 3663 454 3729 secundi
473 3671 538 3740 est,
559 3663 636 3746 quia
649 3671 799 3729 concreta
814 3662 971 3747 adjectiva
984 3659 1062 3727 nihii
1079 3660 1263 3735 continent,

140 3770 233 3853 quod
253 3789 318 3837 non
338 3770 543 3838 contineatur
568 3768 600 3835 in
620 3770 798 3846 abstracto,
820 3769 909 3853 quod
935 3770 977 3836 sit
1001 3769 1132 3835 iliorum
1158 3766 1267 3851 subje-

140 3886 246 3955 ctum,
266 3886 302 3944 ut
321 3888 408 3963 patet
428 3878 460 3945 in
480 3880 576 3945 allato
600 3879 767 3963 exemplo.

180 4129 222 4202 (ι)
259 4128 292 4188 ln
310 4138 348 4187 ιθ
360 4126 429 4187 dist.
444 4148 471 4196 a,
487 4148 516 4199 q.
533 4148 561 4209 7,
576 4139 605 4185 et
618 4126 688 4186 dist.
706 4146 732 4200 ς,
749 4146 778 4199 q.
800 4148 824 4185 r.

180 4222 221 4286 (a)
258 4218 334 4276 Vide
347 4217 503 4277 Mestrium
517 4216 548 4276 in
568 4216 684 4293 Orgctn.
705 4217 814 4287 Arist..
834 4214 912 4289 disp.
934 4234 976 4287 ro,
991 4226 1097 4289 quart.
1122 4225 1147 4288 3,
1170 4226 1226 4273 art.
1242 4232 1270 4284 23

145 4307 296 4377 Pontium,
309 4307 413 4385 Logic.
429 4304 506 4379 disp.
521 4327 547 4379 3,
563 4324 592 4379 q.
610 4326 637 4380 7,
654 4304 793 4365 Consiua.
808 4326 834 4377 3.

181 4399 222 4471 (3)
259 4398 378 4474 Logia,
394 4406 476 4456 tract.
492 4396 812 4467 deProedieatiom'bus,
826 4415 855 4454 n.
871 4413 915 4469 14.

182 4492 222 4563 (4)
258 4487 372 4545 Philas.
386 4489 495 4562 perip„
511 4484 560 4544 lib.
580 4506 604 4544 r.
615 4484 692 4559 disp.
705 4508 734 4558 ς,
750 4505 780 4558 q.
803 4506 827 4555 r,
840 4498 910 4545 sect.
926 4504 953 4555 a,
969 4502 1086 4558 paragr.
1101 4501 1129 4553 a,
1143 4482 1218 4541 Dico
1230 4493 1273 4556 4.·

182 4576 223 4649 (ri
259 4578 372 4652 roge,
389 4589 472 4635 tuct-
487 4595 516 4648 4,
533 4594 562 4647 ‹1-
582 4596 610 4649 o,
625 4575 697 4633 dub·
714 4592 740 4649 ε,
756 4578 848 4635 concl-
867 4582 918 4649 4¹.

182 4668 223 4735 (6)
258 4666 334 4724 Vide
360 4664 460 4736 Suam,
479 4664 533 4725 loc.
553 4664 602 4724 eit.
620 4684 649 4723 n.
667 4682 680 4732 ς
695 4678 724 4725 et
738 4684 755 4739 7
770 4664 801 4725 in
819 4664 924 4724 medio.
944 4662 1011 4723 Cir.
1024 4662 1119 4724 Amici
1133 4662 1194 4725 ior.
1209 4659 1271 4735 sit,

144 4756 325 4830 Conclusa.
