3492 5525
315 468 430 531 Anrrc.
455 480 515 531 nv·
536 465 657 531 Unrres
678 484 720 530 ur
740 484 906 533 eerrruoo
927 466 1152 558 Univenseers
1192 467 1248 545 651

235 658 346 735 major
364 658 454 734 patet
471 668 512 715 ex
531 649 800 735 praecedentibus.

235 765 351 827 Minor
372 768 482 825 autem
512 756 604 824 facile
634 756 801 842 probatur.
832 755 918 833 Quia
946 758 1001 824 «si
1029 757 1137 825 unitas
1168 766 1292 825 naturae

168 864 375 943 universalis,
392 876 428 933 ut
444 863 635 933 universalis
650 874 715 941 est,
733 864 1001 950 multiplicaretur
1018 866 1052 931 in
1069 865 1289 942 interioribus,

168 972 436 1059 multiplicaretur
454 972 563 1039 unitas
578 971 732 1055 specifica
750 972 783 1039 in
803 971 996 1049 individuis,
1017 974 1069 1040 vel
1087 971 1240 1059 generice
1257 972 1290 1039 in

166 1080 352 1165 speciebus3
372 1082 462 1165 quod
480 1092 530 1149 est
549 1078 762 1165 impossibile.
782 1080 939 1166 Alioquin
958 1088 991 1146 et
1009 1083 1120 1166 plures
1139 1080 1291 1147 nomines

166 1198 278 1257 essent
292 1190 401 1273 plures
418 1189 558 1272 species,
580 1195 612 1253 et
631 1187 859 1271 unusquisque
886 1208 1003 1255 eorum
1031 1188 1165 1255 haberet
1192 1190 1224 1255 in
1253 1207 1290 1255 se

167 1298 324 1363 unitatem
344 1296 612 1373 universalitatis,
631 1306 664 1362 et
682 1305 924 1379 consequenter
947 1296 1178 1381 unusquisque
1203 1305 1290 1362 esset

166 1424 254 1472 unus
272 1405 512 1481 universaliter,
528 1404 614 1471 sicut
632 1412 683 1470 est
703 1421 790 1470 unus
809 1404 1006 1470 formaliter:
1022 1404 1112 1488 quod
1126 1416 1176 1473 est
1195 1405 1290 1488 plane

166 1513 344 1599 falsumv(
372 1509 397 1599 ).

232 1621 343 1704 ltaque
369 1620 542 1704 requiritur
567 1618 701 1704 quidem
730 1620 771 1685 ad
797 1620 980 1687 universale
1005 1620 1113 1686 unitas
1131 1620 1286 1698 formalis,

165 1729 224 1795 sed
250 1746 315 1815 non
341 1727 481 1803 sufficit,
514 1746 574 1794 nec
603 1736 653 1793 est
681 1725 809 1811 propria
837 1738 870 1795 et
899 1727 1152 1796 characteristica
1182 1730 1289 1801 unitas

166 1836 366 1905 universalis.

234 1946 327 2028 llaec,
349 1953 386 2010 ut
404 1944 513 2019 vides,
535 1952 682 2029 spectant
700 1942 859 2009 unitatem
876 1945 1047 2012 formalem
1066 1945 1098 2011 in
1115 1964 1155 2011 eo
1172 1964 1284 2023 sensu,

165 2072 267 2137 quern
291 2070 367 2119 cunr
392 2051 540 2137 pluribus
558 2049 760 2136 gravissimis
777 2050 849 2119 ΛΑ.
869 2050 1020 2137 superius
1037 2050 1301 2137 explicavimus(

166 2160 328 2227 Caeterum
357 2158 397 2225 de
420 2160 547 2225 formali
573 2159 713 2234 unitate,
734 2159 774 2224 ad
793 2169 940 2225 mentem
956 2161 1188 2226 nonnullorum
1209 2160 1285 2227 Sco-

165 2268 313 2334 tistarum
333 2268 513 2343 intellecta,
533 2266 665 2332 inferius
677 2265 904 2350 disputabitur.

231 2380 351 2442 Tertia
361 2396 443 2457 pere
457 2377 497 2439 de
509 2371 628 2439 unitate
636 2373 869 2439 similitudinis.
881 2375 965 2440 Nem
980 2375 1086 2442 unitas
1095 2376 1286 2442 universalis
1332 2387 1460 2469 ¹necrol-a

166 2493 216 2548 est
234 2501 309 2547 vera
329 2482 436 2565 unitas
461 2481 614 2569 opposita
634 2480 822 2564 pluralitati,
844 2500 983 2564 eamque
1005 2484 1195 2551 excludens.
1220 2483 1290 2551 Sed
1319 2472 1409 2503 ’'¹⁰¹¹‘'
1427 2472 1469 2501 ¹⁰¹⁸

165 2590 343 2656 similitudo
362 2596 487 2673 pugnat
505 2607 580 2655 cum
601 2568 724 2655 unitate
744 2607 835 2664 vera,
856 2598 889 2653 et
904 2590 1113 2655 essentialiter
1132 2590 1286 2675 importet

166 2696 400 2782 pluralitatem,
416 2714 493 2763 cum
513 2695 556 2763 sit
573 2695 685 2763 relatio
705 2696 874 2782 quaedam,
892 2697 1002 2763 relatio
1020 2706 1130 2764 autem
1146 2700 1286 2766 vindicet

164 2814 310 2872 extrema
330 2805 468 2871 invicem
489 2806 649 2888 opposita.

231 2919 363 2980 Ultima
381 2935 462 2996 pars
481 2930 547 2978 non
566 2920 616 2977 est
635 2911 694 2978 nisi
713 2913 921 2980 corollarium
941 2915 1209 2997 praecedentium.
1299 2944 1391 2990 ..nne
1406 2943 1497 2992 nm,

230 3026 409 3088 Probatur.
426 3019 553 3086 Omnes
568 3019 657 3085 enim
678 3021 845 3103 requirunt
864 3021 904 3086 ad
925 3021 1106 3088 universale
1125 3022 1283 3091 unitatem
1309 3001 1316 3014 ⁸

162 3139 194 3196 et
213 3127 430 3213 aptitudinem
459 3127 500 3191 ad
532 3128 652 3202 multa,
673 3145 732 3192 seu
760 3128 858 3193 talem
889 3128 1066 3204 unitatem,
1087 3149 1162 3214 quae
1184 3131 1283 3199 simul

161 3255 237 3304 cum
257 3235 373 3301 actuali
392 3233 585 3301 indivisione
600 3253 657 3300 seu
675 3234 1010 3301 incommunicatione
1024 3236 1180 3321 importet
1193 3258 1284 3305 com-

163 3343 453 3410 municabilitatem
473 3361 508 3408 ac
528 3341 782 3410 divisibilitatem
807 3343 840 3408 in
866 3344 960 3426 plura
983 3345 1132 3429 ejusdem
1151 3347 1284 3414 rationis

161 3472 197 3517 ac
217 3450 370 3517 nominis.
393 3449 493 3534 Atqui
514 3469 580 3516 non
600 3459 650 3516 est
667 3449 828 3535 ejusmodi
855 3450 962 3516 unitas
989 3451 1207 3520 individualis
1223 3474 1284 3521 nec

161 3559 320 3634 formalis,
339 3571 374 3626 ut
395 3557 568 3642 probatum
588 3559 747 3624 hactenus
760 3568 823 3624 est.
838 3557 923 3643 Ergo
937 3559 1031 3624 aliam
1052 3559 1093 3625 ab
1107 3561 1158 3628 bis
1177 3561 1284 3629 diver-

160 3687 229 3734 sam
249 3666 421 3732 admittere
440 3663 607 3750 cogimur,
627 3685 700 3749 quae
719 3663 761 3732 sit
779 3665 908 3750 propria
926 3665 1129 3734 universalis.

226 3781 337 3858 Major
355 3773 526 3840 manifesta
546 3782 595 3839 est
613 3791 654 3838 ex
672 3774 742 3857 ipso
761 3786 922 3857 conceptu
939 3783 1062 3841 naturae
1076 3775 1279 3855 universalis,

160 3901 234 3966 quae
251 3882 278 3949 si
299 3890 371 3948 actu
388 3881 524 3946 indivisa
544 3899 609 3947 non
628 3889 696 3956 est,
713 3881 790 3948 nihil
806 3881 866 3946 erit
880 3901 984 3948 unum
1000 3883 1171 3968 idemque,
1191 3887 1281 3968 quod

160 3992 264 4058 inesse
296 3990 442 4075 pluribus
471 3991 589 4073 possit;
619 3990 646 4055 si
665 3999 775 4057 autem
804 3989 856 4056 illa
884 3998 998 4057 natura
1027 4001 1101 4058 actu
1128 3993 1277 4070 indivisa,

159 4097 326 4165 divisibilis
346 4115 411 4162 non
431 4107 481 4164 est
503 4097 536 4162 in
561 4098 653 4181 plura
678 4097 826 4182 ejusdem
850 4098 1000 4177 rationis,
1029 4100 1089 4166 erit
1114 4101 1280 4167 individua

160 4227 226 4274 non
247 4223 326 4271 vero
345 4203 548 4272 universalis.

224 4320 340 4381 Dices:
369 4313 479 4379 omnis
506 4313 573 4379 veri
602 4312 745 4380 nominis
773 4315 880 4380 unitas
903 4327 961 4383 aut
990 4327 1041 4383 est
1059 4315 1277 4394 individualis,

157 4434 214 4490 aut
228 4421 390 4496 formalis,
411 4439 488 4487 cum
508 4419 541 4487 in
561 4421 630 4505 ipsa
649 4439 714 4489 non
732 4423 775 4488 sit
790 4407 892 4498 aliud,
912 4441 1013 4506 quam
1032 4424 1151 4490 entitas
1168 4444 1280 4494 essen-

191 4674 233 4745 (ι)
271 4671 358 4730 Suar.
380 4670 432 4742 ib.,
450 4671 501 4730 ubi
518 4671 601 4743 plura
623 4671 756 4744 reperies.
773 4670 836 4730 Csr.
852 4671 1083 4732 Conimbrie.1n
1102 4676 1277 4747 Praefation.

158 4763 302 4838 Porphyr,
317 4775 421 4836 quaest.
437 4781 464 4820 2.
479 4774 533 4822 ert.
548 4783 574 4822 2.
