3492 5525
296 484 412 547 Anrrc.
440 494 497 546 μ’
511 482 600 560 Quro
621 500 663 545 er
684 500 886 559 quoruntex
908 496 1089 543 evruenrra
1153 493 1213 560 509

932 585 1251 627 -r---·-·-·-

198 662 285 741 Quid
304 673 414 729 autem
434 664 487 740 sit,
508 663 661 730 detractis
681 664 893 747 metaphoris,
909 662 1115 745 perspicuitas
1134 672 1166 727 et
1184 664 1252 726 cla·
1264 672 1465 728 Incipitdeetaratio
1519 668 1528 680 ‘

126 772 212 837 ritas
226 774 306 847 nec,
323 791 398 855 quae
418 772 551 837 nomine
567 772 655 837 venit
672 771 851 846 evidentia,
870 770 997 837 facilius
1006 772 1089 835 torte
1097 768 1248 843 sentitur,
1283 744 1444 871 «ahmin

126 899 231 962 quam
269 880 458 964 explicatur.
494 879 535 945 Ut
568 888 678 945 tamen
712 898 762 945 res
794 878 905 961 aliquo
930 878 1029 943 modo
1057 877 1249 950 declaretur,
1300 887 1426 967 :saraam

126 986 367 1053 exordiendum
388 998 439 1053 est
461 987 501 1052 ab
520 986 682 1053 evidentia
700 986 815 1067 objecti
843 1004 903 1051 seu
926 984 1089 1073 objectiva.
1109 983 1146 1051 Et
1168 1000 1251 1065 quo-
1285 956 1446 1073 ᾗζζδξζξὶζζ

129 1092 221 1159 niam
236 1092 401 1177 objectum
420 1093 548 1159 mitem
566 1093 610 1158 ita
628 1112 664 1159 se
682 1092 781 1158 habet
797 1100 945 1176 respectu
966 1092 1148 1159 intellectus
1166 1090 1250 1157 sieut

126 1201 255 1267 visibile
273 1210 420 1286 respectu
439 1202 541 1279 visus,
564 1220 605 1267 ex
624 1201 771 1285 analogia
792 1198 929 1266 visionis
949 1200 1029 1265 ratio
1047 1198 1252 1264 desumenda

128 1318 185 1373 est
202 1308 384 1374 evidentia.
541 1386 546 1398 .

201 1416 330 1482 Vr'sr'aire
344 1416 440 1501 igitur
458 1417 623 1501 objectum
639 1435 705 1483 non
730 1426 792 1493 est,
814 1416 875 1481 nisi
894 1428 926 1483 et
940 1415 1066 1480 lumine
1080 1414 1250 1497 pertusum

131 1524 188 1599 sit,
209 1524 287 1589 etin
303 1525 391 1608 justa
410 1524 718 1609 proportionataque
737 1522 890 1590 distantia
914 1522 1072 1607 positum,
1097 1529 1135 1585 ut
1154 1518 1254 1585 videri

130 1631 285 1697 distincte
315 1631 430 1715 possit;
460 1630 536 1695 nihil
568 1631 691 1715 quippe
719 1631 849 1697 videtur
875 1632 908 1695 in
948 1628 1110 1708 tenebris3
1146 1606 1253 1709 neque
1366 1648 1371 1658 ·

96 1809 105 1817 ‚
131 1738 232 1803 etiam
245 1789 253 1815 ,
266 1739 317 1802 vel
332 1740 459 1803 lucente
474 1740 542 1803 sole
557 1738 749 1815 meridiano,
766 1756 840 1820 quae
854 1738 953 1803 nimis
966 1736 1100 1810 distant,
1116 1733 1255 1819 perspici

132 1855 273 1929 queunt.
300 1844 475 1933 Objeetum
494 1854 604 1910 autem
626 1844 748 1911 lumine
771 1846 999 1911 collustratum
1018 1853 1051 1908 et
1069 1843 1181 1941 visivae
1198 1860 1256 1925 po-

124 1954 244 2020 tentiae
259 1954 539 2039 proportionatum
555 1954 735 2019 secundum
750 1952 938 2019 distantiam
953 1953 1039 2017 clare
1052 1950 1175 2015 visibila
1190 1962 1253 2024 est,

131 2069 296 2145 quantum
316 2072 365 2127 est
385 2061 425 2126 de
444 2078 495 2135 se,
516 2079 553 2125 ac
578 2078 674 2144 porro
703 2060 878 2136 videbitur,
907 2060 934 2125 si
960 2059 1075 2125 oculus
1092 2058 1124 2124 in
1145 2058 1255 2141 ipsum

132 2168 332 2235 intendatur.
355 2168 447 2233 Unde
466 2168 551 2233 clare
569 2167 691 2233 adibile
710 2168 854 2233 redditur
875 2168 1042 2251 obiectum
1066 2165 1197 2247 aliquod
1216 2182 1257 2229 ex

131 2276 258 2341 lumine
273 2294 310 2341 ac
325 2276 566 2360 proportionata
581 2274 745 2345 distantia.
763 2274 913 2351 Claritas,
926 2274 1033 2357 inquit
1045 2272 1082 2338 S.
1095 2271 1254 2346 Thomas,

132 2386 185 2449 vet
202 2384 372 2466 limpiditas
397 2383 529 2448 vaunis
546 2382 701 2467 contingit
722 2402 762 2447 rx
789 2384 907 2449 tribus:
926 2382 1031 2464 primo
1056 2398 1096 2445 ex
1119 2379 1256 2464 efficacia

131 2491 261 2557 virtutis
285 2491 405 2567 visiva,
429 2491 505 2576 qvia
534 2492 589 2575 qui
613 2480 690 2556 sunt
703 2490 851 2576 sortiaris
876 2490 982 2564 vius,
1007 2490 1105 2570 angis
1130 2486 1257 2568 limpide

132 2598 254 2663 vilent.
282 2600 426 2665 Secundo
453 2618 492 2663 ex
518 2599 661 2665 claritate
687 2600 779 2673 imis,
799 2598 857 2663 sub
881 2615 944 2682 qua
964 2596 1108 2662 claritate
1134 2595 1258 2659 visibile

132 2708 277 2773 videtur:
294 2706 377 2773 sicul
391 2706 510 2803 alarius
529 2706 654 2772 videtur
669 2706 793 2791 aliquid
810 2706 844 2770 in
863 2706 981 2771 lumine
1002 2704 1089 2783 solis,
1107 2723 1201 2790 quam
1223 2703 1257 2768 ia
1317 2700 1322 2709 '
1348 2764 1352 2788 ,

134 2816 252 2880 lurnina
271 2817 366 2883 luna.
392 2813 493 2880 Tertio
511 2835 551 2879 ex
568 2815 795 2897 comparatione
815 2814 963 2890 visibilis,
981 2817 1032 2878 val
1051 2817 1119 2902 ejus
1141 2813 1175 2876 in
1197 2831 1258 2896 qua

134 2921 259 3007 aliquid
272 2917 420 2998 videtur,
438 2925 482 2987 ad
502 2923 673 2990 videntem:
698 2923 773 3007 quia
791 2923 874 3007 quad
899 2942 920 2988 a
945 2922 1103 2988 remotiori
1118 2921 1255 2995 videtur,

134 3030 242 3096 nrirtus
259 3033 344 3096 clare
362 3029 487 3096 videm‘r
504 3014 566 3118 (¹).

199 3139 268 3220 Jam
287 3137 313 3203 si
329 3140 397 3202 haec
415 3136 455 3201 ad
475 3137 633 3203 visionem
655 3136 886 3206 intellectivam
905 3138 1127 3223 applicemus,
1142 3149 1258 3204 notan-
1296 3150 1440 3208 Quurunan

134 3246 217 3312 dum
238 3246 269 3310 in
291 3245 403 3328 primis
422 3255 488 3322 est,
508 3248 591 3329 quod
612 3246 716 3311 lumen
730 3250 901 3311 secundnm
918 3249 1003 3330 qnod
1014 3249 1059 3311 ad
1070 3247 1257 3312 intellectum
1283 3221 1459 3337 ¹⁸⁸ffl¹‘¹'

129 3353 283 3436 pertinet,
312 3353 463 3418 nihilist
487 3353 592 3429 aliud,
623 3371 717 3438 quam
743 3358 886 3438 quadam
913 3354 1118 3440 manifestatio
1143 3353 1259 3419 verita·

134 3461 178 3525 tis
196 3457 263 3546 (2),
284 3459 502 3524 diciturenim
519 3467 578 3526 lux
596 3460 631 3524 in
650 3461 882 3543 spiritualibus,
899 3463 983 3546 qvod
1000 3461 1045 3526 ita
1063 3479 1096 3526 se
1112 3461 1201 3526 namt
1216 3462 1260 3524 ad

135 3567 414 3652 manifestationem
432 3567 666 3645 intellectivam,
686 3569 770 3634 sicut
785 3587 818 3633 se
840 3570 931 3635 natet
945 3571 1003 3634 lux
1020 3569 1191 3651 corporalis
1216 3569 1261 3632 ad
1371 3642 1375 3648 ¹

132 3673 415 3758 omnisestationem
432 3674 613 3740 sensitivam
630 3671 693 3762 (3).
715 3675 792 3751 Quo
810 3695 910 3742 sensu
926 3677 1049 3743 motiva
1059 3676 1156 3743 etiam
1172 3677 1263 3760 obje-

134 3782 222 3848 ctiva
241 3800 394 3848 assensus
409 3782 581 3858 evidentiS,
603 3795 635 3849 et
655 3793 861 3867 argumenta,
880 3803 954 3868 quae
968 3803 1035 3849 rem
1056 3785 1198 3867 aliquam
1212 3783 1261 3848 in·

133 3889 280 3956 tellectui
300 3890 515 3972 patefaciunt,
535 3892 639 3954 lumen
659 3889 718 3954 dici
735 3901 876 3975 possunt
889 3911 926 3956 ac
941 3892 1060 3957 solent.
1076 3890 1261 3976 Saepissime

135 4015 217 4062 vero
240 3996 343 4060 lumen
362 3995 568 4062 intellectuale
586 3997 727 4064 sumitur
747 3997 855 4083 potius
870 3999 1050 4084 subjective
1066 4019 1184 4082 nempe
1204 4017 1263 4084 pro

134 4103 249 4186 aliquo
278 4103 516 4170 manifestativo
544 4104 742 4189 subjectivo,
775 4125 833 4191 pro
862 4107 968 4190 aliqua
996 4109 1111 4182 torma,
1131 4124 1205 4190 quae
1227 4125 1263 4172 se

133 4218 227 4276 tenet
243 4228 308 4275 non
324 4229 364 4276 ex
381 4219 471 4296 parte
485 4210 614 4295 objecti,
632 4213 690 4277 sed
706 4231 747 4278 ex
766 4222 856 4296 parte
871 4213 1184 4297 ipsiusintellectus,
1206 4233 1264 4298 pro

133 4321 208 4404 ipsa
229 4316 384 4384 nimirum
407 4319 527 4384 virtute
546 4327 645 4402 atque
672 4320 861 4388 efficacitate
881 4322 1105 4407 cognoscitiva
1128 4322 1262 4401 mentis,

173 4497 216 4565 (r)
253 4505 295 4566 3!
307 4495 377 4552 diat.
398 4513 438 4567 14,
456 4514 485 4565 q.
505 4515 529 4564 r,
545 4513 572 4553 a.
589 4515 615 4562 a,
633 4496 721 4555 solut.
738 4506 787 4570 3.·,
804 4511 833 4556 et
846 4512 903 4558 art.
919 4520 945 4571 3,
962 4497 1048 4558 solut.
1065 4511 1106 4556 a·

171 4585 215 4653 (a)
252 4582 285 4642 S.
301 4584 357 4642 Th.
377 4603 400 4653 r,
416 4603 444 4656 p,
456 4603 486 4654 q.
505 4585 564 4650 106,
581 4605 606 4642 a.
628 4607 651 4643 ι.
668 4585 731 4644 Cir.
751 4609 774 4644 r.
791 4608 820 4661 p.
837 4588 923 4663 p.67,
936 4609 964 4648 a.
983 4609 1007 4648 r.
1021 4587 1265 4648 Communia

132 4676 186 4734 lib.
205 4674 367 4741 decausis,
385 4675 448 4732 lect.
467 4675 496 4744 6,
513 4673 590 4732 med.

169 4765 215 4838 (3)
252 4761 286 4821 8.
302 4761 358 4821 Th.
374 4771 415 4822 a.⁰
428 4763 559 4836 dist-13,
577 4785 606 4836 q.
626 4785 649 4834 r,
665 4787 691 4824 a.
709 4786 735 4824 a.
753 4766 815 4830 Cir.
831 4777 872 4828 a.'
885 4767 1090 4832 Coruncani.
1109 4790 1133 4828 e.
1149 4787 1192 4845 53.
