3492 5525
258 478 376 545 Anno.
394 477 1102 557 r.¹²⁸Qu1uerouoruecexcousooueurra
1154 492 1208 555 311

125 642 226 735 etiam
245 664 308 734 sic:
335 664 409 734 Non
433 668 483 731 est
501 662 641 731 utera:
666 680 738 747 crgo
761 680 826 729 non
848 664 897 729 est
914 660 1016 729 borao:
1049 678 1115 728 non
1138 668 1250 730 tamen

9 809 10 848 t
126 774 284 843 vicissim.

169 883 209 949 Et
227 882 309 949 ratio
326 888 378 947 est
390 879 423 947 in
439 874 612 964 promptu,
627 875 705 963 quia
717 876 752 943 in
767 877 916 962 quotuor
930 876 1184 963 predicamento
1195 895 1251 944 no-

9 993 10 1000 ’
123 990 172 1057 tio
184 988 398 1058 universalior
411 984 551 1071 pertinet
564 986 606 1053 ad
620 986 797 1053 essentiam
809 984 984 1062 inferioris,
997 1002 1056 1052 seu
1071 983 1250 1052 includitur

126 1097 247 1183 in'ejus
263 1094 568 1178 comprehensione.
589 1091 700 1169 Quare
717 1091 832 1176 nequit
850 1105 936 1161 stare
955 1092 1086 1159 inferior
1105 1093 1176 1159 sine
1194 1110 1251 1160 su·

125 1205 263 1291 periore.
281 1203 325 1271 At
342 1221 421 1269 vero
438 1202 568 1267 inferior
585 1220 663 1268 curn
676 1198 800 1285 aliquid
812 1199 930 1267 lrabeat
944 1200 1137 1287 adjunctum
1153 1218 1251 1285 supe-

127 1313 221 1390 riori,
240 1330 308 1379 non
325 1310 466 1395 pertinet
483 1309 525 1376 ad
543 1310 640 1395 hujus
657 1307 853 1377 essentiam:
868 1308 987 1394 poterit
1005 1326 1084 1393 ergo
1103 1308 1250 1394 superior

127 1429 215 1489 stare
233 1419 305 1489 sine
321 1417 475 1485 inferiori.

170 1532 304 1611 Regula
323 1549 378 1594 u.
425 1526 475 1591 Alr
500 1541 567 1591 esse
590 1526 636 1589 ad
655 1529 762 1606 posse,
785 1525 839 1590 vel
858 1523 900 1589 ab
917 1526 990 1590 actu
1017 1524 1062 1589 ad
1079 1523 1251 1605 poleam
1370 1558 1391 1597 ,.

125 1638 214 1703 valet
220 1632 437 1720 consequentia
440 1653 455 1713 ,·
468 1650 532 1697 non
545 1635 647 1698 tamen
659 1637 777 1713 senrprr
788 1647 805 1696 e
816 1631 1117 1698 conuerso-Patet
1131 1648 1248 1716 perse,

172 1748 305 1826 Regula
324 1758 375 1808 ια.
422 1742 456 1806 Α
472 1758 536 1805 non
548 1740 699 1821 possead
714 1758 780 1805 nrm
794 1758 862 1805 esse
879 1740 966 1805 valet
978 1738 1099 1820 illrum·
1116 1740 1251 1804 sednon
1371 1772 1390 1812 .·

127 1857 249 1933 semper
270 1868 292 1916 a
318 1868 383 1915 non
401 1866 466 1914 esse
488 1848 529 1913 ad
547 1866 612 1913 non
624 1844 866 1929 possa-Patet
884 1845 995 1912 etiam.
1018 1846 1106 1911 Alias
1125 1846 1251 1931 regulas

126 1959 222 2034 vide,
242 1958 270 2024 si
297 1958 365 2033 vis,
387 1956 475 2041 apud
501 1962 652 2021 auctores
672 1951 740 2041 (r);
760 1955 811 2021 lue
836 1962 948 2022 autem
974 1952 1147 2060 praecipue
1172 1960 1252 2021 sunt

129 2085 169 2131 ac
187 2064 359 2132 sufficiunt
376 2064 410 2130 in
429 2062 689 2147 praesentiarum.

289 2294 315 2387 ᾗ
335 2294 571 2363 ill-Reoutffi
587 2310 747 2361 srecrrces
763 2310 1086 2368 oonseQueurranuu.

182 2511 257 2579 145.
305 2493 447 2578 Regulas
458 2492 702 2577 consequentiae
713 2493 823 2576 plures
833 2491 1019 2570 innuimus,
1033 2498 1131 2574 atque
1144 2498 1254 2558 osten·

126 2602 260 2678 dimus,
287 2618 363 2666 cum
392 2618 501 2666 sermo
531 2607 618 2666 esset
636 2600 679 2665 de
697 2598 895 2666 resolutione
911 2597 1147 2683 suppositionis
1164 2617 1254 2666 com-

127 2708 260 2785 munis,
292 2708 335 2774 de
359 2706 626 2791 aequipollentiis,
654 2706 932 2776 conversionibus.
953 2715 1054 2791 atque
1079 2705 1255 2791 oppositio

127 2818 244 2884 nrlrus:
266 2818 299 2883 in
317 2813 474 2883 omnibus
492 2815 656 2901 siquidem
683 2815 772 2883 hisce
792 2814 889 2882 rebus
914 2815 1052 2882 totidem
1076 2822 1254 2882 cernuntur

127 2926 282 3009 exempla
299 2922 623 3007 consequentiarum.

198 3033 280 3099 Aliae
305 3032 416 3116 plures
445 3029 602 3116 speciales
631 3031 754 3117 regulae
782 3041 919 3115 possent
947 3029 999 3096 hic
1025 3030 1144 3115 exponi
1172 3029 1254 3096 circa

126 3139 382 3225 consequentias
398 3139 503 3205 bonas
522 3147 694 3222 rectosque
709 3139 827 3205 modos
840 3137 997 3204 inserendi
1013 3140 1063 3204 vel
1079 3156 1254 3224 argumen-

126 3247 222 3315 tandi
241 3247 311 3314 sive
338 3245 373 3312 in
396 3245 602 3322 delinitione,
631 3245 700 3312 sive
727 3245 761 3312 in
788 3244 945 3331 expositis
962 3264 1024 3313 suo
1047 3248 1120 3313 loco
1142 3245 1254 3312 termi-

127 3373 251 3423 norum
283 3353 518 3446 propietatibus
546 3360 610 3419 etc.
640 3353 706 3420 Sed
737 3354 808 3420 illas
840 3353 1042 3430 omittimus,
1075 3363 1147 3420 tum
1177 3353 1253 3438 quia

126 3464 224 3530 tacite
241 3463 350 3545 quivis
366 3461 454 3537 illas,
475 3479 552 3528 cum
569 3479 655 3545 opus
668 3461 745 3538 erit,
761 3461 906 3527 derivare
925 3462 1044 3547 poterit
1057 3480 1097 3528 ex
1110 3461 1165 3541 iis,
1178 3479 1253 3545 quae

126 3573 174 3638 de
191 3568 332 3655 singulis
356 3568 445 3634 hisce
470 3570 569 3635 rebus
593 3569 752 3636 hactenus
778 3569 942 3653 disputata
967 3576 1062 3646 sunt,
1082 3581 1156 3637 tum
1177 3568 1254 3653 quia

126 3695 298 3753 veremur,
315 3695 356 3742 ne
371 3675 580 3742 multitudine
595 3675 810 3744 minutiorum
824 3678 935 3762 legum
949 3689 1253 3762 praeceptommque

127 3787 244 3872 potius
261 3784 458 3863 obruantur,
476 3803 575 3868 quam
584 3786 741 3869 juventur
752 3794 907 3871 tyronum
923 3795 1067 3862 mentes,
1084 3785 1252 3851 autetiam

126 3896 175 3960 ab
193 3894 290 3959 alacri
307 3892 417 3959 studio
435 3891 645 3959 scientiarum
672 3892 705 3959 in
729 3893 801 3977 ipso
829 3893 941 3959 limine
960 3891 1178 3978 Philosophiae
1196 3892 1254 3957 de-

127 4011 317 4069 terreantur
334 3996 398 4088 (2).

165 4201 210 4264 (1)
246 4195 324 4254 Vide
337 4195 481 4264 Fonseoe,
497 4195 542 4254 De
556 4195 739 4265 Benedictis,
755 4195 858 4263 casti..
872 4197 920 4255 rel
932 4195 1076 4268 Jerellum
1096 4195 1127 4254 in
1138 4195 1255 4272 Lopr'ca

128 4301 216 4348 tract
231 4307 261 4359 9,
277 4284 329 4358 qui
342 4283 406 4343 fuse
416 4285 453 4342 de
466 4285 524 4342 his.

163 4377 209 4450 (a)
247 4373 282 4433 Si
290 4373 340 4433 'cui
348 4387 444 4433 tamen
454 4373 541 4433 libeat
551 4374 599 4432 illa
609 4375 706 4446 etiam,
717 4375 891 4450 singillatim
900 4375 1040 4448 exposita,
1050 4374 1160 4446 videre,
1171 4373 1255 4434 adeat

128 4467 310 4533 Fonaecam,
323 4477 376 4522 eut
388 4464 536 4533 Toletum,
552 4479 604 4524 out
616 4464 758 4534 Joannem
772 4487 789 4524 e
804 4464 837 4524 S.
852 4465 980 4537 Thoma,
999 4480 1051 4524 cut
1068 4464 1153 4537 Joan.
1168 4463 1252 4538 Bupt.

126 4558 175 4616 De
189 4551 375 4624 Benedictis,
390 4567 441 4612 out
454 4553 635 4613 Ludoricum
649 4554 687 4613 de
700 4554 830 4614 Loesedo
841 4569 895 4615 etc.
951 4603 954 4612 .
