3492 5525
574 449 650 516 1074
685 434 812 499 Locica
824 430 1054 506 Maron-Lim
1072 444 1142 508 ψ,
1159 428 1248 494 Dise.
1264 434 1310 495 b.·
1325 434 1404 496 Can.
1425 446 1493 496 ψ’

531 625 616 681 recte
633 613 808 700 dispositis.
825 613 889 679 Sed
904 615 971 679 haec
985 612 1101 682 rellexa
1114 614 1257 698 cognitio
1271 614 1409 697 pertinet
1421 612 1461 679 ad
1476 614 1629 698 logicam.

532 721 680 807 Ergo...»

598 836 701 897 Proh.
722 836 860 913 Melon,
883 830 984 911 «quia
1002 828 1063 894 nisi
1090 828 1173 893 adsit
1191 846 1228 893 ea
1246 826 1407 913 cognitio,
1433 829 1536 893 nescit
1552 826 1635 893 intel-

530 936 651 1013 lectus,
672 956 712 1002 an
729 936 811 1002 bene
830 938 882 1002 uel
903 938 986 1001 rnale
1006 936 1136 1011 inierat,
1157 936 1339 1019 poteritque
1355 936 1396 1001 de
1418 936 1562 1001 bonitate
1579 934 1637 999 illa·

530 1043 629 1110 tionis
647 1044 812 1119 dubitare,
833 1062 908 1127 quae
926 1042 1084 1109 dubitatio
1103 1061 1179 1107 cum
1200 1042 1333 1108 scientia
1352 1040 1530 1129 pugnato(
1554 1042 1579 1127 ).

596 1158 700 1235 Resp.
725 1150 775 1219 1.⁰·
803 1170 872 1235 neg.
903 1152 1017 1235 Major.
1038 1151 1165 1225 «Nam,
1187 1159 1222 1216 ut
1246 1151 1320 1233 quis
1337 1149 1634 1221 habeatscientiarn,

531 1268 581 1325 sat
600 1269 667 1333 est.
686 1260 776 1341 quod
793 1258 927 1324 exercite
944 1265 1137 1343 cognoscat,
1158 1256 1310 1341 quamvis
1330 1277 1395 1324 non
1414 1258 1535 1341 signate
1552 1265 1582 1321 et
1598 1276 1637 1321 re-

519 1366 607 1449 flexo
625 1366 805 1433 bonitatem
824 1364 1067 1449 consequentiae
1087 1366 1242 1431 formalis,
1263 1364 1414 1450 Cognitio
1443 1365 1579 1430 exercita
1595 1378 1635 1427 est

530 1472 667 1557 ipsamet
697 1473 933 1540 demonstratio
966 1474 1104 1550 directa,
1133 1473 1178 1539 ita
1210 1491 1413 1558 cognoscens
1447 1472 1634 1537 identitatem

530 1592 771 1657 extremorum,
793 1592 828 1647 ut
845 1582 945 1647 simul
965 1580 1127 1655 advertat,
1148 1590 1182 1644 et
1200 1582 1345 1647 attendat
1364 1580 1540 1647 illationem
1559 1580 1634 1663 obje-

438 1729 440 1731 ψ
529 1689 670 1764 ctivam,
691 1689 808 1763 idest,
830 1688 1042 1754 necessariam
1071 1689 1309 1755 connexionem
1329 1686 1445 1772 objecti
1469 1678 1635 1753 conclusio

530 1795 580 1860 nis
597 1814 674 1860 cum
693 1796 822 1880 objecto
841 1795 1102 1878 praemissarum,
1123 1814 1198 1878 quae
1222 1796 1357 1861 attentio
1375 1796 1533 1860 indicatur
1552 1794 1635 1879 parti-

529 1903 603 1967 cula
619 1922 704 1985 ergo.
739 1902 891 1987 Cognitio
910 1902 1037 1986 signata
1062 1902 1178 1969 dicitur
1195 1902 1338 1987 cognitio
1357 1902 1476 1967 rellexa
1502 1902 1543 1967 de
1562 1910 1633 1966 recta

529 2008 741 2093 dispositione
759 2009 974 2076 terminorum
991 2009 1175 2075 formalium
1191 2010 1231 2073 ad
1244 2010 1521 2075 concludendum.
1537 2010 1634 2089 ltaque

529 2116 647 2182 directa
674 2118 928 2192 demonstratio,
958 2117 1038 2182 dum
1073 2118 1241 2201 cognoscit
1275 2117 1440 2182 evidenter
1469 2116 1633 2182 illationem

529 2222 740 2309 objectivam,
761 2226 930 2290 formalem
948 2224 1044 2290 etiarn
1064 2224 1233 2309 cognoscit
1248 2224 1402 2305 exercite3
1423 2225 1455 2289 id
1469 2233 1535 2300 est,
1555 2241 1633 2287 exer·

528 2331 602 2395 citio
629 2330 699 2414 ipso
728 2330 945 2415 cognoscendi
974 2331 1140 2397 evidenter
1166 2330 1403 2397 connexionem
1429 2332 1632 2422 objectorum,

528 2439 631 2504 reddit
664 2439 864 2506 intellectum
895 2442 1032 2504 omnino
1061 2458 1213 2505 securum
1241 2440 1281 2505 de
1316 2440 1506 2507 rectitudine
1532 2458 1634 2505 conse

527 2548 668 2629 quentiae
691 2548 848 2615 formalis.
870 2548 946 2612 llaec
965 2547 1122 2613 securitas
1142 2538 1310 2613 imbibitur
1336 2549 1369 2613 in
1389 2548 1504 2614 ellectu
1521 2546 1633 2611 formali

526 2655 722 2739 cognitionis
749 2655 924 2736 evidentis;
955 2655 1039 2721 etin
1067 2674 1107 2719 eo
1134 2654 1300 2731 consistit,
1329 2657 1419 2738 quod
1447 2656 1631 2727 intellectus

526 2762 599 2827 licet
618 2772 690 2827 actu
710 2781 778 2828 non
804 2765 966 2838 reflectat,
995 2763 1041 2828 sic
1059 2772 1171 2828 tamen
1199 2765 1334 2830 allectus
1352 2763 1410 2840 sit,
1439 2772 1475 2829 ut
1497 2763 1635 2847 quando·

525 2888 668 2952 cumque
686 2870 919 2955 interrogetur,
941 2889 981 2935 an
1008 2889 1087 2936 suus
1106 2871 1270 2936 discursus
1296 2873 1436 2936 formam
1456 2873 1570 2936 habeat
1589 2869 1633 2933 hic

444 2971 448 2978 ’
524 2988 557 3042 et
576 2997 663 3043 nunc
690 2989 799 3062 aptam
818 2979 859 3044 ad
886 2977 1164 3053 convincendum,
1191 2978 1274 3044 illico
1292 2977 1435 3044 reflectat
1459 2979 1629 3049 evidenter,

523 3097 556 3152 et
571 3095 692 3151 asserat
711 3087 975 3154 indubitanter.»

591 3193 642 3258 Ad
661 3195 844 3278 probation.
860 3197 974 3280 Major.
991 3215 1060 3280 neg.
1078 3197 1259 3278 sequelam.
1276 3193 1386 3270 «Qua
1403 3203 1439 3259 ut
1458 3196 1634 3260 intellectus

522 3301 669 3366 dubitare
688 3312 845 3384 nequeat,
865 3302 986 3367 sufficit
1004 3303 1138 3368 evidens
1156 3301 1298 3387 cognitio
1321 3303 1532 3368 connexionis
1551 3303 1635 3386 obje-

522 3409 686 3476 ctivae...»
706 3407 758 3496 (2)
944 3405 953 3423 ⁸

589 3524 692 3599 Resp.
716 3524 765 3584 2.⁰
783 3536 854 3600 neg.
876 3519 993 3584 Minor.
1015 3518 1141 3583 Etenim
1161 3519 1302 3584 admissa
1323 3519 1509 3585 necessitate
1529 3515 1638 3602 cogni-

522 3623 619 3689 tionis
639 3622 766 3689 rellexae
784 3626 825 3689 de
853 3625 998 3690 bonitate
1023 3624 1175 3692 illationis
1201 3625 1249 3689 bic
1266 3629 1299 3690 et
1314 3643 1417 3703 nunc.
1438 3627 1511 3692 talis
1528 3625 1637 3708 cogni-

521 3733 568 3798 tio
587 3742 696 3815 potest
716 3751 786 3798 esse
805 3731 931 3816 logicae
948 3731 1118 3808 naturalis,
1139 3740 1209 3797 orta
1225 3751 1343 3816 nempe
1362 3752 1403 3799 ex
1419 3734 1528 3800 nativo
1548 3733 1639 3798 lumi-

523 3859 563 3904 ne
581 3840 776 3906 intellectus.
799 3839 886 3904 Licet
905 3840 992 3905 enim
1012 3840 1146 3924 ignarus
1160 3840 1237 3906 artis
1251 3840 1364 3925 logicae
1383 3842 1504 3908 nesciat
1523 3842 1637 3914 dicere,

521 3965 561 4010 an
581 3947 815 4012 demonstratio
837 3947 878 4012 sit
898 3949 980 4012 lacta
995 3949 1087 4033 juxta
1103 3948 1232 4031 regulas
1251 3946 1431 4032 figurarum
1452 3950 1640 4014 modorum-

521 4071 602 4136 que,
624 4055 675 4118 vel
694 4072 848 4136 quaenam
876 4072 948 4119 esse
967 4056 1083 4120 debeat
1111 4055 1145 4118 in
1164 4055 1321 4120 communi
1342 4055 1513 4138 dispositio
1532 4055 1639 4122 termi-

521 4181 657 4239 norum,
674 4171 710 4225 ut
722 4162 808 4226 bona
823 4162 1055 4244 consequentia
1071 4163 1222 4246 prodeat;
1239 4173 1272 4227 at
1291 4164 1393 4228 dicere
1410 4165 1545 4248 poterit,
1564 4165 1640 4228 hanc

520 4269 664 4333 formam
679 4269 879 4334 discurrendi
895 4269 944 4333 hic
962 4272 994 4334 et
1008 4289 1093 4335 raunc
1112 4270 1245 4335 minime
1266 4271 1390 4346 fallere,
1406 4271 1465 4336 sed
1484 4272 1639 4356 optimam

518 4395 591 4442 esse
610 4378 651 4441 ad
668 4376 930 4442 convincendum
953 4377 1172 4454 intellectum,
1194 4386 1225 4443 el
1244 4379 1516 4462 consequentiam
1537 4380 1642 4446 claris·

552 4633 593 4695 (1)
629 4627 714 4700 Apud
731 4627 863 4698 Lossad.‚
881 4627 933 4684 loc.
950 4626 998 4686 cit.
1016 4647 1045 4686 n.
1065 4649 1105 4702 ¹7·

552 4721 593 4788 (a)
629 4717 776 4789 Lossoda,
791 4721 847 4780 loc·
861 4715 922 4788 cib,
939 4736 968 4776 u.
985 4737 1029 4774 22.
