3492 5525
550 450 611 537 674
665 448 791 521 Loorct
805 438 1054 529 littora-Lm„
1070 454 1130 515 a.·³¹¹
1145 440 1233 515 Drse.
1253 463 1295 514 1.·
1308 450 1389 513 Cre.
1408 460 1482 513 aaut

512 646 620 721 potest
646 639 797 707 existere.
818 638 885 706 Sed
909 626 1135 705 universalitas
1155 644 1188 702 et
1211 632 1359 720 aptitudo
1382 633 1423 698 ad
1447 632 1549 717 plura<
1570 650 1637 698 non
1737 641 1738 712 ζ

513 752 621 829 potest
639 744 764 813 realiter
787 746 925 813 existere
943 745 976 811 in
996 745 1060 811 ulla
1079 750 1208 819 natura,
1233 743 1303 811 sive
1321 751 1470 827 separata
1483 741 1527 806 ab
1551 738 1635 806 indi·

469 930 471 938 ἡ
513 852 634 931 viduis,
651 854 721 920 sive
736 853 888 921 existenti
902 852 936 918 in
954 850 1028 921 illis.
1050 850 1162 936 Ergo..

580 960 662 1027 Vide
680 960 801 1028 Suarez
817 956 883 1049 (r),
912 958 1046 1044 Arriaga
1062 954 1128 1046 (2),
1149 955 1196 1021 De
1221 954 1401 1024 Benedictis
1425 953 1492 1045 (3),
1522 956 1639 1037 Lessa·

513 1068 555 1133 da
573 1064 626 1156 (4)
646 1070 791 1153 aliosque
810 1068 963 1151 antiquos
982 1065 1054 1134 ΛΑ.

878 1294 1180 1371 ARTICULUS
1204 1293 1271 1367 ΙΙΙ.

780 1464 1035 1528 Solvuntur
1061 1460 1366 1545 diffioultatee.

858 1654 1038 1746 §l-Prco
1061 1658 1300 1723 uomnmsno.

435 1844 440 1853 ·
560 1822 669 1900 Objic.
696 1824 742 1883 t.⁰
787 1816 955 1900 Qtidquid
974 1814 1084 1883 existit
1101 1816 1135 1883 in
1154 1833 1263 1881 rerum
1283 1823 1414 1890 natura,
1431 1814 1639 1882 individuum

515 1931 565 1990 est
583 1944 620 1991 ac
636 1924 813 2009 singulare.
833 1924 917 2010 Ergo
936 1924 1001 2008 dari
1018 1923 1131 2008 nequit
1144 1923 1344 2001 universale,
1365 1943 1401 1990 ac
1420 1924 1514 2008 proin
1530 1926 1639 1990 solum

515 2030 643 2098 admitti
663 2042 769 2116 potest
788 2033 968 2100 universale
988 2031 1019 2097 in
1035 2030 1259 2117 significando.

583 2147 687 2223 Resp.
707 2140 867 2225 distinguo
890 2148 1010 2220 antec.;
1032 2138 1076 2205 ita
1094 2147 1132 2204 ut
1149 2139 1331 2205 universale
1360 2138 1488 2205 nonsit
1515 2140 1642 2205 realiter

516 2246 660 2314 existens
681 2265 758 2314 cunt
789 2266 847 2314 sua
876 2246 1127 2322 universalitate,
1152 2265 1253 2324 conc„
1283 2247 1326 2312 ita
1356 2255 1393 2313 ut
1417 2266 1525 2330 neque
1547 2247 1640 2313 sitin

515 2352 689 2420 individuis
707 2356 979 2430 tundamentum,
1001 2368 1037 2423 ut
1058 2373 1115 2439 per
1137 2352 1359 2439 operationem
1379 2355 1564 2422 intellectus
1585 2356 1643 2421 stat

516 2462 710 2538 universale,
727 2481 816 2546 nego.
891 2490 895 2497 ·

583 2566 760 2637 Difficultas
790 2571 859 2635 haec
892 2570 1000 2635 solum
1030 2558 1149 2662 evincit
1179 2568 1413 2635 absurditatem
1445 2570 1643 2637 universalis

516 2676 692 2743 formaliter
710 2684 744 2741 et
758 2676 927 2762 adaequate
945 2675 1113 2742 existentis
1132 2688 1221 2743 extra
1240 2677 1309 2763 ipsa
1328 2677 1501 2763 singularia
1525 2698 1644 2745 secun·

516 2786 596 2852 dum
617 2785 828 2860 sententiam,
861 2803 935 2867 quae
959 2784 1083 2851 Platoni
1103 2784 1265 2853 tribuitur.
1283 2786 1358 2851 Non
1387 2796 1498 2852 autem
1526 2787 1643 2870 probat

517 2891 549 2962 in
570 2892 647 2975 ipsis
666 2892 764 2958 rebus
783 2890 1002 2978 singularibus
1021 2911 1088 2958 non
1107 2893 1220 2958 adesse
1240 2895 1358 2958 realem
1379 2893 1641 2969 similitudinem,

518 3000 640 3072 ratione
654 3001 760 3084 cujus,
777 2998 874 3066 unico
889 3000 1009 3065 mentis
1023 3009 1110 3078 actu,
1122 3011 1375 3084 cognoscantur,
1392 3001 1534 3084 praecisis
1550 3002 1644 3067 dilie-

519 3105 644 3182 rentiis,
664 3125 721 3190 per
734 3111 820 3190 quas'
840 3108 979 3174 invicem
1000 3105 1275 3174 discriminantur.
1298 3106 1423 3194 ilerum
1443 3110 1514 3174 baec
1531 3109 1642 3176 omnia

516 3213 598 3280 inira
617 3214 722 3298 magis
739 3205 908 3299 patebunt.

562 3325 638 3403 Obj.
669 3321 722 3388 a.⁰
770 3321 959 3388 Universale
977 3321 1132 3388 delinitur
1151 3321 1200 3398 id,
1217 3320 1306 3404 quod
1327 3330 1440 3389 natum
1460 3331 1511 3388 est
1531 3323 1643 3388 multis

517 3425 636 3494 inesse.
656 3427 753 3511 Atqui
769 3427 865 3504 nihil,
880 3429 970 3511 quod
989 3429 1030 3494 sit
1049 3447 1172 3504 unum,
1190 3436 1300 3513 potest
1317 3447 1389 3495 esse
1408 3429 1441 3494 in
1454 3429 1572 3496 multis
1587 3449 1641 3515 per

518 3535 734 3602 identitatem.
752 3534 847 3620 Ergo.

583 3648 688 3724 Resp.
707 3642 783 3707 dist.
802 3643 916 3727 Major.
933 3642 988 3708 Est
1003 3659 1107 3708 unum
1122 3643 1251 3708 realiter
1264 3652 1378 3709 natum
1392 3643 1499 3710 inesse
1515 3647 1639 3719 multis,

391 3843 395 3851 1
473 3759 607 3833 'ougo
635 3767 738 3814 unum
765 3767 823 3834 per
850 3749 969 3816 mentis
992 3748 1303 3827 considerationem,
1328 3751 1418 3834 quod
1446 3751 1574 3818 realiter
1600 3753 1642 3820 sit

519 3961 768 4046 multiplicatum
786 3964 970 4029 secundum
990 3964 1077 4030 idem
1098 3983 1220 4032 nomen
1240 3986 1277 4032 ac
1298 3965 1476 4045 rationem,
1495 3986 1586 4033 conc.
1606 3967 1643 4034 Et

516 4069 777 4153 contradistincta
796 4071 940 4146 Minore,
960 4089 1039 4156 nego
1057 4091 1192 4155 conseq.

562 4182 638 4259 obj.
659 4175 713 4246 3.⁰
760 4176 794 4242 Si
812 4175 967 4242 darentur
985 4188 1109 4244 naturae
1135 4198 1347 4257 communeS,
1377 4180 1547 4250 individua
1574 4183 1645 4250 illas

520 4282 671 4349 habentia
688 4294 804 4380 essent¹
818 4283 975 4367 identica;
997 4305 1072 4371 quae
1091 4285 1179 4354 enirn
1203 4297 1281 4354 sunt
1309 4288 1424 4355 eadem
1448 4289 1507 4356 uni
1532 4291 1644 4368 tertio,

553 4465 594 4526 (ι)
631 4459 731 4530 Suae„
746 4459 822 4534 disp.
838 4462 856 4519 6
871 4459 1011 4534 Metalli„
1024 4478 1095 4524 sect.
1113 4486 1139 4537 3.

554 4555 593 4614 ts)
629 4551 755 4624 logico,
769 4549 848 4624 disp.
863 4570 892 4624 4,
909 4566 978 4611 sect.
995 4572 1021 4611 a.

553 4643 594 4710 (3)
629 4639 755 4716 Lopica,
771 4641 822 4699 lib.
839 4660 867 4711 a,
881 4655 986 4712 quaest.
1002 4663 1028 4714 r,
1042 4664 1105 4718 cap.
1121 4663 1146 4718 5.

553 4733 594 4804 (4)
630 4729 718 4807 Lep„
734 4743 819 4792 treet.
830 4751 858 4803 a,
872 4731 950 4806 disp.
967 4753 994 4805 a,
1008 4753 1071 4808 cap.
1090 4756 1115 4806 r,
1130 4755 1161 4795 n.
1174 4735 1204 4806 8,
1218 4754 1299 4810 seqq.
