3492 5525
573 467 631 532 43²
696 449 818 514 Loorcx
834 449 1064 523 Maron-Lae.
1083 448 1253 514 1.²¹·.Drse.
1273 463 1315 511 1.·
1329 449 1407 513 Cae.
1424 463 1496 512 aum

533 634 628 697 leclns
654 637 701 698 est
725 635 765 698 de
790 652 840 710 re,
871 635 1043 699 smnndnm
1071 635 1156 717 qnod
1173 637 1246 714 esl;
1270 631 1592 715 cognoscilnr‘onlem
1618 633 1663 696 ab

532 739 704 817 intellectu,
732 744 903 808 secundrcm
927 743 1011 826 qnod
1034 741 1207 806 intellectus
1234 740 1400 824 reflectitur
1427 746 1523 822 supro
1551 745 1662 804 actum

531 863 640 923 sunm,
667 867 730 912 non
754 850 854 915 solum
875 850 1046 914 secundam
1067 849 1151 932 qnod
1173 847 1331 930 cognoscit
1350 852 1454 913 actum
1474 865 1582 923 snum,
1601 850 1663 912 sed

531 957 700 1020 secundum
726 959 810 1040 qnod
834 957 991 1039 cognoscit
999 955 1231 1038 proportionem
1255 959 1325 1044 ejus
1343 957 1388 1020 od
1409 971 1489 1022 reon.
1509 955 1587 1021 llaec
1606 965 1661 1020 est

533 1071 641 1128 autem
661 1063 840 1130 differentia
858 1063 1054 1148 judiciorum
1072 1063 1269 1130 directorum
1283 1083 1321 1128 ac
1334 1061 1548 1138 reflexorum,
1563 1063 1658 1145 quod

533 1169 565 1234 in
585 1169 646 1234 illis
666 1170 796 1236 reflexio
824 1171 917 1238 cadat
946 1189 1045 1254 supra
1072 1171 1225 1254 praeviam
1252 1171 1391 1254 primam
1414 1171 1655 1256 operationem,

532 1276 565 1342 in
585 1277 711 1344 rellexis
730 1288 839 1344 autem
859 1296 958 1363 supra
977 1256 1134 1362 praevium
1159 1279 1290 1363 aliquod
1304 1279 1481 1364 judicium:
1503 1288 1541 1344 ut
1563 1279 1591 1344 si
1610 1278 1659 1343 ita

530 1383 670 1468 judices:
691 1386 854 1452 Hominem
870 1405 937 1452 esse
953 1387 1155 1464 rationalem,
1172 1405 1282 1452 omnm
1307 1389 1364 1452 est.
1391 1387 1556 1452 Ceterum
1574 1385 1602 1451 si
1621 1386 1657 1452 in

532 1501 605 1558 actu
622 1493 733 1577 judicii
751 1503 1005 1582 cognosceretur
1022 1494 1142 1561 veritas
1160 1494 1192 1560 in
1212 1503 1285 1560 actu
1300 1492 1442 1578 signato,
1461 1503 1658 1578 sequeretur

532 1601 645 1684 utique
677 1619 776 1666 omne
804 1601 965 1687 judicium
998 1621 1071 1669 esse
1099 1601 1275 1683 reflexum;
1309 1601 1342 1666 id
1371 1611 1482 1668 autem
1515 1600 1656 1668 minime

531 1708 694 1790 sequitur,
711 1709 738 1774 si
756 1708 789 1773 in
809 1717 884 1775 actu
899 1708 1010 1794 judicii
1030 1711 1148 1776 veritas
1165 1709 1305 1775 exercite
1332 1709 1503 1776 dumtaxat
1528 1729 1657 1794 cogno-

530 1823 655 1893 scatur,
676 1816 960 1899 quemadmodum
976 1819 1045 1903 jam
1065 1817 1261 1902 explicatum
1279 1828 1340 1886 est.

574 1929 652 2006 obj.
673 1930 724 1990 2.⁰
769 1924 872 1990 Etiam
899 1925 1041 2009 simplex
1070 1924 1285 2008 apprehensio
1313 1943 1514 2009 cognoscere
1543 1935 1654 2010 potest

529 2031 699 2097 veritatem
719 2041 751 2098 et
768 2033 1032 2098 conformitatem
1051 2032 1102 2099 sui
1119 2033 1162 2098 ad
1183 2033 1363 2119 objectum.
1383 2032 1467 2118 Ergo
1491 2031 1591 2098 etiam
1619 2034 1654 2098 in

530 2137 670 2223 simplici
688 2139 947 2224 apprehensione
964 2149 1074 2224 potest
1091 2139 1198 2208 inesse
1216 2139 1334 2207 veritas
1349 2151 1386 2208 ut
1399 2141 1542 2226 cognita.

596 2251 701 2330 Resp.
724 2247 800 2313 disl.
821 2257 890 2316 ant.
911 2247 1048 2332 Semper
1069 2267 1107 2314 ac
1124 2249 1318 2325 necessario,
1340 2267 1429 2332 nego·
1457 2247 1650 2333 aliquando,

529 2355 676 2430 subdist,
693 2353 725 2419 in
745 2365 818 2422 actu
832 2355 974 2440 signato,
989 2375 1092 2432 conc„
1109 2355 1141 2421 in
1156 2366 1231 2423 actu
1246 2356 1400 2432 exercito,
1413 2355 1497 2423 sicut
1513 2358 1655 2442 explica-

530 2463 639 2528 vimus
658 2461 697 2526 de
713 2461 847 2547 judicio,
863 2482 950 2546 nego.

598 2565 782 2654 Responsio
801 2578 889 2654 patet
908 2590 949 2636 ex
967 2571 1061 2638 dictis
1079 2572 1112 2637 in
1132 2571 1335 2656 probatione.

595 2675 675 2742 lllud
690 2677 787 2744 etiam
807 2677 881 2744 addi
901 2686 1021 2765 potest,
1042 2679 1225 2764 simplicem
1243 2678 1538 2765 apprehensionem
1558 2680 1654 2746 relle-

528 2802 604 2851 xam
622 2804 820 2871 cognoscere
834 2786 1037 2872 quandoque
1054 2786 1239 2864 veritatem,
1258 2789 1316 2853 sed
1336 2788 1439 2854 instar
1452 2788 1653 2855 definitionis

505 2968 508 2975 ,
527 2894 710 2978 cujusdam,
729 2912 795 2961 non
805 2914 884 2961 vero
893 2894 994 2969 instar
1003 2897 1116 2962 lormae
1130 2915 1149 2960 a
1161 2914 1197 2961 se
1206 2904 1285 2990 *actu
1299 2914 1472 2980 possesse.
1483 2879 1651 2963 Nimirum

528 3020 584 3086 per
605 3001 787 3085 simplicem
809 3005 1104 3088 apprehensionem
1124 3022 1323 3088 cognoscere
1341 3021 1493 3088 possum,
1512 3004 1594 3088 qnid
1609 3005 1654 3070 sit

526 3110 654 3187 nerins,
675 3110 754 3193 quid
772 3111 815 3177 sit
832 3111 1054 3196 cognitionem
1069 3099 1163 3177 suam
1183 3129 1257 3178 esse
1277 3130 1401 3194 veram3
1422 3130 1490 3179 non
1510 3130 1650 3196 possum

527 3224 639 3283 autem
663 3237 859 3303 cognoscere
877 3236 926 3284 me
940 3218 1100 3301 possedere
1118 3218 1279 3285 ueritatem
1295 3220 1394 3285 hicet
1411 3238 1516 3287 nunc:
1537 3239 1652 3304 quem

527 3324 708 3391 admodum
724 3344 890 3411 cognosco
907 3346 965 3411 per
979 3326 1139 3413 judicium
1158 3323 1222 3415 (1).

571 3438 648 3516 Obj.
677 3432 730 3501 3.⁰
777 3432 812 3499 Si
831 3432 950 3500 veritas
962 3443 1013 3500 est
1030 3433 1196 3521 injudicio
1210 3453 1288 3501 vero
1306 3445 1478 3519 tamquam
1497 3436 1644 3522 cognita,
1732 3441 1733 3444 ’

528 3540 614 3605 idem
633 3532 767 3625 quoque
785 3540 961 3607 dicendum
980 3542 1041 3609 erit
1059 3542 1100 3607 de
1120 3542 1270 3609 salsitate.
1292 3542 1392 3626 Atqui
1411 3544 1446 3610 id
1463 3543 1647 3611 absurdum

528 3657 591 3724 est,
615 3667 710 3716 secus
734 3649 821 3715 enim
843 3667 910 3716 non
930 3658 1042 3734 posset
1060 3649 1247 3716 intellectus
1265 3650 1384 3715 laisum
1394 3648 1556 3736 judicium
1572 3670 1647 3737 pro·

529 3775 631 3823 mere.
650 3756 736 3842 Ergo
755 3774 863 3841 neque
887 3756 1006 3823 veritas
1024 3764 1076 3823 est
1091 3757 1126 3823 in
1140 3756 1265 3842 judicio
1285 3764 1455 3841 tamquam
1473 3759 1644 3843 cognitum

527 3863 561 3929 in
572 3872 804 3949 cognoscente.
1426 3918 1436 3931 .

592 3979 697 4057 Reep.
713 3972 788 4039 dist.
801 3972 878 4058 hlaj.
890 3970 1073 4038 Dicendum
1085 3982 1170 4038 esset
1180 3972 1354 4039 salsitatem
1362 3974 1517 4060 cognosci
1527 3991 1586 4059 per
1592 3975 1647 4060 Ju-

527 4080 648 4147 dicium
665 4080 781 4146 directe
799 4087 832 4145 et
849 4080 914 4146 sub
932 4079 1056 4146 ratione
1074 4080 1158 4157 ialsi,
1177 4087 1272 4163 nego;
1290 4080 1441 4146 endirecle
1463 4091 1497 4147 et
1513 4082 1578 4149 sub
1597 4093 1647 4147 ra·

526 4188 615 4255 eone
634 4186 714 4264 veri,
733 4206 821 4254 conc.
842 4186 1228 4265 ermensendam,
1247 4206 1321 4273 neg.
1335 4206 1473 4273 conseq

592 4295 667 4361 Non
691 4295 807 4362 eodem
827 4294 928 4361 modo
941 4294 1097 4380 cognosci
1116 4295 1254 4362 dicenda
1271 4306 1322 4363 est
1341 4298 1459 4364 veritas
1476 4307 1511 4363 et
1525 4298 1646 4365 falsitas

528 4420 580 4489 per
592 4414 702 4471 actum
711 4402 834 4488 judicii.
848 4402 881 4468 Si
896 4403 998 4478 enim,
1010 4402 1090 4469 dum
1098 4402 1299 4489 judicamus,
1311 4404 1573 4472 existimaremus
1584 4425 1645 4474 nos

527 4510 606 4588 lalli,
632 4528 690 4576 seu
715 4528 781 4577 non
803 4510 922 4576 habere
940 4510 1161 4595 cognitionem
1180 4510 1308 4596 objecto
1334 4513 1557 4591 conformem,
1578 4534 1643 4582 non

561 4749 603 4813 (r)
638 4742 701 4803 cfr.
711 4740 840 4817 sylvest.
852 4740 1610 4822 Prieraa,spart.Confloti,qureat.16‚a.3‚puragr.
1622 4748 1642 4807 1.
