3492 5525
242 462 359 530 Anne.
376 479 436 547 μ·
450 463 624 530 Donousa.
641 483 806 533 nooonun
821 484 964 533 unsrun
978 484 1115 532 smoo.
1152 485 1210 552 343

114 652 229 715 cardo:
242 648 351 716 caeteri
364 664 499 733 quoque
512 667 630 717 omnes
642 648 795 716 eamdem
810 651 1036 735 probationem
1050 652 1245 731 admittunt,
1265 720 1269 731 ,

4 749 5 824 f
118 757 193 822 licet
207 756 335 841 possint
348 774 482 841 quoque
494 757 712 825 demonstrari
726 759 906 838 ostensive,
922 767 961 826 ut
974 758 1130 827 vidimus.
1147 758 1250 826 Caete-

117 883 191 930 rum
211 865 359 949 probatio
378 864 607 949 reprehensiva
624 863 659 931 in
677 865 741 932 hoc
759 866 917 933 fundatur
935 866 1104 951 principio:
1127 865 1248 934 «Tunc
1263 896 1407 955 pangam,
1424 900 1460 945 ..5

114 972 225 1057 alr’qaa
238 971 396 1038 amalusrb
407 971 565 1038 evidenter
577 974 714 1039 asidona
728 974 965 1054 etnecessaria,
980 975 1250 1059 cumexopposito
1280 968 1449 1089 ''gumi“

115 1098 174 1145 saa
188 1080 432 1147 contradictorio
448 1079 663 1166 caueamus
678 1081 823 1167 sequitur
839 1082 999 1150 evidenter
1009 1083 1181 1167 oppositum
1194 1100 1250 1149 seu
1409 1072 1415 1088 '

117 1187 395 1254 contradictorium
411 1189 636 1267 antecedentis,
649 1189 704 1255 boc
720 1193 769 1256 cst
783 1190 923 1279 ala'cujus
935 1191 1121 1275 praemissa,
1132 1209 1174 1258 ex
1187 1210 1249 1277 qua

118 1292 268 1379 infertur.
288 1294 383 1362 Ratio
402 1303 464 1371 est,
483 1294 562 1379 quia
580 1304 659 1362 tunc
677 1297 734 1382 qui
754 1305 854 1383 negat
871 1298 1159 1381 consequentiam,
1181 1316 1248 1365 non

118 1409 230 1485 potest
255 1402 434 1468 concedere
461 1422 579 1470 omnes
608 1403 809 1488 praemissas,
840 1405 922 1489 quin
947 1404 1008 1472 sibi
1025 1404 1245 1473 contradicat.

118 1508 205 1595 Ergo
218 1510 275 1593 qui
288 1509 564 1578 conceditomnes
575 1512 776 1596 praemissas,
794 1530 862 1579 non
875 1520 985 1597 potest
999 1532 1119 1599 negare
1131 1532 1249 1605 conse·

119 1615 305 1701 quentiam,
326 1618 406 1702 quin
425 1618 485 1685 sibi
504 1620 717 1687 contradicat.
738 1620 824 1705 Ergo
842 1622 1082 1704 consequentia
1099 1622 1247 1705 sequitur

4 1729 5 1734 ’
119 1726 304 1793 necessario
334 1745 375 1791 ex
401 1725 596 1811 premissis,
623 1738 724 1811 atque
750 1728 832 1794 adeo
858 1736 908 1794 est
934 1728 1038 1806 bona,
1059 1747 1120 1795 nec
1139 1735 1249 1815 potest

4 1827 5 1918 ξ
119 1832 251 1918 negari,
272 1834 435 1900 concessis
449 1831 680 1923 praemissus(
705 1831 732 1923 ).
786 1896 790 1901 .

4 1925 5 1934 ¹
186 1940 345 2025 Exemplo
369 1960 420 2007 res
441 1940 558 2008 melius
577 1942 789 2028 intelligetur:
813 1941 913 2009 Omne
928 1942 1246 2010 animalesraiaenr.

4 2097 5 2128 ,
116 2050 183 2114 sea
199 2048 301 2113 omnis
317 2048 405 2113 bomo
421 2053 471 2115 est
482 2050 615 2115 animal.
636 2050 715 2134 Ergo
731 2050 861 2136 alaquod
878 2051 988 2116 vivens
1003 2054 1053 2117 est
1066 2052 1243 2136 boramqui

4 2147 5 2220 ζ
116 2165 169 2220 est
188 2155 401 2241 syllogismus
420 2156 533 2240 primae
551 2156 666 2241 ngurae
684 2156 849 2224 indirecta
866 2158 900 2222 in
921 2158 1021 2224 modo
1045 2158 1244 2249 Baralipton.

118 2264 181 2329 Pac
208 2262 351 2346 aliquem
378 2265 529 2331 admissis
555 2264 748 2348 praemissis,
779 2284 901 2350 negare
918 2266 1180 2333 conclusionem:
1202 2267 1248 2335 sic

116 2390 198 2436 eum
218 2388 359 2453 premes:
389 2369 422 2435 Si
445 2371 562 2437 falsum
587 2382 654 2449 est,
680 2374 770 2455 quod
792 2374 923 2458 aliquod
947 2372 1058 2439 vivens
1079 2376 1124 2439 est
1147 2374 1246 2453 bento,

5 2512 6 2523 .
116 2498 199 2565 ergo
214 2497 289 2545 vera
303 2486 353 2543 est
367 2480 465 2565 hujus
479 2478 710 2563 propositionis
720 2480 980 2546 contradictoria:
993 2480 1127 2548 Nullum
1138 2480 1249 2547 arbam

114 2591 164 2652 est
182 2586 280 2651 bomo.
307 2585 408 2669 Atqui
433 2586 621 2652 concessisti
640 2586 672 2652 in
692 2586 818 2672 Maiori,
838 2588 930 2671 quod
948 2606 1037 2653 omne
1059 2587 1182 2654 aninaal
1204 2592 1253 2654 est

116 2694 241 2759 vivens.
262 2692 345 2780 Ergo
365 2711 406 2789 ex
423 2693 475 2759 his
492 2686 621 2760 duabus
639 2694 919 2780 propositionibus
933 2693 1082 2779 sequitur
1101 2696 1134 2762 in
1155 2694 1249 2762 Cela-

116 2805 202 2877 rent,
223 2802 315 2885 quod
331 2802 595 2890 nullumanimal
616 2806 664 2868 est
679 2803 784 2883 boram
803 2822 841 2869 ac
858 2803 995 2888 proinde
1019 2803 1136 2881 etiam,
1158 2802 1249 2889 quod

116 2912 229 2976 nullus
246 2909 334 2976 mmo
354 2913 403 2974 est
416 2909 553 2987 animal,
574 2929 650 2992 quae
668 2918 718 2975 est
736 2909 895 2977 contraria
909 2910 1059 2989 Minoris,
1076 2929 1178 2995 quarn
1194 2929 1249 2978 su-

116 3018 230 3105 perius
248 3015 452 3083 concessisti.

4 3194 5 3197 ,
187 3124 287 3190 Aliud
304 3125 494 3208 exemplum
514 3143 574 3209 pro
587 3123 642 3191 2.⁸
654 3125 759 3211 ligura
775 3126 807 3192 in
824 3124 953 3192 Cesare:
970 3125 1089 3192 Nullus
1108 3126 1189 3210 lapis
1205 3131 1252 3194 est

4 3220 5 3261 ³
114 3233 239 3300 aiom.
260 3232 324 3299 Sed
339 3232 441 3298 omnes
459 3232 546 3298 marro
563 3237 613 3299 ast
626 3233 746 3301 vivens.
766 3234 845 3318 Ergo
859 3235 968 3300 nullus
986 3235 1074 3300 horno
1091 3237 1138 3301 ast
1154 3234 1246 3318 lapis.

115 3342 152 3408 Si
167 3338 349 3425 suppositis
363 3339 448 3406 veris
462 3339 561 3426 hujus
575 3339 758 3427 syllogismi
770 3339 966 3425 praemissis,
983 3342 1062 3408 ialsa
1077 3343 1159 3407 toret
1170 3360 1250 3409 con-

4 3440 5 3491 i
114 3447 241 3524 clusio,
263 3464 338 3512 vera
357 3447 540 3513 necessario
553 3454 640 3512 esset
655 3448 726 3533 ejus
745 3448 1004 3514 contradictoria:
1020 3449 1149 3534 Atquis
1162 3449 1250 3515 horno

4 3552 5 3557 ’
114 3560 166 3624 est
181 3551 277 3637 lapis.
298 3552 381 3618 Vide
398 3552 478 3636 quid
493 3554 568 3620 inde
583 3564 750 3639 sequatur:
765 3555 884 3623 Nullus
895 3557 977 3638 lapis
990 3560 1040 3622 est
1049 3557 1171 3623 vivens.
1186 3555 1251 3623 Sed

4 3711 6 3714 -
114 3663 237 3748 arquis
256 3661 344 3727 bomo
360 3664 408 3728 esi
423 3661 514 3743 lapis.
540 3662 623 3746 Ergo
643 3663 760 3747 aliquis
779 3663 866 3729 borao
883 3683 947 3730 non
964 3667 1013 3730 cst
1027 3665 1153 3732 vivens:
1172 3676 1254 3748 quae·

114 3768 289 3837 conclusio
304 3767 470 3834 evidenter
491 3768 564 3836 ssuit
577 3769 609 3834 in
620 3769 723 3845 Faria,
741 3779 774 3835 et
787 3781 836 3837 est
851 3769 1097 3837 contradictoria
1113 3769 1249 3837 minoris

115 3875 372 3965 propositionis,
394 3894 469 3958 quae
488 3895 565 3950 vera
584 3878 843 3962 supponebatur.

185 3983 334 4050 Tertium
354 3983 397 4049 sit
415 3985 607 4067 exemplum
627 4003 686 4070 pro
704 3985 797 4051 tertia
819 3984 926 4070 figura
946 3983 979 4052 in
1003 3985 1158 4051 Disamis:
1177 3983 1250 4050 Ali-

114 4093 192 4182 quis
210 4093 299 4158 bomo
316 4095 363 4156 esi
377 4090 556 4158 rationalis.
575 4093 640 4185 Sed
655 4093 757 4158 omnis
774 4093 863 4159 borao
879 4097 927 4158 ast
946 4093 1067 4160 mam.
1093 4092 1174 4176 Ergo
1190 4090 1252 4156 ali·

114 4201 206 4287 qaod
229 4199 340 4264 aivam
370 4201 418 4264 est
444 4199 611 4266 rationale.
641 4200 799 4267 Probatur
830 4199 1058 4283 reprehensive
1088 4195 1251 4264 rectitudo

114 4304 355 4376 conclusionis.
375 4303 409 4370 Si
427 4304 502 4389 quis
519 4307 607 4372 enim
626 4306 790 4374 concessis
813 4306 1007 4392 praemissis,
1028 4315 1128 4392 negat
1145 4302 1250 4377 illam,

115 4415 303 4482 concedere
331 4413 477 4494 proiecto
503 4413 635 4479 debebit
661 4412 957 4480 contradictoriam:
986 4413 1122 4481 Nullum
1142 4410 1254 4474 vivens

116 4527 167 4590 ast
182 4521 353 4588 ratabrrale.
373 4519 444 4600 Jam
464 4519 540 4587 huic
556 4529 726 4605 tamquam
749 4521 863 4607 Majori
890 4519 1013 4604 subjice
1031 4520 1126 4585 istam
1148 4515 1255 4582 Mino-

118 4693 394 4711 ——-—---

153 4759 198 4821 (1)
237 4753 272 4810 P.
286 4749 415 4822 sylvest
431 4749 541 4818 Mauri,
557 4750 701 4852 Sammaei.
716 4771 779 4823 cap.
797 4769 839 4822 52·
