3492 5525
380 279 460 346 Cae.
486 286 560 345 anim
582 281 634 345 De
655 283 877 346 ouerrrrrous
899 279 1058 348 Canre'srr
1163 276 1238 363 1063

151 519 154 523 ι
217 466 288 547 Jarn
306 484 421 550 quaero
440 487 459 531 a
482 466 647 543 Cartesio,
668 484 749 532 num
775 482 905 531 veraces
922 464 1041 531 habeat
1063 482 1179 531 omnes
1199 465 1277 531 istas

151 573 414 641 ratiocinationes
444 572 515 661 (t),
546 574 666 658 quibus
700 571 908 639 veracitatem
936 570 1002 639 Dei
1025 573 1203 649 conclusit,
1241 581 1277 639 ut

149 666 284 748 tandem
304 681 490 750 restitueret
505 682 712 748 facultatibus
730 681 849 747 nostris
863 679 1121 747 infallibilitatem
1142 681 1174 748 in
1194 677 1277 747 clare

148 789 368 873 distincteque
398 790 575 875 perceptis,
605 808 646 854 an
666 807 744 854 vero
764 808 843 854 non.
873 788 907 855 Si
929 788 1113 857 nonhabet
1133 806 1274 871 veraces,

148 895 318 963 infeliciter
333 906 465 982 tempus
483 896 706 980 consumpsit,
727 916 787 963 nec
807 896 926 980 poterit
946 914 1093 979 unquam
1110 915 1128 961 e
1144 898 1277 980 profun-

148 1004 193 1069 do
215 1004 313 1069 dubii
332 1005 383 1070 sui
412 1006 563 1071 barathro
593 1023 773 1088 emergere.
804 1002 836 1068 Si
864 1014 975 1069 autem
1006 1022 1138 1069 veraces
1167 1003 1274 1079 habet,

143 1112 214 1197 jam
234 1130 347 1179 secum
369 1112 486 1179 misere
507 1120 633 1198 pugnat
650 1112 757 1177 fidens
782 1112 989 1177 facultatibus
1008 1110 1094 1187 suis,
1122 1111 1202 1177 dum
1222 1128 1277 1178 eas

148 1219 277 1285 fallaces
300 1220 475 1304 supponit,
496 1221 667 1303 multaque
686 1228 857 1301 tamquam
882 1238 957 1284 vera
976 1236 1169 1296 assumens,
1196 1220 1276 1287 dum

149 1323 229 1392 nihil
250 1346 347 1410 posse
366 1328 473 1394 adhuc
492 1338 662 1410 tamquam
682 1346 796 1393 verum
819 1326 942 1393 assumi
963 1326 1119 1395 decernit.

217 1432 410 1501 Petilionem
439 1446 549 1502 autem
571 1433 716 1520 principii
745 1444 856 1519 aperte
884 1434 1078 1510 committit,
1105 1445 1176 1500 tum
1201 1426 1277 1517 quia

149 1542 320 1608 veritatem
337 1564 373 1610 ac
389 1544 617 1611 certitudinem
633 1561 767 1608 suarum
783 1543 974 1609 facultatum
990 1552 1022 1607 et
1037 1543 1274 1629 cognitionum,
1319 1628 1324 1639 1

149 1668 249 1733 quam
270 1670 327 1735 per
347 1670 441 1717 suam
462 1652 657 1717 methodum
674 1649 815 1716 stabilire
836 1650 963 1738 nititur,
979 1659 1136 1733 perpetuo
1154 1668 1277 1733 suppo-

149 1759 209 1833 nit,
229 1758 263 1823 in
281 1778 342 1825 suo
362 1778 535 1844 processu;
553 1770 625 1825 tum
643 1758 718 1841 quia
737 1759 817 1823 dum
838 1759 1062 1823 omnimddam
1082 1757 1131 1824 sui
1147 1757 1273 1831 criterii,

148 1864 337 1932 firmitatem
362 1887 403 1933 ex
422 1868 597 1933 existentia
616 1877 648 1931 et
668 1866 840 1931 veracitate
859 1864 915 1929 Dei
941 1866 1064 1930 summi
1091 1865 1276 1931 Conditoris

150 1972 251 2037 nostri
286 1974 511 2042 demonstrare
545 1975 732 2050 contendit,
762 1972 920 2057 supponit
953 1972 1171 2038 admittendas
1204 1992 1276 2039 esse

147 2090 319 2163 tamquam
350 2082 534 2149 infallibiles
561 2081 785 2166 perceptiones
818 2098 935 2147 omnes
965 2081 1067 2145 claras
1098 2089 1130 2144 et
1162 2080 1276 2147 distin-

147 2195 233 2263 ctas,
259 2188 443 2273 judiciaque
471 2209 512 2255 ex
538 2189 652 2255 iisdem
682 2189 878 2272 composita.
909 2188 942 2252 ln
976 2206 1044 2270 quo
1073 2196 1106 2252 et
1135 2187 1276 2254 circulus

147 2293 285 2361 vitiosus
318 2298 417 2361 latere
445 2298 589 2371 videtur,
615 2295 882 2378 quandoquidem
911 2294 1119 2360 infallibilitas
1139 2293 1276 2379 judicio-

148 2422 221 2466 rum
241 2423 277 2467 ac
306 2404 552 2487 perceptionum
580 2405 737 2469 clararum
765 2402 1060 2484 distinctarumque
1091 2422 1131 2467 ex
1157 2404 1277 2468 veraci·
1366 2440 1372 2449 ·

147 2517 213 2573 tate
233 2509 307 2593 Dei,
331 2512 485 2577 veracitas
504 2520 614 2576 autem
630 2520 663 2577 et
681 2511 852 2576 existentia
869 2508 940 2585 Dei,
970 2528 1011 2574 ex
1036 2508 1131 2575 variis
1145 2510 1275 2595 judiciis

147 2625 181 2681 et
211 2619 490 2702 perceptionibus,
512 2620 590 2702 quia
618 2618 805 2684 clarissimae
832 2636 868 2682 ac
898 2616 1153 2685 distinctissimae
1181 2629 1273 2695 sunt,

148 2724 329 2792 derivatur.
1105 2797 1111 2809 ,

213 2833 253 2900 Et
272 2833 340 2899 haec
359 2834 523 2901 sufficiant
541 2843 653 2899 contra
673 2833 866 2900 methodum
899 2831 1135 2908 Cartesianam,
1169 2852 1275 2918 neque

148 2936 236 3003 enim
265 2958 382 3025 urgere
412 2943 568 3006 volumus
598 2939 722 3016 omnia,
753 2959 828 3023 quae
853 2939 904 3004 alii
936 2950 1087 3006 auctores
1120 2939 1276 3007 adversus

147 3048 303 3113 eamdem
323 3051 552 3136 congessere(
578 3047 603 3137 ).

194 3173 273 3240 317·
320 3162 423 3223 Dices
445 3171 494 3222 x.⁰
539 3155 739 3222 ACartesio
763 3174 829 3220 non
849 3153 988 3220 dubitari
1009 3156 1140 3239 penitus
1159 3157 1200 3221 de
1220 3175 1275 3220 ve-

149 3263 278 3334 racitate
297 3264 448 3330 omnium
468 3265 679 3338 facultatum,
697 3282 773 3329 nam
793 3282 833 3328 eo
854 3263 926 3346 ipso
945 3263 1036 3345 quod
1058 3263 1274 3330 certissimam

149 3378 243 3451 putat
270 3371 477 3437 existentiam
506 3371 556 3437 sui
580 3380 612 3436 et
644 3389 712 3436 suae
741 3371 955 3437 dubitationis
985 3372 1272 3456 cogitationisque,

150 3477 291 3543 admittit
312 3488 481 3560 tamquam
502 3497 600 3543 verax
618 3477 844 3544 testimonium
863 3477 1083 3544 conscientiae.

216 3591 421 3669 Respondeo
438 3585 472 3650 in
492 3585 606 3670 primis
625 3603 796 3669 perperam
818 3583 944 3651 admitti
965 3585 1173 3650 veracitatem
1196 3604 1274 3650 con·

148 3691 304 3766 scientiae,
321 3703 437 3776 negata
451 3695 502 3758 vel
515 3693 547 3758 in
560 3692 699 3758 dubium
715 3699 865 3756 revocata
881 3703 1073 3758 caeterarum
1085 3693 1275 3758 facultatum

150 3799 340 3875 veracitate,
361 3818 435 3864 nam
466 3799 622 3875 rationes,
650 3817 725 3883 quae
746 3799 887 3866 suadent
914 3789 1126 3865 conscientie
1158 3801 1278 3866 veraci·

185 4125 224 4185 (ι)
262 4119 375 4178 Omitto
398 4139 477 4177 nunc
499 4117 572 4178 satis
596 4119 741 4177 infirmam
764 4133 794 4178 et
814 4119 930 4177 labilem
954 4139 1018 4178 esse
1041 4119 1197 4192 rationem,
1220 4142 1277 4194 que

149 4209 300 4268 Cartesiue
315 4212 419 4280 probat
432 4209 614 4267 existentiam
630 4208 707 4266 entis
721 4207 844 4277 infiniti,
859 4207 960 4267 aeterni
974 4229 1088 4268 summe
1103 4210 1231 4282 perfecti.

184 4303 223 4362 (a)
261 4297 338 4356 Fuse
360 4313 449 4369 atque
475 4298 590 4355 erudite
610 4298 646 4356 de
673 4299 728 4355 hac
755 4298 983 4369 rescripserunt
1004 4299 1127 4367 lacobus
1152 4301 1278 4368 Balmee,

146 4388 239 4445 Fiios.
249 4389 463 4457 fundamental,
479 4387 528 4444 lib.
544 4399 593 4456 1.⁰,
608 4409 673 4458 cap.
691 4388 732 4456 183
747 4388 780 4444 Ρ.
791 4388 938 4459 josephus
954 4387 1107 4460 Kleutg'en,
1122 4389 1280 4464 Lafiloso-

147 4478 192 4538 sia
207 4479 318 4545 antico,
333 4474 901 4548 etc.,tom.13CajetanusSaneeverino,
918 4479 1036 4554 Lugio,
1048 4492 1122 4549 part.
1140 4473 1240 4552 ascap.
1252 4500 1279 4549 a,

149 4580 207 4624 art.
221 4586 248 4637 3,
261 4565 379 4638 aliique.
