3492 5525
205 145 241 237 β)
257 145 406 217 Ratione.
426 144 510 213 Nam
530 164 630 215 voces
646 166 713 217 non
736 157 831 225 sunt,
853 147 913 215 nisi
935 148 1032 235 signa
1052 148 1256 218 internorum
1334 214 1342 224 ‚

135 255 238 321 animi
263 262 500 339 conceptuum;
523 272 580 321 nec
599 255 643 321 ob
671 255 758 321 aliud
784 254 973 323 necessariae
990 264 1089 334 sunt,
1119 258 1179 325 nisi
1203 260 1256 325 vel

136 374 175 432 ut
193 364 262 431 aliis
286 372 398 430 nostra
414 360 716 439 communicemus,
742 364 792 430 vel
817 373 853 430 ut
877 364 1014 431 aliorum
1041 383 1101 432 nos
1122 384 1257 450 quoque

134 490 232 539 sensa
252 489 502 558 cognoscamus.
527 470 615 538 Sicut
633 471 789 557 scriptura
807 474 859 538 vel
879 472 940 538 alia
958 473 1053 559 signa
1076 474 1256 554 necessaria

134 582 243 646 forent
268 580 308 646 ad
326 580 482 646 eumdem
501 578 603 645 finem
623 580 747 646 homini
762 579 875 649 surdo.
900 580 984 666 Ergo
1002 590 1111 665 potest
1129 582 1255 672 Logicae

132 686 306 755 artificium
332 687 405 755 sine
429 687 564 754 vocibus
596 687 732 754 omnino
757 697 926 765 constare,
948 688 1031 755 sieut
1049 698 1157 774 potest
1184 709 1252 766 res,

133 816 210 880 quae
238 797 334 881 signo
359 796 469 879 aliquo
497 794 738 871 manifestatur,
768 794 893 880 integra
921 797 954 862 in
983 814 1019 863 se
1046 796 1171 881 absque
1198 797 1253 864 illo

132 898 337 991 permanere.
692 895 698 907 '

204 1010 447 1097 Consequentia
471 1009 570 1075 etiam
591 1009 774 1095 principalis
796 1010 982 1095 argumenti
1009 1019 1114 1095 patet:
1143 1011 1180 1099 α)
1210 1032 1253 1080 ex

132 1120 269 1203 paritate
297 1118 480 1202 scripturae;
512 1136 589 1182 nam
621 1134 727 1200 neque
760 1117 932 1202 scriptura,
958 1137 1066 1201 neque
1094 1118 1251 1208 scriptum

132 1226 308 1293 artificium
338 1238 387 1292 est
412 1226 578 1310 objectum
611 1225 730 1291 directe
761 1233 794 1289 et
821 1244 879 1309 per
906 1243 942 1291 se
959 1226 1200 1293 consideratum
1233 1248 1251 1293 a

132 1335 265 1420 logica,
287 1341 323 1399 ut
342 1334 484 1400 fatentur
499 1334 614 1398 saltem
632 1332 776 1417 plerique
788 1332 1023 1409 adversarii,et
1040 1335 1250 1419 manifestum

129 1442 275 1509 videtur.
306 1436 406 1525 At'qui
435 1440 549 1506 eadem
581 1441 660 1506 ratio
690 1448 739 1507 est
766 1458 825 1524 pro
857 1439 1010 1517 vocibus,
1045 1461 1122 1508 nam
1151 1461 1251 1510 voces

128 1550 250 1617 eodem
271 1550 371 1615 modo
386 1568 421 1615 se
441 1548 561 1615 habent
581 1556 728 1631 respectu
747 1548 951 1615 internorum
966 1560 1198 1634 conceptuum,
1214 1571 1251 1617 ac

128 1660 308 1744 scriptura,
330 1658 407 1723 nihil
420 1658 507 1723 enim
526 1656 667 1740 amplius
686 1663 765 1721 sunt
780 1656 840 1722 nisi
857 1652 951 1742 signa
962 1657 1104 1723 illorum.
1120 1658 1248 1743 Ergo...

196 1765 240 1852 β)
257 1764 371 1850 Logica
386 1764 464 1830 illud
479 1763 605 1847 respicit
620 1763 791 1829 dumtaxat
803 1762 940 1839 directe,
956 1766 1047 1847 quod
1066 1774 1191 1849 spectat
1207 1768 1248 1833 ad

126 1872 299 1939 artificium
329 1871 486 1956 logicum.
512 1870 595 1956 Ergo
623 1871 650 1937 si
678 1870 710 1937 in
739 1859 875 1937 vocibus
902 1888 969 1936 non
1002 1870 1088 1939 inest
1119 1874 1248 1958 proprie
1352 1865 1355 1869 ’

126 1982 271 2067 logicum
292 1980 481 2055 artificium,
503 1996 569 2045 non
584 1978 823 2062 contemplatur
836 1978 907 2045 illas
921 1980 1041 2055 directe
1055 1989 1088 2047 et
1102 1999 1143 2046 ex
1158 1979 1249 2048 insti·

125 2099 200 2156 tuto
221 2089 349 2174 logica.
650 2153 652 2169 ‚

172 2202 273 2264 Prob.
294 2195 347 2265 3.⁰
397 2194 564 2260 «seclusis
590 2192 726 2260 vocibus
755 2201 787 2257 et
817 2192 934 2261 habitis
965 2196 1086 2281 regulis
1116 2196 1247 2281 praecise

124 2302 308 2371 terminatis
327 2304 367 2369 ad
385 2309 580 2386 conceptus,
603 2300 718 2385 logica
736 2300 897 2366 obtineret
916 2304 1055 2386 perfecte
1069 2302 1189 2380 finem,
1205 2306 1246 2372 ad

123 2432 227 2496 quem
255 2420 306 2477 est
328 2408 487 2476 instituta.
518 2408 602 2492 Ergo
631 2407 746 2492 Logica
769 2424 811 2472 ex
838 2408 991 2475 instituto
1019 2428 1085 2476 non
1109 2411 1176 2496 agit
1204 2412 1246 2477 de

122 2520 295 2586 vocibus.»

170 2633 271 2695 Prob.
292 2640 402 2691 antec.
453 2621 591 2707 «Logica
611 2622 760 2688 omnium
774 2624 1245 2692 confessioneinstitutaestad

121 2734 203 2803 alias
221 2732 371 2801 scientias
397 2730 611 2816 acquirendas
630 2748 686 2814 per
713 2718 804 2797 actus
831 2729 1004 2798 artificiose
1018 2734 1242 2819 compositos.

121 2845 187 2910 Sed
201 2841 355 2910 adfinem
371 2841 469 2907 istum
485 2837 701 2905 obtinendum
717 2839 856 2923 perfecte
870 2850 958 2906 esset
971 2841 1170 2920 instructus,
1186 2843 1243 2927 qui

121 2952 248 3036 Logicae
267 2949 394 3033 regulas
413 2945 544 3031 praecise
558 2945 750 3012 terminatas
764 2945 804 3010 ad
818 2958 997 3031 conceptus
1010 2948 1095 3015 bene
1116 2961 1241 3027 nosset,

121 3080 157 3124 v.
175 3079 209 3143 g.
227 3057 284 3141 qui
305 3057 375 3122 illas
393 3055 525 3120 haberet
543 3053 672 3120 coelitus
690 3053 849 3120 infusas.»
869 3055 996 3139 Ergo...

167 3172 269 3234 Prob.
290 3169 419 3231 Minor.
468 3160 581 3228 «Nam
609 3161 751 3228 scientiae
776 3162 916 3245 perfecte
944 3164 1156 3247 acquiruntur
1185 3185 1242 3251 per

122 3283 214 3340 actus
233 3251 426 3338 intellectus.
443 3269 527 3353 Ergo
542 3266 597 3352 qui
613 3269 741 3354 regulas
754 3267 891 3334 istorum
910 3279 1043 3336 actuum
1061 3271 1145 3338 bene
1165 3291 1242 3339 nos-

120 3391 188 3459 set,
225 3381 321 3464 plene
359 3377 535 3444 instructus
568 3383 654 3442 esset
690 3377 731 3442 ad
767 3375 918 3444 scientias
954 3379 1095 3462 perfecte
1131 3380 1241 3465 acqui-

118 3490 264 3556 rendas»
285 3483 349 3574 (ι).

184 3598 280 3663 Plura
297 3594 339 3661 de
357 3592 407 3660 his
421 3594 508 3680 apud
527 3592 667 3661 Lossada
686 3591 823 3677 require.

161 3722 239 3792 339.
287 3703 370 3781 Quae
383 3721 459 3768 cum
474 3701 517 3770 ita
532 3703 614 3780 sint,
631 3703 747 3768 inferes
761 3717 860 3767 voces
878 3701 994 3786 Logica
1014 3702 1153 3789 regulari
1169 3722 1236 3772 non
1290 3719 1409 3776 (ιοοιιοὼ

116 3811 305 3880 immediate
324 3811 356 3877 in
375 3808 506 3894 seipsis,
528 3810 586 3876 sed
605 3807 743 3876 mediate
762 3817 795 3874 et
809 3808 842 3876 in
856 3809 1069 3895 conceptibus
1091 3828 1238 3897 praesup·
1250 3793 1452 3920 'ff'ffi‘f‘'

117 3919 245 4006 positis,
273 3926 437 4003 quatenus
461 3937 503 3985 ex
530 3917 710 3986 attentione
729 3917 769 3984 ad
789 3918 916 4003 regulas
941 3929 1162 4004 conceptuum
1182 3921 1234 3987 vel

115 4027 156 4094 ad
174 4033 355 4111 conceptus
374 4026 462 4111 ipsos
476 4027 571 4112 juxta
592 4025 720 4112 regulas
739 4027 857 4105 factos,
878 4025 1027 4093 facillime
1045 4035 1155 4114 potest
1173 4046 1235 4114 ope

149 4263 189 4326 (r)
226 4257 369 4331 [οωιιίιιι
385 4257 438 4318 loe.
454 4257 502 4318 cit.
519 4277 549 4317 ιι.
569 4279 610 4316 ιι.
