3492 5525
550 432 606 516 558
661 435 785 501 Locren
800 436 1030 510 Maron-Lm.
1051 451 1118 512 ψ,
1137 438 1231 501 Drse.
1250 450 1294 519 3.·
1308 437 1386 500 Cre.
1404 452 1474 500 aaut

506 625 625 694 tatem,
653 629 689 686 ut
707 621 785 686 satis
806 620 847 687 sit
871 638 968 687 nosse
987 620 1105 704 aliquid
1130 623 1312 688 revelatum
1333 640 1422 695 esse,
1442 620 1484 685 ad
1505 622 1568 685 hoc
1594 628 1634 683 ut

506 727 685 793 certissime
703 727 783 795 illud
802 737 986 797 teneamus.
1011 728 1118 795 Simili
1140 730 1240 794 modo
1259 728 1378 795 sufficit
1396 729 1564 794 attendere
1588 728 1630 790 ad
1727 801 1728 810 ἵ

506 833 622 920 objecti
637 834 852 912 evidentiam,
873 836 1002 901 utillud
1019 848 1188 919 tamquam
1208 854 1341 919 prorsus
1360 835 1531 901 indubium
1557 853 1632 899 arn·
1728 921 1730 938 s

506 943 698 1026 plectamur.
720 944 866 1027 itemque
886 943 1064 1025 subjectiva
1087 944 1266 1021 evidentia,
1287 943 1440 1028 quamvis
1462 942 1631 1009 connecti·
1728 961 1729 990 t

505 1059 645 1117 turcum
666 1050 795 1136 objecto
813 1052 973 1128 evidenti,
1001 1052 1070 1136 ipsa
1093 1062 1205 1117 tamen
1233 1052 1365 1129 suflicit,
1385 1050 1465 1135 quin
1484 1051 1525 1116 ad
1547 1048 1627 1115 iilud

504 1159 728 1234 attendamus,
749 1171 785 1226 ut
800 1160 1001 1227 intellectum
1018 1178 1169 1226 securum
1187 1161 1299 1227 reddat
1322 1158 1386 1247 (r).
1406 1158 1496 1225 Sicut
1508 1158 1536 1224 si
1550 1156 1629 1240 quis

504 1263 599 1333 sciret
619 1276 727 1333 actum
748 1266 889 1350 aliquem
905 1266 1102 1352 cognitionis
1121 1286 1193 1333 esse
1217 1268 1519 1351 supernaturalem,
1546 1282 1629 1349 prae-

504 1372 681 1438 scindendo
704 1394 723 1438 a
742 1383 856 1441 natura
875 1374 991 1459 objecti
1010 1376 1179 1459 ejusdem,
1205 1386 1317 1459 posset
1336 1374 1534 1440 certissimus
1552 1390 1627 1437 esse

502 1480 542 1545 de
568 1480 653 1547 illius
680 1482 833 1557 veritate,
854 1482 1036 1548 secundum
1061 1482 1258 1548 sententiam
1283 1483 1546 1567 Theologurum,
1565 1481 1626 1562 qui
1729 1531 1730 1540 ,

502 1589 620 1653 docent
657 1599 765 1655 actum
793 1591 1073 1674 supernaturalem
1103 1590 1218 1655 falsum
1247 1608 1318 1656 esse
1351 1608 1416 1654 non
1445 1606 1555 1673 posse.
1586 1588 1625 1651 Et

502 1692 547 1761 sic
570 1704 673 1778 patet,
704 1697 872 1779 quomodo
892 1696 1054 1763 evidentia
1074 1696 1116 1762 sit
1132 1699 1283 1781 generale
1310 1696 1475 1763 criterium
1494 1695 1627 1761 certitu·
1730 1713 1731 1804 Ξ

418 1856 424 1870 .
501 1800 586 1867 dinis
606 1821 664 1886 pro
683 1803 773 1868 omni
792 1804 978 1889 cognitione
1007 1804 1161 1886 naturali3
1191 1823 1266 1870 nam
1293 1805 1380 1870 nulia
1403 1814 1453 1870 est
1479 1802 1625 1888 cognitio

502 1920 590 1976 certa
609 1912 763 1977 naturalis
777 1911 912 1990 ordinis,
929 1930 1003 1995 quae
1023 1931 1089 1977 non
1103 1912 1146 1977 sit
1159 1914 1305 1990 evidens,
1322 1928 1464 1995 quaeque
1481 1929 1547 1976 non
1561 1920 1626 1977 ter-

463 2020 466 2039 '
503 2016 645 2083 minetur
659 2018 699 2084 ad
713 2019 878 2100 objectum
896 2018 1043 2101 evidens3
1061 2038 1119 2085 nec
1133 2020 1357 2103 estobjectum
1370 2019 1521 2093 evidens,
1533 2018 1625 2101 quod

199 2416 201 2425 x
228 2396 230 2404 ,
284 2360 479 2419 Quidcarendum

311 2504 471 2561 criteriiitujua.

424 4544 434 4574 i

505 2142 571 2189 non
596 2125 696 2207 pariat
720 2126 965 2218 certitudinem,
995 2128 1075 2192 dum
1099 2128 1267 2193 evidenter
1290 2128 1392 2193 menti
1415 2125 1622 2210 proponitur3
1731 2147 1732 2166 ¹

505 2251 564 2297 nec
582 2232 722 2316 denique
739 2233 872 2299 evidens
885 2234 1042 2319 cognitio,
1058 2254 1133 2317 quae
1153 2253 1218 2299 non
1233 2235 1275 2301 sit
1288 2243 1374 2300 certa
1389 2245 1422 2300 et
1437 2232 1623 2298 infallibilis.

571 2338 680 2415 Quare
699 2340 732 2405 in
753 2358 813 2406 usu
833 2342 948 2407 criterii
964 2343 1061 2426 hujus
1075 2342 1107 2407 id
1124 2359 1228 2408 unum
1243 2343 1424 2410 curandum
1437 2350 1503 2416 est,
1525 2349 1562 2405 ut
1578 2358 1623 2425 ne
1732 2389 1734 2402 ,

388 2448 429 2478 “““
505 2448 660 2513 larvatam
682 2457 714 2511 et
732 2457 942 2532 apparentem
957 2448 1152 2514 evidentiam
1170 2468 1227 2533 pro
1243 2468 1318 2515 vera
1331 2466 1517 2515 sumamus.
1533 2447 1570 2512 Er
1588 2446 1622 2511 in

500 2553 630 2636 judiciis
648 2554 781 2637 quidem
797 2554 1011 2633 immediatis,
1030 2567 1061 2622 et
1077 2557 1174 2621 etiam
1190 2558 1223 2621 in
1238 2557 1350 2622 multis
1364 2556 1530 2631 mediatis,
1546 2572 1623 2639 quae

504 2682 544 2727 ex
563 2662 760 2727 immediatis
780 2664 926 2747 proxime
954 2674 1217 2747 consequuntur,
1240 2664 1359 2729 nullius
1378 2662 1499 2747 negotii
1519 2660 1622 2727 estid

502 2771 618 2850 vitare;
642 2771 673 2835 in
694 2769 762 2835 aliis
781 2790 858 2836 vero
880 2771 969 2836 iacile
987 2771 1054 2836 tieri
1075 2781 1182 2855 potest
1197 2781 1233 2837 ut
1262 2771 1507 2837 hallucinemur.
1527 2769 1622 2839 Qua-

502 2896 535 2942 re
563 2877 763 2963 vigilandum
793 2886 858 2952 est,
886 2889 918 2944 et
940 2877 1117 2962 abjicienda
1147 2879 1345 2964 praejudicia,
1368 2878 1620 2963 jubendumque
1733 2862 1734 2939 Ῠ

500 2985 594 3050 silere
624 2987 759 3051 allectus
788 2986 904 3062 animi,
933 2996 970 3052 ut
988 2985 1111 3052 sincere
1136 2987 1306 3052 veritatem
1329 3002 1533 3069 quaeramus,
1559 3003 1620 3049 nec

498 3093 590 3176 quod
615 3094 720 3178 magis
747 3095 867 3177 placet,
899 3093 957 3158 sed
976 3094 1066 3176 quod
1089 3093 1293 3160 solidissimis
1312 3093 1513 3178 argumentis
1530 3092 1621 3157 iulci·

497 3208 570 3274 tur,
596 3217 788 3282 sequamur.
812 3201 879 3267 Nec
897 3201 998 3266 semel
1017 3200 1188 3267 dumtaxat
1207 3219 1274 3265 rem
1292 3199 1513 3266 considerasse
1527 3197 1621 3264 sulii-

499 3308 582 3385 ciat,
603 3308 660 3372 sed
680 3307 796 3373 iterum
813 3316 846 3372 et
857 3307 977 3391 saepius
987 3307 1204 3374 attentissime
1219 3307 1407 3374 meditando
1420 3306 1618 3391 propositam

497 3415 751 3480 controversiam
767 3431 1014 3497 quaquaversus
1027 3415 1346 3499 circumspiciamus,
1363 3424 1395 3479 et
1404 3413 1618 3480 severissimae

497 3511 630 3589 rationis
646 3497 765 3588 trutina
785 3540 974 3606 pensemus.
992 3523 1025 3588 ld
1038 3523 1066 3588 si
1079 3522 1152 3598 irat,
1169 3542 1243 3606 quae
1257 3543 1333 3590 vere
1347 3522 1507 3588 evidentia
1523 3533 1615 3596 sunt,

497 3629 602 3715 magis
622 3631 793 3715 magisque
809 3631 1004 3710 clarescent3
1024 3649 1099 3713 quae
1121 3639 1231 3696 autem
1243 3625 1325 3696 ‘talia
1344 3649 1410 3697 non
1428 3638 1522 3704 sunt,
1543 3629 1616 3696 licet

497 3737 600 3822 prima
618 3739 742 3814 ironte,
769 3755 979 3821 quacumque
1004 3737 1139 3802 tandem
1160 3755 1274 3815 causa,
1301 3738 1376 3802 talia
1393 3735 1613 3821 apparuerint,

497 3845 671 3912 mentitum
703 3845 795 3910 illum
822 3845 1030 3929 splendorem
1062 3863 1141 3911 mox
1168 3846 1336 3922 amittent,
1363 3847 1469 3928 deque
1487 3845 1613 3911 errandi

497 3954 638 4039 periculo
656 3963 878 4037 experrectum
897 3960 1043 4017 mentem
1064 3952 1300 4020 admonebunt.

819 4113 1016 4181 Socvuuruu
1034 4129 1283 4180 nrrrrcucrrres.

540 4257 595 4347 98.
643 4263 752 4342 Objic.
785 4257 836 4326 r.⁰
866 4256 977 4335 Multi,
1008 4275 1084 4324 cum
1112 4267 1234 4333 errant,
1256 4256 1454 4326 evidentiam
1472 4259 1612 4344 jactant.

495 4367 577 4450 Ergo
596 4365 758 4432 evidentia
777 4366 892 4448 nequit
909 4383 980 4430 esse
999 4363 1142 4431 veritatis
1155 4364 1330 4430 criterium.

529 4549 570 4610 (r)
607 4543 682 4600 Fuse
693 4543 730 4600 dc
744 4540 927 4600 hacmatcria
942 4541 978 4599 cl.
996 4541 1029 4598 P.
1045 4540 1183 4598 Mendive
1197 4541 1369 4608 (Elementos
1382 4543 1418 4599 de
1431 4524 1557 4616 Ldga'cm
1572 4555 1614 4601 a·

493 4647 580 4706 part.¹
595 4651 657 4704 cup.
672 4653 698 4705 3,
713 4647 769 4690 art.
794 4649 813 4703 4
826 4643 855 4688 et
868 4635 909 4704 5),
929 4629 981 4702 qui
1001 4629 1148 4688 criterium
1162 4629 1295 4703 generale
1312 4629 1395 4696 unioc
1410 4628 1441 4690 in
1465 4630 1614 4692 evidentia

492 4721 649 4796 subjectiva
660 4721 775 4794 reponit
793 4719 845 4788 (ib.
858 4731 914 4780 art.
932 4738 957 4792 5,
973 4739 1004 4778 n.
1022 4739 1074 4793 579
1086 4723 1181 4793 seqq.)
