3492 5525
561 498 621 562 974
685 480 806 545 Locren
822 478 1051 553 Maron-Lm.
1070 493 1140 541 ψ.
1156 476 1241 540 Drsn.
1260 490 1304 559 4·
1318 477 1396 539 carp,
1416 490 1487 557 3³¹³

521 660 683 737 scientias,
702 663 817 728 saltem
833 662 974 727 actuales
989 658 1056 749 (ι);
1074 672 1106 729 et
1122 659 1333 726 nihilominus
1344 678 1462 726 omnes
1478 660 1648 743 bujusmo

522 768 554 833 di
574 770 722 853 partiales
736 769 896 847 scientiae,
913 770 1088 835 latentibus
1102 768 1274 843 omnibus,
1294 768 1335 833 ad
1350 784 1452 832 unam
1466 767 1646 850 quamdam

521 877 656 941 totalem
676 876 845 943 scientiam
867 876 1027 961 pertinere
1046 876 1215 950 dicuntur,
1232 876 1321 939 velut
1340 874 1478 939 totidem
1502 875 1648 938 membra

522 984 683 1068 ejusdem.
712 983 766 1050 Sic
785 1002 902 1050 omnes
922 984 1174 1068 disputationes,
1191 984 1223 1048 in
1239 981 1502 1067 praecedentibus
1523 980 1649 1048 institu-

520 1100 580 1166 tae,
610 1092 744 1176 aliaeque
774 1092 880 1157 adbuc
905 1090 1130 1168 instituenda,
1154 1090 1309 1175 plurimas
1345 1090 1649 1155 demonstrationes

522 1207 554 1263 et
580 1199 733 1282 partiales
762 1198 914 1265 scientias
932 1200 1114 1275 continent,
1144 1190 1243 1264 unam
1264 1197 1414 1281 logicam
1450 1196 1647 1262 conflantes:

520 1304 676 1390 idemque
694 1308 802 1372 locum
823 1307 921 1373 babet
939 1307 970 1371 in
992 1305 1146 1382 Math'esi,
1167 1304 1404 1391 Metaphysica‚
1421 1305 1568 1391 Physica
1588 1316 1647 1369 etc.

519 1414 660 1480 Necesse
678 1423 728 1479 est
745 1432 843 1499 ergo,
864 1414 947 1480 utin
969 1413 1124 1479 omnibus
1143 1412 1213 1479 istis
1231 1412 1419 1497 partialibus
1439 1412 1593 1477 scientiis
1613 1414 1648 1477 sit

520 1520 772 1604 aliquid-unum
792 1529 826 1585 et
848 1539 1042 1596 commune,
1069 1530 1202 1605 propter
1228 1521 1317 1603 quod
1347 1538 1447 1585 unam
1474 1520 1649 1585 dumtaxat

519 1622 656 1694 totalem
676 1624 845 1694 scientiam
866 1629 1057 1704 conficiant,
1073 1628 1257 1693 distinctam
1278 1627 1454 1710 aqualibet
1473 1627 1540 1692 alia
1560 1628 1648 1692 totali

519 1733 669 1809 scientia,
703 1754 778 1818 quae
813 1735 931 1819 pariter
959 1754 998 1801 ex
1023 1734 1093 1801 aliis
1122 1734 1257 1800 diversis
1285 1733 1475 1817 partialibus
1503 1734 1649 1800 scientiis

519 1842 684 1910 coalescit.
708 1844 823 1926 Neque
841 1842 930 1908 enim
949 1843 1011 1909 dici
1032 1850 1141 1927 potest
1167 1861 1209 1907 ex
1226 1844 1291 1907 solo
1309 1842 1441 1907 arbitrio
1472 1843 1646 1907 hominurn

519 1949 642 2033 absque
669 1950 734 2015 ulla
754 1950 912 2036 objectiva
941 1952 1065 2017 ratione
1087 1949 1174 2024 sieri,
1196 1958 1232 2016 ut
1259 1949 1327 2014 aliae
1354 1949 1593 2015 conclusiones
1612 1952 1648 2013 acl

518 2056 689 2141 logicam,
706 2059 775 2123 aliae
795 2060 835 2124 ad
855 2056 1029 2125 Matbesim
1047 2066 1251 2123 revocentur.
1269 2056 1338 2122 Hoc
1352 2075 1431 2141 ergo
1448 2075 1542 2121 nunc
1561 2076 1649 2140 quae-

518 2162 633 2239 rimus,
646 2165 724 2230 illud
739 2184 877 2249 nempe,
892 2184 949 2249 per
958 2165 1047 2247 quod
1055 2173 1152 2231 certae
1163 2165 1311 2249 partiales
1323 2163 1470 2229 scientiae
1483 2166 1648 2248 pertinent

517 2272 559 2335 ad
577 2272 747 2356 logicam,
768 2292 843 2357 quae
865 2281 916 2338 est
935 2292 999 2338 una
1019 2274 1169 2357 quaedam
1191 2271 1298 2340 totalis
1320 2270 1474 2347 scientia,
1495 2271 1648 2355 specifice

517 2378 667 2444 distincta
686 2380 727 2445 ab
747 2379 832 2455 aliis,
858 2388 891 2445 et
919 2391 1014 2446 certae
1034 2380 1103 2445 aliae
1130 2380 1168 2444 ad
1189 2379 1466 2465 Netapbysicam,
1494 2390 1529 2445 et
1554 2390 1648 2443 certae

446 2572 450 2579 ι
517 2485 587 2551 aliae
605 2488 646 2552 ad
666 2488 838 2553 Natbesim
859 2495 922 2553 etc.
941 2488 1068 2571 itaque,
1096 2498 1133 2551 ut
1150 2484 1182 2551 in
1204 2506 1237 2551 re
1256 2485 1517 2570 implicatissima
1538 2508 1559 2551 a
1577 2488 1649 2552 saci-

517 2592 652 2660 iioribus
670 2595 892 2689 errordiamur.

582 2706 659 2769 Dici
677 2709 713 2769 in
731 2708 854 2786 primia
872 2707 1063 2786 generatim
1081 2717 1192 2786 potest
1210 2707 1366 2771 scientire
1387 2708 1507 2771 totalis
1537 2708 1649 2771 unita·

355 2866 462 2912 mim
514 2825 588 2878 tem
600 2816 738 2878 desumi
751 2834 794 2878 ex
808 2817 940 2878 unitate
956 2817 1112 2879 formalis
1134 2817 1273 2894 obiecti,
1295 2810 1346 2876 illa
1366 2829 1491 2894 nempe
1509 2822 1565 2877 est
1584 2831 1647 2878 una

514 2917 663 2993 scientia,
683 2921 777 3004 cujus
795 2938 900 2985 unum
919 2926 969 2984 est
985 2920 1151 3004 objectum
1166 2919 1316 2999 formale3
1333 2917 1451 2984 sivero
1469 2920 1569 3003 plura
1584 2921 1646 2986 sint

514 3025 640 3110 objecta
658 3026 820 3103 formalia,
842 3027 952 3110 plures
970 3044 1102 3109 quoque
1127 3035 1204 3092 sunt
1222 3025 1377 3092 scientiae.
1400 3025 1439 3091 Et
1468 3027 1555 3092 ratio
1584 3040 1644 3093 est.

514 3132 589 3215 quia
601 3152 642 3199 ex
656 3133 783 3199 formali
797 3115 929 3218 objecto
940 3131 1166 3217 specificantur
1180 3131 1338 3210 scientiae,
1355 3119 1644 3215 quemadmodum

513 3240 673 3317 vidimus,
694 3242 789 3324 plane
816 3241 981 3324 sequitur,
1003 3241 1057 3306 ubi
1087 3259 1189 3308 unum
1215 3251 1265 3307 est
1294 3241 1429 3306 lormale
1457 3242 1642 3328 objectum.

514 3347 557 3413 ibi
578 3367 677 3413 unam
698 3367 771 3413 esse
789 3348 972 3414 scientiam.
992 3349 1106 3431 Neque
1125 3347 1156 3412 in
1178 3349 1239 3414 hoc
1256 3357 1307 3414 est
1321 3348 1385 3412 ulla
1400 3367 1488 3413 nova
1504 3349 1646 3414 difficul-

513 3463 581 3530 tas,
604 3474 711 3539 neque
730 3467 905 3521 auctorum
921 3456 1029 3538 quoad
1049 3473 1116 3520 rem
1137 3456 1240 3540 ipsam
1260 3455 1431 3522 dissensio.
1450 3457 1549 3523 Est...
1573 3459 1644 3521 rani·

513 3567 562 3627 tas
581 3563 730 3645 potentia
753 3565 798 3627 ad
822 3566 921 3654 aetus
938 3562 1165 3628 consideranda
1191 3565 1360 3629 sacrandum
1381 3562 1554 3650 objectum,
1583 3585 1642 3629 nan

512 3668 636 3754 quidem
652 3670 874 3745 materialiter,
901 3672 957 3735 sed
973 3672 1142 3736 secundum
1165 3669 1315 3735 rationem
1325 3672 1497 3756 jorrnalrm
1514 3671 1643 3758 objecti·

465 3863 467 3867 Ι
506 3781 586 3858 pata
606 3777 711 3853 homo,
726 3778 836 3842 asinus
847 3781 880 3841 ct
895 3777 978 3858 lapis
1003 3777 1192 3842 conveniunt
1216 3778 1252 3842 in
1275 3797 1340 3842 tana
1356 3778 1493 3862 formali
1519 3781 1643 3844 ratione

510 3886 657 3960 colorati,
677 3887 761 3968 quod
776 3888 824 3950 ast
838 3885 992 3972 objectam
1008 3885 1107 3949 visus.
1130 3884 1215 3967 Quia
1236 3884 1334 3968 igitrar
1350 3885 1449 3952 Sacra
1470 3885 1641 3968 Scriptura

511 4009 565 4056 seu
582 3992 726 4056 doctrina
751 3992 931 4056 considerat
949 3967 1069 4076 aliqua,
1093 3993 1263 4056 secundum
1289 3993 1372 4076 quod
1388 3995 1464 4057 sunt
1482 3992 1641 4058 diabaitas

511 4100 690 4163 revalata...
711 4099 816 4164 omnia
835 4117 1034 4183 quacumque
1060 4101 1138 4164 sunt
1158 4098 1313 4164 divinitus
1335 4098 1532 4174 revelabila'a,
1556 4119 1640 4165 corn·

477 4287 483 4302 ⁸
510 4205 676 4270 munirent
691 4205 725 4270 in
739 4224 804 4270 una
818 4206 940 4271 ratione
944 4206 1080 4291 formali
1095 4206 1206 4293 objecti
1223 4207 1316 4292 liujus
1332 4205 1469 4271 scientiar
1481 4203 1639 4294 (Theolo-

510 4312 573 4397 giae
591 4311 801 4400 dogmaticae)
819 4309 885 4401 (a),
915 4314 953 4381 Et
972 4312 1063 4379 alibi:
1084 4311 1219 4379 Diuersa
1237 4312 1318 4380 ratio
1335 4313 1569 4397 cognoscebatis,
1588 4315 1638 4380 di·

508 4420 687 4487 aeratam
715 4421 919 4486 secandarum
952 4421 1085 4490 inducit.
1122 4419 1267 4488 Eandem
1297 4419 1381 4486 eninr
1406 4419 1635 4490 cmrclauionere

544 4676 586 4738 (r)
621 4670 713 4730 Artic.
729 4691 813 4743 praec.
830 4689 861 4729 n.
878 4670 941 4743 283.

544 4764 586 4830 (a)
622 4759 656 4818 S.
670 4761 776 4820 Thom.
795 4781 819 4818 ι.
835 4779 864 4832 p.
878 4779 909 4832 q.
928 4780 953 4831 r,
968 4780 996 4819 a.
1012 4781 1039 4834 3.
