3492 5525
605 494 665 579 870
719 496 844 561 Loorca
859 496 1089 571 Maron-Lm.
1107 497 1288 571 2.¹¹¹,D1se.
1306 510 1350 580 3.·
1363 497 1441 561 Can.
1459 512 1531 560 arm

370 694 530 741 nemobonus
610 696 687 761 240.
737 680 821 747 Cum
837 681 897 747 bac
910 680 1084 748 bimembri
1094 680 1252 747 divisione
1264 681 1470 746 contundunt
1486 677 1676 763 quidam(r)
1716 708 1718 756 Ι

362 766 542 884 '’mi'‘'gf‘m‘
565 789 726 854 celebrem
746 789 833 854 illam
853 790 1046 855 divisionem
1071 789 1103 854 in
1127 788 1439 855 demonstrationem
1453 792 1586 871 propter
1610 788 1677 872 quali
1716 763 1718 854 i

422 852 449 898 μ
565 904 599 962 et
616 896 930 987 demonstrationem
958 897 1049 982 quia,
1079 914 1280 980 quamquam
1300 897 1391 962 aliter
1417 896 1517 962 sentit
1533 914 1676 961 commu·
1716 857 1718 978 )

566 1004 700 1069 nissima
719 1014 866 1069 veterum
887 1004 998 1087 opinio
1015 1023 1091 1069 cum
1112 1004 1283 1070 Aristotele
1302 1000 1366 1091 (2),
1385 1002 1422 1071 S.
1438 1003 1569 1068 Thoma
1582 1002 1635 1087 (3)
1650 1020 1674 1067 et
1716 1007 1718 1117 (

565 1108 887 1178 Commentatoribus
904 1108 968 1198 (4).
1716 1157 1718 1205 4

631 1217 872 1285 Demonstratiu
889 1236 970 1305 ergo
984 1223 1114 1302 propter
1128 1220 1206 1303 quid
1223 1215 1291 1305 (ded
1309 1217 1352 1295 el)
1367 1227 1417 1284 est
1436 1216 1505 1294 illa,
1527 1236 1605 1300 quae
1618 1237 1673 1283 non
1716 1221 1718 1318 (

519 1398 522 1415 1
565 1326 671 1391 solum
692 1326 851 1403 ostendit,
872 1327 963 1410 quod
981 1346 1030 1392 res
1047 1327 1105 1402 sit,
1124 1327 1293 1392 sedetiam
1307 1326 1422 1392 carita
1436 1326 1493 1402 sit,
1518 1327 1673 1391 afferendo
1716 1358 1718 1394 ι

565 1433 713 1501 videlicet
731 1452 862 1499 causam
882 1433 1044 1517 propriam
1064 1444 1096 1499 et
1110 1436 1330 1517 adaequatam,
1348 1434 1452 1516 qualis
1470 1444 1521 1499 est
1538 1435 1672 1515 proxima
1716 1421 1718 1518 r

536 1562 538 1571 ·
565 1547 598 1604 et
615 1538 804 1605 immediata
823 1542 867 1607 rei
887 1559 996 1606 causa.
1013 1542 1056 1606 Ut
1074 1540 1100 1606 si
1119 1540 1237 1623 probes
1249 1540 1367 1605 risibile
1381 1540 1670 1623 peradmiratioum,
1716 1522 1718 1550 '

552 1647 716 1731 desectum
734 1650 817 1713 lunae
841 1667 898 1731 per
919 1646 1183 1729 inierposiironem
1207 1650 1309 1714 terrm
1338 1646 1582 1712 Demonstratio
1608 1666 1671 1711 uero
1716 1658 1718 1724 ξ

563 1752 638 1839 quia
656 1749 732 1840 (δτι)
750 1762 801 1821 est
825 1754 895 1831 illa,
915 1773 991 1838 quae
1008 1756 1118 1819 solum
1146 1755 1305 1830 ostendit,
1333 1755 1425 1838 quod
1450 1772 1502 1819 res
1527 1755 1587 1830 sit,
1618 1774 1670 1819 non
1716 1769 1718 1836 ξ

565 1879 642 1927 vero
660 1873 716 1925 cur
744 1879 795 1927 res
813 1862 855 1927 sit
881 1858 944 1947 (5).
971 1862 1009 1926 Et
1031 1860 1175 1926 bifariam
1199 1860 1266 1926 iteri
1292 1872 1416 1945 potest,
1437 1862 1478 1927 ab
1501 1862 1670 1934 effectibus,
1716 1862 1718 1932 l

509 2038 518 2055 ,
563 1975 598 2058 et
625 1970 682 2051 per
709 1986 839 2034 causam
870 1987 936 2034 non
963 1969 1146 2052 proximam
1172 1970 1230 2034 sed
1257 1977 1429 2034 remotam.
1460 1968 1567 2035 Causa
1595 1971 1670 2034 enim
1716 1934 1718 2018 i

565 2084 690 2141 remota
708 2076 776 2140 sola
789 2092 855 2141 non
870 2076 1026 2153 ostendit,
1042 2095 1100 2142 cur
1118 2094 1169 2143 res
1183 2076 1242 2157 sit3
1262 2074 1339 2159 quia
1351 2076 1441 2152 licet,
1457 2078 1529 2161 ipsa
1542 2078 1670 2144 sublata.

565 2200 616 2247 res
642 2200 799 2248 essenon
820 2181 940 2267 possit,
959 2184 1019 2249 sed
1037 2184 1159 2258 adhuc,
1179 2183 1248 2267 ipsa
1263 2183 1384 2267 posita,
1404 2186 1555 2249 nondum
1575 2186 1673 2269 sequi·

564 2296 618 2355 tur
635 2290 789 2365 effectus,
809 2289 915 2355 donec
935 2290 1023 2357 aliud
1040 2291 1187 2366 accedat,
1203 2310 1236 2357 v.
1252 2310 1287 2375 g.
1307 2309 1364 2355 cur
1382 2292 1433 2355 leo
1453 2293 1598 2374 respiret,
1616 2312 1671 2358 non

563 2396 665 2462 scitur
688 2396 796 2463 solum
826 2416 884 2481 per
896 2398 972 2475 hoc,
998 2398 1088 2483 quod
1106 2397 1226 2463 sciatur
1243 2398 1334 2463 illum
1354 2416 1425 2463 esse
1443 2398 1576 2463 animal.
1597 2402 1671 2465 Nam

565 2502 638 2571 lieet
653 2502 749 2579 nihil,
770 2504 861 2588 quod
880 2522 946 2570 non
965 2504 1008 2570 sit
1025 2505 1161 2581 animal,
1184 2504 1334 2589 respiret,
1356 2524 1422 2570 non
1436 2514 1548 2571 tamen
1561 2507 1672 2572 sufficit

563 2628 637 2677 esse
666 2610 785 2676 animal
812 2610 854 2677 ad
882 2612 1122 2696 respirandum,
1144 2612 1204 2677 nisi
1236 2612 1394 2677 habeatur
1421 2614 1549 2696 pulmo.
1574 2614 1671 2691 Quare

564 2717 799 2787 demonstratio
823 2719 898 2804 quia
921 2719 1168 2803 comprehendit
1195 2727 1267 2786 tum
1290 2738 1408 2788 omnes
1429 2722 1670 2788 demonstratio

566 2845 624 2893 nes
645 2827 865 2912 aposteriori,
887 2845 945 2893 seu
963 2846 1022 2912 per
1034 2829 1187 2894 eflectum
1203 2829 1253 2912 vel
1272 2828 1422 2914 signum,
1447 2840 1518 2896 tum
1542 2830 1669 2896 demon·
1716 2818 1718 2907 J

564 2935 738 3002 strationes
761 2954 780 3002 a
803 2935 916 3020 priori,
943 2953 1019 3018 quae
1041 2936 1107 3003 sint
1134 2953 1193 3020 per
1208 2955 1340 3002 causam
1367 2943 1540 3008 remotam.
1716 2920 1718 3015 ἱ

631 3041 678 3107 Ex
696 3041 747 3108 his
767 3051 856 3127 patet
874 3042 1060 3126 praestantia
1077 3043 1363 3118 demonstrationis
1376 3049 1505 3128 propter
1519 3044 1598 3130 pauli
1613 3064 1668 3130 pre
1716 3039 1718 3051 ¹

565 3147 626 3213 alia
642 3149 730 3234 quie.
752 3149 805 3215 llla
827 3147 915 3215 enim
932 3147 1148 3226 demonstrat,
1169 3168 1225 3215 cur
1243 3169 1294 3217 res
1311 3152 1368 3229 sit,
1388 3163 1422 3218 et
1443 3165 1668 3235 consequenter
1716 3132 1718 3225 ἶ

564 3257 674 3341 explet
692 3255 779 3323 sitim
807 3255 945 3332 sciendi,
966 3275 1066 3340 quam
1087 3275 1153 3323 non
1172 3259 1282 3342 explet
1299 3259 1617 3346 demonstratioquia
1633 3259 1668 3324 ob
1716 3280 1718 3289 =

564 3361 749 3447 oppositam
774 3365 947 3430 rationem.

385 3484 433 3530 uuo
444 3486 519 3534 auru:
633 3469 724 3536 Circa
742 3472 824 3538 hanc
842 3471 1035 3542 divisionem
1055 3472 1162 3538 solent
1179 3471 1246 3538 duo
1263 3471 1436 3555 disputari:
1457 3472 1616 3557 primunr,
1634 3491 1666 3537 an

401 3559 504 3613 ¹³¹⁵¹¹¹¹¹¹⁰¹
565 3579 607 3644 sit
625 3577 812 3662 adaequata,
829 3579 975 3646 secundo
990 3588 1101 3647 utrum
1120 3578 1161 3646 sit
1175 3578 1324 3656 univoca,
1336 3598 1377 3646 an
1392 3599 1470 3647 vero
1485 3581 1628 3666 analoga.

351 3631 411 3678 sitne
420 3631 542 3690 adaquata

353 3703 455 3761 prudicta
465 3705 550 3755 diririo·

564 3865 636 3923 duln
650 3862 774 3923 ulterius
788 3862 844 3921 erit
859 3861 987 3921 medium
1002 3862 1076 3922 illud
1095 3863 1294 3923 concomitans
1307 3863 1413 3923 habere
1428 3883 1496 3924 eum
1514 3884 1546 3925 re
1562 3865 1668 3924 demon·

564 3954 683 4012 stranda
697 3952 914 4012 mnnexionem.

599 4047 639 4109 (r)
675 4042 762 4114 Apud
778 4041 1016 4114 Complutenaes,
1032 4041 1147 4118 Logia,
1161 4041 1237 4115 disp.
1256 4042 1302 4112 18,
1315 4061 1345 4115 q.
1361 4063 1393 4120 3,
1407 4061 1439 4102 n.
1452 4064 1498 4116 34.

600 4137 640 4200 (a)
680 4139 717 4190 1.·
730 4133 902 4200 Posterior„
916 4151 979 4204 cap.
1000 4151 1041 4188 ro.
1404 4165 1408 4173 ·

600 4226 639 4296 (3)
677 4221 710 4280 ln
725 4231 782 4280 ,unm
794 4221 963 4290 Posrenbr,
978 4220 1044 4280 lect.
1056 4241 1106 4293 aa,
1121 4239 1166 4292 ²⁴·

600 4317 640 4385 (4)
677 4310 753 4368 Vide
763 4308 1151 4381 Sotum,Conimbri0enaea,
1161 4309 1307 4380 Toletum,
1315 4308 1422 4379 Mauri,
1432 4309 1662 4382 aliosqueinre

563 4402 736 4469 Posterior,
751 4421 814 4472 eap.
834 4418 876 4469 ro;
892 4413 921 4458 et
933 4399 1041 4470 Joaun.
1056 4419 1075 4458 a
1089 4398 1122 4458 S.
1137 4399 1256 4470 Thom.,
1270 4399 1388 4476 Logia,
1402 4417 1434 4471 q.
1449 4417 1500 4471 ος,
1514 4420 1544 4458 n.
1556 4418 1584 4472 4.
1716 4388 1718 4395 ’

599 4495 639 4562 (ς)
675 4489 765 4550 Notat
775 4489 822 4548 hie
836 4488 1007 4548 Dominieua
1020 4488 1093 4550 Soto
1105 4488 1146 4548 ite
1154 4488 1328 4562 appellatam
1342 4489 1669 4548 eaaehancdemonatra·
1716 4534 1718 4547 ,

564 4589 673 4648 tionem
685 4607 720 4646 ex
732 4588 862 4646 versione
871 4586 1003 4646 Severini
1016 4588 1126 4658 Bdetii,
1138 4588 1191 4660 qui
1197 4608 1322 4661 graecam
1331 4587 1503 4660 particulam
1518 4581 1564 4648 ὅτι
1584 4601 1668 4646 textus
1716 4626 1718 4675 ἰ

477 4673 491 4698 ¹
563 4685 739 4746 Arktotelici
751 4685 894 4745 convertit
906 4705 958 4758 per
968 4686 1089 4745 latinam
1101 4688 1183 4760 quia.-
1197 4706 1375 4759 quamquam
1385 4707 1538 4760 necgrteca
1548 4706 1600 4745 nec
1613 4684 1667 4743 lati·
1716 4680 1718 4749 i

564 4797 601 4836 na
615 4775 755 4850 particula
769 4775 816 4834 hic
830 4774 997 4849 significent
1010 4796 1127 4836 causam
1142 4778 1200 4849 rei}
1211 4776 1262 4836 aed
1276 4777 1371 4837 solum
1384 4781 1459 4851 qued
1472 4797 1519 4836 res
1531 4787 1583 4835 est.
1716 4762 1718 4787 '
