3492 5525
425 386 437 434 t

254 473 371 539 Anrrc.
396 490 457 537 av
475 470 767 550 AEouraotranrra
789 491 1060 541 nnoeosrrronun
1122 474 1179 556 285

92 662 309 745 quantitatem
328 663 536 747 exprimenti.
550 662 664 730 Omnis
678 663 766 729 bomo
778 668 827 729 est
834 635 945 752 justus
960 670 993 727 et
1005 660 1126 746 aliquis
1135 658 1248 762 hmno‘

12 855 13 864 ἵ
91 789 156 837 nun
168 774 217 837 est
219 773 343 857 justus,
359 780 437 837 sunt
454 772 729 853 contradictoriae;
748 772 898 838 siautem
915 768 1028 855 prima
1054 782 1225 853 praeponas

92 878 322 962 negationem,
342 878 512 963 dicasque:
528 882 601 948 Non
613 880 716 944 omnis
729 880 817 945 homo
830 882 1009 966 estjrartus,
1025 875 1114 940 illam
1130 872 1220 941 alteri

92 985 359 1069 aequipollentem
385 986 497 1051 fecisti.
533 987 698 1070 itemque:
733 987 807 1053 Non
832 985 950 1071 aliquis
980 984 1067 1049 homo
1088 974 1155 1049 'non
1180 982 1227 1045 est

89 1094 213 1177 justus,
235 1092 322 1158 idem
338 1094 423 1159 valet
438 1110 489 1158 ac:
513 1092 626 1159 Omnis
640 1094 726 1160 borno
739 1097 787 1159 est
790 1096 914 1182 justus.
930 1094 1014 1159 Nam
1030 1108 1092 1156 non
1106 1087 1224 1173 arquis

93 1210 144 1266 est
163 1200 346 1278 nullan-et
362 1202 471 1267 nullus
486 1222 550 1269 non
570 1202 743 1286 aequivalet
759 1201 859 1271 omni.
1250 1240 1256 1254 ·

161 1307 260 1375 Ratio
277 1308 398 1393 regule
417 1308 538 1392 petitur
555 1328 598 1375 ex
616 1309 647 1374 vi
667 1310 832 1394 particulae
855 1308 1028 1395 negativae.
1052 1301 1225 1369 Contradi-

93 1414 205 1481 ctoriae
214 1432 358 1498 namque
374 1415 558 1501 discrepant
571 1427 645 1483 tum
656 1416 837 1501 quantitate
850 1426 924 1483 turn
940 1414 1108 1498 qualitate.
1124 1408 1224 1493 Atqui
1261 1488 1274 1507 ρ

95 1524 231 1608 negatio
263 1524 432 1607 praemissa
464 1524 556 1590 initio
589 1524 838 1609 propositionis,
873 1534 906 1589 et
938 1521 1157 1605 quantitatem
1190 1525 1224 1581 et
1263 1490 1287 1595 ἶ

95 1631 287 1714 qualitatem
310 1632 459 1716 ejusdem
485 1632 652 1699 immutat.
678 1632 763 1718 Ergo
791 1612 1223 1714 cuicumquepropositioni

96 1739 229 1823 negatio
248 1747 472 1823 preponatur,
489 1759 561 1804 eam
578 1740 683 1808 reddit
698 1737 1003 1813 contradictoriam,
1021 1752 1079 1801 seu
1099 1743 1226 1798 contra-

96 1844 241 1911 dictoriae
258 1865 326 1912 suae
340 1846 620 1931 tequipollentem.

165 1960 251 2021 Post
271 1956 399 2030 contra:
423 1953 585 2038 significat
608 1955 785 2021 contrarias
812 1952 882 2018 lieri
910 1949 1177 2035 aequipollentes,
1198 1943 1224 2011 si
1252 1958 1423 2016 promimur,

98 2062 232 2147 negatio
250 2068 466 2147 postponatur
483 2062 632 2148 subjecto
658 2062 908 2147 propositionis,
929 2060 972 2126 ita
992 2056 1165 2128 nimirum,
1187 2060 1224 2117 ut

96 2171 204 2236 solam
223 2167 343 2234 afficiat
365 2170 518 2253 copulam
545 2188 604 2236 seu
631 2171 784 2236 verbum.
812 2168 923 2245 Ratio,
949 2164 1105 2250 quiahoc
1124 2161 1224 2255 modo

96 2276 230 2362 negatio
248 2277 352 2341 solam
372 2277 485 2342 alterat
503 2278 736 2362 propositionis
749 2276 956 2361 qualitatem.
974 2273 1027 2339 Sic
1046 2269 1224 2356 propositio

96 2386 185 2450 haec:
207 2382 322 2451 onais
344 2369 432 2449 inmo
453 2386 501 2449 etl
513 2387 641 2471 justus,
661 2383 844 2470 postposita
867 2383 1016 2467 subjecto
1037 2378 1221 2463 negatione,

95 2491 301 2557 convertitur
317 2490 352 2555 in
371 2492 476 2556 hanc:
499 2491 612 2558 Omnis
630 2492 716 2558 horto
738 2512 803 2558 non
825 2494 875 2557 est
893 2492 1019 2578 justus,
1045 2504 1118 2571 quae
1137 2482 1225 2548 idern

97 2600 204 2673 valet,
223 2616 278 2663 ac:
300 2600 419 2667 Nullus
435 2599 523 2665 homo
539 2602 589 2665 est
595 2602 717 2687 justus.
736 2598 892 2666 Similiter
907 2600 992 2663 haec:
1009 2596 1126 2663 Nullus
1140 2592 1227 2656 horno

12 2745 13 2754 κ
81 2691 280 2795 ciiij,
301 2716 524 2774 commutatur
542 2708 574 2774 in
602 2709 686 2775 hanc
712 2705 828 2774 aliam:
853 2707 972 2778 Nullan
992 2704 1078 2770 horno
1101 2718 1164 2768 non
1183 2699 1231 2764 est

12 2812 13 2815 ’
89 2819 220 2903 μεως,
240 2831 316 2898 quae
333 2815 506 2898 aequivalet
523 2816 597 2883 huic
616 2816 731 2900 prioris
744 2815 931 2882 contrariae:
950 2812 1062 2880 Omnis
1078 2810 1165 2875 horno
1182 2809 1232 2872 cst

92 2927 219 3010 ratus·
757 2992 760 3001 .

165 3037 249 3098 Prae
267 3035 417 3114 Postque
440 3031 611 3097 urinam.
637 3030 779 3097 Denotat
802 3030 1008 3097 subalternas
1033 3023 1102 3090 steri
1126 3021 1228 3106 aequl·
1350 3049 1363 3080 o

97 3139 260 3224 pollentes
273 3137 393 3221 duplici
411 3139 602 3222 negatione,
619 3141 719 3206 altera
733 3157 808 3223 quae
822 3137 1026 3223 praefigatur,
1043 3133 1142 3198 altera
1156 3148 1229 3213 quae
1273 3123 1300 3153 ⁸¹¹
1348 3123 1407 3153 “¹¹¹⁸

99 3253 320 3331 postponatur
341 3243 501 3331 subjecto.
521 3247 616 3314 Ratio
641 3247 718 3331 quia
737 3247 933 3313 subalterna
957 3241 1142 3324 discrepant
1160 3238 1230 3304 sola

97 3353 297 3438 quantitate.
312 3352 382 3432 Jam
398 3372 476 3419 vero
493 3354 520 3420 si
539 3353 686 3440 subjecto
702 3354 888 3439 praefigatur
907 3348 1055 3436 negatio,
1073 3365 1140 3413 non
1160 3345 1230 3412 sola

98 3459 284 3547 quantitas,
303 3461 362 3526 sed
381 3462 520 3544 qualitas
537 3481 673 3546 quoque
692 3472 856 3538 mutatur,
879 3469 915 3527 ut
939 3459 1061 3527 dictum
1082 3461 1132 3520 est
1149 3453 1231 3519 circa

97 3568 377 3635 contradictorias.
411 3567 455 3635 Ut
482 3589 562 3654 ergo
590 3571 642 3636 hic
674 3571 813 3636 effectus
834 3569 1031 3663 ¹immutatae
1064 3561 1230 3648 qualitatis

98 3678 304 3753 destruatur,
325 3694 458 3742 necesse
477 3687 543 3753 est,
570 3687 768 3764 postponere
786 3677 936 3764 subjecto
963 3673 1058 3739 aliam
1084 3669 1231 3755 negatio-

98 3803 189 3854 nem.
212 3783 282 3848 lloc
299 3791 394 3867 pacto
414 3785 442 3849 si
460 3783 536 3850 huic
554 3785 785 3871 propositioni:
809 3784 923 3851 Omnis
946 3783 1032 3848 horno
1049 3781 1099 3845 est
1106 3781 1229 3865 jusnrs,

96 3891 263 3976 duplicem
278 3891 366 3956 illam
386 3893 594 3977 negationem
612 3894 758 3980 adjicias,
776 3891 911 3959 habebis
930 3893 1012 3956 hanc
1027 3888 1141 3955 aliam:
1158 3883 1231 3952 Non
1250 3919 1255 3930 ·

97 4000 200 4066 omncs
214 3999 302 4065 loma
313 4017 378 4065 non
390 4003 568 4088 esrjustas,
584 4021 643 4070 seu
658 4003 776 4088 aliquis
788 4001 876 4068 homo
887 4003 934 4066 ast
943 4001 1071 4092 justris,
1091 4011 1166 4078 quae
1183 3999 1234 4058 est

98 4109 288 4174 subalterna
302 4107 435 4192 prioris;
447 4109 524 4192 quia
538 4128 602 4175 nort
616 4109 720 4176 omnis
734 4118 784 4176 est
796 4108 884 4175 idem
900 4126 937 4173 ac
947 4105 1064 4190 aliquis
1077 4119 1158 4178 non,
1174 4101 1235 4166 du-

99 4217 176 4299 plex
201 4222 313 4280 autern
333 4214 465 4300 negatio
490 4215 645 4286 affirmat.
675 4217 803 4284 Clarius
825 4219 913 4282 haec:
935 4211 1064 4298 Aliquis
1082 4211 1169 4276 bomo
1190 4210 1238 4273 est

91 4313 222 4399 justus,
246 4323 448 4390 convertitur
465 4323 499 4388 in
520 4323 622 4392 hanc:
643 4327 716 4396 Non
737 4325 855 4411 aliquis
873 4323 962 4390 horno
979 4339 1042 4387 non
1059 4319 1234 4407 estjustru,
1301 4315 1303 4324 ‘

97 4448 160 4496 seu
173 4431 292 4498 Nullus
305 4429 392 4496 lona
405 4448 469 4497 non
483 4434 661 4520 esrjusau,
682 4431 715 4500 id
731 4442 797 4500 est:
820 4429 933 4498 Omnis
948 4429 1036 4495 homo
1052 4428 1103 4493 ert
1111 4426 1233 4513 justus.

98 4538 135 4606 lit
161 4537 250 4605 hac:
270 4535 388 4606 Nullus
406 4537 494 4605 domo
515 4543 562 4630 esi
570 4542 698 4628 justus,
724 4541 758 4608 in
778 4544 877 4607 hanc:
903 4541 976 4610 Non
998 4533 1107 4602 nullus
1131 4533 1235 4598 homo

99 4643 147 4730 (id
172 4654 225 4713 est
250 4645 370 4730 aliquis
393 4645 513 4736 homo)
544 4666 608 4715 non
636 4653 684 4716 est
700 4651 823 4737 justus,
859 4665 935 4730 quae
949 4642 1064 4730 prioris
1087 4651 1138 4710 est
1159 4637 1236 4708 sub·

98 4757 238 4822 alterna.
318 4795 327 4813 .
