3492 5525
323 354 438 417 Amic.
458 366 516 435 5³¹·
529 351 722 418 Gonanatrs
737 371 858 421 orvrsro
872 348 1097 419 sclssuttnltum
1155 368 1231 433 ¹0¹7
1257 364 1262 371 ·

216 544 328 619 Major
349 546 494 615 constat,
519 538 596 633 quia
621 538 742 624 singuli
760 539 882 625 gradus
908 534 1133 603 abstractionis
1160 554 1180 599 a
1202 554 1270 600 ma-

151 643 229 709 teria
246 645 515 731 ‚diversissimam
549 648 759 731 suppeditant
786 655 933 731 segetem
966 643 1268 729 cognoscendarum

151 770 272 818 rerum.
301 738 309 747 ’

217 860 352 945 Reliqua
369 860 467 927 etiam
482 869 594 945 patent
608 881 649 927 ex
661 862 818 928 hactenus
832 862 925 929 dictis
940 860 973 927 in
987 868 1059 927 toto
1073 860 1134 925 hoc
1148 858 1266 943 eapite.

192 973 308 1035 Dices.
356 970 528 1047 Quantitas
541 969 793 1037 consideratura
810 970 961 1056 Physico,
978 951 1052 1035 cum
1069 968 1111 1033 sit
1121 966 1269 1033 accidens

150 1074 233 1141 entis
261 1076 406 1152 mobilis,
437 1096 559 1161 nempe
584 1077 730 1161 corporis
748 1076 923 1144 sensibilis:
947 1078 1050 1143 immo
1069 1086 1101 1145 et
1131 1073 1269 1140 aMeta·

150 1183 300 1268 physico,
318 1183 394 1267 quia
413 1193 463 1250 est
482 1204 585 1251 unum
604 1205 645 1256 ex
664 1184 938 1269 praedicamentis,
959 1202 1101 1267 quorum
1121 1180 1267 1247 tractatio

149 1300 274 1373 spectat
301 1291 342 1356 ad
370 1292 641 1379 Metaphysicam.
671 1292 754 1376 Ergo
782 1292 954 1369 Mathesis,
984 1310 1058 1374 quae
1084 1290 1181 1355 habet
1209 1306 1268 1373 pro

149 1397 277 1482 objecto
295 1399 529 1482 quantitatem,
546 1402 596 1465 vel
613 1419 680 1467 non
698 1398 908 1484 distinguitur
927 1418 944 1464 a
962 1398 1098 1485 Physica
1114 1408 1147 1463 et
1165 1395 1269 1461 Meta-

149 1505 298 1590 physica,
319 1507 370 1570 vel
391 1525 456 1573 non
476 1515 526 1573 est
545 1507 605 1574 nisi
625 1498 699 1591 pars
717 1509 832 1573 harum
851 1506 1073 1573 scientiarum.
1116 1582 1119 1587 ¹

214 1618 319 1696 Resp.
339 1614 415 1681 dist.
444 1626 550 1682 antec.
572 1616 745 1693 Quantitas
767 1616 990 1682 consideratur
1008 1634 1027 1679 a
1050 1611 1188 1699 Physico
1215 1613 1265 1676 vel

148 1720 374 1807 Metaphysico
392 1721 495 1799 aliter,
513 1742 549 1789 ac
563 1723 785 1790 consideratur
799 1744 817 1788 a
833 1722 1078 1797 Mathematico,
1094 1739 1194 1797 conc„
1211 1738 1267 1785 eo-

147 1826 222 1891 dem
239 1828 356 1905 modo,
371 1849 439 1914 neg.
460 1831 498 1896 Et
516 1848 588 1913 neg.
607 1849 740 1913 conseq.

211 1934 373 2001 Nimirum
393 1936 548 2023 Physicus
564 1936 749 2009 considerat
772 1925 1006 2024 quantitatem,
1027 1944 1189 2020 quatenus
1215 1946 1264 2009 est

147 2042 325 2126 proprietas
351 2045 436 2111 entis
462 2044 592 2113 mobilis
618 2053 650 2109 et
675 2046 879 2140 sensibilium
905 2044 1120 2112 accidentium
1151 2044 1266 2110 sunda-

147 2159 314 2232 mentum;
335 2152 577 2239 Metaphysicus
595 2162 724 2230 autem,
744 2164 908 2239 quatenus
925 2160 975 2221 est
992 2170 1097 2219 unum
1112 2170 1153 2219 ex
1174 2170 1266 2219 surn-

146 2256 209 2322 mis
228 2276 338 2324 rerum
348 2260 547 2343 ¹generibus,
569 2260 601 2326 in
621 2280 696 2344 quae
716 2262 821 2345 primo
839 2270 873 2327 et
896 2262 1085 2329 immediate
1111 2259 1265 2327 dividitur

145 2382 216 2429 ens.
237 2364 280 2430 At
299 2365 454 2432 Mathesis
473 2367 601 2450 respicit
624 2369 858 2452 quantitatem,
887 2360 1165 2435 secundum-illas
1185 2369 1265 2433 aite-
1299 2362 1302 2374 '

143 2472 267 2537 ctiones
296 2480 330 2537 et
364 2473 593 2557 proprietates,
623 2494 698 2559 quae
732 2476 775 2542 illi
803 2476 970 2553 absolute,
1007 2494 1065 2543 seu
1101 2483 1264 2559 quatenus

143 2579 309 2660 quantitas
327 2588 395 2656 est,
417 2580 647 2669 conveniunt(
671 2582 698 2669 ).

188 2692 289 2755 Prob.
332 2695 381 2757 a.⁰
432 2688 632 2755 Auctoritate
660 2699 710 2756 tot
744 2699 978 2775 tantorumque
1008 2691 1206 2768 Doctorum,
1245 2708 1263 2753 e
1309 2694 1440 2778 inebriate

143 2793 263 2877 quibus
283 2796 442 2882 praecipue
465 2798 636 2865 laudamus
654 2797 688 2864 S.
709 2798 885 2864 Thomam.
907 2799 968 2866 Ubi
988 2807 1064 2866 nota
1084 2799 1115 2864 in
1136 2801 1195 2866 hac
1215 2817 1260 2873 re,
1277 2766 1476 2884 ⁵232}ssssssme

143 2921 217 2985 quae
245 2905 388 2996 multum
415 2906 538 2990 pendet
565 2925 605 2971 ex
633 2906 763 2972 arbitrio
793 2907 1006 2991 sapientium,
1021 2905 1260 2974 'auctoritatem

143 3012 255 3096 magni
273 3012 452 3078 taciendam
471 3031 555 3080 esse.
584 3015 695 3097 ltaque
711 3014 917 3096 Speculabili,
938 3014 1042 3097 inquit
1071 3015 1259 3101 Angelicus,

139 3120 309 3184 secundum
326 3123 410 3203 quod
424 3124 471 3186 est
485 3121 634 3208 objectum
651 3121 847 3203 speculativa
856 3122 1020 3202 potentia,
1040 3123 1164 3207 aliquid
1180 3141 1261 3188 com·

135 3225 220 3305 petit
233 3244 274 3290 ex
286 3230 379 3308 parte
401 3228 547 3310 potentia
563 3228 758 3294 intellectiva
775 3232 806 3294 et
829 3228 953 3313 aliquid
969 3233 1113 3312 exparte
1138 3229 1261 3296 habitus

138 3332 291 3408 scientia,
317 3353 378 3418 quo
396 3335 571 3408 intellectus·
586 3335 767 3419 pemtcitur:
788 3354 828 3401 ex
843 3341 935 3418 parte
956 3337 1066 3421 quippe
1089 3337 1261 3404 intellectus

138 3441 280 3522 competit
299 3442 330 3506 ei
336 3491 345 3517 ,
372 3445 456 3526 quod
472 3444 516 3508 sit
539 3443 759 3519 immateriale,
779 3443 854 3528 quia
880 3448 912 3510 et
933 3444 997 3526 ipse
1022 3445 1193 3512 intellectus
1216 3450 1263 3512 est

137 3546 371 3631 r'mmatcrialis;
389 3569 430 3616 ex
446 3553 540 3632 parta
556 3569 630 3617 vero
655 3533 793 3617 scientia
814 3551 957 3634 competit
971 3553 1017 3626 ei,
1036 3555 1121 3637 quod
1145 3552 1190 3618 sit
1205 3571 1260 3618 rre-

137 3656 324 3733 cessarium,
342 3658 417 3742 quia
429 3658 558 3728 scientia
576 3661 615 3724 rte
632 3659 813 3724 necessariis
826 3662 889 3736 est,
905 3663 943 3725 ut
947 3660 1112 3742 probatur.
1135 3659 1260 3726 1.⁰Po-

136 3763 313 3831 curtorum.
342 3766 441 3834 Omne
459 3769 561 3832 autem
586 3767 809 3842 necessarium,
829 3767 864 3832 in
891 3770 1041 3852 quantum
1068 3767 1256 3856 hujusmodi,

137 3875 186 3936 est
201 3873 368 3952 immobile,
388 3873 463 3958 quia
476 3893 564 3939 amm
576 3877 660 3959 quod
671 3878 827 3952 mouetur,
847 3875 1048 3960 inquantum
1067 3873 1255 3963 bajusnmdi,

131 3979 279 4061 possibile
296 3984 344 4045 est
368 3999 431 4046 esse
456 3986 487 4046 et
512 4001 574 4046 non
601 4000 680 4058 esse,
709 3984 760 4049 vel
783 3982 982 4064 simpliciter,
1010 3984 1062 4049 uel
1086 3985 1256 4048 secundum

135 4087 230 4171 quid,
250 4092 289 4154 ut
311 4088 430 4154 dicitur
461 4095 528 4154 ιο.0
546 4088 839 4172 Metaphysimrum.
867 4090 921 4157 Sic
939 4089 1042 4175 igitur
1060 4090 1253 4173 speculabiti,

134 4198 220 4280 quod
234 4200 282 4261 est
296 4196 446 4282 objectum
462 4196 659 4279 spmruma
675 4198 811 4264 scurrae
823 4204 882 4280 per
899 4217 932 4264 sa
944 4199 1087 4281 competit
1101 4198 1255 4280 separatio

171 4470 212 4530 (ι)
249 4463 325 4523 Vide
339 4464 529 4534 Cmimbria,
544 4466 709 4540 Physicor.,
724 4468 850 4526 Prooem.
867 4459 970 4540 quast.
1000 4489 1021 4535 r,
1043 4489 1070 4526 a.
1085 4469 1112 4535 6,
1138 4467 1175 4526 ad
1192 4477 1254 4540 5.'·

135 4555 207 4613 Item
223 4555 256 4612 S.
271 4555 376 4614 Thom.
393 4575 460 4612 cum
473 4555 576 4624 Arist,
591 4555 641 4613 lib.
657 4556 871 4631 a.⁰Physicor.,
887 4556 951 4615 lect.
964 4579 991 4632 33
1002 4557 1130 4631 sylvest.
1144 4558 1252 4630 Mauri,

134 4659 165 4703 et
179 4643 252 4704 alios
267 4644 534 4713 Commentatorca,
550 4643 581 4704 in
593 4644 644 4703 lib.
657 4655 718 4702 a.¹'¹
730 4647 897 4718 Physica,
913 4667 975 4720 cap.
992 4669 1019 4722 3.
