3492 5525
548 470 605 555 506
758 468 1125 546 LoorcaMnJon-Ltu.
1144 486 1214 548 tau,
1230 469 1320 535 Drsb.
1343 482 1388 535 a·
1473 533 1476 537 Δ

510 649 636 727 midini,
659 650 731 719 licet
754 648 972 735 imprudenti,
994 666 1060 717 non
1080 646 1172 715 adest
1193 649 1383 734 hujusmodi
1401 648 1634 725 immobilitas,

532 776 546 822 r
594 809 601 826 .

506 758 654 948 Effecp.
696 884 764 949 aug.
780 873 896 931 assera.
919 863 969 930 Ad
988 862 1129 947 probat„
1148 863 1215 928 dist
1236 864 1350 949 Major.
1378 862 1547 933 Certitudo
1566 864 1633 933 im·

506 980 612 1057 portat
638 972 901 1041 immobilitatem
925 970 1137 1047 adhaesionis,
1160 989 1235 1054 quae
1252 980 1394 1055 nequeat
1415 974 1532 1039 saltem
1552 992 1637 1059 pru·
1729 981 1730 1058 ᾖ

504 1080 618 1147 denter
645 1080 785 1157 turbari,
805 1097 914 1160 conc.;
937 1098 1012 1162 quae
1036 1098 1077 1144 ne
1099 1078 1324 1163 imprudenter
1350 1078 1486 1163 quidem
1505 1082 1635 1150 turbari
1729 1075 1730 1158 J

505 1188 617 1273 possit,
638 1205 723 1271 nega
762 1236 768 1249 .

548 1300 656 1379 Obila.
683 1302 733 1367 3.⁰
779 1293 837 1363 Vis
857 1314 893 1360 ac
909 1312 1081 1380 processus
1102 1293 1317 1370 certitudinis,
1341 1314 1417 1379 que
1435 1294 1569 1382 physica
1582 1298 1636 1365 αἱ.
1729 1311 1730 1320 .

503 1402 587 1469 citur
601 1412 634 1468 et
649 1404 780 1471 moralis
794 1404 834 1469 ad
851 1404 934 1469 hanc
951 1402 1205 1487 propositionem
1219 1404 1360 1469 velutad
1380 1406 1555 1472 tonnutarn
1571 1426 1636 1491 ge·

504 1512 647 1581 neralem
666 1522 848 1579 revocatur:
869 1512 935 1579 Hoc
954 1511 999 1577 ita
1016 1513 1076 1586 est,
1097 1509 1128 1575 si
1145 1512 1635 1597 nullafiatexceptioinlegibas

501 1618 567 1684 sive
580 1618 721 1703 physicis
738 1618 804 1685 siae
821 1619 1011 1685 muralibus:
1031 1637 1065 1683 v.
1084 1637 1119 1702 g.
1145 1617 1207 1683 Hie
1235 1618 1320 1701 ignis
1347 1636 1432 1685 nune
1458 1622 1633 1699 comburet,

503 1724 633 1812 nisifiat
644 1726 847 1807 miraculum
866 1727 936 1791 vel:
958 1724 1075 1791 Existit
1086 1723 1390 1807 Constantinopolis,
1407 1726 1474 1793 nisi
1488 1732 1578 1795 testes
1597 1729 1637 1795 id

501 1836 689 1909 narrantes,
716 1840 776 1917 per
794 1850 948 1899 sumniam
970 1834 1071 1915 bgum
1086 1831 1255 1897 moralium
1272 1832 1485 1910 violationem,
1505 1836 1636 1901 nutriti

502 1938 578 2006 sint.
600 1940 637 2004 Et
659 1940 703 2005 ob
720 1959 792 2005 eam
821 1957 956 2006 causam
978 1938 1176 2020 hypothetice
1194 1949 1353 2007 uocantur
1375 1940 1538 2024 praedictae
1557 1962 1634 2008 cer·
1730 1967 1731 1992 r

501 2046 671 2114 titudines.
693 2046 793 2131 Atqui
813 2048 863 2113 hae
880 2044 1120 2131 propositiones
1135 2047 1359 2134 metaphysica
1372 2050 1519 2133 gaudent
1533 2052 1634 2119 certi·

500 2153 627 2220 tudine.
648 2154 743 2239 Ergo.
1311 2156 1314 2161 ’
1730 2139 1731 2160 ³

567 2268 673 2346 Reep.
699 2282 771 2346 neg.
793 2262 897 2347 Major
914 2262 1022 2344 quoad
1044 2269 1218 2344 utramque
1242 2270 1382 2345 partern.
1409 2262 1494 2329 Nam
1522 2264 1574 2331 vis
1593 2284 1634 2331 ac

500 2368 667 2437 tendentia
687 2370 829 2457 physicae
855 2387 893 2434 ac
912 2368 1043 2435 moralis
1066 2368 1271 2435 certitudinis
1295 2388 1360 2436 non
1385 2378 1435 2435 est
1453 2370 1525 2449 illa,
1551 2390 1634 2455 quae

501 2478 533 2544 in
552 2477 678 2563 objecta
696 2476 919 2561 propositione
940 2475 1149 2561 exprimitur,
1174 2477 1232 2545 sed
1256 2476 1342 2542 baec:
1365 2478 1521 2560 Quoniam
1546 2482 1633 2563 leges

495 2585 632 2669 pbysice
649 2588 708 2651 aut
722 2586 855 2649 morales
871 2586 1049 2649 constantes
1062 2586 1152 2659 sunt,
1168 2587 1199 2648 et
1210 2585 1299 2650 nulla
1317 2583 1366 2649 bic
1379 2588 1412 2650 et
1422 2604 1507 2651 nnnc
1531 2594 1633 2669 appa·

500 2696 552 2758 ret
564 2692 647 2759 ratio
655 2694 830 2776 prudenter
827 2691 1029 2778 formidandi
1036 2691 1254 2773 exceptionem,
1266 2692 1320 2755 boc
1330 2692 1373 2757 ita
1382 2696 1443 2772 esi,
1457 2714 1491 2760 v.
1501 2713 1552 2780 gx
1565 2696 1633 2764 Hic

500 2801 586 2885 ignis
603 2801 775 2877 comburet,
798 2801 867 2865 vel:
891 2799 1176 2880 Constantinopolis
1191 2797 1310 2865 existit.
1731 2774 1733 2801 ⁸

546 2914 653 2992 objie.
669 2907 721 2990 4.⁰
769 2905 1011 2991 Propositiones
1024 2916 1122 2972 certae
1131 2907 1327 2973 certitudine
1341 2909 1476 2994 physica
1487 2911 1538 2975 uel
1556 2930 1632 2977 mo·
1731 2912 1733 2953 l

503 3015 557 3082 tali
577 3017 775 3100 aequivalent
789 3015 992 3080 conclusioni
1010 3013 1124 3080 tluenti
1144 3033 1184 3078 ex
1196 3014 1325 3082 duabus
1340 3015 1529 3102 praemissis,
1547 3037 1633 3102 qua·

406 3147 408 3151 ·
502 3143 574 3191 rum
590 3123 690 3208 Major
706 3125 774 3188 haec
790 3133 851 3214 est:
873 3123 934 3189 Res
954 3121 999 3186 ita
1017 3124 1074 3197 est,
1089 3121 1119 3186 si
1136 3123 1298 3208 nullafiat
1312 3124 1347 3189 in
1362 3125 1479 3207 legibus
1487 3126 1632 3208 physicis

501 3236 534 3298 et
544 3231 715 3298 moralibus
728 3231 878 3312 exceptio:
892 3230 997 3295 Minor
1007 3238 1116 3297 autem
1131 3229 1213 3295 haec:
1226 3231 1328 3315 Atqui
1339 3231 1389 3297 bic
1398 3235 1429 3298 et
1439 3251 1525 3298 nunc
1536 3238 1631 3300 nulla

491 3340 539 3428 fit
559 3337 710 3426 querendi
736 3339 882 3419 exceptio.
905 3336 976 3417 Jam
1003 3355 1081 3402 vero
1099 3337 1201 3422 Major
1225 3338 1274 3404 illa
1294 3351 1382 3406 certa
1400 3339 1535 3424 quidem
1562 3351 1628 3409 est.

503 3447 609 3514 Minor
631 3465 708 3512 vero
730 3455 860 3512 tantum
890 3444 1063 3528 probabilis
1085 3453 1136 3510 est
1158 3453 1216 3511 aut
1238 3445 1507 3529 probabilissima.
1533 3447 1626 3514 Con-

502 3554 605 3624 clusio
624 3554 734 3636 itaque
761 3553 878 3620 exinde
897 3569 1104 3636 consequens
1126 3554 1270 3639 pejorem
1301 3563 1457 3638 sequatur
1484 3565 1628 3640 partem,

503 3670 645 3746 oportet,
663 3680 698 3726 ac
719 3659 851 3744 proinde
866 3668 954 3725 certa
969 3678 1034 3724 non
1049 3671 1111 3735 est,
1132 3659 1191 3725 sed
1209 3668 1337 3726 tantum
1353 3661 1628 3745 probabilissima.

570 3775 675 3856 Resp.
696 3773 767 3852 neg.
796 3767 911 3852 Major.
940 3768 1024 3832 Nam
1044 3783 1199 3834 assensus
1221 3769 1355 3853 physice
1377 3777 1434 3834 aut
1462 3771 1631 3837 moraliter

502 3887 609 3946 certus
638 3895 703 3944 non
733 3875 864 3961 ponitur
883 3875 915 3939 vi
943 3874 1028 3940 illius
1054 3873 1239 3953 discursus,
1264 3877 1323 3942 sed
1353 3876 1560 3958 immediate,
1592 3893 1629 3948 ut

504 4003 608 4070 nuper
626 3984 832 4060 dicebamus,
854 3985 916 4048 hoc
936 3992 1044 4067 pacto:
1062 3983 1220 4066 Quonim
1237 3985 1320 4068 leges
1333 3989 1455 4051 natura:
1466 4005 1505 4051 ac
1522 4007 1630 4053 mora·

504 4089 548 4159 les
565 4096 643 4159 siant
666 4095 856 4166 constantes,
885 4109 942 4155 nec
958 4090 1076 4155 violari
1092 4095 1241 4172 possunt,
1261 4091 1327 4157 nisi
1342 4092 1407 4158 illae
1429 4093 1556 4178 quidem
1569 4103 1632 4178 per

503 4201 708 4276 miraculum,
729 4199 774 4264 be
791 4201 893 4264 auum
907 4205 966 4280 per
984 4197 1162 4264 abnorrnem
1178 4198 1309 4264 abruum
1326 4199 1478 4266 libertatis
1481 4221 1495 4281 ;
1512 4202 1550 4266 in
1572 4203 1630 4270 bac

504 4313 608 4376 auum
633 4325 710 4374 casu
736 4305 944 4390 particulari,
968 4306 1130 4388 perpensis
1159 4306 1303 4374 omnibus
1329 4309 1506 4395 emunctis,
1535 4313 1629 4378 nulla

503 4415 601 4499 detegi
613 4417 715 4498 potest
730 4414 811 4481 ratio
833 4414 1005 4496 prudenter
1027 4413 1159 4478 timendi
1179 4414 1401 4496 exceptionem,
1426 4433 1476 4482 res
1497 4415 1542 4482 ita
1566 4424 1626 4483 est.

506 4523 598 4592 Unde
616 4523 705 4606 quod
725 4522 814 4587 nulla
832 4521 883 4587 bic
907 4531 939 4586 et
959 4539 1046 4586 nunc
1064 4521 1159 4586 detur
1177 4522 1341 4605 exceptio,
1363 4539 1429 4587 non
1447 4525 1630 4593 assumitur

506 4644 675 4715 tamquam
696 4627 776 4696 ratio
795 4629 835 4694 ad
853 4628 1132 4704 concludendum,
1150 4629 1208 4695 sed
1227 4629 1416 4715 simpliciter
1429 4632 1630 4716 supponitur

506 4751 675 4821 tamquam
694 4735 837 4802 conditio
855 4744 930 4800 ante
949 4753 1136 4802 assensum.
