3492 5525
427 498 540 563 harre.
568 511 624 561 1.¹¹·
646 497 735 576 Quro
756 514 1007 563 oenousrnarro
1167 492 1227 579 853

1046 602 1259 618 ..ο-ιιι-

138 675 185 741 sic
212 694 248 741 se
274 676 386 743 habet:
413 674 638 743 demonstratio
662 680 709 743 est
727 677 929 761 syllogismus
953 694 1010 743 seu
1035 678 1480 761 argreraenteliornmadeomn·

129 783 257 868 facim
272 784 354 850 scire
371 780 434 872 (r).
456 783 538 861 Qrae
556 782 705 849 definitio
723 790 759 849 ut
777 784 896 851 melius
913 784 1128 870 intelligatur,
1151 793 1268 851 notan·
1317 765 1449 884 43:ng

139 888 220 957 dum
239 899 289 956 est
307 890 340 956 in
359 891 489 976 primis,
509 892 542 957 id
560 891 650 974 quod
675 909 753 957 mox
772 891 878 959 fusius
895 892 1037 969 dicetur,
1057 891 1267 960 demonstra-

139 996 263 1064 tionem
283 997 382 1064 dividi
400 998 433 1063 in
453 996 767 1065 demonstrationem
777 1002 909 1082 propter
924 998 1048 1084 quidet
1063 999 1268 1065 demonstra-

139 1103 265 1171 tionem
293 1105 380 1191 quio.
402 1104 457 1171 illa
483 1126 524 1172 ex
550 1124 646 1172 causa
668 1106 816 1191 proxima
839 1106 956 1191 probat
980 1108 1151 1182 ellectum,
1171 1114 1208 1173 ut
1234 1105 1261 1174 si

139 1210 285 1297 eclipsim
317 1214 404 1281 lunae
435 1214 505 1279 iore
537 1213 694 1298 probetur
725 1232 767 1279 ex
796 1212 1043 1299 interpositione
1070 1223 1180 1290 terrae,
1209 1217 1262 1281 vei

49 1333 54 1343 “
140 1317 309 1385 hominem
332 1338 405 1387 esse
424 1320 598 1398 risibilem,
615 1320 691 1405 quia
710 1328 760 1386 est
781 1319 1006 1388 admirativus.
1023 1320 1266 1388 Demonstratio

138 1426 214 1511 qaia
243 1447 261 1492 e
289 1445 448 1495 converso
476 1447 608 1495 causam
643 1428 758 1513 probat
792 1447 849 1514 per
878 1430 1052 1504 ellectum,
1085 1431 1136 1494 vel
1166 1430 1266 1501 etiam

139 1536 293 1601 ellectum
311 1554 369 1621 per
386 1554 518 1603 causam
538 1536 765 1618 remotiorem
787 1545 824 1601 ut
842 1536 869 1602 si
888 1536 946 1602 Dei
965 1535 1172 1604 existentiam
1192 1555 1268 1621 pro·

140 1643 199 1709 bes
217 1661 258 1709 ex
276 1643 448 1721 creaturis,
467 1644 519 1709 vel
539 1644 680 1711 hominis
699 1643 913 1711 risibilitatem
933 1663 974 1709 ex
993 1644 1220 1711 rationalitate.

207 1750 305 1817 Porro
330 1750 409 1817 scire
438 1770 505 1817 rem
526 1751 666 1833 aliquam
694 1761 772 1817 tunc
793 1750 922 1835 proprie
949 1751 1102 1828 dicimur,
1134 1752 1266 1835 quando

141 1858 229 1923 illam
250 1876 316 1924 non
335 1858 583 1943 quomodolibet
601 1859 844 1943 cognoscimus,
869 1859 928 1925 sed
952 1867 1042 1925 certo
1054 1870 1093 1926 et'
1104 1877 1161 1943 per
1172 1877 1266 1926 suam

141 1983 272 2031 causam
288 1967 483 2057 proximam,
501 1965 785 2050 quemadmodum
797 1985 876 2032 mox
888 1966 1028 2050 amplius
1040 1962 1265 2043 declarabitur,

141 2092 218 2139 cum
238 2072 372 2139 scientia
391 2062 576 2139 delinienda
595 2074 666 2140 erit.
688 2072 799 2158 ltaque
817 2092 894 2141 cum
914 2074 1132 2159 Philosophus
1154 2072 1269 2140 defini·

141 2180 189 2246 vit
216 2180 541 2248 demonstrationem:
566 2180 782 2265 syllogismum
790 2181 962 2267 jacientem
983 2180 1084 2263 scire;
1110 2180 1268 2247 intellexit

141 2289 230 2354 illam
246 2308 317 2355 esse
335 2290 434 2355 talem
450 2288 782 2374 argumentationem,
800 2306 875 2372 quae
890 2289 962 2355 iacit
977 2307 1178 2373 cognoscere
1197 2307 1267 2356 rem

143 2416 201 2483 per
221 2394 405 2480 proximam
424 2396 496 2481 ejus
513 2414 660 2463 causam.

212 2502 294 2569 Hinc
317 2503 589 2570 communissime
603 2502 888 2571 Commentatores
901 2512 1038 2569 censent
1053 2503 1094 2569 ab
1113 2505 1172 2570 hac
1189 2501 1271 2568 uen-

144 2610 268 2677 nitione
294 2612 582 2678 demonstrationis
608 2611 735 2677 excludi
755 2629 821 2677 non
845 2611 954 2678 solum
980 2611 1182 2695 opinionem,
1210 2610 1269 2676 sed

143 2720 243 2786 etiam
267 2738 402 2786 omnem
423 2718 740 2804 argumentationem
759 2718 833 2805 quia
852 2726 885 2785 et
904 2738 923 2784 a
941 2718 1122 2804 posteriori,
1143 2716 1270 2785 etiamsi

143 2837 230 2894 certa
257 2827 299 2894 sit
321 2837 418 2911 atque
444 2827 591 2904 evidenS,
620 2829 792 2910 solamque
810 2827 1046 2912 comprehendi
1065 2837 1272 2911 argumenta·

143 2936 268 3001 tionem
287 2944 408 3001 certam
423 2939 552 3017 propter
563 2935 642 3019 quoii
652 2931 714 3024 (a).
728 2934 820 3000 'Cum
836 2935 924 3000 enim
943 2933 1182 3001 demonstratio
1195 2934 1271 3018 qaia

146 3062 213 3109 non
232 3043 323 3110 iaciat
342 3043 483 3126 perfecte
498 3061 567 3108 rem
582 3061 790 3127 cognoscere,
807 3041 1025 3127 imperfectior
1039 3048 1102 3117 est,
1117 3041 1268 3125 talisque,
1374 3122 1384 3140 ⁹

146 3161 182 3217 ut
202 3150 292 3216 lacile
317 3149 451 3235 intelligi
478 3149 582 3235 possit
609 3169 667 3236 per
693 3149 876 3235 analogiam
895 3149 936 3214 ad
955 3149 1270 3218 demonstrationem

141 3259 269 3340 propter
285 3257 374 3343 quid.

213 3363 247 3431 Si
265 3365 340 3448 quis
358 3383 437 3431 vero
455 3365 565 3430 mallet
584 3364 643 3430 hac
661 3362 849 3430 delinitione
867 3361 1040 3449 complecti
1059 3381 1195 3430 omnem
1215 3363 1272 3429 de·

148 3473 417 3538 monstrationem
444 3473 514 3538 sive
532 3474 662 3553 propser
690 3471 783 3556 quid,
812 3469 881 3536 sive
908 3469 1002 3555 qaam
1025 3461 1163 3536 verbum
1191 3469 1273 3536 scire

148 3579 243 3646 tatius
267 3579 399 3645 deberet
428 3579 603 3645 extendere
632 3578 672 3642 ad
701 3576 950 3664 significandam
974 3595 1110 3643 omnem
1139 3595 1273 3662 prorsus

148 3696 269 3753 certam
301 3686 522 3772 cognitionem
552 3702 610 3770 per
636 3685 821 3752 discursum
858 3692 1094 3770 comparatam.
1124 3683 1164 3750 Et
1192 3694 1273 3751 tunc

149 3813 267 3862 sensus
294 3793 491 3861 definitionis
509 3793 561 3858 hic
582 3794 675 3861 toret:
701 3792 937 3860 demonstratio
965 3800 1017 3859 est
1043 3789 1271 3879 syllogismus,

151 3902 269 3968 iaciens
289 3920 356 3967 rem
376 3911 464 3967 certo
477 3917 689 3986 cognoscere.

217 4010 324 4076 Prima
344 4026 424 4094 ergo
443 4010 511 4075 haec
530 4005 675 4076 delinitio
694 4007 815 4092 petitur
834 4025 876 4074 ex
895 4025 991 4073 causa
1010 4004 1112 4072 finali.

186 4247 227 4308 (r)
264 4237 340 4298 Vide
354 4237 387 4297 S.
402 4237 459 4296 Th.
478 4238 650 4308 r.·Poster.,
666 4238 730 4296 lect.
745 4256 778 4311 43
789 4235 897 4308 (ἱεῖσι,
913 4233 1042 4306 sotum,
1052 4233 1201 4304 Toletum,
1218 4248 1274 4294 etc.

152 4332 183 4390 in
204 4331 254 4390 lib.
279 4341 335 4391 1.'¹
348 4331 474 4398 Pone,
494 4349 519 4387 c.
541 4347 573 4396 ης
597 4327 787 4396 Conimbric„
809 4325 847 4386 ib.
865 4345 896 4398 q.
917 4345 950 4397 ας
969 4324 1132 4399 complut..
1154 4326 1271 4402 Logia..

152 4420 228 4492 disp.
246 4421 293 4490 183
310 4417 454 4487 Rubium,
470 4417 510 4475 ib.
525 4416 555 4476 in
571 4415 737 4476 Commeat.
752 4429 781 4475 et
794 4435 824 4487 q.
848 4436 878 4486 ις
893 4414 1065 4486 Alamanni,
1082 4413 1174 4474 Prim.
1198 4425 1273 4486 pert

153 4531 182 4582 q.
198 4529 247 4583 24,
263 4531 291 4567 a.
312 4531 335 4566 r.

189 4604 230 4664 (a)
265 4597 342 4656 Vide
364 4597 491 4656 Rubium
506 4609 536 4655 et
550 4595 763 4669 Complutens„
784 4595 838 4654 loc.
854 4594 915 4665 cic,
935 4593 1127 4662 Conimbrie„
1143 4593 1182 4653 ib.
1200 4613 1231 4665 q.
1247 4613 1274 4663 a,

143 4710 178 4747 a.
193 4686 372 4756 13Dominic.
389 4685 453 4744 Sot.
471 4693 506 4744 r.·
519 4687 714 4760 Poster.,cap.
732 4705 756 4754 a,
767 4705 796 4757 q.
808 4705 834 4754 a,
852 4688 891 4744 od
905 4682 1275 4760 cupiunda-Jeme.

155 4777 221 4836 aS.
235 4777 294 4836 Th.
313 4777 431 4854 Logia,
445 4795 475 4848 q.
497 4794 542 4850 25,
555 4797 583 4836 a.
603 4797 626 4835 1.
