3492 5525
258 459 378 523 Anrrc.
393 474 453 523 au·
467 458 673 523 Exrsrarrrrrl
687 474 817 521 canrrr.
836 474 967 520 coum
978 451 1103 520 Scerr.
1131 451 1187 537 481

176 636 386 725 Quamquam
415 648 492 706 sunt
512 639 680 716 nonnulli,
699 638 756 721 qui
782 638 996 705 censent-hoc
1017 637 1148 704 differre
1161 655 1233 720 aca7

111 746 256 820 demicos
270 767 298 811 a
315 745 481 831 scepticis,
508 756 544 812 ut
570 746 613 813 illi
633 747 788 812 docerent
808 744 887 811 nihil
907 761 1054 829 unquam
1074 762 1171 829 posse
1189 744 1231 809 ab

112 855 255 919 humana
282 864 392 921 mente
418 865 508 923 certo
535 852 689 939 cognosci
717 871 776 919 seu
807 852 1062 938 comprehendi,
1097 849 1230 936 sceptici

111 979 188 1026 vero
203 962 284 1028 torte
305 981 372 1028 non
392 961 580 1029 statuebant
597 961 780 1030 absolutam
800 955 1011 1049 ἀκαταληῌαν
1030 978 1089 1025 seu
1106 959 1232 1024 incom-

113 1068 419 1151 prehensibilitatem
432 1086 440 1151 ;
455 1070 513 1135 sed
526 1077 654 1135 tantum
671 1067 834 1154 negabant
847 1070 1004 1135 hactenus
1017 1066 1232 1151 comprehen-

112 1194 182 1241 sam
198 1194 309 1261 reapse
327 1176 427 1243 iuisse
446 1176 615 1244 veritatem
630 1172 695 1263 (ι).

178 1286 336 1351 Praeterea
354 1283 547 1361 academici,
569 1301 665 1350 secus
685 1289 783 1367 atque
802 1280 952 1367 sceptici,
972 1280 1231 1366 probabilitatem

112 1410 170 1457 seu
199 1390 523 1459 verosimilitudinem
543 1391 777 1469 admittebant,
805 1391 893 1457 unde
920 1387 1087 1475 probabile
1114 1407 1233 1473 seque·

112 1500 230 1565 bantur
247 1500 345 1568 etiam
365 1509 537 1588 tamquam
553 1500 700 1585 regulam
721 1516 851 1565 morum
867 1495 932 1585 (a).

178 1605 291 1690 Neque
316 1626 392 1673 vero
417 1616 513 1692 putes
533 1609 591 1673 has
616 1605 811 1691 scepticlsmi
839 1606 976 1671 nebulas
998 1602 1171 1690 dissipatas
1198 1602 1232 1671 in

109 1722 305 1798 perpetuum
334 1716 433 1781 luisse
460 1724 574 1781 exorto
600 1714 725 1780 lumine
744 1712 923 1799 Evangelii.
945 1712 1030 1778 Nota
1047 1712 1136 1778 enim
1155 1716 1233 1777 su'nt

112 1822 245 1888 nomina
272 1822 438 1889 Michaelis
461 1823 502 1887 de
526 1822 716 1907 Montaigne
741 1818 813 1909 (3),
839 1818 997 1887 Francisci
1025 1818 1146 1886 Sanctii
1173 1837 1231 1886 seu
1276 1903 1279 1911 Ι
1312 1811 1337 1841 ⁶⁸
1363 1799 1389 1809 '⁸

111 1929 258 1997 Sanchez
280 1926 348 2018 (4),
375 1929 541 1996 Foucberii
561 1926 631 2017 (5),
658 1928 740 1996 Petri
760 1927 901 1997 Danielis
927 1928 1036 1994 Huetii
1059 1924 1129 2016 (6),
1149 1927 1232 1993 Petri

112 2037 260 2103 Charton
278 2034 342 2123 (7),
363 2038 569 2121 aliorumque
588 2038 672 2102 bene
693 2037 892 2112 multorum,
913 2036 970 2121 qui
987 2036 1232 2121 scepticlsmum

111 2145 187 2229 plus
214 2144 323 2210 minus
349 2144 484 2228 prolessi
514 2153 608 2225 sunt;
639 2155 677 2209 ut
698 2153 822 2212 taceam
851 2143 893 2208 de
921 2145 1016 2209 Petro
1042 2143 1140 2230 Bayle
1166 2140 1231 2230 (8),
1282 2159 1287 2170 ’

110 2252 252 2330 Humio,
268 2250 404 2328 Kantio,
421 2271 496 2319 cum
512 2260 581 2317 tota
595 2251 814 2318 idealistarum
834 2270 870 2317 ac
890 2241 1233 2318 Transcendentalium

109 2360 218 2425 turba.
459 2428 463 2437 ,
983 2447 986 2451 Δ

179 2460 314 2543 Qu'aeres
329 2476 453 2544 autem,
473 2485 573 2550 quam
599 2466 826 2534 certitudinem
854 2468 1035 2533 convellere
1058 2467 1236 2533 contendat

110 2576 320 2659 sceptismus.
343 2573 470 2658 Duplex
489 2575 577 2641 enim
600 2574 760 2641 certitudo
779 2573 830 2639 bic
849 2572 1006 2660 distingui
1027 2582 1149 2659 potest,
1165 2577 1236 2639 vul-

104 2684 195 2767 garis
213 2693 246 2749 et
260 2682 480 2766 philosophica.
502 2682 654 2768 Vulgaris
669 2692 718 2749 est
741 2684 807 2757 illa,
823 2700 923 2767 quam
946 2701 1063 2749 omnes
1085 2682 1237 2748 homines

111 2791 234 2856 habent
252 2792 293 2856 de
322 2790 433 2857 multis
461 2791 558 2857 rebus
591 2802 710 2875 sponte
737 2800 871 2873 naturae3
909 2792 1131 2877 philosophica
1152 2809 1235 2885 ¹vero

111 2907 162 2964 est
172 2919 222 2974 ea,
235 2917 308 2981 quac
320 2898 498 2983 comparari
513 2897 625 2982 nequit
636 2899 696 2973 nisi
712 2918 753 2965 ex
767 2901 1081 2966 accuratoexamine
1097 2900 1237 2966 motivo

113 3025 188 3071 rum
217 3025 254 3072 ac
271 3006 573 3082 fundamentorum,
596 3025 671 3090 quae
694 3006 828 3072 firmum
855 3008 1023 3092 postulant
1045 3025 1232 3073 assensum.

114 3113 192 3179 llaec
211 3111 332 3198 duplex
348 3114 509 3180 certitudo
533 3133 599 3180 non
617 3114 725 3181 diflert
743 3115 916 3183 intrinsece
938 3124 1037 3200 atque
1055 3114 1235 3183 essentiali·

116 3325 384 3340 m

149 3401 192 3475 (ι)
228 3389 291 3460 cir.
324 3399 527 3470 Sanseverino,
561 3400 712 3459 Elementa
732 3402 849 3460 Philas.
884 3402 997 3472 christ,
1016 3454 1019 3459 ,
1036 3401 1237 3482 Criteroiogr'o

109 3506 170 3550 art.
192 3492 220 3560 6,
243 3511 271 3549 n.
298 3489 522 3564 1093Palrnieri
542 3491 789 3566 Logia-Cretico
809 3491 887 3561 thes,
909 3503 959 3563 3.·;
978 3503 1008 3550 et
1018 3491 1236 3564 Tennemenn„

20 3651 21 3660 .
110 3595 186 3642 tom.
206 3601 230 3638 ι.
245 3599 361 3654 paragr.
380 3599 439 3653 190.

150 3669 194 3743 (a)
229 3668 291 3728 Cir.
308 3669 516 3740 Sanseverino,
532 3669 589 3742 Op.
604 3669 653 3728 cit.
670 3669 740 3729 ibid.

152 3765 192 3833 (3)
230 3759 318 3818 Esscr'
329 3759 377 3817 liv.
393 3779 420 3830 a,
436 3781 460 3818 c.
480 3779 520 3818 ra.
537 3760 588 3817 liv.
606 3781 632 3832 3,
647 3759 733 3832 chop.
748 3759 783 3829 8,
802 3781 843 3834 ¹3·

151 3854 192 3922 (4)
229 3849 262 3907 ln
275 3869 371 3922 opere,
387 3852 431 3909 De
446 3851 568 3908 multum
581 3849 677 3907 nobili
693 3859 721 3907 et
738 3851 836 3925 primo
849 3852 1016 3909 universali
1026 3853 1152 3911 scientia
1166 3855 1240 3928 quod

105 3939 192 4001 ninii
205 3941 309 3997 scitor.
326 3939 390 3998 Cir.
406 3938 550 3998 Gonzalez
565 3953 587 3998 t.
601 3959 628 3996 a.

149 4031 192 4100 (ς)
227 4029 327 4087 Lettre
338 4037 394 4106 pgr
407 4049 447 4087 un
461 4029 666 4087 Academicien
680 4039 707 4087 et
721 4029 871 4106 Apologie
885 4033 934 4088 des
949 4030 1179 4091 Academiciens.

148 4119 194 4190 (6)
228 4121 273 4178 De
287 4117 461 4192 infirmitate
476 4120 597 4176 hamoni
608 4119 786 4178 intellectus.
1164 4122 1166 4125 ’

148 4213 192 4282 (7)
228 4207 471 4285 DeloSagesse.

147 4301 191 4366 (8)
230 4297 263 4356 ln
289 4298 473 4358 Dt'ctr'onarr'o
501 4299 762 4358 historico-critico
791 4297 900 4370 passim
927 4299 1090 4360 certissima
1116 4321 1241 4375 quaeque

100 4388 227 4454 cavillis
240 4409 274 4446 ac
286 4386 519 4448 dubitationibus
533 4401 661 4448 evertere
675 4387 788 4447 nititur.
804 4388 881 4447 Vide
894 4390 1031 4464 superius
1044 4392 1241 4453 Introductio-

101 4502 193 4550 nem,
211 4498 263 4537 nn.
277 4478 329 4549 82,
348 4479 412 4547 108,
432 4499 501 4548 roa,
521 4497 579 4536 ιιι.

168 4566 312 4640 Scepticis
329 4587 447 4648 quoque
465 4567 528 4639 iure
546 4587 697 4627 accensens
710 4566 855 4643 Jouffroy,
875 4568 1046 4643 Lamenaie,
1061 4585 1240 4645 caeterosque

101 4658 326 4730 Philosophus,
343 4656 411 4728 qui,
430 4674 496 4718 cum
518 4655 633 4716 criteria
648 4656 781 4716 veritaris
793 4671 925 4719 statuant
943 4660 1025 4720 omni
1042 4663 1140 4722 valore
1151 4661 1242 4722 deoti-

99 4766 195 4818 tuta,
213 4747 288 4808 latas
302 4747 436 4820 pandunt
451 4759 550 4822 portas
565 4745 758 4820 scepticorum
771 4748 944 4846 assultibus.

1161 4869 1194 4936 31
