3492 5525
486 497 602 561 Ateste.
627 512 687 579 3.1¹⁸
708 497 796 576 Quro
816 514 879 562 aas
1147 476 1207 583 qur

129 682 289 746 actualem
310 680 550 765 operationem,
583 689 696 765 utpote
715 699 790 765 quae
809 680 905 747 docet
924 682 1066 766 operari,
1080 684 1138 749 vel
1156 683 1252 749 indu·
1335 704 1339 710 ·

125 789 230 853 cendo
258 790 396 853 sormam
427 786 587 863 materiae,
615 790 667 854 vel
695 796 801 872 partes
828 788 861 854 in
881 807 986 855 unum
1005 792 1248 874 componendo,

126 896 178 961 vel
197 895 305 963 dando
334 894 540 961 existentiam
560 894 720 963 essentiae.
742 895 786 962 At
813 914 890 963 vero
919 896 1117 981 speculativa
1135 917 1153 961 e
1171 916 1251 963 con-

123 1002 223 1068 trario
242 1002 347 1068 tendit
364 1003 397 1067 in
414 1002 577 1086 objectum
595 1021 651 1086 per
666 1003 803 1069 modum
819 1002 960 1089 analysis
974 1022 1011 1069 ac
1027 1004 1249 1082 resolutionis,

125 1110 260 1176 seorsim
281 1110 538 1193 contemplanda
557 1108 749 1176 universalia
774 1110 946 1194 praedicata
969 1109 1014 1177 rei
1040 1130 1076 1176 ac
1095 1109 1251 1196 principia

125 1217 287 1293 formalia,
309 1232 483 1301 partesque
499 1224 531 1282 et
550 1218 780 1302 proprietates,
800 1236 875 1301 quae
894 1219 927 1283 in
946 1236 980 1283 re
998 1227 1156 1304 separatae
1174 1237 1250 1285 esse

129 1321 331 1412 nequeunt(
356 1322 381 1410 ).

193 1428 228 1518 δ)
247 1430 369 1507 Quarta
389 1430 588 1515 speculativa
607 1431 737 1499 scientia
757 1450 806 1498 res
824 1434 1066 1519 contemplatur
1078 1453 1120 1499 ex
1135 1451 1249 1499 earum
1307 1464 1417 1511 quatum.

134 1539 314 1624 principiis,
336 1540 511 1624 relegendo
529 1548 561 1605 et
580 1537 816 1607 considerando
835 1539 915 1622 quid
933 1540 966 1605 in
981 1540 1096 1624 seipsis
1114 1540 1196 1617 sint,
1216 1548 1249 1619 at
1262 1526 1463 1644 ‘tuffiffl'ffl‘

126 1648 260 1731 practica
279 1646 460 1711 considerat
479 1646 610 1711 easdem
639 1646 734 1731 quasi
761 1665 888 1731 ponens
922 1646 954 1713 in
982 1647 1105 1731 seipsa,
1133 1646 1250 1731 princi·
1320 1613 1395 1736 ,tea'bit

125 1756 215 1838 pium
235 1753 379 1828 illarum,
400 1754 667 1837 quandoquidem
696 1754 766 1837 ipsa
789 1752 896 1839 dirigit
924 1774 960 1821 ac
984 1756 1130 1839 regulare
1147 1755 1246 1820 debet
1262 1735 1462 1853 mssffie'fffifffflu

126 1862 280 1938 modum,
301 1862 483 1927 secundum
503 1880 602 1944 quern
623 1853 702 1927 'fiant
721 1858 786 1945 (2).

191 1970 224 2035 ln
239 1969 325 2034 idem
346 1967 468 2047 recidit,
482 1968 570 2053 quod
584 1968 653 2034 aliis
672 1968 813 2044 cribunt,
831 1969 1063 2051 speculativam
1083 1979 1115 2034 et
1135 1970 1251 2053 practi-

124 2096 195 2141 cam
216 2076 435 2142 diversimode
451 2075 629 2160 comparari
644 2075 685 2140 ad
700 2093 796 2141 suum
814 2076 995 2162 objectum,
1013 2094 1088 2140 narn
1103 2078 1251 2159 specula·

127 2186 193 2250 tiva
212 2184 340 2267 respicit
359 2183 439 2249 illud
459 2191 494 2249 ut
509 2202 687 2249 mensuram
704 2182 772 2258 sui,
793 2184 843 2248 cui
863 2201 899 2248 se
916 2184 1154 2249 conformando
1173 2202 1251 2249 vera

125 2291 258 2372 dicitur;
290 2292 427 2375 practica
457 2306 535 2356 vero
566 2290 695 2374 respicit
727 2290 894 2374 objectum
924 2299 960 2354 ut
987 2293 1203 2357 mensuratum
1231 2312 1250 2356 a

125 2418 161 2464 se
182 2394 245 2486 (a.

191 2504 221 2591 e)
239 2506 385 2589 [lenique
401 2505 534 2572 scientia
549 2504 748 2589 speculativa
768 2511 916 2571 versatur
937 2506 1146 2589 potissimum
1165 2505 1250 2571 circa
1307 2532 1417 2589 quarum,

125 2613 332 2694 universalia3
356 2614 492 2697 practica
511 2631 588 2679 vero
607 2612 690 2677 circa
709 2611 927 2696 particularia,
948 2612 1025 2694 quia
1048 2613 1121 2679 licet
1140 2631 1251 2679 verse·
1285 2602 1442 2719 ‘ffiffi

125 2732 177 2787 tur
195 2721 293 2789 etiam
314 2720 397 2787 circa
426 2720 634 2795 universalia,
655 2719 713 2787 sed
733 2738 864 2804 semper
887 2728 938 2785 est
966 2737 1044 2786 cum
1068 2720 1181 2786 ordine
1208 2721 1249 2786 ad
1271 2689 1454 2799 Jerlmpssnu.

123 2826 315 2914 singularia',
336 2829 412 2912 quia
430 2828 533 2893 tendit
553 2828 593 2892 ad
612 2828 855 2911 operationem,
877 2846 953 2911 quae
973 2847 1038 2893 non
1059 2836 1168 2914 potest
1187 2837 1250 2894 ter-

124 2936 240 3002 minari
256 2937 317 3003 nisi
336 2937 376 3002 ad
395 2936 583 3020 singularia.
605 2935 688 3000 Hinc
701 2935 800 3000 etiam
820 2933 1021 3020 speculativa
1038 2945 1089 3002 est
1107 2935 1249 3002 maxime

123 3047 164 3111 de
183 3043 312 3110 aeternis
327 3064 363 3109 ac
379 3041 584 3118 necessariis,
606 3042 737 3126 quodsi
753 3043 884 3128 attingit
899 3043 999 3108 etiam
1014 3042 1247 3127 corruptibilia,

125 3173 162 3218 ea
177 3154 271 3236 plane
289 3151 460 3226 abstrahit,
481 3161 514 3216 et
534 3150 626 3234 quasi
646 3159 802 3234 perpetue
820 3149 1022 3215 considerat:
1047 3157 1081 3215 at
1110 3151 1250 3234 practica

125 3269 176 3326 est
194 3260 235 3324 de
253 3258 539 3343 contingentibus,
555 3257 631 3340 quia
643 3256 771 3340 respicit
786 3255 962 3342 singularia
977 3257 1250 3341 particularesque

125 3366 384 3432 circumstantias
404 3383 537 3440 eorum,
559 3381 633 3448 quae
652 3364 743 3429 iacile
762 3363 936 3430 mutabiles
954 3372 1032 3429 sunt
1050 3360 1114 3451 (4).

170 3493 247 3560 255.
295 3481 397 3540 Nunc
416 3486 539 3550 restat,
552 3481 589 3538 ut
608 3471 788 3547 videamus,
802 3489 954 3556 quaenam
974 3470 1122 3554 operatio
1140 3473 1250 3537 veniat
1272 3494 1462 3550 Quttsnpmn.

127 3581 259 3647 nomine
272 3580 402 3662 praxis,
425 3581 512 3646 unde
530 3579 665 3646 scientia
679 3579 820 3661 practica
840 3597 963 3645 nomen
989 3579 1102 3647 habet.
1121 3579 1249 3663 Nempe

125 3691 285 3754 hactenus
315 3687 490 3754 docuimus
518 3686 685 3753 scientiam
714 3686 888 3769 practicam
918 3686 1124 3763 assellam,
1156 3687 1249 3771 cujus

125 3796 199 3862 finis
210 3803 260 3862 est
276 3813 360 3880 opus
375 3798 427 3861 vel
442 3793 586 3879 operatio
602 3812 661 3860 seu
670 3794 797 3876 praxis.
812 3793 977 3871 Qraeritur
991 3811 1082 3878 ergo,
1095 3812 1247 3878 quaenam

125 3905 211 3970 actio
230 3903 340 3969 veniat
360 3902 494 3968 nomine
507 3901 637 3983 praxea,
665 3909 774 3966 utrum
794 3902 921 3985 quaevis
938 3901 1084 3985 operatio
1102 3901 1170 3966 sive
1189 3900 1251 3965 im-

126 4030 264 4076 manens
281 4011 350 4077 sive
362 4010 537 4085 transiens,
552 4026 592 4073 an
608 4026 686 4074 vero
700 4009 780 4073 solae
798 4009 1004 4092 operationes
1019 4009 1153 4073 aliarum
1176 4016 1248 4092 pot-

125 4119 287 4185 entiarum
306 4117 348 4183 ab
367 4118 437 4200 ipso
458 4117 625 4219 intellectu
644 4114 885 4181 distinctarum.

162 4337 202 4399 (r)
239 4329 301 4390 Cir.
325 4329 357 4388 S.
385 4329 502 4398 Thoan,
527 4349 537 4386 r
564 4349 592 4401 p.
617 4348 647 4399 q.
678 4348 723 4400 14,
744 4347 770 4386 a.
799 4329 846 4397 16;
871 4327 949 4397 Son,
972 4328 1249 4406 Logic.,quaest.4

126 4429 301 4576 prigmbir.
318 4507 444 4576 Suarez,
460 4507 495 4564 de
508 4507 620 4576 Anam..
636 4506 687 4565 lib.
701 4527 736 4580 4,
751 4527 815 4578 cap.
829 4529 860 4580 9,
879 4527 909 4566 n.
925 4527 951 4564 a.

163 4603 204 4670 t3)
241 4597 303 4656 cfr.
320 4595 353 4654 P.
374 4596 410 4654 de
425 4595 605 4665 Benedictis,
627 4593 742 4654 Plitos.
759 4598 872 4672 Parte,
888 4597 946 4655 vol.
965 4595 995 4666 ι’,
1009 4609 1113 4668 quaest.
1129 4605 1247 4672 prooem.

127 4709 191 4760 cap.
202 4708 235 4761 4,
250 4707 368 4760 paragr.
392 4707 416 4743 r.

164 4781 205 4850 (4)
241 4775 319 4833 Vide
334 4773 435 4844 Suam,
451 4774 503 4832 loc.
517 4773 565 4832 cit.
