3492 5525
559 445 618 542 rab
747 447 872 525 Loorca
893 447 1139 524 Minoa-orso.
1166 468 1212 524 r.⁸
1232 451 1312 522 Can.
1336 473 1409 527 aaut

518 652 603 709 esset
626 643 659 710 in
683 641 787 710 tribus
810 641 1018 726 corporibus,
1036 659 1102 708 non
1124 643 1231 708 lorent
1252 651 1320 708 tres
1341 640 1509 720 homines,
1528 652 1639 708 essent

517 757 628 816 tamen
643 749 702 816 tria
723 749 877 816 animata.
894 750 918 814 E
937 767 1097 816 converso
1114 767 1191 816 cum
1211 750 1419 817 accidentalia
1437 760 1588 818 concreta
1605 750 1639 814 in

516 861 598 922 reeb
611 865 739 924 tantum
760 857 947 943 significent
965 857 1169 944 subjectum,
1190 875 1257 924 non
1277 875 1355 924 vero
1374 859 1533 933 formam,
1554 858 1641 922 mul-

517 964 667 1050 tiplicatis
681 965 835 1051 subjectis
846 1017 853 1044 ,
864 966 993 1032 etiamsi
1008 983 1072 1032 una
1083 965 1267 1048 eademque
1281 967 1363 1031 toret
1373 966 1489 1041 torma,
1504 972 1640 1049 possent

518 1072 681 1156 pluraliter
703 1084 855 1139 concreta
878 1073 953 1141 dici.
978 1075 1071 1140 ltasi
1096 1073 1211 1139 eadem
1234 1073 1351 1139 albedo
1374 1083 1460 1139 esset
1482 1073 1514 1138 in
1537 1071 1640 1138 tribus

516 1179 689 1266 subjectis,
706 1184 813 1247 forent
826 1182 887 1246 tria
901 1183 985 1247 alba.

446 1337 468 1366 „
583 1287 706 1355 Deinde
721 1299 911 1356 concretum
932 1289 1086 1355 dividitur
1107 1291 1138 1356 in
1159 1289 1414 1371 metaphysreum,
1426 1287 1590 1370 physicum
1608 1299 1641 1352 et

515 1396 662 1480 logicum.
689 1398 951 1484 Metaphysicum
976 1397 1055 1463 illud
1079 1408 1146 1475 est,
1171 1397 1205 1462 in
1225 1415 1293 1480 quo
1313 1399 1415 1461 forma
1444 1414 1511 1461 non
1534 1396 1640 1462 diflert

388 1539 393 1550 ·
421 1481 443 1510 ¹³
516 1503 640 1570 realiter
654 1525 673 1568 a
688 1504 854 1590 subjecto,
872 1506 969 1588 quale
988 1515 1039 1571 est
1063 1505 1166 1582 boam,
1183 1505 1285 1586 lapis,·
1298 1504 1475 1573 humanitas
1497 1504 1586 1568 enim
1609 1513 1642 1567 et

515 1609 680 1694 lapidetus
692 1609 752 1700 (sit
764 1612 858 1690 uenia
869 1600 1062 1700 verbol'non
1077 1621 1156 1678 sunt
1170 1611 1292 1695 aliquid
1307 1612 1434 1677 realiter
1447 1611 1640 1676 distinctum

515 1717 555 1782 ab
586 1717 720 1784 homine
753 1739 790 1784 ac
819 1719 938 1804 lapide.
966 1718 1165 1785 Concretum
1197 1720 1369 1807 physicum
1398 1727 1449 1784 est
1475 1717 1523 1795 id,
1546 1719 1643 1804 cujus

515 1828 617 1892 forma
633 1825 758 1898 realiter
772 1827 878 1894 diflert
896 1847 913 1892 a
928 1827 1093 1912 subjecto,
1111 1839 1148 1894 ut
1160 1827 1282 1902 adum,
1297 1829 1388 1891 dulce
1401 1822 1467 1913 (ι).
1482 1825 1640 1910 logicum

515 1944 565 2000 est
589 1933 684 2011 illud,
711 1933 743 1999 in
768 1952 836 2017 quo
855 1934 960 2000 torma
980 1935 1058 2002 nihil
1079 1935 1164 2000 reale
1190 1946 1292 2018 atque
1316 1934 1527 2000 intrinsecum
1548 1933 1644 2017 ponit

514 2039 545 2108 in
562 2041 728 2125 subjecto,
752 2042 811 2108 sed
835 2061 916 2127 pure
938 2042 1153 2109 extrinsecam
1175 2042 1480 2108 denominationem
1502 2040 1563 2125 ipsi
1586 2042 1645 2106 tri·

514 2147 602 2224 buit,
632 2150 793 2234 ejusmodi
824 2160 903 2217 sunt
936 2159 1089 2216 concreta
1116 2149 1330 2216 denominata
1358 2150 1399 2214 ab
1427 2151 1538 2232 aliquo
1566 2161 1642 2216 actu
1723 2160 1724 2163 ’

514 2255 718 2323 intentionali
737 2257 807 2322 sive
826 2258 1024 2342 cognitionis
1048 2259 1116 2324 sive
1142 2257 1367 2344 appetitionis,
1384 2258 1440 2340 qui
1462 2257 1544 2324 circa
1568 2275 1641 2320 rem

514 2363 694 2446 quamlibet
710 2373 916 2441 exerceatur,
934 2377 970 2431 ut
984 2366 1158 2449 cognitum,
1173 2370 1327 2440 amatum,
1345 2367 1503 2447 speratum
1518 2380 1584 2430 erc.

471 2528 478 2549 ,
581 2470 687 2555 Super
713 2471 941 2555 praedicatione
967 2493 1002 2552 ac
1026 2474 1295 2557 multiplicatione
1320 2482 1549 2538 concretorum
1571 2491 1642 2538 non

515 2597 622 2663 parvae
643 2588 721 2646 sunt
745 2580 830 2664 apud
855 2579 1072 2665 Philosophus
1099 2580 1309 2646 difficultates
1336 2600 1373 2645 ac
1401 2578 1640 2655 dissensiones,

514 2688 800 2771 quaeomittendae
822 2687 917 2755 nobis
931 2688 985 2754 hic
997 2697 1093 2768 sunt,
1111 2707 1152 2754 ne
1172 2689 1367 2754 contusione
1383 2688 1540 2754 obruatur
1560 2687 1644 2753 inci-

514 2794 673 2879 pientium
692 2794 833 2862 animus.
859 2796 967 2862 Videri
989 2806 1101 2863 tamen
1125 2805 1264 2882 possunt
1283 2797 1368 2863 inter
1385 2797 1465 2863 alios
1488 2804 1642 2863 auctores

514 2901 647 2987 Arriaga
663 2898 715 2991 (2)
734 2903 902 2987 laquierdo
920 2901 972 2993 (3)
991 2906 1122 2971 Rhodes
1141 2901 1197 2993 (4)
1216 2913 1249 2971 et
1267 2903 1405 2970 Casilius
1421 2900 1486 2990 (5).

361 3056 410 3103 mi.
452 3089 459 3111 ⁸
559 3027 614 3095 3¹·
662 3009 811 3095 Septimo
834 3012 989 3079 dividitur
1009 3014 1186 3089 terminus,
1208 3012 1241 3077 in
1260 3012 1646 3094 astronomorum

515 3124 547 3181 et
555 3116 759 3198 priuatioum.
775 3118 936 3184 Positivus
948 3121 1065 3203 estqui
1076 3139 1186 3186 veram
1200 3120 1371 3185 entitatem
1384 3137 1443 3185 seu
1458 3120 1642 3187 realitatem

514 3224 685 3308 importat,
717 3234 752 3290 ut
782 3225 875 3308 lapis.
902 3226 1084 3293 Privativus
1104 3208 1171 3303 esi,
1193 3225 1249 3309 qui
1273 3226 1435 3311 significat
1459 3228 1641 3292 carentiam
1722 3243 1723 3246 ’

514 3334 627 3397 formae
641 3333 693 3397 vel
711 3334 917 3417 perfectionis
932 3334 965 3399 in
980 3335 1129 3419 subjecto
1144 3346 1221 3419 apto
1244 3334 1283 3399 ad
1296 3336 1396 3401 illam.
1418 3355 1452 3399 v.
1477 3355 1513 3419 g.
1538 3352 1645 3400 cocras

514 3449 662 3522 respectu
687 3439 847 3519 hominis,
873 3460 949 3506 nam
973 3452 1122 3526 respectu
1142 3440 1257 3526 lapidis
1282 3452 1338 3508 aut
1363 3442 1485 3508 arboris
1508 3443 1644 3511 caecitas

513 3558 645 3613 nonest
664 3546 817 3632 privatio,
842 3549 902 3614 sed
922 3568 1011 3615 mera
1032 3548 1182 3634 negatio,
1202 3568 1280 3616 cum
1304 3568 1370 3615 non
1390 3549 1531 3618 habeant
1551 3550 1641 3635 apti-

512 3652 661 3719 tudinem
685 3656 726 3721 ad
746 3654 943 3721 videndum.
963 3657 1145 3740 Negativus
1163 3665 1231 3735 est,
1252 3659 1308 3741 qui
1326 3658 1503 3724 carentiam
1522 3660 1643 3725 torm‘ae

547 3925 587 3985 (ι)
625 3908 817 3995 Physicorum
825 3937 1026 3981 concretorum
1034 3922 1101 3982 duae
1114 3938 1185 3984 sunt
1197 3924 1319 3995 classes,
1330 3926 1420 3985 altera
1434 3926 1643 4001 positivorum,

510 4008 599 4069 altera
614 4010 833 4081 privativorum.
851 4012 981 4070 Positira
996 4027 1067 4071 sunt
1082 4034 1131 4081 ea,
1152 4035 1279 4086 quorum
1293 4014 1386 4074 ior-ma
1400 4016 1525 4090 positiva
1543 4030 1588 4075 est
1608 4040 1646 4078 ac

1722 3369 1723 3406 l

1722 3433 1724 3476 l

1722 3479 1723 3524 l

1722 3539 1724 3636 l

511 4098 610 4167 realis,
636 4100 716 4159 velut
750 4100 862 4159 album:
894 4100 1050 4174 privative,
1074 4124 1200 4176 quorum
1221 4104 1315 4163 forma
1339 4126 1399 4164 non
1420 4120 1466 4165 est
1485 4106 1644 4179 quidpiam
1721 4111 1722 4158 l

510 4188 684 4260 positivum,
709 4190 759 4249 sed
785 4190 910 4263 privatio
935 4193 1021 4251 realis
1044 4192 1145 4253 formae
1166 4196 1294 4267 subjecto
1316 4196 1439 4268 debitae,
1465 4211 1500 4256 ut
1520 4218 1644 4272 caecum,

511 4277 700 4340 tenebrosum.

545 4372 586 4435 (a)
623 4369 736 4429 Cursus
749 4371 1037 4441 Plrr'los.,-Summul.
1053 4372 1129 4447 disp.
1148 4396 1172 4447 r,
1188 4388 1258 4435 sect.
1273 4396 1306 4450 9,
1325 4396 1367 4436 ro.

545 4462 587 4529 (3)
622 4460 742 4517 Pharus
753 4464 919 4533 scientiar„
932 4463 1009 4535 disp.
1025 4484 1057 4536 a,
1072 4477 1177 4537 quaest.
1190 4486 1237 4541 μ
1253 4488 1282 4525 n.
1301 4485 1365 4540 ²3⁰·

529 4550 586 4619 ·(4)
622 4546 751 4622 Lugiso,
766 4550 843 4623 disp.
860 4572 891 4623 3,
907 4572 937 4625 q.
956 4573 985 4623 r,
998 4567 1069 4612 sect.
1084 4574 1111 4613 a.

543 4636 585 4708 (ς)
621 4636 796 4699 introductio
805 4641 970 4703 induerer.
986 4642 1107 4721 Logia,
1121 4645 1172 4705 lib.
1192 4665 1297 4719 r,cap.
1316 4668 1341 4719 3.
1355 4644 1418 4705 Cir.
1437 4646 1473 4706 P.
1488 4648 1647 4713 Antonius

507 4724 615 4801 Mayr..
631 4728 744 4789 Philas.
759 4730 895 4804 Peripal.
911 4729 993 4793 Pars.
1012 4754 1036 4804 r,
1051 4733 1128 4807 disp.
1141 4756 1182 4809 4,
1197 4756 1227 4809 q.
1246 4756 1277 4803 ι,
1291 4750 1348 4796 ιιι.
1364 4756 1392 4795 a.
