3492 5525
548 466 677 553 ,¹⁰52,
765 452 888 516 Lourcn
911 455 1140 551 Maron-Lm
1167 470 1235 531 aab,
1259 455 1346 518 Drsn.
1375 468 1415 537 5.·

318 644 518 691 bonatinomnt·
598 635 681 701 Hinc
700 635 780 701 ratio
800 636 950 722 praecepti
970 638 1134 724 colligitur
1154 659 1194 705 ex
1214 640 1387 705 Aristotele
1403 636 1468 726 (r),
1489 640 1579 723 cujus
1601 638 1639 703 sic

324 714 513 846 αιᾞῖιῖἒάιῖῗυῑ.
530 743 693 831 doctinam
713 746 847 829 exponit
866 746 901 811 S.
927 746 1089 813 Thomas:
1114 748 1228 813 Modus
1251 747 1474 831 manifestandi
1494 746 1640 811 verinum

380 858 454 903 rena.
530 850 563 914 in
581 852 720 935 qualibet
743 852 872 919 scientia
899 855 987 921 debet
1006 872 1071 920 esse
1091 854 1276 920 conveniens
1294 854 1341 929 ci,
1366 857 1448 939 quod
1471 852 1638 941 subjicitur,

529 958 613 1024 sicut
628 960 758 1025 materia
782 960 816 1024 in
835 960 892 1025 illa
910 962 1049 1030 scicntia.
1073 964 1166 1046 Quod
1187 962 1309 1047 quidem
1326 962 1507 1046 manifestat
1522 980 1560 1024 ex
1582 962 1639 1032 bac,

493 1114 498 1125 .
529 1068 613 1150 quod
629 1066 780 1132 certitudo
798 1086 860 1131 non
874 1072 976 1149 potest
992 1070 1146 1146 inraniri,
1168 1089 1223 1134 nec
1243 1073 1291 1135 est
1306 1069 1495 1153 requirenda
1507 1068 1643 1133 similiter

528 1179 562 1242 in
576 1174 719 1242 omnibus
733 1176 942 1252 sermonibus,
963 1178 1074 1262 quibus
1090 1180 1128 1243 de
1141 1179 1248 1262 aliqua
1263 1196 1295 1243 re
1309 1175 1546 1242 ratiocinamur.
1564 1176 1644 1241 Sicut

527 1302 624 1368 neque
637 1284 730 1348 ettam
745 1283 778 1347 in
793 1284 934 1357 amnibus
948 1286 1098 1363 conditis,
1115 1287 1151 1351 id
1163 1291 1210 1351 est
1222 1286 1280 1362 bis,
1296 1284 1460 1370 quccfiunt
1467 1290 1527 1365 per
1538 1286 1640 1355 arten,

527 1410 589 1456 non
599 1390 766 1455 estsimilis
774 1393 883 1456 modus
897 1393 1047 1473 operandi
1060 1393 1095 1457 in
1107 1394 1267 1469 omnibus,
1283 1396 1338 1458 scd
1348 1392 1558 1475 unusquisque
1572 1392 1643 1454 arti-

517 1500 580 1582 fex
594 1502 743 1580 operatur
759 1517 798 1563 cx
806 1500 938 1564 amieria
952 1502 1121 1566 secundum
1131 1502 1255 1567 modum
1264 1501 1294 1565 ei
1300 1500 1543 1573 convenientem,
1557 1498 1643 1563 aliter

525 1606 649 1690 quidem
671 1624 711 1670 cx
733 1609 833 1681 terra,
853 1606 949 1673 aliter
965 1626 1006 1672 cx
1028 1611 1110 1687 tuto,
1130 1609 1223 1674 aliter
1240 1610 1377 1693 exferro
1394 1606 1459 1693 (a).
1481 1606 1590 1677 Quare
1606 1609 1644 1670 ad

526 1713 679 1779 bominem
697 1714 770 1779 bene
794 1714 1047 1803 disciplinatum,
1074 1716 1108 1780 id
1126 1721 1186 1791 est,
1207 1718 1280 1781 benc
1299 1716 1484 1779 instnuium
1504 1714 1641 1795 pertinet,

526 1822 632 1906 pergit
647 1820 683 1885 S.
705 1820 823 1886 Doctor
837 1840 912 1887 cunr
928 1821 1114 1899 Aristotele,
1131 1826 1169 1888 ut
1181 1808 1300 1888 tantmu
1312 1822 1514 1897 certitudinis
1531 1825 1646 1905 querat

526 1929 561 1993 in
581 1946 768 2013 unaquaque
785 1928 933 2005 materia,
953 1934 1103 2014 quantum
1120 1935 1236 1995 natura
1254 1930 1302 1995 rei
1316 1931 1451 2012 patitur.
1471 1932 1545 1997 Non
1569 1930 1644 1993 eninr

519 2038 626 2117 potest
650 2053 714 2100 csse
738 2038 825 2101 tanta
844 2037 996 2103 certitudo
1014 2038 1049 2101 in
1071 2039 1201 2103 materia
1218 2037 1368 2102 variabili
1393 2041 1424 2101 et
1448 2035 1643 2119 contingenti,

526 2143 610 2208 sicut
625 2144 659 2207 in
678 2144 808 2209 materia
826 2144 1016 2219 necessaria,
1041 2153 1159 2227 semper
1179 2148 1280 2210 eodem
1298 2148 1386 2209 modo
1404 2163 1436 2209 sc
1454 2144 1595 2211 habente.
1615 2144 1648 2207 Et

527 2251 595 2315 ideo
613 2251 741 2316 auditor
758 2253 831 2318 bene
849 2251 1066 2333 disciplinatus
1082 2272 1145 2317 non
1162 2254 1252 2319 debet
1266 2255 1415 2339 majorem
1431 2251 1644 2317 certitudinem

529 2359 702 2444 requirere,
723 2378 779 2423 nec
796 2360 914 2425 minori
931 2378 994 2425 esse
1010 2364 1185 2435 contentus,
1206 2360 1359 2444 quamsit
1383 2358 1571 2424 conueniens
1589 2360 1642 2431 rei,

524 2469 563 2531 de
590 2485 652 2550 qua
680 2467 799 2551 agitur.
828 2466 1042 2551 Propinqunm
1069 2468 1151 2532 enim
1173 2472 1331 2549 peccatum
1357 2486 1420 2532 csse
1447 2468 1590 2541 ametur,
1620 2466 1646 2529 si

523 2573 640 2659 air'quis
653 2578 788 2654 acceptet
807 2576 942 2659 aliquem
958 2576 1210 2641 mathematicum
1220 2574 1475 2657 persuasionibus
1485 2575 1645 2639 rhetoricis

523 2686 669 2758 utentem,
687 2683 758 2747 etsi
770 2686 921 2765 expetata
937 2684 1097 2749 Rhetorica
1116 2683 1390 2748 demonstrationes
1408 2686 1524 2757 certas,
1539 2684 1644 2766 areales

522 2793 612 2858 debet
625 2792 768 2875 proferre
786 2791 1034 2858 Mathematicus.
1055 2791 1226 2876 Utrumque
1240 2789 1326 2878 {enim
1346 2791 1506 2874 'contingit
1520 2810 1561 2854 ex
1580 2791 1641 2863 bac,

521 2899 606 2983 quad
617 2918 680 2964 non
698 2899 916 2964 consideratur
932 2902 1039 2964 modus
1054 2899 1191 2964 materia
1209 2899 1411 2978 canacnr'ens,·
1422 2911 1506 2962 'nam
1524 2899 1644 2963 Mathe

521 3005 633 3071 metica
649 3009 697 3071 est
705 3006 788 3071 circa
803 3007 975 3082 maurium,
993 3008 1026 3071 in
1038 3026 1099 3091 qua
1111 3007 1272 3072 invenitur
1285 3009 1462 3072 omnimoda
1476 3006 1639 3082 certitudo,

522 3114 684 3181 Rhetorica
698 3117 799 3178 autem
817 3115 993 3198 negotiatur
1005 3115 1088 3179 circa
1102 3115 1263 3180 materiam
1281 3113 1419 3189 civitem,
1437 3113 1471 3176 in
1490 3133 1554 3198 qua
1568 3116 1646 3176 mul-

494 3252 496 3259 .
522 3223 617 3304 trptex
631 3222 766 3287 variatio
782 3222 900 3286 accutit
911 3219 973 3309 (3).

588 3329 751 3396 Caeterum
772 3331 999 3396 mathematica
1023 3331 1180 3396 methodo
1207 3349 1303 3414 posse
1327 3328 1542 3416 gravissimos
1562 3347 1646 3396 erro

522 3455 572 3503 res
591 3436 623 3501 in
643 3436 792 3502 scientias
812 3437 938 3513 invehi,
970 3439 1164 3503 monstravit
1189 3439 1340 3521 exemplo
1367 3454 1428 3502 suo
1443 3437 1568 3520 impius
1596 3437 1644 3500 ille

522 3552 684 3610 veterator
702 3545 839 3609 batavus
858 3545 1016 3628 Spumea,
1038 3546 1093 3627 qui
1114 3543 1256 3611 Ethicam
1273 3543 1469 3629 geometrica
1487 3545 1645 3609 methodo

522 3652 727 3735 conscripsit,
748 3663 840 3718 etex
863 3652 1107 3718 definitionibus
1127 3651 1470 3736 propositionibusque
1498 3653 1646 3734 aequivo-

521 3759 567 3826 cis
586 3770 618 3824 et
636 3758 740 3836 falsis,
758 3779 794 3824 ac
809 3759 1021 3844 putidissimis
1036 3756 1257 3843 sophismatis,
1279 3779 1362 3843 opus
1381 3759 1591 3826 concinnavit
1606 3759 1645 3823 ad

521 3868 749 3952 turpissimum
771 3868 1045 3952 propugnandum
1067 3868 1312 3933 Pantheismum
1332 3865 1396 3956 (4).

366 3977 440 4058 ¹Quid
532 4041 535 4049 ,
568 3993 644 4060 313·
693 3974 866 4058 Reliquum
897 3985 963 4052 est,
1000 3984 1034 4039 ut
1064 3994 1163 4058 pauca
1198 3976 1348 4058 quaedam
1386 3975 1573 4042 delibemus
1605 3977 1642 4040 de

309 4048 508 4167 d,d1s;{⁰12¹,‘³,‡¹,¹{}„0
522 4083 717 4159 Eclectismo,
737 4091 770 4146 et
788 4081 1012 4164 Syncrctismo,
1034 4101 1091 4148 seu
1111 4083 1151 4147 de
1171 4083 1327 4147 methodo
1347 4085 1500 4148 eclectica
1519 4094 1553 4148 et
1568 4103 1644 4170 syn-

311 4189 494 4248 asyncretum.
523 4191 651 4257 cretica.
672 4190 705 4254 ln
726 4190 839 4273 primis
858 4189 890 4253 ln
912 4208 951 4254 eo
968 4190 1230 4276 «syncretismus
1249 4192 1289 4255 ab
1316 4190 1506 4258 eclectismo
1524 4191 1642 4259 diflert.

555 4476 596 4542 (1)
634 4473 699 4532 Lib.
718 4485 764 4542 r.⁰,
781 4473 923 4544 Ettricor,
938 4493 999 4543 cap.
1017 4495 1042 4542 3.

556 4571 596 4629 (2)
634 4563 666 4622 S.
680 4564 797 4632 Thoan,
813 4563 861 4620 lib.
887 4574 925 4622 r.⁰
938 4563 1078 4634 Erimon,
1095 4563 1159 4622 lect.
1176 4585 1208 4638 3,
1225 4563 1318 4624 initio.

558 4653 599 4726 (3)
635 4653 668 4711 S.
685 4653 803 4722 Thom.,
820 4653 870 4710 lib.
887 4659 924 4709 1.'
937 4653 1079 4724 Ettricor„
1095 4654 1160 4712 lect.
1174 4675 1204 4727 3,
1221 4673 1338 4729 paragra
1351 4651 1381 4712 bs

557 4744 598 4816 (4)
636 4741 697 4801 cn.
713 4741 834 4813 nonin,
850 4741 965 4801 roam
