3492 5525
357 649 430 695 tertia.

548 441 608 509 818
668 441 793 508 iocrca
806 436 1039 516 Mesoa-Lm
1056 452 1116 505 al·
1131 441 1220 507 orsa.
1239 454 1282 525 3.·
1297 439 1377 507 Car.
1398 381 1467 506 {aa

575 602 723 710 lienique
734 635 811 692 sunt
825 624 893 701 aiii,
914 632 951 690 ut
965 623 1089 691 Aversa
1107 633 1141 690 et
1153 623 1286 693 Amicus
1304 620 1356 714 (r)
1368 626 1425 709 qui
1444 624 1631 692 existimant

509 728 679 802 assensum
704 734 945 819 praemissarum
964 751 1000 799 se
1019 732 1137 799 habere
1156 740 1192 799 ut
1209 730 1432 800 conditionem
1455 733 1581 818 agentis
1599 742 1631 798 et

510 844 600 911 velut
618 842 888 909 instrumentum.
986 863 989 867 ⁴

575 951 658 1017 Tota
677 948 896 1016 controversia
914 948 981 1024 liic,
1002 956 1040 1015 ut
1057 948 1165 1024 vides,
1195 955 1342 1016 versatur
1359 948 1441 1016 circa
1460 948 1629 1035 physicam

508 1058 714 1125 efficientiam
739 1064 772 1123 et
793 1054 1015 1123 causalitatem
1044 1055 1300 1141 praemissarum.
1324 1056 1408 1123 Nam
1433 1076 1532 1122 nemo
1558 1056 1629 1131 erit,

508 1165 565 1250 qui
596 1184 661 1233 non
689 1166 847 1232 concedat
874 1165 1060 1248 praemissas
1088 1182 1282 1231 concurrere
1304 1164 1345 1230 ad
1370 1164 1628 1241 conclusionem,

396 1350 400 1357 ¹
508 1274 624 1340 saitem
651 1274 750 1339 instar
772 1271 980 1349 conditionis,
1011 1281 1043 1337 et
1063 1272 1160 1337 etiam
1180 1272 1335 1339 directlve
1357 1272 1571 1338 illuminando
1599 1282 1631 1336 et

301 1737 492 1796 litigiumque,-

319 1964 340 2001 et
350 1955 463 2011 probatur.

506 1380 666 1466 objective
689 1380 866 1448 movendo.
895 1378 939 1445 At
958 1380 1071 1464 primae
1097 1380 1267 1448 sententiae
1295 1389 1471 1447 assertores
1495 1380 1546 1446 his
1565 1398 1628 1445 non

506 1488 665 1567 contenti,
695 1488 862 1577 physicam
892 1476 1062 1571 requirunt
1089 1488 1324 1564 causalitatem,
1352 1488 1459 1553 caeteri
1483 1482 1630 1554 necessa-

506 1596 586 1663 riam
607 1595 745 1663 minime
764 1614 836 1663 esse
854 1596 1064 1663 arbitrantur.

550 1701 628 1771 216.
676 1710 811 1771 Harum
825 1709 1076 1771 sententiarum
1093 1708 1222 1786 prima,
1242 1728 1323 1788 quae
1340 1709 1526 1789 physicam
1538 1726 1628 1786 prae

504 1816 693 1881 mnarum
710 1816 946 1879 causalitatem
963 1825 1155 1894 propugnat
1170 1816 1377 1895 probabilior
1389 1816 1537 1879 videtur.

549 1924 651 1987 Prob.
676 1932 725 1986 1.⁰
768 1918 842 1985 Tria
855 1918 1066 2002 potissimum
1082 1917 1175 2002 signa
1190 1918 1283 1984 nobis
1294 1920 1504 1987 manifestant
1517 1918 1628 2005 physi-

503 2040 575 2091 cam
604 2024 810 2091 efficientiam
840 2036 872 2092 et
901 2024 1123 2091 causalitatem
1151 2025 1286 2109 aiicujus
1313 2025 1451 2111 agentis:
1473 2024 1510 2111 α)
1526 2026 1630 2094 conti-

506 2132 615 2199 nentia
645 2132 790 2199 virtuaiis
821 2132 925 2210 iiiios,
957 2134 1050 2216 cujus
1082 2150 1179 2199 causa
1205 2132 1337 2200 dicitur:
1372 2132 1423 2221 β),
1439 2134 1628 2200 assimilatio

504 2240 640 2307 effectus
661 2240 703 2306 ad
721 2258 866 2307 causam:
888 2237 924 2332 γ)
942 2238 1159 2322 dependentia
1186 2240 1322 2309 effectus
1349 2262 1367 2306 a
1386 2259 1498 2308 causa.
1529 2240 1630 2323 Atqui

503 2348 564 2415 tria
595 2349 664 2413 hec
692 2346 844 2416 videntur
871 2348 1070 2432 deprehendi
1102 2346 1187 2414 inter
1218 2349 1405 2433 praemissas
1431 2362 1465 2414 et
1496 2350 1630 2415 conciu-

504 2454 645 2522 sionem.
1280 2532 1283 2540 Ι

513 2574 516 2584 ’
570 2562 672 2629 Sane:
694 2560 729 2651 a)
747 2564 910 2630 Praemisae
927 2561 1095 2629 continent
1112 2562 1288 2630 virtualiter
1305 2563 1570 2640 conclusionem,
1592 2573 1629 2631 ut

503 2669 775 2737 communissima
788 2681 927 2737 testatur
945 2669 1055 2754 opinio
1073 2688 1149 2735 cum
1172 2671 1345 2737 Aristotele
1362 2668 1424 2759 (a).

514 2811 516 2816 ·
569 2777 609 2866 β)
623 2779 780 2846 Preterea
793 2779 960 2846 conclusio
974 2779 1170 2845 assimilatur
1184 2779 1379 2863 praemissis,
1396 2787 1561 2864 quatenus
1577 2799 1629 2846 se·

501 2885 611 2970 quitur
624 2879 845 2954 conditionem
861 2885 1006 2963 iliarum,
1023 2885 1091 2952 sive
1111 2885 1144 2951 in
1160 2886 1264 2972 gradu
1283 2882 1495 2954 certitudinis
1507 2900 1541 2955 et
1558 2888 1628 2953 evi-

501 2991 637 3069 dentlae,
658 2994 726 3060 sive
737 2993 769 3060 in
782 2993 1039 3070 universalitate,
1053 2995 1123 3058 sive
1138 2994 1171 3058 in
1186 2995 1336 3076 veritate3
1352 2995 1514 3078 siquidem
1528 3004 1627 3080 prout

502 3103 678 3186 praemissa
691 3101 813 3168 luerint
824 3113 920 3168 certae
936 3102 986 3166 vei
1002 3101 1240 3190 contingentes,
1260 3101 1427 3168 evidentes
1442 3104 1493 3166 vel
1509 3103 1631 3168 obscu-

501 3227 555 3284 ηε,
573 3209 773 3276 universales
785 3209 893 3290 amba
907 3211 958 3275 vel
969 3208 1188 3292 particulares,
1200 3227 1285 3274 verre
1296 3210 1347 3274 vei
1358 3210 1458 3289 iaisae3
1471 3209 1516 3274 ita
1527 3210 1625 3275 etiam
1718 3208 1719 3213 ’

499 3315 664 3383 conclusio
682 3327 733 3383 est
751 3328 838 3384 certa
856 3316 908 3383 vei
927 3315 1123 3401 contingens
1142 3335 1178 3382 ac
1198 3315 1390 3400 probabilis,
1419 3316 1554 3383 evidens
1575 3319 1627 3382 vel

499 3421 683 3501 inevidens,
706 3424 898 3490 universalis
918 3425 969 3488 vei
989 3424 1204 3508 particularis,
1226 3443 1302 3488 vera
1320 3425 1372 3488 vei
1392 3425 1487 3500 laisa,
1508 3425 1626 3490 saitem

499 3550 556 3618 per
574 3551 609 3598 se
627 3532 804 3615 loquendo.
821 3531 858 3598 Et
878 3520 1059 3598 notandum
1075 3540 1125 3596 est
1143 3530 1176 3596 id
1194 3530 1349 3607 accidere,
1367 3531 1629 3614 quomodocum-

497 3657 562 3723 que
572 3657 606 3705 se
621 3639 739 3705 habeat
753 3639 918 3725 objectum
931 3629 1040 3723 ipsum
1055 3646 1092 3707 et
1101 3638 1235 3703 materia
1248 3639 1480 3706 conclusionis.
1498 3639 1627 3708 Etenim

498 3750 572 3816 licet
591 3747 725 3814 materia
749 3747 792 3814 sit
808 3757 895 3813 certa
920 3756 953 3812 et
971 3747 1105 3813 evidens
1127 3745 1288 3832 objectiva
1306 3758 1339 3814 et
1360 3766 1494 3831 prorsus
1514 3768 1628 3818 neces-

497 3857 596 3933 saria,
617 3855 784 3922 conclusio
804 3854 1015 3921 nihilominus
1035 3854 1337 3921 accommodabitur
1360 3863 1485 3922 naturae
1512 3875 1628 3926 assen-

496 3982 595 4031 suum
625 3963 880 4048 praemissarum.
912 3962 1013 4046 Atqui
1041 3963 1104 4028 hoc
1132 3962 1244 4048 nequit
1271 3962 1305 4029 in
1333 3962 1447 4047 primis
1473 3965 1627 4049 explicari

497 4071 635 4138 dicendo
651 4071 835 4155 praemissas
852 4088 926 4137 esse
945 4089 1043 4154 puras
1056 4069 1260 4138 conditiones
1275 4079 1426 4156 respectu
1440 4073 1628 4141 conclusio-

499 4178 566 4260 nis3
588 4196 678 4243 mera
696 4177 783 4243 enim
802 4176 946 4243 conditio
966 4195 1031 4243 non
1051 4185 1160 4262 potest
1178 4178 1322 4263 speciem
1336 4177 1472 4246 effectus
1485 4179 1625 4249 variare.

562 4285 630 4353 Nec
648 4286 793 4352 secundo
811 4286 891 4352 satis
908 4286 1089 4370 explicatur
1107 4285 1168 4352 hoc
1183 4285 1216 4352 in
1231 4286 1392 4354 sententia
1407 4287 1626 4356 tribuentium

498 4393 655 4459 moralem
675 4393 848 4460 dumtaxat
866 4394 1089 4460 causalitatem
1110 4391 1300 4478 praemissis
1319 4391 1406 4470 Quia
1433 4395 1461 4462 si
1480 4399 1628 4481 praemis

532 4647 573 4710 (r)
609 4644 707 4715 Apud.
718 4641 899 4711 Mestrium„
915 4639 986 4704 ibid.

530 4731 572 4804 (a)
612 4741 648 4793 r.·
661 4735 832 4806 Parietina,
846 4751 910 4808 cap.
928 4755 953 4794 r.
968 4747 1008 4795 ct.
1020 4755 1048 4794 a.
