3492 5525
433 448 437 455 ¹
538 466 598 553 804
652 468 778 535 Loorca
792 468 1022 545 Maron-Lm
1040 482 1110 545 av,
1127 466 1217 532 Drse.
1234 482 1280 533 2.⁸
1295 466 1374 533 Can.
1393 482 1463 551 pov

1249 568 1621 587 ——n———ffl

500 651 562 717 noc
590 650 785 717 confirmant
811 650 1000 735 testimonia
1027 650 1191 729 Aristoiis‚
1211 659 1244 716 et
1267 668 1348 717 usus
1374 651 1444 734 ipse
1466 648 1546 715 satis
1571 648 1622 713 id-

499 758 608 843 ipsum
627 758 734 826 docet.
754 759 848 826 Ratio
862 769 974 826 autem
988 768 1056 835 est,
1069 758 1152 843 'quia
1172 767 1282 825 nostra
1298 756 1494 825 intellectiva
1506 755 1622 840 cogni-

500 864 546 930 tio
575 865 668 932 vaide
699 864 835 935 limitata
856 875 908 933 est
941 875 974 931 et
1001 864 1205 950 imperfecta,
1238 865 1443 949 nimiumque
1472 884 1491 929 a
1520 880 1621 937 sensu

501 974 637 1059 pendet,
658 982 691 1039 et
713 973 786 1041 ideo
805 973 875 1039 sine
902 973 1083 1041 sufficiente
1111 973 1308 1039 adminiculo
1325 974 1397 1059 ejus
1423 990 1490 1038 non
1509 979 1620 1055 potest

500 1098 575 1145 curn
606 1079 786 1147 sufficiente
814 1081 1006 1147 certitudine
1032 1090 1066 1145 et
1095 1079 1248 1147 firmitate
1275 1080 1465 1164 procedere;
1494 1088 1527 1143 et
1545 1078 1623 1143 inde

501 1187 612 1253 accidit
631 1204 736 1271 saepe,
752 1188 860 1274 utqui
880 1189 1021 1265 muitum
1037 1186 1079 1253 de
1092 1189 1260 1255 intellectu
1275 1187 1462 1261 confidunt,
1484 1204 1620 1251 sensum

501 1285 705 1372 deserentes,
727 1296 817 1361 iacile
835 1296 868 1361 in
900 1294 997 1385 rebus
1015 1294 1215 1362 naturalibus
1243 1307 1365 1373 errent,
1390 1304 1426 1360 ut
1452 1294 1622 1359 annotavit

417 1434 422 1445 ·
503 1400 692 1469 Aristoteles
712 1402 766 1471 8.ο
786 1403 1017 1488 physicorum,
1036 1421 1111 1487 cap.
1131 1421 1187 1490 3.»

568 1508 733 1594 «Oportet
751 1516 861 1574 autem
882 1509 933 1574 hic
951 1508 1178 1576 limitationem
1196 1508 1365 1584 adhibere,
1387 1509 1541 1574 nimirum
1561 1510 1622 1574 hoc

502 1617 689 1702 regulariter
707 1616 954 1700 intelligendum
973 1633 1063 1697 esse;
1085 1634 1160 1682 nam
1181 1617 1263 1681 adeo
1288 1627 1401 1699 posset
1419 1616 1535 1699 aliquis
1552 1618 1623 1698 pol-

502 1724 568 1790 lere
585 1722 736 1807 ingenio,
757 1732 790 1787 et
815 1730 884 1789 tarn
903 1731 1026 1789 attente
1044 1742 1081 1788 ac
1107 1722 1310 1789 considerate
1338 1724 1497 1789 rationem
1520 1723 1623 1789 totius

502 1838 535 1895 et
554 1830 653 1914 partis
672 1850 705 1897 ν.
725 1850 760 1915 g.
780 1830 901 1896 inuno
923 1838 1051 1896 tantum
1072 1829 1225 1914 singulari
1249 1831 1461 1913 perpendere,
1485 1838 1523 1897 ut
1540 1830 1623 1897 veri-

500 1945 602 2006 tatem
621 1936 722 2003 totius
740 1936 885 2022 principii
901 1937 975 2003 inde
994 1936 1103 2004 statim
1123 1936 1264 2003 eliceret.
1281 1935 1373 2002 Sicut
1390 1937 1503 2003 dicunt
1516 1936 1624 2004 Theo

503 2045 568 2131 logi
586 2046 729 2111 animam
755 2043 875 2111 Christi
899 2063 940 2110 ex
958 2046 1027 2111 sola
1053 2043 1193 2111 efficacia
1220 2045 1374 2111 naturalis
1403 2046 1525 2130 ingenii
1552 2046 1622 2111 sine

502 2152 630 2237 speciali
655 2152 851 2218 adminiculo
878 2152 1130 2237 supernaturali,
1158 2170 1199 2218 ex
1217 2171 1284 2218 uno
1312 2153 1540 2238 phantasmate
1567 2155 1623 2219 eli-

501 2258 605 2327 cuisse
624 2260 744 2327 multas
759 2260 910 2325 veritates
927 2261 979 2325 vel
994 2259 1159 2343 principia.
1179 2259 1264 2337 Quia
1282 2259 1429 2326 medium
1453 2262 1624 2345 experien-

508 2366 562 2433 tia
582 2386 648 2433 non
668 2376 719 2437 est
737 2379 804 2434 tam
825 2366 1064 2450 necessarium,
1082 2366 1160 2451 quin
1177 2367 1281 2451 possit
1297 2368 1425 2435 aliunde
1443 2370 1623 2452 suppleri.»

570 2497 587 2537 o
595 2474 665 2539 Alia
693 2474 835 2560 denique
854 2481 933 2540 sunt
957 2472 1109 2558 principia
1131 2474 1332 2558 particularia
1352 2485 1384 2539 et
1403 2474 1531 2559 propria
1557 2477 1624 2542 sin·

369 2553 374 2569 ⁸
399 2662 405 2675 ·
502 2583 653 2667 gularum
681 2581 902 2649 scientiarum.
923 2581 962 2645 Et
979 2581 1020 2645 de
1040 2580 1089 2647 bis
1112 2580 1286 2647 verisimile
1309 2590 1376 2658 est,
1406 2585 1622 2649 necessariam

502 2707 575 2755 esse
593 2688 825 2776 experientiam
845 2698 877 2753 et
902 2687 1108 2754 collationem
1136 2689 1315 2757 multorum
1338 2688 1553 2774 singularium
1583 2692 1623 2757 ad

501 2795 633 2863 tirmum
645 2805 678 2861 et
686 2796 871 2863 evidentem
886 2813 1058 2862 assensum
1074 2815 1201 2872 eorum,
1218 2815 1284 2863 non
1299 2805 1428 2864 tantum
1444 2798 1495 2864 via
1509 2798 1625 2866 invcn·
1718 2828 1719 2891 ι

501 2903 615 2980 tionis,
640 2903 728 2987 quod
747 2912 797 2970 est
816 2903 1042 2978 notissimum,
1063 2903 1237 2969 sedetiam
1262 2904 1313 2970 via
1330 2902 1524 2988 disciplinae3
1546 2906 1623 2990 quia
1718 2898 1719 2991 ᾗ

502 3011 642 3080 rationes
669 3011 884 3077 terminorum
904 3010 936 3076 in
965 3011 1015 3076 his
1034 3010 1196 3094 principiis
1223 3029 1290 3077 non
1309 3020 1387 3077 sunt
1405 3012 1449 3078 ita
1469 3023 1557 3080 notae
1584 3035 1622 3080 ac
1718 3022 1720 3033 '

503 3119 623 3194 faciles,
641 3127 678 3183 ut
692 3117 831 3184 sufficiat
845 3119 998 3202 quaelibet
1013 3117 1337 3201 propositio'eorum,
1355 3118 1415 3184 nisi
1435 3120 1480 3195 ie,
1497 3122 1554 3203 qui
1571 3121 1624 3186 ad-
1717 3180 1718 3205 ,

501 3225 612 3300 discit,
638 3243 692 3290 eas
710 3227 855 3290 conterat
877 3243 953 3292 cum
972 3223 1208 3309 singularibus,
1228 3239 1302 3308 quae
1322 3226 1430 3301 novit,
1452 3235 1485 3290 et
1511 3228 1621 3292 videat

500 3351 576 3400 curn
605 3332 667 3400 illis
694 3340 727 3397 et
754 3349 829 3398 cum
854 3331 1021 3406 omnibus,
1050 3350 1125 3415 quae
1144 3332 1185 3396 de
1210 3332 1330 3398 talibus
1350 3333 1447 3399 rebus
1466 3347 1621 3416 expertus
1717 3324 1719 3327 ’

501 3449 566 3515 est,
588 3449 673 3506 recte
695 3439 897 3520 consentire;
926 3458 1093 3522 nunquam
1113 3438 1192 3503 item
1217 3438 1292 3503 talia
1315 3439 1470 3523 principia
1497 3441 1621 3509 instan-

500 3545 596 3623 tiam,
618 3556 654 3613 ut
673 3547 801 3624 dicunt,
824 3563 918 3630 passa
937 3565 1046 3612 esse.»

567 3653 768 3737 «Denique
760 3671 791 3720 ιιι
817 3655 867 3721 his
886 3661 977 3720 tanta
995 3655 1059 3719 iere
1078 3671 1207 3736 semper
1225 3661 1276 3719 est
1293 3651 1485 3730 difficultas,
1511 3666 1550 3723 ut
1569 3658 1622 3722 vix

499 3761 707 3845 perveniatur
725 3761 765 3825 ad
783 3779 955 3826 assensum
976 3759 1140 3844 proprium
1161 3759 1410 3844 principiorum,
1431 3780 1491 3829 seu
1510 3784 1571 3848 per
1587 3783 1621 3831 se

502 3877 635 3944 notum,
665 3867 705 3933 de
732 3867 794 3933 iilis
823 3867 1028 3942 habendum,
1056 3868 1150 3933 sed
1141 3887 1174 3933 ιιι
1193 3865 1381 3935 inductione
1399 3879 1433 3935 et
1459 3871 1579 3938 notrtra
1603 3892 1620 3935 a

500 3973 670 4058 posteriori
686 3973 829 4042 sistatur.
851 3974 974 4060 Ergo
948 3992 1080 4058 signum
1095 3983 1145 4040 est
1163 3974 1203 4039 ad
1218 3974 1434 4043 obtinendum
1449 3996 1620 4046 assensum

501 4081 699 4160 evidentem,
714 4101 755 4150 ex
770 4081 915 4166 ipsorum
931 4080 1146 4149 terminorum
1158 4083 1338 4150 rationibus
1352 4086 1453 4167 probe
1466 4087 1618 4172 cognitis,

501 4191 640 4255 multam
667 4209 739 4257 esse
772 4189 986 4256 necessariam
1015 4188 1266 4273 experientiam,
1296 4191 1453 4276 majorem
1486 4195 1619 4278 quidem

499 4295 551 4362 via
578 4296 793 4372 inventionis,
822 4297 964 4381 aliquam
992 4315 1070 4363 vero
1088 4295 1149 4363 via
1165 4297 1357 4381 disciplinae;
1382 4302 1537 4382 quamvis
1564 4320 1620 4386 pro

499 4401 706 4487 ingeniorum
730 4404 913 4472 diversitate
937 4405 1041 4491 major
1058 4404 1156 4473 etiam
1176 4408 1228 4473 vel
1247 4405 1356 4472 minor
1372 4407 1608 4496 sufficiatn()

532 4641 575 4706 (ι)
611 4635 736 4710 Suarea,
751 4637 827 4710 disp.
843 4636 986 4711 Μαιρὰ,
1004 4655 1029 4708 ι,
1044 4647 1114 4697 acet.
1128 4635 1161 4707 6,
1176 4656 1207 4699 n.
1222 4637 1317 4712 adeo.
