3492 5525
570 406 631 473 880
681 410 807 474 Looica
821 410 1055 484 Masone-Lus.
1071 424 1141 485 μ’,
1157 410 1248 473 Drse.
1264 422 1310 493 4·
1324 410 1406 474 Cae.
1426 424 1495 472 rem

960 748 1160 834 CAPUT
1191 748 1223 833 1.

656 940 759 1002 DE
789 930 1106 1002 NATURA
1134 937 1518 1065 scmtsrssffl

595 1126 750 1210 Quinque
768 1126 975 1211 assignantur
992 1146 1010 1191 a
1030 1126 1238 1192 Scholasticis
1256 1142 1332 1191 cum
1353 1125 1529 1191 Aristotele
1547 1122 1602 1212 (ι)
1617 1138 1648 1191 et

529 1232 562 1303 S.
583 1233 710 1301 Thoma
727 1230 779 1322 (2)
798 1234 936 1300 virtutes
953 1234 1195 1299 intellectuales:
1216 1234 1389 1299 Intellectus
1405 1232 1645 1313 praediorum,

526 1342 699 1425 Sapientia,
715 1340 863 1417 Scdntm,
880 1341 1054 1406 Prudentia
1067 1344 1100 1405 et
1110 1342 1188 1408 Ars.
1204 1340 1241 1406 Et
1252 1340 1332 1406 ratio
1346 1349 1408 1416 est,
1423 1340 1502 1423 quia
1514 1340 1647 1405 virtutes

527 1450 746 1517 intellectuales
771 1452 849 1514 sunt
873 1448 1013 1523 labina,
1041 1448 1154 1532 quibus
1178 1448 1284 1513 anima
1309 1448 1390 1512 dicit
1411 1466 1534 1512 veram.
1565 1446 1648 1511 Sunt

525 1562 629 1622 auem
645 1556 780 1640 quinque
796 1573 943 1631 numero,
962 1554 1074 1639 qulbus
1099 1555 1208 1621 anima
1223 1561 1342 1635 semper
1361 1554 1443 1618 dreit
1461 1572 1574 1619 oernm
1597 1557 1647 1618 vel

417 1696 424 1709 ⁸
526 1665 710 1747 affirmando
736 1665 788 1728 ael
811 1664 973 1746 negando:
998 1662 1131 1737 scilicet,
1158 1664 1242 1738 Ars,
1269 1662 1425 1736 &anna
1453 1661 1641 1736 Prudentia,

525 1771 687 1853 Sapientia
699 1774 732 1835 et
746 1770 932 1836 Intellectus.
954 1770 1045 1837 Unde
1058 1773 1156 1852 patet,
1171 1770 1329 1853 qnodista
1336 1774 1411 1835 sunl
1421 1770 1561 1854 quinque
1578 1768 1643 1832 vlr-

525 1884 604 1945 deles
612 1878 835 1944 intellectuales
849 1874 862 1965 (
865 1874 912 1964 p).
930 1876 1129 1943 caeterarum
1139 1877 1289 1942 omnium
1300 1877 1443 1960 aliquam
1455 1877 1643 1943 declaratio

526 2006 601 2053 nem
623 1983 836 2052 necessariam
858 1984 970 2051 reddet
984 1985 1098 2050 melior
1110 1983 1323 2070 intelligentia
1339 1995 1464 2051 natura
1483 1984 1640 2050 scienda.

896 2248 1197 2325 ARTICULUS
1227 2248 1258 2322 I.

687 2418 815 2494 Quid
838 2422 884 2481 ot
906 2396 1161 2497 quotuplex
1187 2416 1247 2481 sit
1272 2414 1474 2481 seientia.

405 2672 442 2705 ηε
566 2633 645 2713 248.
693 2630 797 2697 Variae
824 2640 902 2696 sunt
928 2628 1071 2695 scientiae
1090 2627 1304 2713 acceptiones.
1324 2629 1368 2694 Ut
1396 2628 1485 2694 enim
1511 2626 1642 2695 omitta-

365 2747 389 2816 εξ
415 2730 476 2814 {⁰⁰³⁸
522 2756 596 2805 mus
616 2736 746 2806 notitias
769 2737 1041 2821 supernaturales,
1061 2734 1241 2820 dequibus
1260 2741 1410 2816 nostrum
1430 2746 1567 2804 nonest
1593 2738 1642 2801 di-

352 2818 412 2850 ω
423 2817 458 2848 ¹²⁸
519 2854 665 2930 sputare,
678 2845 777 2910 modo
786 2845 932 2911 sumitur
946 2842 982 2931 α)
995 2843 1149 2933 latissime
1164 2863 1222 2928 pro
1235 2862 1443 2927 quacumque
1454 2844 1641 2928 cognitione

519 2954 587 3020 sive
605 2954 690 3019 clara
707 2951 776 3018 sive
794 2952 945 3028 obscura,
965 2951 1034 3017 sive
1048 2961 1134 3016 certa
1150 2951 1218 3016 sive
1237 2949 1348 3016 dubia:
1364 2970 1432 3034 quo
1447 2963 1544 3037 pacto
1561 2953 1642 3016 scire

519 3059 667 3134 dicimur,
680 3058 838 3143 quidquid
848 3058 1096 3142 quomodolibet
1110 3058 1361 3143 cognoscimus;
1377 3057 1414 3145 β)
1426 3059 1526 3125 modo
1542 3061 1640 3143 paulo

520 3168 630 3233 minus
649 3169 712 3232 late
731 3184 788 3249 pro
813 3166 883 3231 sola
901 3164 1014 3232 notitia
1032 3173 1118 3230 certa
1136 3177 1168 3232 et
1186 3164 1345 3251 evidenti,
1370 3165 1441 3231 sive
1460 3166 1502 3230 sit
1522 3166 1642 3230 imme-

519 3275 604 3339 diata
614 3273 681 3339 slve
691 3271 871 3340 discursive
881 3291 939 3337 seu
951 3272 1104 3348 mediata,
1120 3270 1190 3336 sive
1202 3273 1324 3338 ordinis
1339 3291 1419 3357 pure
1435 3273 1642 3356 experimen-

518 3381 591 3448 talis
608 3381 678 3447 sive
697 3379 877 3446 rationalis:
902 3377 939 3472 γ)
958 3379 1058 3444 modo
1077 3378 1218 3462 denique
1236 3378 1365 3464 proprie
1384 3399 1423 3444 ac
1450 3398 1561 3462 presse
1579 3400 1641 3464 pro

372 3551 385 3578 u
408 3548 459 3578 nm„
518 3490 586 3556 sola
608 3487 795 3572 cognitione
814 3501 902 3552 certa
920 3494 954 3550 et
971 3484 1302 3552 evidentidiscursiva
1317 3483 1384 3572 (4);
1405 3495 1439 3551 et
1456 3485 1489 3552 in
1506 3488 1565 3551 hac
1581 3506 1642 3570 po

370 3621 393 3652 το
410 3607 449 3649 ria·
518 3603 640 3663 strema
657 3595 843 3680 acceptione
862 3612 948 3658 nunc
966 3593 1128 3659 sumenda
1146 3602 1197 3660 est
1215 3591 1367 3669 scientia,
1383 3604 1551 3676 quatenus
1570 3613 1639 3659 non

517 3706 626 3770 solum
646 3700 856 3786 distinguitur
874 3721 893 3766 a
911 3699 1098 3785 cognitione
1117 3700 1293 3785 opinative,
1309 3701 1367 3766 sed
1386 3702 1485 3767 etiam
1498 3703 1641 3786 acognl-

517 3811 607 3878 tione
626 3809 806 3896 primorum
826 3808 1059 3894 principiorum
1078 3818 1111 3875 et
1131 3807 1389 3893 experimentali.
1409 3809 1499 3885 illam
1517 3809 1639 3894 quippe

552 4060 593 4133 (1)
628 4058 694 4116 Lib.
710 4058 751 4114 6.‘
764 4057 908 4126 Ellricor„
922 4075 984 4128 cap.
1002 4076 1033 4129 3,
1048 4075 1130 4128 seqq.
1718 4118 1720 4129 Ι

552 4156 592 4219 (a)
629 4148 693 4207 Lib.
710 4147 752 4204 6.·
768 4145 910 4213 Etlr'cor..
927 4144 992 4203 lect.
1008 4140 1035 4218 3¹3
1049 4165 1073 4202 1.
1089 4165 1117 4215 a,
1137 4164 1167 4218 q.
1185 4166 1232 4221 17,
1255 4159 1311 4210 art.
1327 4165 1344 4204 a
1363 4159 1394 4208 et
1414 4169 1447 4222 33
1460 4148 1496 4206 de
1511 4149 1640 4209 Vr'rtuta'-
1718 4150 1720 4171 '

516 4239 578 4309 bns,
595 4249 699 4312 quaest.
719 4257 748 4306 ι,
763 4248 819 4294 art.
838 4245 913 4293 raet
929 4232 1053 4308 13etc.'1
1282 4261 1289 4266 ·
1718 4232 1720 4265 ³

552 4337 591 4403 (3)
629 4326 662 4386 S.
677 4325 795 4395 Thom,
809 4324 859 4382 lib.
873 4324 915 4381 6.·
928 4325 1070 4395 la'tlie'cor.2
1086 4324 1150 4383 leet.
1164 4346 1190 4397 3.

551 4425 592 4494 (4)
627 4416 704 4475 Vide
716 4413 880 4483 Conimbr.,
891 4412 941 4471 lib.
957 4421 994 4470 r.·
1007 4411 1133 4484 Foster„
1148 4435 1211 4486 cap.
1227 4435 1254 4486 a,
1270 4436 1300 4488 q.
1316 4437 1340 4486 r,
1354 4437 1382 4475 a.
1402 4438 1438 4487 1.;
1453 4417 1552 4488 Tolet,
1568 4417 1643 4478 ibid.

514 4521 618 4585 quast.
637 4528 660 4577 r¹
675 4507 757 4564 circa
766 4503 903 4578 primum
919 4501 1035 4570 sotum,
1048 4501 1130 4575 ibid,
1145 4518 1247 4576 quaest.
1259 4526 1286 4578 2,
1300 4508 1350 4566 Aa
1360 4509 1557 4580 quastionern:
1569 4507 1644 4567 Los-

514 4599 599 4670 ffldaq
614 4596 730 4673 Logicq
745 4604 826 4660 traetl
846 4592 880 4662 61
895 4591 972 4666 ἀὴρ·
987 4613 1019 4663 2,
1041 4612 1103 4666 cap·
1116 4613 1149 4667 43
1169 4595 1281 4656 Albeft·
1297 4596 1392 4666 M.,0t
1405 4597 1643 4659 Lisscolssiessaem

514 4688 593 4764 apud
604 4681 869 4747 Conimbricensea.
