3492 5525
265 419 384 486 Aarrc.
401 419 595 504 4.¹¹·Urxun
608 437 740 497 ouJucr.
757 418 958 487 Loorcxstr
973 437 1038 485 eus
1049 435 1126 488 aar.
1152 431 1226 501 ¹¹45

191 608 293 671 Prob.
325 603 378 671 a.⁰
425 604 542 691 logica
575 603 702 689 respicit
733 624 793 691 pro
819 604 949 687 objecto
973 602 1100 670 formali
1128 603 1266 669 modum

146 708 279 779 sciendi.
300 710 367 778 Sed
394 712 557 795 quidditas
575 712 666 780 modi
692 712 813 781 sciendi
835 710 964 799 proprie
982 710 1137 778 convenit
1163 710 1268 777 tribus

145 817 271 883 actibus
289 819 483 887 intellectus.
503 820 586 906 Ergo
605 817 671 907 (1).

212 931 325 1009 Major
349 928 382 993 in
409 928 559 995 confesso
588 938 639 996 est
664 927 751 1012 apud
779 944 912 1005 omnes,
943 926 1042 993 etiam
1070 925 1159 1011 apud
1179 923 1266 992 Tho-

145 1029 273 1099 mistas.

211 1146 329 1209 Minor
346 1141 512 1226 probatur.
532 1142 651 1209 Modus
669 1142 792 1209 sciendi
801 1141 851 1214 sic
864 1140 1085 1210 communiter
1098 1138 1265 1207 delinitur:

143 1247 243 1314 oratio
260 1249 362 1333 ignoti
377 1250 609 1335 manifestativa
625 1248 689 1340 (2).
710 1248 812 1335 Atqui
831 1249 910 1317 nulli
929 1248 974 1317 rei
992 1247 1268 1334 magisconvenit

144 1374 216 1423 esse
250 1356 528 1425 manifestativum
556 1358 677 1444 ignoti,
697 1376 797 1442 quam
816 1357 942 1425 actibus
968 1355 1168 1439 intellectus;
1187 1374 1265 1422 nam

144 1471 222 1531 sunt
240 1464 336 1551 signa
353 1466 515 1543 formalia,
536 1483 611 1550 quae
630 1464 819 1534 immediate
838 1473 871 1531 et
894 1462 1073 1532 formaliter
1097 1463 1265 1550 objectum

144 1571 247 1639 menti
266 1573 480 1657 patefaciunt,
502 1583 686 1658 notumque
704 1573 745 1640 de
764 1574 878 1659 ignoto
897 1572 1053 1649 reddunt,
1070 1571 1151 1638 dum
1171 1570 1267 1657 signa
1358 1614 1363 1621 ·

143 1679 403 1747 instrumentalia
435 1681 566 1748 nonnisi
597 1681 761 1747 mediante
790 1680 919 1747 formali
947 1678 1154 1745 manifestare
1186 1678 1266 1757 illud

144 1795 298 1871 possunt,
318 1786 457 1855 docente
475 1788 509 1855 S.
525 1789 669 1855 Thoma:
685 1788 897 1870 Manifestaria
909 1795 970 1872 per
980 1806 1013 1855 se
1026 1806 1090 1855 non
1104 1787 1268 1853 invenitor

144 1895 207 1961 nisi
223 1896 258 1960 in
276 1896 452 1979 intellectu;
467 1897 497 1962 si
512 1898 598 1963 enim
614 1898 740 1983 aliquid
746 1946 755 1974 ,
775 1898 858 1981 quod
879 1900 928 1963 est
946 1899 1040 1963 extra
1062 1895 1263 1973 intellectam,

142 2002 343 2087 manifestare
359 2004 501 2083 dr'caiur,
522 2005 577 2071 doc
593 2022 656 2071 non
682 2009 743 2082 est,
763 2004 830 2070 nisi
849 2006 1020 2071 secundum
1039 2004 1123 2089 quod
1138 2021 1178 2068 cx
1199 2004 1267 2085 ipso

140 2097 266 2196 ‘aliquid
288 2112 322 2178 in
346 2112 506 2179 intellectu
533 2112 739 2198 relinquitur,
767 2115 851 2197 quod
871 2115 980 2195 postea
1005 2115 1052 2177 est
1071 2111 1266 2193 principium

142 2220 409 2305 manifestativum
427 2220 461 2285 in
478 2239 532 2301 eo,·
541 2220 721 2302 proximum
734 2238 808 2304 ergo
826 2219 1028 2305 manifestans
1040 2218 1133 2285 estin
1145 2219 1266 2285 intelle·

141 2330 204 2403 clu,
224 2330 280 2392 sed
296 2328 448 2395 remotum
465 2332 568 2411 potest
581 2328 673 2394 etr'om
690 2346 755 2395 csse
772 2330 862 2393 extra
880 2346 951 2393 eum
968 2323 1033 2414 (3).
1054 2326 1151 2413 Ergo.

139 2478 147 2489 -
209 2441 377 2503 Probatur
396 2418 550 2521 praeterea
568 2436 682 2502 eadem
701 2434 807 2502 Minor
826 2434 1009 2522 principalis
1026 2434 1210 2522 syllogismi
1230 2434 1263 2499 in

143 2546 229 2609 hunc
254 2544 405 2611 modum.
438 2544 558 2611 Modus
583 2544 704 2611 sciendi
732 2563 773 2611 ex
804 2542 1079 2610 communissima
1102 2543 1264 2609 sententia
1305 2532 1311 2545 ’

141 2650 295 2717 dividitur
322 2652 354 2718 in
383 2651 621 2728 definitionem,
646 2652 841 2718 divisionem
871 2659 904 2716 et
927 2650 1260 2736 argumentationem.

141 2757 242 2842 Atqui
269 2760 347 2826 ratio
375 2759 585 2838 definitionis,
616 2760 784 2827 divisionis
807 2768 839 2826 et
865 2757 1158 2845 argumentationis
1185 2777 1264 2827 con·

141 2868 231 2933 venit
248 2868 374 2934 actibus
386 2869 580 2936 intellectus

209 2975 294 3042 Sane
322 2976 354 3042 in
381 2976 494 3061 primis
521 2975 667 3044 definitio
684 2984 735 3042 est
753 2976 856 3042 oratio
886 2976 1053 3060 explicans
1084 2976 1261 3043 essentiam

142 3083 199 3150 rei.
220 3084 321 3168 Atqui
339 3083 391 3151 hic
409 3093 501 3151 actus
520 3085 653 3162 mentis,
680 3085 867 3169 exprimens
884 3083 1007 3150 animi
1019 3084 1186 3161 rationale,
1211 3092 1262 3151 est

140 3191 260 3268 oratio,
289 3191 322 3257 id
351 3202 416 3268 est,
447 3194 579 3278 signum
608 3194 836 3276 complexum,
870 3192 1035 3276 explicans
1056 3211 1094 3259 ac
1112 3190 1263 3260 distincte

140 3300 297 3386 detegens
324 3301 499 3367 essentiam
519 3301 674 3368 hominis.
699 3301 795 3387 Ergo.
822 3301 904 3367 Hinc
930 3302 1080 3367 solemne
1103 3301 1163 3367 suit
1180 3299 1284 3394 anti-¹

139 3406 215 3491 quis
231 3407 472 3485 definitionem,
489 3409 574 3478 sicut
592 3418 625 3474 et
643 3418 837 3493 conceptum
854 3427 892 3474 ac
905 3408 1102 3486 terminum,
1117 3407 1261 3476 dividere

140 3516 173 3582 in
200 3516 372 3601 formalem
398 3525 431 3582 et
457 3517 653 3604 objectivam;
679 3525 713 3583 et
740 3518 910 3584 formalem
942 3517 1077 3602 quidem
1109 3515 1261 3583 dicebant

134 3625 250 3689 'actum
271 3625 391 3692 mentis
409 3627 474 3713 (vel
497 3625 596 3692 etiam
616 3626 827 3710 complexum
852 3644 984 3701 vocum,
1006 3624 1032 3691 si
1051 3624 1093 3692 de
1110 3623 1188 3690 orali
1203 3624 1260 3690 de·

138 3731 285 3798 finitione
300 3751 408 3798 sermo
422 3732 509 3820 erat)
520 3733 758 3817 exprimentem
773 3734 949 3799 essentiam
964 3731 1021 3800 rei.
1039 3733 1114 3798 llaec
1129 3732 1257 3809 eadem,

140 3848 177 3906 ut
195 3847 301 3924 patet,
322 3841 430 3906 locum
450 3841 572 3909 habent
590 3842 624 3906 in
639 3839 811 3908 divisione.

207 3947 328 4015 Deinde
343 3947 520 4034 propositio
539 3967 580 4014 ex
598 3950 772 4016 Aristotele
790 3957 824 4014 et
843 3948 879 4016 S.
905 3948 1032 4016 Thoma
1050 3955 1100 4014 est
1118 3931 1261 4015 affirma-

138 4057 185 4123 tio
203 4068 260 4125 aut
274 4057 403 4142 negatio
422 4058 557 4142 alicujus
570 4058 611 4124 de
629 4059 802 4144 quopiam,
822 4066 881 4123 aut
902 4057 1001 4125 etiam
1020 4057 1123 4124 oratio
1142 4074 1257 4124 verum

138 4165 190 4231 vel
215 4165 331 4232 salsum
351 4163 552 4250 significans.
573 4165 674 4250 Atqui
695 4167 765 4232 haec
791 4163 939 4232 delinitio
968 4163 1189 4249 propriissime
1207 4173 1258 4231 cst

174 4457 215 4519 (r)
253 4449 314 4510 Cir.
326 4449 470 4518 Loasada,
483 4450 599 4525 Lugio..
615 4462 698 4509 tract.
717 4471 744 4518 r,
761 4449 837 4523 disp,
853 4471 885 4522 a,
899 4471 963 4523 cap.
979 4473 1014 4533 7,>
1024 4471 1054 4510 n.
1069 4469 1120 4524 29,
1134 4470 1215 4523 seqq.

174 4543 215 4612 (2)
251 4539 326 4600 Vide
339 4541 443 4610 Joann.
464 4561 482 4597 a
503 4539 535 4598 S.
551 4539 681 4611 Thoma,
697 4539 747 4599 lib.
767 4560 799 4611 2,
815 4540 1008 4612 summulam,
1028 4560 1090 4614 cap.
1113 4559 1145 4611 ας
1165 4539 1258 4600 Com-

138 4631 271 4704 plutens‚
286 4633 361 4706 Log.
377 4631 502 4690 Prooem.
519 4631 707 4690 Praeombulo
720 4631 755 4689 dc
768 4631 866 4691 Moda's
879 4632 1027 4691 sciendi...

174 4726 215 4794 (3)
251 4719 283 4780 S.
297 4719 413 4791 Thom„
430 4721 465 4780 da
486 4720 592 4786 Varie,
602 4738 631 4792 q.
642 4737 670 4792 4,
684 4733 740 4778 art.
755 4740 781 4792 3.
