3492 5525
243 447 359 511 Anne.
376 461 436 528 4¹¹¹
450 445 500 509 De
513 464 615 510 cousi
632 466 814 512 ereremum
836 448 1093 513 Unmcnsntrun
1126 467 1185 530 717

108 644 189 697 ctus
206 635 404 713 depurautis
430 634 541 714 ipsam
563 653 584 697 a
610 636 878 710 conditionibus,
906 654 986 715 quae
1011 642 1094 699 sunt
1115 634 1171 696 hic
1194 643 1230 696 et

110 760 206 805 nunc
225 734 289 825 (1).

179 844 217 909 Et
235 843 325 909 alibi:
346 842 480 911 Nabcrce
496 846 652 911 communi
668 864 732 911 non
745 850 849 928 potest
863 846 997 912 attribui
1008 844 1140 910 intendo
1157 843 1231 923 uni-

108 950 318 1028 uersalitatis,
341 952 405 1016 nai
420 954 589 1019 secundum
608 972 690 1029 esse,
709 955 794 1037 quod
814 955 904 1019 babet
928 952 1156 1032 inintellecta
1181 957 1233 1018 sic

110 1065 210 1127 enirn
225 1064 339 1125 solum
353 1074 407 1126 est
419 1083 529 1127 unum
547 1066 590 1128 de
608 1068 743 1139 multis,
763 1076 864 1144 prout
883 1066 1083 1144 intelligitur
1102 1073 1233 1143 praeter

110 1170 296 1249 principia,
313 1172 437 1250 quibus
455 1190 564 1234 unum
582 1173 618 1235 in
634 1175 743 1235 multa
755 1165 949 1255 dividitur(
974 1165 1000 1255 ).

159 1274 334 1340 Praeterea:
363 1274 576 1343 Intellectus...
601 1280 744 1343 noster...
774 1276 927 1360 intelligit
945 1274 1150 1340 abstrahendo
1166 1279 1235 1355 spc-
1316 1328 1319 1333 .

111 1381 190 1446 ciem
207 1380 433 1464 intelligibilem
454 1383 494 1447 ab
515 1384 669 1470 ejusmodi
689 1384 822 1449 amieria
845 1381 1052 1470 (individuali
1082 1378 1229 1467 nempe).

112 1493 213 1574 Quod
230 1503 347 1557 autern
369 1512 390 1555 a
407 1496 552 1559 materia
573 1495 772 1569 individuali
790 1496 1013 1574 abstrahitur,
1028 1503 1083 1580 est
1096 1494 1235 1556 univer

113 1602 187 1665 ωε
204 1592 268 1684 (³)-

15 1790 17 1793 .
182 1702 276 1769 Adde
307 1702 470 1789 insignem
499 1706 608 1771 locum
643 1705 795 1773 Auctoris
827 1704 964 1770 Summo
996 1704 1089 1771 totc‘us
1115 1704 1235 1787 logc'ca

15 1876 16 1881 ,
112 1810 295 1877 Aristotelis
312 1808 363 1899 (4)
382 1813 531 1897 superius
549 1814 716 1879 laudatum
737 1812 800 1902 (5).
820 1813 890 1894 Jam

183 1924 352 1986 Probatur
372 1920 549 2004 propositio
569 1921 702 1988 ratione.
727 1928 774 1989 1.⁰
793 1912 844 1986 Ad
863 1920 1045 1986 universale
1065 1918 1143 1985 nihil
1163 1938 1233 1983 am·

115 2026 201 2111 plius
220 2027 405 2111 requiritur,
426 2036 462 2093 ut
476 2048 516 2095 ex
536 2030 606 2114 ejus
624 2028 811 2095 definitione
831 2038 936 2112 patet,
956 2046 1056 2111 quam
1078 2026 1185 2094 unitas
1200 2035 1233 2092 et
1303 2089 1345 2134 ni
1367 2018 1405 2063 Η*

113 2136 349 2203 communitas.
379 2135 478 2220 Atqui
506 2137 612 2203 unitas
639 2148 671 2205 et
696 2138 935 2212 communitas,
963 2144 1086 2219 quanta
1118 2136 1150 2199 in
1174 2134 1234 2199 hac

115 2242 251 2309 materia
269 2244 404 2320 sufficit,
425 2244 562 2311 babetur
580 2244 612 2309 in
632 2252 747 2311 natura
761 2244 937 2321 abstracta,
957 2252 1133 2326 antequam
1157 2260 1232 2307 cum

115 2350 320 2417 interioribus
332 2358 561 2435 comparetur,
586 2352 619 2416 in
641 2352 744 2435 iisque
770 2352 879 2418 inesse
904 2351 1176 2437 deprehendatur.
1197 2348 1235 2413 Et

15 2526 16 2531 ,
115 2460 159 2525 ita
177 2457 210 2523 in
230 2458 449 2542 superioribus
463 2460 621 2527 unitatem
642 2468 675 2523 et
693 2459 965 2525 communitatem
981 2456 1143 2541 propriam
1163 2457 1233 2521 uni·

115 2565 267 2641 versalis,
301 2565 426 2649 absque
458 2568 523 2632 ullo
548 2584 678 2632 recursu
709 2567 749 2631 ad
778 2568 937 2632 actualem
956 2563 1235 2650 comparationem

116 2681 241 2740 naturae
260 2673 428 2741 abstractae
446 2694 521 2740 cum
540 2672 732 2751 individuis,
750 2675 997 2741 declaravimus.
1018 2673 1144 2757 Ergo...

183 2788 287 2850 Dices
304 2801 380 2848 cum
409 2785 445 2850 P.
476 2783 671 2850 Alamannio
696 2782 920 2849 definitionem
950 2782 1056 2858 illam,
1081 2798 1146 2864 qua
1165 2779 1238 2845 uni-

16 2891 18 2950 }
116 2893 241 2959 versele
256 2889 372 2957 dicitur
390 2905 494 2956 unum
506 2885 626 2974 'aptum
647 2891 752 2957 inesse
774 2889 904 2966 multis,
925 2907 997 2955 esse
1011 2887 1235 2954 definitionem

16 3059 18 3064 ,
115 2997 308 3067 universalis
327 2998 595 3082 fundamentalis,
617 3016 682 3065 non
702 3017 779 3064 vero
799 2997 955 3064 formalis.

184 3115 290 3192 Resp.
311 3107 342 3172 id
364 3125 478 3174 verum
499 3125 564 3172 non
583 3125 668 3175 esse.
698 3106 732 3172 Si
751 3108 838 3172 enirn
858 3105 912 3170 illa
932 3113 983 3172 est
1001 3103 1147 3169 definitio
1165 3103 1238 3168 uni·

115 3215 252 3284 versalis
270 3215 441 3282 dumtaxat
459 3215 725 3292 fundamentalis,
753 3232 810 3280 cur
827 3232 865 3278 ea
884 3212 1005 3297 passim
1021 3212 1062 3277 ab
1081 3209 1236 3276 omnibus

114 3323 290 3397 adhibetur
308 3323 340 3388 in
355 3324 415 3388 hac
435 3321 587 3388 materia?
605 3334 637 3390 et
655 3341 714 3388 cur
728 3323 808 3387 ratio
823 3319 1012 3386 universalis
1026 3339 1045 3384 a
1059 3317 1096 3384 S.
1110 3316 1237 3383 Thoma

114 3443 149 3498 et
169 3432 212 3498 ab
230 3432 299 3498 aliis
319 3431 352 3495 in
376 3432 500 3496 unitate
519 3439 552 3496 et
574 3429 754 3515 aptitudine
777 3427 967 3512 reponitur?
991 3426 1058 3492 Cur
1088 3426 1166 3492 item
1196 3425 1236 3490 ad

114 3540 338 3628 probandum,
359 3539 448 3623 quod
467 3538 647 3605 universale
666 3536 840 3603 formaliter
860 3535 987 3602 nonsit
1010 3533 1069 3600 nisi
1093 3534 1125 3599 in
1144 3533 1238 3598 intel·

115 3652 223 3725 lectu,
244 3665 361 3714 omnes
376 3657 543 3713 recurrunt
558 3648 598 3711 ad
612 3645 769 3711 unitatem
779 3653 815 3709 ‘et
828 3641 1119 3719 communitatem,
1134 3657 1235 3723 quam

114 3757 229 3824 solum
244 3755 276 3820 in
296 3755 461 3822 intellectu
480 3754 599 3819 habere
619 3761 732 3818 natura
750 3751 880 3835 potest?

17 3919 18 3954 3
163 3862 218 3930 ιο
265 3861 386 3928 Natura
414 3870 510 3946 prout
539 3860 699 3926 abstracta
728 3859 958 3926 antecedenter
989 3856 1029 3922 ad
1057 3854 1237 3940 quamlibet

114 3973 280 4038 actualem
300 3969 578 4055 comparationem
598 3987 674 4034 cum
695 3967 900 4044 interioribus
915 3964 1014 4030 habet
1031 3972 1134 4031 totam
1149 3963 1237 4028 illam

115 4079 279 4145 unitatem
299 4085 332 4143 et
350 4075 641 4152 communitatem,
666 4094 766 4158 quam
790 4072 945 4141 Platonici
965 4072 1152 4139 tribuebant
1170 4069 1239 4136 suis

118 4289 377 4308 μ

151 4387 196 4457 (ι)
233 4381 266 4442 S.
281 4381 337 4441 Th.
352 4381 461 4454 Opusc.
478 4383 562 4440 1.·cle
579 4381 716 4442 Univers.

151 4480 195 4543 (a)
233 4471 267 4532 S.
281 4471 351 4541 Th,
365 4471 416 4531 lib.
433 4482 474 4530 πθ
485 4473 519 4529 cle
533 4472 659 4540 Anima,
674 4470 738 4528 lect.
758 4490 798 4528 ra.

152 4571 197 4638 (ι)
234 4563 267 4622 S.
283 4563 353 4634 Th..
371 4584 395 4622 1.
411 4583 443 4648 p.¹
456 4582 485 4633 q.
500 4561 551 4631 86,
566 4574 621 4620 art.
638 4581 678 4619 ra.

151 4661 197 4727 (4)
233 4653 328 4713 Traet.
348 4673 448 4724 neap.
471 4673 495 4710 1.

153 4751 196 4820 (5)
234 4743 514 4815 lnfinenum.170.
