3492 5525
259 448 377 513 Anne.
396 446 701 513 1.¹¹⁸PRAEN01'·ANDA
717 468 758 513 so
773 449 969 514 Uurvsnsnu
979 467 1134 515 noemin.
1171 450 1230 533 ⁶03

213 632 266 699 Sic
285 652 363 719 ergo
383 634 490 700 unitas
518 641 550 699 et
568 631 790 701 communitas
818 634 925 701 vocari
949 644 1035 702 recte
1061 645 1201 720 possunt
1222 636 1272 702 in-

143 740 246 808 tentio
266 740 532 819 universalitatis,
564 750 636 808 turn
665 742 741 827 quia
766 750 844 809 sunt
872 752 985 827 partus
1007 742 1194 809 intentionis
1211 762 1270 809 seu

143 847 339 935 cognitionis
357 848 526 917 efficientis
547 850 730 917 universale
749 850 922 939 (nimirum
946 849 1061 935 prirnae
1079 850 1271 919 intentionis

144 957 305 1041 lormaliS,
334 976 409 1040 quae
443 968 592 1024 naturam
621 960 881 1043 contemplatur,
915 960 985 1024 sine
1018 957 1207 1025 differentiis
1233 978 1271 1023 ac

135 1062 229 1130 notis
247 1063 556 1155 individuantibus),
572 1074 644 1132 tum
659 1064 735 1151 quia
749 1074 828 1133 sunt
841 1067 1027 1152 objectum,
1047 1067 1138 1150 quod
1151 1085 1269 1133 secun-

142 1171 184 1236 da
203 1172 339 1239 intentio
367 1173 509 1240 turmalis
527 1176 787 1260 contemplatur,
817 1174 952 1258 quando
971 1192 1028 1259 per
1056 1173 1268 1240 reflexionem

142 1280 325 1347 considerat
334 1288 495 1357 naturam,
513 1292 611 1367 prout
624 1282 656 1349 in
667 1282 853 1369 cognitione
869 1280 1037 1367 praecisiva
1053 1283 1264 1359 relucentem,

142 1406 201 1457 seu
221 1397 271 1455 est
289 1389 435 1455 secunda
452 1389 581 1456 intentio
599 1390 770 1477 objectiva.
927 1383 929 1386 ’
1140 1381 1146 1393 ’

193 1480 283 1563 168ζ
314 1496 504 1563 Notandum
524 1508 574 1563 est
602 1506 755 1582 praeterea
777 1498 1083 1564 communissimam
1114 1516 1187 1564 esse
1210 1498 1270 1563 do-
1291 1507 1444 1590 Truentus
1459 1503 1494 1553 ιε’

140 1603 278 1669 ctrinam
300 1604 406 1679 illam,
427 1622 527 1687 quam
548 1603 580 1669 S.
607 1604 751 1672 Thomas
770 1624 811 1671 ex
835 1604 1003 1674 Avicenna
1025 1601 1214 1682 mutuatur,
1232 1625 1269 1671 ac
1304 1578 1459 1623 ‘⁰⁰⁸¹‘¹“²'¹⁰‘

140 1730 229 1794 saepe
253 1712 367 1795 repetit
395 1712 428 1776 in
457 1712 525 1777 suis
553 1714 723 1795 operibus:
760 1712 887 1796 Triplex
910 1718 959 1778 est
981 1714 1119 1801 alicujus
1144 1717 1269 1778 natura

139 1818 371 1895 consideratio:
390 1838 456 1884 una
469 1824 566 1901 proed
581 1821 801 1886 consideratur
826 1823 996 1886 secundum
1013 1840 1093 1895 esse,
1112 1824 1197 1905 quod
1213 1822 1268 1886 lra-
1336 1820 1339 1827 “

142 1928 193 1991 bet
204 1927 239 1991 in
257 1926 491 2010 singularibus,
508 1928 593 1992 sicut
607 1932 725 1993 natura
743 1928 858 2010 lapidis
876 1929 911 1993 in
925 1929 980 1993 lroc
998 1928 1100 2011 lapide
1117 1932 1151 1993 et
1164 1928 1198 1993 in
1213 1928 1269 1993 illo
1360 1982 1365 1993 .

116 2016 254 2117 'lapid
285 2036 363 2101 Alia
390 2054 464 2101 aero
489 2040 536 2101 est
551 2036 758 2102 consideratio
779 2037 915 2123 alicujus
932 2040 1072 2111 natura,
1100 2038 1268 2102 secundum

139 2160 205 2206 esse
220 2144 320 2207 solum
338 2142 550 2227 intelligibile,
570 2142 655 2207 snut
670 2146 787 2209 natura
806 2144 920 2225 lapidis
934 2144 1164 2220 consideratur,
1173 2147 1286 2226 poet,

140 2254 186 2314 est
202 2249 237 2313 in
257 2251 425 2317 intellectu.
450 2250 554 2316 Tertia
582 2270 656 2317 aero
673 2255 720 2317 est
743 2251 949 2317 consideratio
965 2258 1090 2317 natura
1112 2252 1265 2328 absoluto,

135 2361 235 2437 prout
248 2356 407 2423 abstrahit
418 2359 459 2423 ab
486 2362 618 2442 utroque
635 2377 713 2433 essa,
740 2361 912 2424 secundum
929 2377 1023 2443 quam
1046 2359 1268 2425 consideratio·

138 2484 210 2529 nem
242 2466 459 2531 consideratur
493 2470 611 2531 natura
641 2464 756 2547 lapides
789 2468 841 2533 ael
870 2469 1091 2554 cujuscumque
1121 2466 1264 2541 alterins,

136 2576 287 2657 quuntrun
304 2575 349 2638 ad
365 2592 401 2637 ea
421 2578 559 2649 tontum,
580 2579 657 2657 qua
663 2580 720 2655 per
739 2592 771 2639 se
789 2577 969 2655 competunt
984 2574 1043 2638 toli
1059 2577 1183 2639 naturae
1199 2570 1264 2659 (r),

139 2680 293 2745 nimirum
313 2700 367 2756 ea,
398 2699 472 2765 quae
491 2668 702 2748 continentur
720 2680 910 2748 definitione
939 2680 983 2747 rei
1003 2702 1039 2747 ac
1064 2681 1268 2767 proprietati·

136 2789 200 2854 bus
219 2789 401 2855 necessario
418 2789 628 2856 manantibus
648 2789 688 2854 ab
703 2789 788 2856 illius
804 2790 957 2856 essentia.
976 2789 1069 2855 Unde
1087 2789 1182 2855 tertia
1197 2789 1266 2855 haec

135 2895 351 2963 consideratio
370 2896 499 2982 respicit
517 2915 572 2962 eas
591 2906 685 2963 notas
699 2917 735 2963 ac
750 2897 920 2980 praedicata
941 2897 1053 2973 realia,
1074 2916 1148 2980 quae
1168 2900 1262 2962 natu·

137 3022 205 3068 ram
225 3004 344 3069 habere
372 2997 505 3070 necess'e
524 3015 573 3070 est
603 3005 635 3069 in
655 3003 774 3088 quobis
797 3013 902 3081 statu,
923 3005 993 3071 sive
1011 2987 1147 3091 physico
1173 3006 1266 3071 realis

137 3110 318 3178 existentiae
337 3111 369 3177 in
389 3111 582 3189 individuis,
603 3113 672 3178 sive
692 3109 787 3177 ideali
801 3111 834 3177 in
850 3122 962 3177 mente
981 3112 1167 3197 cogitantis.
1183 3112 1265 3178 lluic

137 3219 253 3302 triplici
282 3229 406 3286 naturae
436 3219 703 3294 considerationi,
734 3229 771 3286 ut
806 3219 915 3295 vides,
945 3220 1120 3302 respondet
1147 3221 1264 3305 triplex

135 3325 354 3392 terminorum
374 3327 573 3412 suppositio,
589 3327 782 3410 personatis,
804 3328 907 3411 logica
924 3335 958 3392 et
974 3324 1149 3415 absoluta(
1174 3325 1200 3417 ).

204 3433 249 3499 Ex
278 3438 436 3501 ltactenus
462 3428 635 3520 disputatis
664 3445 752 3519 patet
782 3442 931 3500 naturam
961 3453 1067 3518 neque
1097 3435 1131 3500 in
1160 3435 1263 3519 prima

136 3559 244 3624 neque
271 3542 304 3608 in
332 3543 426 3608 tertia
447 3544 583 3609 istarum
607 3541 906 3608 considerationum
936 3542 1152 3608 universalem
1177 3561 1261 3619 esse,

134 3667 226 3714 nunc
246 3669 324 3734 ergo
342 3650 522 3716 videndum
547 3659 598 3717 est
623 3660 733 3716 utrum
759 3657 792 3714 et
816 3649 986 3732 quomodo
1010 3662 1265 3717 naturasecun·

132 3757 219 3822 dum
239 3775 328 3832 esse,
350 3758 440 3841 quod
460 3757 557 3824 habet
577 3757 609 3823 in
622 3757 803 3833 intellectu,
821 3755 863 3822 sit
881 3757 1082 3824 universalis.

170 3974 210 4036 (ι)
246 3969 322 4030 Vide
339 3970 370 4030 S.
387 3971 504 4038 Thoan,
521 3970 656 4048 Quodlid.
672 3970 700 4038 8,
716 3981 771 4027 art.
793 3990 816 4026 r.
832 3989 917 4041 corp.
929 3967 990 4027 cfr.
1017 3969 1127 4040 Opuse.
1142 3970 1264 4027 delirate

131 4070 163 4116 et
178 4063 314 4130 essentia,
330 4081 393 4134 cap.
409 4081 438 4134 43
453 4062 487 4118 de
500 4060 647 4127 Potentia,
663 4071 767 4129 quaeat.
785 4076 810 4128 ς,
827 4071 883 4116 nrt.
898 4077 927 4130 9,
945 4058 983 4117 ed
1002 4059 1076 4116 16³·
1098 4060 1132 4116 de
1146 4060 1264 4118 Natura

130 4151 263 4227 generis,
278 4169 341 4221 cap.
357 4173 384 4224 73
400 4150 450 4209 lib.
469 4171 493 4207 r.
509 4151 543 4206 de
557 4151 670 4206 Anima
682 4149 747 4206 lect.
775 4168 797 4217 r,
815 4149 903 4220 paulo
917 4162 985 4206 ante
1008 4149 1058 4206 fin.
1076 4147 1153 4206 Vide
1175 4147 1263 4206 etiam

130 4239 288 4298 Albertum
304 4239 345 4297 ld.
357 4239 400 4296 De
414 4239 670 4305 Praeaicalittoas,
686 4249 770 4296 tract.
780 4258 806 4308 a,
819 4257 882 4309 cap.
899 4259 925 4309 3,
941 4237 972 4296 in
982 4237 1119 4298 notandis
1131 4237 1168 4298 ad
1180 4239 1262 4298 solu·

133 4328 211 4386 tion.
229 4327 445 4387 difficultatum.

174 4421 216 4490 (a)
251 4415 328 4477 Vide
341 4420 445 4504 Lugio.
462 4419 568 4477 Minor.
586 4437 615 4476 u.
630 4417 674 4490 56,
691 4437 733 4492 57.
