3492 5525
361 860 472 921 Hyctanis.

568 450 627 518 952
681 436 809 503 Locren
822 438 1052 515 Meron-Lis,
1069 453 1140 517 aaa,
1156 440 1246 504 Drsn.
1261 452 1308 523 4.·
1324 440 1402 503 Cio.
1420 453 1495 501 ψ

1275 540 1648 559 -κ--ἠ-

527 619 777 704 conjunctionis.
793 621 873 688 Aliae
887 640 966 688 vero
980 622 1129 691 veritates
1143 622 1296 706 cognosci
1312 632 1484 707 nequeunt
1505 640 1523 685 a
1537 618 1649 685 multis

527 724 701 795 individuis
719 743 852 813 propter
868 726 1102 812 impedimenta
1121 730 1302 813 peculiaria.

593 835 692 900 Porro
710 836 858 903 veritates
872 836 1022 905 absolute
1041 856 1078 903 ac
1095 836 1281 921 simpliciter
1294 846 1328 902 et
1341 855 1400 921 per
1413 854 1449 901 se
1468 835 1647 901 intellectui

526 939 672 1008 humano
695 942 861 1027 impervie
887 951 1045 1010 vocantur
1064 944 1224 1027 mysteria.
1245 944 1409 1021 Qraeritur
1433 961 1517 1028 ergo
1541 943 1649 1027 prirno

557 1134 590 1226 p.
612 1136 760 1207 l.-Nun
778 1156 850 1207 srnr
867 1156 1051 1217 vanrrnras,
1071 1158 1146 1221 ωε
1162 1158 1325 1209 insonans
1342 1159 1400 1207 νει
1416 1156 1621 1207 srunucrran

751 1263 792 1312 ar
809 1264 867 1314 ran
885 1264 921 1315 sa
938 1264 1065 1325 maron
1084 1264 1216 1315 nonnis
1233 1264 1406 1317 exoeonnr.

567 1417 644 1510 2'73.
693 1424 884 1492 Pronosrno
908 1433 954 1490 r.⁸
976 1435 1111 1495 Dantur
1128 1433 1306 1505 veritates,
1331 1450 1412 1510 quae
1435 1433 1602 1494 absolute
1618 1442 1651 1493 et

445 1556 451 1563 ·
522 1536 723 1614 simpliciter
736 1553 846 1616 ac‘per
857 1557 895 1600 ae
908 1541 1074 1601 rationem
1088 1543 1276 1601 humanam
1293 1538 1562 1601 transcendunt.

326 1718 410 1763 &mon
411 1728 492 1765 iuuat

589 1692 644 1759 Est
662 1693 838 1777 propositio
853 1702 938 1761 certa
947 1714 989 1760 ex
1001 1695 1157 1779 epistolis,
1174 1694 1388 1761 Gravissinaas
1402 1702 1436 1759 et
1450 1694 1538 1761 Tuas
1550 1696 1652 1761 tiben-

308 1790 480 1917 “zm
362 1791 441 1834 ‘¹¹5⁸'
440 1791 508 1837 ω’*
521 1802 600 1865 trra
618 1799 673 1865 Pio
693 1801 733 1866 lx
753 1800 868 1867 Pontii
859 1821 907 1866 ce
926 1804 1012 1869 Max.
1033 1803 1074 1868 ad
1093 1802 1380 1885 Archiepiscopurn
1400 1802 1649 1887 Frisingensern

364 1948 448 1978 ”””””

327 2004 438 2049 saecri
393 2019 485 2051 eeeeeee

449 1879 604 1978 ¹{ndatis
628 1924 660 1971 11
686 1907 761 1972 Dec.
791 1905 871 1973 1862
892 1918 925 1973 et
945 1925 982 1973 21
1007 1908 1083 1975 Dec.
1111 1906 1204 1993 1863:
1227 1910 1313 1974 unde
1337 1918 1480 1974 extracta
1502 1911 1567 1975 tuit
1592 1912 1652 1976 do-

520 2012 621 2078 ctrina
634 2014 684 2079 his
699 2015 824 2081 verbis
816 2034 848 2079 1n
859 2016 985 2096 syrmio
1001 2034 1033 2080 n.
1051 2016 1089 2081 lX
1104 2024 1257 2081 contenta
1266 2024 1299 2080 et
1315 2016 1508 2100 proscripta:
1528 2018 1650 2083 Omnia

519 2119 793 2187 indiscriminatim
816 2124 965 2205 dogmata
988 2122 1146 2205 religionis
1173 2122 1353 2189 christianae
1382 2128 1463 2187 sunt
1489 2125 1649 2210 objectum

518 2228 676 2293 nataralis
697 2229 834 2295 scientie
858 2247 915 2294 seu
938 2229 1161 2311 Philosophiae;
1183 2234 1215 2295 et
1230 2228 1365 2295 bumana
1388 2230 1473 2295 ratio
1497 2230 1648 2297 astario

518 2336 639 2400 tantm
659 2337 785 2401 exculta
803 2339 904 2423 potest
919 2354 959 2401 ex
982 2335 1048 2401 suis
1067 2336 1266 2401 naturatidan
1282 2334 1404 2401 viribus
1427 2339 1463 2401 et
1471 2339 1647 2420 principiis

515 2444 560 2506 ad
572 2461 679 2508 acram
690 2444 730 2507 de
746 2444 900 2519 omnious,
924 2442 1017 2509 etiam
1034 2443 1302 2517 reconditioritns,
1323 2445 1525 2526 dogmatibus
1543 2446 1644 2511 scren-

516 2550 592 2615 tiam
605 2550 779 2631 pervenire,
805 2552 895 2615 modo
917 2550 978 2617 haec
995 2552 1141 2633 dogmata
1163 2550 1224 2633 ipsi
1239 2550 1360 2615 rationi
1380 2555 1546 2636 uniquam
1562 2556 1644 2639 σῇσ-

515 2661 600 2724 ctnm
608 2658 767 2741 proposita
771 2657 909 2743 suerint.

582 2765 664 2831 Huic
700 2765 806 2832 affinis
835 2776 884 2830 est
916 2765 976 2831 alia
1012 2765 1189 2848 propositio
1221 2766 1254 2830 in
1283 2785 1377 2834 nurn.
1410 2767 1452 2832 lV
1486 2771 1638 2853 ejusdem

515 2873 635 2959 Syllabi
654 2873 824 2951 damnata,
845 2893 919 2956 quae
937 2873 982 2939 sic
1001 2882 1106 2938 sonat:
1123 2873 1237 2938 Omnes
1254 2875 1415 2958 religionis
1432 2876 1584 2940 annas
1600 2897 1640 2940 cx

512 2981 621 3046 natira
647 2982 788 3046 hrcmanae
813 2982 946 3048 rationis
971 2981 1007 3044 oi
1029 2981 1194 3061 derivant,·
1221 2980 1292 3046 binc
1318 2982 1401 3046 ratio
1423 2987 1475 3047 est
1489 2984 1638 3065 princeps

512 3107 634 3164 norm,
665 3108 728 3173 qua
759 3090 846 3154 domo
871 3088 1075 3172 cognitionem
1100 3087 1237 3154 omnium
1262 3091 1485 3176 crq'nscumqne
1510 3092 1638 3174 generis

510 3197 676 3262 variatum
692 3195 819 3280 assequi
829 3195 981 3278 possitae
994 3196 1101 3260 debeat
1111 3192 1142 3280 (r
1151 3191 1174 3280 ).

578 3304 666 3395 Ιᾴειη
685 3311 814 3370 constat
831 3322 872 3369 ex
902 3299 1046 3368 Concilio
1076 3301 1231 3367 Vaticano
1248 3300 1282 3367 in
1310 3301 1560 3370 Constitutione
1577 3307 1635 3371 do

509 3411 652 3496 gmatica
668 3412 710 3477 de
729 3411 803 3476 Fide
816 3430 888 3494 cap.
905 3427 926 3490 4
941 3411 978 3474 de
991 3409 1066 3475 Fide
1080 3418 1112 3474 et
1129 3407 1269 3474 ratione:
1283 3428 1389 3474 canon
1404 3429 1485 3476 vero
1504 3412 1633 3496 primus

510 3520 585 3584 huic
611 3519 704 3603 capiti
728 3519 928 3603 respondens
950 3517 983 3582 in
1011 3517 1080 3582 haec
1098 3506 1195 3581 v'erba
1212 3525 1392 3600 conceptus
1417 3527 1486 3584 est:
1505 3521 1547 3586 si
1562 3519 1631 3603 qun

507 3624 641 3701 dixerit,
662 3626 697 3691 in
715 3624 901 3691 revelatione
916 3623 1025 3690 divina
1039 3625 1129 3700 nulla
1145 3639 1219 3687 aera
1236 3625 1266 3687 ct
1273 3624 1402 3706 propn'e
1418 3625 1505 3690 dicta
1523 3631 1633 3708 myste-

508 3737 558 3800 ria
575 3734 729 3799 contineri
732 3752 746 3813 ;
760 3734 814 3799 scd
830 3732 976 3797 univesa
992 3729 1068 3806 fidei
1079 3731 1218 3812 dogmata
1226 3736 1316 3811 posse
1329 3739 1386 3811 per
1398 3732 1558 3797 rationem
1574 3735 1630 3800 rite

507 3842 662 3907 mattam
678 3861 695 3907 e
712 3839 909 3907 natantibus
922 3836 1086 3919 principiis
1103 3836 1247 3919 intelligi,
1262 3840 1296 3902 et
1309 3839 1538 3916 dentonstrarr',
1552 3859 1629 3906 ana·

508 3950 606 4016 thema
623 3949 678 4016 sit.

573 4061 741 4123 Probatur
759 4063 868 4120 autem
890 4050 1067 4136 propositio
1091 4049 1138 4114 r.⁰
1166 4049 1374 4132 experientia.
1396 4051 1440 4118 Ut
1468 4052 1561 4118 eninr
1588 4055 1625 4120 de

507 4163 575 4231 aliis
596 4181 682 4229 nunc
701 4143 839 4239 taceem,
861 4169 981 4224 secreta
1000 4157 1104 4222 cordis
1131 4155 1262 4221 alterius
1291 4173 1390 4222 nemo
1420 4160 1509 4226 valet
1529 4179 1625 4244 pene

504 4283 605 4348 trare,
628 4288 726 4336 nemo
744 4267 842 4334 etiam
861 4268 969 4332 futura
985 4262 1206 4348 contingentia
1223 4271 1311 4329 certo
1325 4281 1545 4348 cognoscere,
1566 4269 1621 4334 nisi

538 4543 579 4607 (r)
617 4535 782 4608 Proscripta
799 4552 883 4605 porro
896 4531 958 4589 haec
966 4527 1097 4587 doctrina
1105 4525 1218 4584 suerat
1210 4546 1240 4584 rn
1257 4523 1350 4598 Epist.
1366 4527 1492 4604 Encycl.
1512 4531 1559 4589 Pii
1575 4531 1617 4600 Π,

502 4627 565 4708 Qui
572 4626 717 4701 pluribus
731 4645 751 4696 9
764 4623 898 4681 Decemb
914 4619 990 4692 1846,
1006 4630 1035 4675 et
1046 4617 1164 4689 Encyct.
1179 4613 1335 4690 Singulari
1347 4619 1480 4690 quidem,
1499 4642 1532 4694 ¹7
1549 4621 1618 4680 Mar·

502 4713 771 4789 tii1856,etntloe
788 4712 922 4770 Maxima
935 4709 1055 4781 quidem,
1071 4703 1178 4778 pluuii
1196 4703 1271 4762 1862.
