<?xml version="1.0" encoding="UTF-8"?>
<!DOCTYPE html PUBLIC "-//W3C//DTD XHTML 1.0 Transitional//EN"
    "http://www.w3.org/TR/xhtml1/DTD/xhtml1-transitional.dtd">
<html xmlns="http://www.w3.org/1999/xhtml" xml:lang="en" lang="en">
 <head>
  <title>
</title>
<meta http-equiv="Content-Type" content="text/html;charset=utf-8" />
  <meta name='ocr-system' content='tesseract 3.04.00' />
  <meta name='ocr-capabilities' content='ocr_page ocr_carea ocr_par ocr_line ocrx_word'/>
</head>
<body>
  <div class='ocr_page' id='page_1' title='image "./institutionesph00urrgoog/institutionesph00urrgoog_0323.png"; bbox 0 0 3492 5525; ppageno 0'>
   <div class='ocr_carea' id='block_1_1' title="bbox 344 463 1232 552">
    <p class='ocr_par' dir='ltr' id='par_1_1' title="bbox 344 463 1232 552">
     <span class='ocr_line' id='line_1_1' title="bbox 344 463 1232 552; baseline 0.002 -23"><span class='ocrx_word' id='word_1_1' title='bbox 344 463 546 536; x_wconf 64' lang='lat' dir='ltr'>mneos·</span> <span class='ocrx_word' id='word_1_2' title='bbox 567 466 619 531; x_wconf 81' lang='lat' dir='ltr'>De</span> <span class='ocrx_word' id='word_1_3' title='bbox 638 465 824 533; x_wconf 68' lang='lat' dir='ltr'>Monstrum</span> <span class='ocrx_word' id='word_1_4' title='bbox 843 486 1082 535; x_wconf 67' lang='lat' dir='ltr'>conversione</span> <span class='ocrx_word' id='word_1_5' title='bbox 1173 486 1232 552; x_wconf 80' lang='lat'>299</span> 
     </span>
    </p>
   </div>
   <div class='ocr_carea' id='block_1_2' title="bbox 147 620 1274 1275">
    <p class='ocr_par' dir='ltr' id='par_1_2' title="bbox 147 620 1274 1039">
     <span class='ocr_line' id='line_1_2' title="bbox 147 620 1273 735; baseline 0.004 -20"><span class='ocrx_word' id='word_1_6' title='bbox 147 649 302 715; x_wconf 70' lang='lat' dir='ltr'>hommem</span> <span class='ocrx_word' id='word_1_7' title='bbox 318 667 384 716; x_wconf 87' lang='lat' dir='ltr'>esse</span> <span class='ocrx_word' id='word_1_8' title='bbox 399 649 527 731; x_wconf 64' lang='lat' dir='ltr'>allum</span> <span class='ocrx_word' id='word_1_9' title='bbox 540 650 618 735; x_wconf 72' lang='lat' dir='ltr'>Ergo</span> <span class='ocrx_word' id='word_1_10' title='bbox 630 649 777 734; x_wconf 79' lang='lat' dir='ltr'>possibile</span> <span class='ocrx_word' id='word_1_11' title='bbox 786 654 836 718; x_wconf 81' lang='lat' dir='ltr'>est</span> <span class='ocrx_word' id='word_1_12' title='bbox 849 620 973 719; x_wconf 77' lang='lat' dir='ltr'>niellam</span> <span class='ocrx_word' id='word_1_13' title='bbox 985 653 1091 719; x_wconf 84' lang='lat' dir='ltr'>album</span> <span class='ocrx_word' id='word_1_14' title='bbox 1105 671 1169 719; x_wconf 88' lang='lat' dir='ltr'>esse</span> <span class='ocrx_word' id='word_1_15' title='bbox 1179 652 1273 719; x_wconf 81' lang='lat' dir='ltr'>homi·</span> 
     </span>
     <span class='ocr_line' id='line_1_3' title="bbox 149 756 1272 843; baseline 0.003 -21"><span class='ocrx_word' id='word_1_16' title='bbox 149 776 236 833; x_wconf 87' lang='lat' dir='ltr'>nem,</span> <span class='ocrx_word' id='word_1_17' title='bbox 256 756 441 825; x_wconf 87' lang='lat' dir='ltr'>autetiam:</span> <span class='ocrx_word' id='word_1_18' title='bbox 465 757 596 843; x_wconf 80' lang='lat' dir='ltr'>aliquod</span> <span class='ocrx_word' id='word_1_19' title='bbox 610 760 717 825; x_wconf 81' lang='lat' dir='ltr'>aloem</span> <span class='ocrx_word' id='word_1_20' title='bbox 733 778 797 825; x_wconf 87' lang='lat' dir='ltr'>non</span> <span class='ocrx_word' id='word_1_21' title='bbox 811 778 876 827; x_wconf 89' lang='lat' dir='ltr'>esse</span> <span class='ocrx_word' id='word_1_22' title='bbox 900 760 1064 829; x_wconf 78' lang='lat' dir='ltr'>bominem.</span> <span class='ocrx_word' id='word_1_23' title='bbox 1083 760 1214 828; x_wconf 80' lang='lat' dir='ltr'><em>Necesse</em></span> <span class='ocrx_word' id='word_1_24' title='bbox 1227 765 1272 826; x_wconf 84' lang='lat' dir='ltr'>esl</span> 
     </span>
     <span class='ocr_line' id='line_1_4' title="bbox 147 864 1274 955; baseline 0.004 -26"><span class='ocrx_word' id='word_1_25' title='bbox 147 882 269 929; x_wconf 87' lang='lat' dir='ltr'>omnem</span> <span class='ocrx_word' id='word_1_26' title='bbox 286 864 438 931; x_wconf 78' lang='lat' dir='ltr'>hominem</span> <span class='ocrx_word' id='word_1_27' title='bbox 455 883 521 932; x_wconf 85' lang='lat' dir='ltr'>esse</span> <span class='ocrx_word' id='word_1_28' title='bbox 541 866 681 933; x_wconf 83' lang='lat' dir='ltr'>animal:</span> <span class='ocrx_word' id='word_1_29' title='bbox 699 884 769 950; x_wconf 81' lang='lat' dir='ltr'>ergo</span> <span class='ocrx_word' id='word_1_30' title='bbox 795 886 917 935; x_wconf 87' lang='lat' dir='ltr'>necesse</span> <span class='ocrx_word' id='word_1_31' title='bbox 939 872 986 935; x_wconf 83' lang='lat' dir='ltr'>est</span> <span class='ocrx_word' id='word_1_32' title='bbox 1000 870 1129 955; x_wconf 79' lang='lat' dir='ltr'><em>aliquod</em></span> <span class='ocrx_word' id='word_1_33' title='bbox 1152 868 1274 935; x_wconf 85' lang='lat' dir='ltr'>animal</span> 
     </span>
     <span class='ocr_line' id='line_1_5' title="bbox 148 971 396 1039; baseline -0.008 -2"><span class='ocrx_word' id='word_1_34' title='bbox 148 990 215 1037; x_wconf 88' lang='lat' dir='ltr'>esse</span> <span class='ocrx_word' id='word_1_35' title='bbox 232 971 396 1039; x_wconf 77' lang='lat' dir='ltr'>hominem.</span> 
     </span>
    </p>

    <p class='ocr_par' dir='ltr' id='par_1_3' title="bbox 147 1080 1273 1275">
     <span class='ocr_line' id='line_1_6' title="bbox 191 1080 1269 1171; baseline -0.001 -23"><span class='ocrx_word' id='word_1_36' title='bbox 191 1084 352 1148; x_wconf 82' lang='lat' dir='ltr'>Secunda</span> <span class='ocrx_word' id='word_1_37' title='bbox 364 1086 492 1164; x_wconf 78' lang='lat' dir='ltr'>regula.</span> <span class='ocrx_word' id='word_1_38' title='bbox 540 1080 687 1147; x_wconf 86' lang='lat' dir='ltr'>Modales</span> <span class='ocrx_word' id='word_1_39' title='bbox 698 1081 738 1147; x_wconf 88' lang='lat' dir='ltr'>de</span> <span class='ocrx_word' id='word_1_40' title='bbox 754 1083 855 1148; x_wconf 91' lang='lat' dir='ltr'>modo</span> <span class='ocrx_word' id='word_1_41' title='bbox 870 1083 1024 1168; x_wconf 82' lang='lat' dir='ltr'>negativo</span> <span class='ocrx_word' id='word_1_42' title='bbox 1038 1080 1166 1171; x_wconf 88' lang='lat' dir='ltr'>(quales</span> <span class='ocrx_word' id='word_1_43' title='bbox 1180 1091 1269 1149; x_wconf 89' lang='lat' dir='ltr'>sunt:</span> 
     </span>
     <span class='ocr_line' id='line_1_7' title="bbox 147 1186 1273 1275; baseline 0.002 -20"><span class='ocrx_word' id='word_1_44' title='bbox 147 1186 351 1270; x_wconf 75' lang='lat' dir='ltr'>Impossibile,</span> <span class='ocrx_word' id='word_1_45' title='bbox 371 1190 444 1257; x_wconf 87' lang='lat' dir='ltr'>Non</span> <span class='ocrx_word' id='word_1_46' title='bbox 455 1188 619 1270; x_wconf 78' lang='lat' dir='ltr'>possibile,</span> <span class='ocrx_word' id='word_1_47' title='bbox 635 1188 709 1255; x_wconf 84' lang='lat' dir='ltr'>Non</span> <span class='ocrx_word' id='word_1_48' title='bbox 722 1190 917 1274; x_wconf 73' lang='lat' dir='ltr'>contingens,</span> <span class='ocrx_word' id='word_1_49' title='bbox 934 1191 1006 1259; x_wconf 85' lang='lat' dir='ltr'>Non</span> <span class='ocrx_word' id='word_1_50' title='bbox 1029 1192 1170 1275; x_wconf 86' lang='lat' dir='ltr'>necesse)</span> <span class='ocrx_word' id='word_1_51' title='bbox 1193 1198 1273 1257; x_wconf 87' lang='lat' dir='ltr'>tunc</span> 
     </span>
    </p>
   </div>
   <div class='ocr_carea' id='block_1_3' title="bbox 147 1294 1376 1383">
    <p class='ocr_par' dir='ltr' id='par_1_4' title="bbox 147 1294 1376 1383">
     <span class='ocr_line' id='line_1_8' title="bbox 147 1294 1376 1383; baseline 0 -20"><span class='ocrx_word' id='word_1_52' title='bbox 147 1296 260 1363; x_wconf 85' lang='lat' dir='ltr'>solum</span> <span class='ocrx_word' id='word_1_53' title='bbox 275 1294 419 1376; x_wconf 76' lang='lat' dir='ltr'>converti</span> <span class='ocrx_word' id='word_1_54' title='bbox 433 1305 590 1382; x_wconf 86' lang='lat' dir='ltr'>possunt,</span> <span class='ocrx_word' id='word_1_55' title='bbox 607 1296 740 1381; x_wconf 87' lang='lat' dir='ltr'>quando</span> <span class='ocrx_word' id='word_1_56' title='bbox 751 1315 866 1365; x_wconf 87' lang='lat' dir='ltr'>earum</span> <span class='ocrx_word' id='word_1_57' title='bbox 880 1298 1094 1383; x_wconf 69' lang='lat' dir='ltr'>aequipollens</span> <span class='ocrx_word' id='word_1_58' title='bbox 1112 1298 1152 1363; x_wconf 88' lang='lat' dir='ltr'>de</span> <span class='ocrx_word' id='word_1_59' title='bbox 1171 1298 1272 1363; x_wconf 91' lang='lat' dir='ltr'>modo</span> <span class='ocrx_word' id='word_1_60' title='bbox 1372 1338 1376 1347; x_wconf 91' lang='lat'>·</span> 
     </span>
    </p>
   </div>
   <div class='ocr_carea' id='block_1_4' title="bbox 142 1401 1322 3866">
    <p class='ocr_par' dir='ltr' id='par_1_5' title="bbox 147 1401 1322 2568">
     <span class='ocr_line' id='line_1_9' title="bbox 147 1401 1269 1491; baseline 0.003 -22"><span class='ocrx_word' id='word_1_61' title='bbox 147 1402 312 1470; x_wconf 83' lang='lat' dir='ltr'>affinnato</span> <span class='ocrx_word' id='word_1_62' title='bbox 331 1401 452 1488; x_wconf 87' lang='lat' dir='ltr'>patitur</span> <span class='ocrx_word' id='word_1_63' title='bbox 472 1403 722 1471; x_wconf 85' lang='lat' dir='ltr'>conversionem</span> <span class='ocrx_word' id='word_1_64' title='bbox 748 1404 939 1491; x_wconf 90' lang='lat' dir='ltr'>simpliciter</span> <span class='ocrx_word' id='word_1_65' title='bbox 956 1407 1008 1472; x_wconf 92' lang='lat' dir='ltr'>vel</span> <span class='ocrx_word' id='word_1_66' title='bbox 1031 1424 1089 1490; x_wconf 88' lang='lat' dir='ltr'>per</span> <span class='ocrx_word' id='word_1_67' title='bbox 1107 1406 1269 1488; x_wconf 56' lang='lat' dir='ltr'>accidens</span> 
     </span>
     <span class='ocr_line' id='line_1_10' title="bbox 148 1510 1272 1598; baseline 0.001 -21"><span class='ocrx_word' id='word_1_68' title='bbox 148 1530 187 1577; x_wconf 84' lang='lat' dir='ltr'>ac</span> <span class='ocrx_word' id='word_1_69' title='bbox 208 1519 289 1577; x_wconf 89' lang='lat' dir='ltr'>tunc</span> <span class='ocrx_word' id='word_1_70' title='bbox 315 1510 455 1579; x_wconf 84' lang='lat' dir='ltr'>modalis</span> <span class='ocrx_word' id='word_1_71' title='bbox 479 1510 521 1577; x_wconf 86' lang='lat' dir='ltr'>de</span> <span class='ocrx_word' id='word_1_72' title='bbox 547 1512 635 1578; x_wconf 88' lang='lat' dir='ltr'>dicto</span> <span class='ocrx_word' id='word_1_73' title='bbox 663 1510 817 1598; x_wconf 82' lang='lat' dir='ltr'>negativo</span> <span class='ocrx_word' id='word_1_74' title='bbox 843 1513 1043 1581; x_wconf 88' lang='lat' dir='ltr'>convertitur</span> <span class='ocrx_word' id='word_1_75' title='bbox 1071 1510 1104 1579; x_wconf 89' lang='lat' dir='ltr'>in</span> <span class='ocrx_word' id='word_1_76' title='bbox 1123 1513 1211 1586; x_wconf 88' lang='lat' dir='ltr'>illam</span> <span class='ocrx_word' id='word_1_77' title='bbox 1230 1512 1272 1580; x_wconf 89' lang='lat' dir='ltr'>de</span> 
     </span>
     <span class='ocr_line' id='line_1_11' title="bbox 149 1618 1271 1706; baseline 0 -19"><span class='ocrx_word' id='word_1_78' title='bbox 149 1618 269 1687; x_wconf 88' lang='lat' dir='ltr'>eodem</span> <span class='ocrx_word' id='word_1_79' title='bbox 287 1618 375 1685; x_wconf 89' lang='lat' dir='ltr'>dicto</span> <span class='ocrx_word' id='word_1_80' title='bbox 398 1618 567 1704; x_wconf 86' lang='lat' dir='ltr'>negativo,</span> <span class='ocrx_word' id='word_1_81' title='bbox 596 1637 673 1703; x_wconf 85' lang='lat' dir='ltr'>quae</span> <span class='ocrx_word' id='word_1_82' title='bbox 689 1620 899 1705; x_wconf 73' lang='lat' dir='ltr'>aequipolleat</span> <span class='ocrx_word' id='word_1_83' title='bbox 925 1621 968 1687; x_wconf 91' lang='lat' dir='ltr'>illi</span> <span class='ocrx_word' id='word_1_84' title='bbox 988 1619 1217 1706; x_wconf 87' lang='lat' dir='ltr'>propositioni,</span> <span class='ocrx_word' id='word_1_85' title='bbox 1238 1620 1271 1687; x_wconf 92' lang='lat' dir='ltr'>in</span> 
     </span>
     <span class='ocr_line' id='line_1_12' title="bbox 149 1726 1270 1811; baseline 0.001 -20"><span class='ocrx_word' id='word_1_86' title='bbox 149 1746 250 1811; x_wconf 90' lang='lat' dir='ltr'>quam</span> <span class='ocrx_word' id='word_1_87' title='bbox 275 1732 520 1793; x_wconf 62' lang='lat' dir='ltr'>convertentur</span> <span class='ocrx_word' id='word_1_88' title='bbox 538 1726 752 1811; x_wconf 83' lang='lat' dir='ltr'>aequipollens</span> <span class='ocrx_word' id='word_1_89' title='bbox 780 1728 864 1794; x_wconf 91' lang='lat' dir='ltr'>illius</span> <span class='ocrx_word' id='word_1_90' title='bbox 882 1728 924 1793; x_wconf 92' lang='lat' dir='ltr'>de</span> <span class='ocrx_word' id='word_1_91' title='bbox 943 1730 1044 1795; x_wconf 92' lang='lat' dir='ltr'>modo</span> <span class='ocrx_word' id='word_1_92' title='bbox 1063 1728 1270 1807; x_wconf 85' lang='lat' dir='ltr'>affirmativo.</span> 
     </span>
     <span class='ocr_line' id='line_1_13' title="bbox 149 1833 1270 1919; baseline 0 -19"><span class='ocrx_word' id='word_1_93' title='bbox 149 1834 346 1919; x_wconf 73' lang='lat' dir='ltr'>Exemplum</span> <span class='ocrx_word' id='word_1_94' title='bbox 365 1834 419 1901; x_wconf 88' lang='lat' dir='ltr'>sit:</span> <span class='ocrx_word' id='word_1_95' title='bbox 438 1833 512 1901; x_wconf 83' lang='lat' dir='ltr'>Non</span> <span class='ocrx_word' id='word_1_96' title='bbox 530 1853 650 1901; x_wconf 85' lang='lat' dir='ltr'>necesse</span> <span class='ocrx_word' id='word_1_97' title='bbox 673 1838 720 1901; x_wconf 84' lang='lat' dir='ltr'>esl</span> <span class='ocrx_word' id='word_1_98' title='bbox 743 1838 868 1903; x_wconf 84' lang='lat' dir='ltr'>nullum</span> <span class='ocrx_word' id='word_1_99' title='bbox 889 1836 1011 1903; x_wconf 86' lang='lat' dir='ltr'>animal</span> <span class='ocrx_word' id='word_1_100' title='bbox 1026 1855 1090 1903; x_wconf 88' lang='lat' dir='ltr'>esse</span> <span class='ocrx_word' id='word_1_101' title='bbox 1107 1836 1270 1903; x_wconf 78' lang='lat' dir='ltr'>bominem.</span> 
     </span>
     <span class='ocr_line' id='line_1_14' title="bbox 149 1942 1272 2030; baseline 0.002 -21"><span class='ocrx_word' id='word_1_102' title='bbox 149 1942 234 2010; x_wconf 84' lang='lat' dir='ltr'>Huic</span> <span class='ocrx_word' id='word_1_103' title='bbox 258 1942 445 2026; x_wconf 88' lang='lat' dir='ltr'>aequipollet</span> <span class='ocrx_word' id='word_1_104' title='bbox 463 1944 532 2007; x_wconf 87' lang='lat' dir='ltr'>haec</span> <span class='ocrx_word' id='word_1_105' title='bbox 558 1942 635 2008; x_wconf 87' lang='lat' dir='ltr'>alia:</span> <span class='ocrx_word' id='word_1_106' title='bbox 660 1943 811 2010; x_wconf 82' lang='lat' dir='ltr'>Possibile</span> <span class='ocrx_word' id='word_1_107' title='bbox 834 1948 883 2010; x_wconf 87' lang='lat' dir='ltr'>est</span> <span class='ocrx_word' id='word_1_108' title='bbox 907 1944 1037 2030; x_wconf 80' lang='lat' dir='ltr'>aliquod</span> <span class='ocrx_word' id='word_1_109' title='bbox 1062 1944 1184 2010; x_wconf 84' lang='lat' dir='ltr'>animal</span> <span class='ocrx_word' id='word_1_110' title='bbox 1208 1962 1272 2011; x_wconf 87' lang='lat' dir='ltr'>csse</span> 
     </span>
     <span class='ocr_line' id='line_1_15' title="bbox 148 2047 1272 2138; baseline 0 -21"><span class='ocrx_word' id='word_1_111' title='bbox 148 2050 305 2117; x_wconf 80' lang='lat' dir='ltr'>hominem</span> <span class='ocrx_word' id='word_1_112' title='bbox 328 2047 492 2138; x_wconf 87' lang='lat' dir='ltr'>(1),quae</span> <span class='ocrx_word' id='word_1_113' title='bbox 515 2049 613 2116; x_wconf 87' lang='lat' dir='ltr'>habet</span> <span class='ocrx_word' id='word_1_114' title='bbox 635 2052 718 2117; x_wconf 89' lang='lat' dir='ltr'>hanc</span> <span class='ocrx_word' id='word_1_115' title='bbox 741 2051 989 2117; x_wconf 84' lang='lat' dir='ltr'>conversionem</span> <span class='ocrx_word' id='word_1_116' title='bbox 1018 2050 1200 2135; x_wconf 89' lang='lat' dir='ltr'>simplicem</span> <span class='ocrx_word' id='word_1_117' title='bbox 1230 2069 1272 2117; x_wconf 84' lang='lat' dir='ltr'>ex</span> 
     </span>
     <span class='ocr_line' id='line_1_16' title="bbox 148 2146 1267 2253; baseline -0.001 -28"><span class='ocrx_word' id='word_1_118' title='bbox 148 2146 347 2243; x_wconf 84' lang='lat' dir='ltr'>praecedenti</span> <span class='ocrx_word' id='word_1_119' title='bbox 366 2158 493 2242; x_wconf 83' lang='lat' dir='ltr'>regula:</span> <span class='ocrx_word' id='word_1_120' title='bbox 515 2157 665 2224; x_wconf 81' lang='lat' dir='ltr'>Possilile</span> <span class='ocrx_word' id='word_1_121' title='bbox 678 2158 877 2253; x_wconf 25' lang='lat' dir='ltr'>est&#39;oliquem</span> <span class='ocrx_word' id='word_1_122' title='bbox 893 2158 1046 2225; x_wconf 82' lang='lat' dir='ltr'>bominem</span> <span class='ocrx_word' id='word_1_123' title='bbox 1059 2177 1124 2225; x_wconf 83' lang='lat' dir='ltr'>esse</span> <span class='ocrx_word' id='word_1_124' title='bbox 1135 2158 1267 2225; x_wconf 79' lang='lat' dir='ltr'>animi.</span> 
     </span>
     <span class='ocr_line' id='line_1_17' title="bbox 149 2264 1322 2351; baseline -0.006 -19"><span class='ocrx_word' id='word_1_125' title='bbox 149 2266 347 2332; x_wconf 83' lang='lat' dir='ltr'>Ellormetur</span> <span class='ocrx_word' id='word_1_126' title='bbox 360 2264 526 2349; x_wconf 85' lang='lat' dir='ltr'>ergo-huic</span> <span class='ocrx_word' id='word_1_127' title='bbox 536 2264 751 2351; x_wconf 80' lang='lat' dir='ltr'>aequipollens</span> <span class='ocrx_word' id='word_1_128' title='bbox 761 2265 793 2330; x_wconf 93' lang='lat' dir='ltr'>in</span> <span class='ocrx_word' id='word_1_129' title='bbox 804 2266 905 2333; x_wconf 93' lang='lat' dir='ltr'>modo</span> <span class='ocrx_word' id='word_1_130' title='bbox 917 2267 1068 2351; x_wconf 85' lang='lat' dir='ltr'>negativo</span> <span class='ocrx_word' id='word_1_131' title='bbox 1078 2266 1118 2331; x_wconf 92' lang='lat' dir='ltr'>de</span> <span class='ocrx_word' id='word_1_132' title='bbox 1127 2267 1271 2333; x_wconf 87' lang='lat' dir='ltr'>Necesse:</span> <span class='ocrx_word' id='word_1_133' title='bbox 1317 2314 1322 2325; x_wconf 95' lang='lat'>.</span> 
     </span>
     <span class='ocr_line' id='line_1_18' title="bbox 147 2372 1272 2474; baseline -0.004 -31"><span class='ocrx_word' id='word_1_134' title='bbox 147 2378 223 2443; x_wconf 86' lang='lat' dir='ltr'>Non</span> <span class='ocrx_word' id='word_1_135' title='bbox 237 2391 357 2439; x_wconf 87' lang='lat' dir='ltr'>necesse</span> <span class='ocrx_word' id='word_1_136' title='bbox 374 2376 422 2439; x_wconf 85' lang='lat' dir='ltr'>est</span> <span class='ocrx_word' id='word_1_137' title='bbox 436 2372 560 2439; x_wconf 83' lang='lat' dir='ltr'>nullum</span> <span class='ocrx_word' id='word_1_138' title='bbox 580 2372 732 2474; x_wconf 65' lang='lat' dir='ltr'>hominem</span> <span class='ocrx_word' id='word_1_139' title='bbox 748 2391 812 2439; x_wconf 87' lang='lat' dir='ltr'>esse</span> <span class='ocrx_word' id='word_1_140' title='bbox 828 2372 968 2455; x_wconf 71' lang='lat' dir='ltr'>eninm,-</span> <span class='ocrx_word' id='word_1_141' title='bbox 992 2383 1025 2439; x_wconf 89' lang='lat' dir='ltr'>et</span> <span class='ocrx_word' id='word_1_142' title='bbox 1042 2376 1111 2440; x_wconf 87' lang='lat' dir='ltr'>haec</span> <span class='ocrx_word' id='word_1_143' title='bbox 1128 2383 1179 2441; x_wconf 89' lang='lat' dir='ltr'>est</span> <span class='ocrx_word' id='word_1_144' title='bbox 1197 2391 1272 2458; x_wconf 91' lang='lat' dir='ltr'>pro-</span> 
     </span>
     <span class='ocr_line' id='line_1_19' title="bbox 148 2478 765 2568; baseline -0.003 -19"><span class='ocrx_word' id='word_1_145' title='bbox 148 2481 271 2568; x_wconf 88' lang='lat' dir='ltr'>positio</span> <span class='ocrx_word' id='word_1_146' title='bbox 288 2488 484 2547; x_wconf 87' lang='lat' dir='ltr'>convertens</span> <span class='ocrx_word' id='word_1_147' title='bbox 503 2478 643 2565; x_wconf 78' lang='lat' dir='ltr'>priorem</span> <span class='ocrx_word' id='word_1_148' title='bbox 663 2480 765 2547; x_wconf 91' lang='lat' dir='ltr'>illam.</span> 
     </span>
    </p>

    <p class='ocr_par' dir='ltr' id='par_1_6' title="bbox 143 2576 1275 3217">
     <span class='ocr_line' id='line_1_20' title="bbox 217 2576 1269 2676; baseline 0.003 -22"><span class='ocrx_word' id='word_1_149' title='bbox 217 2589 294 2655; x_wconf 87' lang='lat' dir='ltr'>llaec</span> <span class='ocrx_word' id='word_1_150' title='bbox 313 2606 391 2654; x_wconf 88' lang='lat' dir='ltr'>vero</span> <span class='ocrx_word' id='word_1_151' title='bbox 409 2588 484 2653; x_wconf 86' lang='lat' dir='ltr'>alia:</span> <span class='ocrx_word' id='word_1_152' title='bbox 505 2576 579 2655; x_wconf 82' lang='lat' dir='ltr'>Non</span> <span class='ocrx_word' id='word_1_153' title='bbox 595 2606 717 2655; x_wconf 85' lang='lat' dir='ltr'>neeesse</span> <span class='ocrx_word' id='word_1_154' title='bbox 732 2593 780 2676; x_wconf 82' lang='lat' dir='ltr'>est</span> <span class='ocrx_word' id='word_1_155' title='bbox 792 2608 881 2655; x_wconf 87' lang='lat' dir='ltr'>omne</span> <span class='ocrx_word' id='word_1_156' title='bbox 893 2590 1016 2657; x_wconf 85' lang='lat' dir='ltr'>animal</span> <span class='ocrx_word' id='word_1_157' title='bbox 1027 2610 1091 2657; x_wconf 86' lang='lat' dir='ltr'>esse</span> <span class='ocrx_word' id='word_1_158' title='bbox 1106 2590 1269 2667; x_wconf 83' lang='lat' dir='ltr'>hominem,</span> 
     </span>
     <span class='ocr_line' id='line_1_21' title="bbox 147 2696 1275 2784; baseline -0.002 -18"><span class='ocrx_word' id='word_1_159' title='bbox 147 2716 217 2766; x_wconf 91' lang='lat' dir='ltr'>non</span> <span class='ocrx_word' id='word_1_160' title='bbox 231 2703 340 2783; x_wconf 86' lang='lat' dir='ltr'>potest</span> <span class='ocrx_word' id='word_1_161' title='bbox 353 2696 519 2784; x_wconf 83' lang='lat' dir='ltr'>converti,</span> <span class='ocrx_word' id='word_1_162' title='bbox 537 2696 613 2780; x_wconf 91' lang='lat' dir='ltr'>quia</span> <span class='ocrx_word' id='word_1_163' title='bbox 630 2697 815 2782; x_wconf 85' lang='lat' dir='ltr'>aequipollet</span> <span class='ocrx_word' id='word_1_164' title='bbox 834 2696 911 2766; x_wconf 87' lang='lat' dir='ltr'>huic</span> <span class='ocrx_word' id='word_1_165' title='bbox 929 2698 1035 2766; x_wconf 88' lang='lat' dir='ltr'>alteri:</span> <span class='ocrx_word' id='word_1_166' title='bbox 1057 2698 1209 2768; x_wconf 85' lang='lat' dir='ltr'>Possibile</span> <span class='ocrx_word' id='word_1_167' title='bbox 1226 2701 1275 2766; x_wconf 89' lang='lat' dir='ltr'>est</span> 
     </span>
     <span class='ocr_line' id='line_1_22' title="bbox 144 2803 1272 2892; baseline 0.001 -19"><span class='ocrx_word' id='word_1_168' title='bbox 144 2806 280 2892; x_wconf 81' lang='lat' dir='ltr'>aliquod</span> <span class='ocrx_word' id='word_1_169' title='bbox 301 2803 422 2870; x_wconf 82' lang='lat' dir='ltr'>aninoal</span> <span class='ocrx_word' id='word_1_170' title='bbox 437 2823 501 2869; x_wconf 86' lang='lat' dir='ltr'>non</span> <span class='ocrx_word' id='word_1_171' title='bbox 528 2822 593 2871; x_wconf 89' lang='lat' dir='ltr'>esse</span> <span class='ocrx_word' id='word_1_172' title='bbox 614 2806 780 2883; x_wconf 77' lang='lat' dir='ltr'>honinem,</span> <span class='ocrx_word' id='word_1_173' title='bbox 807 2824 881 2889; x_wconf 87' lang='lat' dir='ltr'>quae</span> <span class='ocrx_word' id='word_1_174' title='bbox 910 2825 969 2872; x_wconf 90' lang='lat' dir='ltr'>nec</span> <span class='ocrx_word' id='word_1_175' title='bbox 999 2807 1185 2892; x_wconf 88' lang='lat' dir='ltr'>simpliciter</span> <span class='ocrx_word' id='word_1_176' title='bbox 1213 2825 1272 2874; x_wconf 88' lang='lat' dir='ltr'>nec</span> 
     </span>
     <span class='ocr_line' id='line_1_23' title="bbox 146 2912 1270 3000; baseline -0.001 -20"><span class='ocrx_word' id='word_1_177' title='bbox 146 2933 206 3000; x_wconf 86' lang='lat' dir='ltr'>per</span> <span class='ocrx_word' id='word_1_178' title='bbox 225 2912 374 2979; x_wconf 85' lang='lat' dir='ltr'>accidens</span> <span class='ocrx_word' id='word_1_179' title='bbox 392 2912 538 2978; x_wconf 82' lang='lat' dir='ltr'>converti</span> <span class='ocrx_word' id='word_1_180' title='bbox 558 2921 682 2998; x_wconf 87' lang='lat' dir='ltr'>potest,</span> <span class='ocrx_word' id='word_1_181' title='bbox 700 2914 757 2979; x_wconf 86' lang='lat' dir='ltr'>sed</span> <span class='ocrx_word' id='word_1_182' title='bbox 777 2915 885 2980; x_wconf 89' lang='lat' dir='ltr'>solum</span> <span class='ocrx_word' id='word_1_183' title='bbox 905 2923 1017 2999; x_wconf 90' lang='lat' dir='ltr'>posset</span> <span class='ocrx_word' id='word_1_184' title='bbox 1031 2932 1088 2998; x_wconf 88' lang='lat' dir='ltr'>per</span> <span class='ocrx_word' id='word_1_185' title='bbox 1101 2924 1270 2998; x_wconf 86' lang='lat' dir='ltr'>contrapo-</span> 
     </span>
     <span class='ocr_line' id='line_1_24' title="bbox 143 3017 1270 3106; baseline 0.001 -18"><span class='ocrx_word' id='word_1_186' title='bbox 143 3021 311 3088; x_wconf 88' lang='lat' dir='ltr'>sitionem.</span> <span class='ocrx_word' id='word_1_187' title='bbox 330 3017 510 3085; x_wconf 87' lang='lat' dir='ltr'>Conversio</span> <span class='ocrx_word' id='word_1_188' title='bbox 524 3028 634 3099; x_wconf 88' lang='lat' dir='ltr'>autem</span> <span class='ocrx_word' id='word_1_189' title='bbox 650 3038 708 3104; x_wconf 88' lang='lat' dir='ltr'>per</span> <span class='ocrx_word' id='word_1_190' title='bbox 720 3021 1046 3105; x_wconf 86' lang='lat' dir='ltr'>contrapositionem,</span> <span class='ocrx_word' id='word_1_191' title='bbox 1063 3022 1270 3106; x_wconf 89' lang='lat' dir='ltr'>potissimum</span> 
     </span>
     <span class='ocr_line' id='line_1_25' title="bbox 144 3125 738 3217; baseline -0.002 -21"><span class='ocrx_word' id='word_1_192' title='bbox 144 3131 180 3196; x_wconf 91' lang='lat' dir='ltr'>in</span> <span class='ocrx_word' id='word_1_193' title='bbox 199 3127 386 3194; x_wconf 86' lang='lat' dir='ltr'>modalibus</span> <span class='ocrx_word' id='word_1_194' title='bbox 405 3125 687 3216; x_wconf 87' lang='lat' dir='ltr'>praetermittitur(</span> <span class='ocrx_word' id='word_1_195' title='bbox 713 3126 738 3217; x_wconf 94' lang='lat'>).</span> 
     </span>
    </p>

    <p class='ocr_par' dir='ltr' id='par_1_7' title="bbox 142 3233 1271 3866">
     <span class='ocr_line' id='line_1_26' title="bbox 215 3233 1271 3324; baseline 0.004 -22"><span class='ocrx_word' id='word_1_196' title='bbox 215 3236 275 3302; x_wconf 81' lang='lat' dir='ltr'>llae</span> <span class='ocrx_word' id='word_1_197' title='bbox 294 3234 444 3300; x_wconf 90' lang='lat' dir='ltr'>videntur</span> <span class='ocrx_word' id='word_1_198' title='bbox 462 3233 495 3300; x_wconf 91' lang='lat' dir='ltr'>in</span> <span class='ocrx_word' id='word_1_199' title='bbox 515 3253 548 3300; x_wconf 87' lang='lat' dir='ltr'>re</span> <span class='ocrx_word' id='word_1_200' title='bbox 566 3235 645 3301; x_wconf 90' lang='lat' dir='ltr'>satis</span> <span class='ocrx_word' id='word_1_201' title='bbox 662 3234 826 3320; x_wconf 82' lang='lat' dir='ltr'>implicata</span> <span class='ocrx_word' id='word_1_202' title='bbox 843 3235 1003 3303; x_wconf 78' lang='lat' dir='ltr'>facillimae</span> <span class='ocrx_word' id='word_1_203' title='bbox 1021 3256 1095 3321; x_wconf 86' lang='lat' dir='ltr'>quae</span> <span class='ocrx_word' id='word_1_204' title='bbox 1112 3238 1180 3305; x_wconf 90' lang='lat' dir='ltr'>dari</span> <span class='ocrx_word' id='word_1_205' title='bbox 1194 3257 1271 3324; x_wconf 90' lang='lat' dir='ltr'>pos·</span> 
     </span>
     <span class='ocr_line' id='line_1_27' title="bbox 143 3341 1268 3432; baseline 0.001 -20"><span class='ocrx_word' id='word_1_206' title='bbox 143 3344 215 3412; x_wconf 90' lang='lat' dir='ltr'>sint</span> <span class='ocrx_word' id='word_1_207' title='bbox 233 3344 370 3428; x_wconf 85' lang='lat' dir='ltr'>regulae:</span> <span class='ocrx_word' id='word_1_208' title='bbox 392 3359 467 3408; x_wconf 87' lang='lat' dir='ltr'>cum</span> <span class='ocrx_word' id='word_1_209' title='bbox 487 3341 574 3408; x_wconf 92' lang='lat' dir='ltr'>enim</span> <span class='ocrx_word' id='word_1_210' title='bbox 595 3344 740 3408; x_wconf 88' lang='lat' dir='ltr'>modales</span> <span class='ocrx_word' id='word_1_211' title='bbox 754 3344 795 3410; x_wconf 89' lang='lat' dir='ltr'>de</span> <span class='ocrx_word' id='word_1_212' title='bbox 810 3346 912 3410; x_wconf 92' lang='lat' dir='ltr'>modo</span> <span class='ocrx_word' id='word_1_213' title='bbox 932 3345 1127 3412; x_wconf 84' lang='lat' dir='ltr'>affirmativo</span> <span class='ocrx_word' id='word_1_214' title='bbox 1139 3347 1268 3432; x_wconf 85' lang='lat' dir='ltr'>plenam</span> 
     </span>
     <span class='ocr_line' id='line_1_28' title="bbox 143 3449 1269 3528; baseline 0.001 -8"><span class='ocrx_word' id='word_1_215' title='bbox 143 3451 324 3520; x_wconf 87' lang='lat' dir='ltr'>sortiantur</span> <span class='ocrx_word' id='word_1_216' title='bbox 341 3449 607 3528; x_wconf 85' lang='lat' dir='ltr'>conversionem,</span> <span class='ocrx_word' id='word_1_217' title='bbox 628 3451 776 3517; x_wconf 90' lang='lat' dir='ltr'>modales</span> <span class='ocrx_word' id='word_1_218' title='bbox 794 3470 872 3518; x_wconf 88' lang='lat' dir='ltr'>vero</span> <span class='ocrx_word' id='word_1_219' title='bbox 899 3470 1016 3520; x_wconf 87' lang='lat' dir='ltr'>omnes</span> <span class='ocrx_word' id='word_1_220' title='bbox 1034 3453 1074 3522; x_wconf 89' lang='lat' dir='ltr'>de</span> <span class='ocrx_word' id='word_1_221' title='bbox 1094 3455 1194 3521; x_wconf 91' lang='lat' dir='ltr'>modo</span> <span class='ocrx_word' id='word_1_222' title='bbox 1213 3474 1269 3521; x_wconf 87' lang='lat' dir='ltr'>ne·</span> 
     </span>
     <span class='ocr_line' id='line_1_29' title="bbox 142 3556 1269 3647; baseline 0.003 -22"><span class='ocrx_word' id='word_1_223' title='bbox 142 3559 259 3647; x_wconf 85' lang='lat' dir='ltr'>gativo</span> <span class='ocrx_word' id='word_1_224' title='bbox 278 3558 418 3642; x_wconf 82' lang='lat' dir='ltr'>aliquam</span> <span class='ocrx_word' id='word_1_225' title='bbox 438 3557 580 3624; x_wconf 85' lang='lat' dir='ltr'>habeant</span> <span class='ocrx_word' id='word_1_226' title='bbox 592 3556 654 3625; x_wconf 90' lang='lat' dir='ltr'>sibi</span> <span class='ocrx_word' id='word_1_227' title='bbox 674 3559 927 3643; x_wconf 85' lang='lat' dir='ltr'>respondentem</span> <span class='ocrx_word' id='word_1_228' title='bbox 942 3561 1207 3647; x_wconf 85' lang='lat' dir='ltr'>aequipollentem</span> <span class='ocrx_word' id='word_1_229' title='bbox 1227 3565 1269 3632; x_wconf 88' lang='lat' dir='ltr'>de</span> 
     </span>
     <span class='ocr_line' id='line_1_30' title="bbox 142 3665 1269 3750; baseline 0.004 -17"><span class='ocrx_word' id='word_1_230' title='bbox 142 3667 249 3733; x_wconf 88' lang='lat' dir='ltr'>modo</span> <span class='ocrx_word' id='word_1_231' title='bbox 262 3665 475 3743; x_wconf 83' lang='lat' dir='ltr'>affirmativo,</span> <span class='ocrx_word' id='word_1_232' title='bbox 489 3665 766 3750; x_wconf 88' lang='lat' dir='ltr'>sapientissimum</span> <span class='ocrx_word' id='word_1_233' title='bbox 780 3668 953 3736; x_wconf 89' lang='lat' dir='ltr'>consilium</span> <span class='ocrx_word' id='word_1_234' title='bbox 969 3669 1095 3736; x_wconf 87' lang='lat' dir='ltr'>videtur</span> <span class='ocrx_word' id='word_1_235' title='bbox 1113 3670 1146 3737; x_wconf 89' lang='lat' dir='ltr'>in</span> <span class='ocrx_word' id='word_1_236' title='bbox 1161 3671 1269 3738; x_wconf 88' lang='lat' dir='ltr'>modis</span> 
     </span>
     <span class='ocr_line' id='line_1_31' title="bbox 142 3772 1146 3866; baseline 0.003 -23"><span class='ocrx_word' id='word_1_237' title='bbox 142 3773 307 3860; x_wconf 82' lang='lat' dir='ltr'>negativis</span> <span class='ocrx_word' id='word_1_238' title='bbox 324 3774 365 3840; x_wconf 89' lang='lat' dir='ltr'>ad</span> <span class='ocrx_word' id='word_1_239' title='bbox 384 3772 597 3841; x_wconf 81' lang='lat' dir='ltr'>affirmativus</span> <span class='ocrx_word' id='word_1_240' title='bbox 615 3774 863 3859; x_wconf 85' lang='lat' dir='ltr'>aequipollentes</span> <span class='ocrx_word' id='word_1_241' title='bbox 878 3777 1058 3864; x_wconf 83' lang='lat' dir='ltr'>coningere</span> <span class='ocrx_word' id='word_1_242' title='bbox 1075 3775 1088 3866; x_wconf 87' lang='grc'>(</span> <span class='ocrx_word' id='word_1_243' title='bbox 1098 3775 1146 3865; x_wconf 76' lang='lat'>3).</span> 
     </span>
    </p>
   </div>
   <div class='ocr_carea' id='block_1_5' title="bbox 135 4031 1268 4570">
    <p class='ocr_par' dir='ltr' id='par_1_8' title="bbox 177 4031 798 4115">
     <span class='ocr_line' id='line_1_32' title="bbox 177 4031 798 4115; baseline 0.002 -16"><span class='ocrx_word' id='word_1_244' title='bbox 177 4045 221 4108; x_wconf 79' lang='grc' dir='ltr'>(ι)</span> <span class='ocrx_word' id='word_1_245' title='bbox 258 4039 334 4099; x_wconf 83' lang='lat' dir='ltr'>Vide</span> <span class='ocrx_word' id='word_1_246' title='bbox 347 4040 425 4100; x_wconf 82' lang='lat' dir='ltr'>dicte</span> <span class='ocrx_word' id='word_1_247' title='bbox 439 4031 621 4115; x_wconf 64' lang='lat' dir='ltr'>superius&#39;in</span> <span class='ocrx_word' id='word_1_248' title='bbox 634 4041 758 4101; x_wconf 83' lang='lat' dir='ltr'>articulo</span> <span class='ocrx_word' id='word_1_249' title='bbox 772 4059 798 4115; x_wconf 89' lang='lat'>5.</span> 
     </span>
    </p>

    <p class='ocr_par' dir='ltr' id='par_1_9' title="bbox 136 4127 1268 4389">
     <span class='ocr_line' id='line_1_33' title="bbox 177 4127 1268 4206; baseline 0.013 -21"><span class='ocrx_word' id='word_1_250' title='bbox 177 4134 222 4198; x_wconf 56' lang='grc' dir='ltr'>(Δ)</span> <span class='ocrx_word' id='word_1_251' title='bbox 258 4127 328 4188; x_wconf 82' lang='lat' dir='ltr'>vid.</span> <span class='ocrx_word' id='word_1_252' title='bbox 345 4129 488 4201; x_wconf 78' lang='lat' dir='ltr'>Lossede,</span> <span class='ocrx_word' id='word_1_253' title='bbox 502 4130 579 4203; x_wconf 85' lang='lat' dir='ltr'>disp.</span> <span class='ocrx_word' id='word_1_254' title='bbox 594 4153 626 4206; x_wconf 86' lang='lat'>7,</span> <span class='ocrx_word' id='word_1_255' title='bbox 640 4150 705 4203; x_wconf 77' lang='lat' dir='ltr'>cap.</span> <span class='ocrx_word' id='word_1_256' title='bbox 720 4151 752 4205; x_wconf 82' lang='lat'>7,</span> <span class='ocrx_word' id='word_1_257' title='bbox 768 4151 799 4190; x_wconf 89' lang='lat' dir='ltr'>n.</span> <span class='ocrx_word' id='word_1_258' title='bbox 817 4134 915 4204; x_wconf 79' lang='lat'>12·16;</span> <span class='ocrx_word' id='word_1_259' title='bbox 930 4147 960 4193; x_wconf 89' lang='lat' dir='ltr'>et</span> <span class='ocrx_word' id='word_1_260' title='bbox 970 4133 1224 4198; x_wconf 83' lang='lat' dir='ltr'>Conimbricenees</span> <span class='ocrx_word' id='word_1_261' title='bbox 1236 4137 1268 4199; x_wconf 86' lang='lat' dir='ltr'>in</span> 
     </span>
     <span class='ocr_line' id='line_1_34' title="bbox 138 4219 1266 4301; baseline 0.007 -20"><span class='ocrx_word' id='word_1_262' title='bbox 138 4224 194 4282; x_wconf 89' lang='lat' dir='ltr'>lib.</span> <span class='ocrx_word' id='word_1_263' title='bbox 215 4219 336 4279; x_wconf 76' lang='lat' dir='ltr'>rPrr&#39;or.</span> <span class='ocrx_word' id='word_1_264' title='bbox 350 4221 488 4292; x_wconf 62' lang='lat' dir='ltr'>Anelvl„</span> <span class='ocrx_word' id='word_1_265' title='bbox 497 4241 560 4294; x_wconf 78' lang='lat' dir='ltr'>cop.</span> <span class='ocrx_word' id='word_1_266' title='bbox 575 4243 606 4295; x_wconf 85' lang='lat'>3,</span> <span class='ocrx_word' id='word_1_267' title='bbox 616 4235 721 4293; x_wconf 80' lang='lat' dir='ltr'>quaest.</span> <span class='ocrx_word' id='word_1_268' title='bbox 735 4242 759 4292; x_wconf 86' lang='lat' dir='ltr'>r,</span> <span class='ocrx_word' id='word_1_269' title='bbox 771 4233 828 4280; x_wconf 87' lang='lat' dir='ltr'>art.</span> <span class='ocrx_word' id='word_1_270' title='bbox 843 4243 867 4293; x_wconf 82' lang='lat'>1,</span> <span class='ocrx_word' id='word_1_271' title='bbox 878 4242 909 4280; x_wconf 83' lang='lat' dir='ltr'>a:</span> <span class='ocrx_word' id='word_1_272' title='bbox 923 4223 1086 4297; x_wconf 65' lang='lat' dir='ltr'>quthamen</span> <span class='ocrx_word' id='word_1_273' title='bbox 1100 4225 1186 4294; x_wconf 82' lang='lat' dir='ltr'>(ibid.</span> <span class='ocrx_word' id='word_1_274' title='bbox 1196 4249 1226 4301; x_wconf 89' lang='lat' dir='ltr'>q.</span> <span class='ocrx_word' id='word_1_275' title='bbox 1240 4251 1266 4301; x_wconf 81' lang='lat'>3,</span> 
     </span>
     <span class='ocr_line' id='line_1_35' title="bbox 136 4309 1265 4389; baseline 0.004 -14"><span class='ocrx_word' id='word_1_276' title='bbox 136 4313 505 4385; x_wconf 74' lang='lat' dir='ltr'>ert-3,)etiemexponuot</span> <span class='ocrx_word' id='word_1_277' title='bbox 513 4309 731 4370; x_wconf 80' lang='lat' dir='ltr'>conversionem</span> <span class='ocrx_word' id='word_1_278' title='bbox 742 4310 901 4372; x_wconf 83' lang='lat' dir='ltr'>modalium</span> <span class='ocrx_word' id='word_1_279' title='bbox 912 4333 963 4386; x_wconf 86' lang='lat' dir='ltr'>per</span> <span class='ocrx_word' id='word_1_280' title='bbox 972 4315 1265 4389; x_wconf 72' lang='lat' dir='ltr'>contrapositionem.</span> 
     </span>
    </p>

    <p class='ocr_par' dir='ltr' id='par_1_10' title="bbox 135 4400 1268 4570">
     <span class='ocr_line' id='line_1_36' title="bbox 175 4400 1265 4481; baseline 0.009 -21"><span class='ocrx_word' id='word_1_281' title='bbox 175 4409 220 4477; x_wconf 79' lang='lat'>(3)</span> <span class='ocrx_word' id='word_1_282' title='bbox 258 4403 326 4461; x_wconf 90' lang='lat' dir='ltr'>Vid.</span> <span class='ocrx_word' id='word_1_283' title='bbox 341 4401 573 4462; x_wconf 78' lang='lat' dir='ltr'>conimbricens.</span> <span class='ocrx_word' id='word_1_284' title='bbox 592 4402 645 4461; x_wconf 86' lang='lat' dir='ltr'>loe.</span> <span class='ocrx_word' id='word_1_285' title='bbox 661 4401 711 4460; x_wconf 84' lang='lat' dir='ltr'>eit.</span> <span class='ocrx_word' id='word_1_286' title='bbox 727 4400 758 4460; x_wconf 88' lang='lat' dir='ltr'>in</span> <span class='ocrx_word' id='word_1_287' title='bbox 772 4421 835 4475; x_wconf 85' lang='lat' dir='ltr'>cap.</span> <span class='ocrx_word' id='word_1_288' title='bbox 855 4425 882 4476; x_wconf 84' lang='lat'>3.</span> <span class='ocrx_word' id='word_1_289' title='bbox 894 4402 953 4477; x_wconf 84' lang='lat' dir='ltr'>[lib.</span> <span class='ocrx_word' id='word_1_290' title='bbox 973 4427 996 4474; x_wconf 87' lang='lat'>1,</span> <span class='ocrx_word' id='word_1_291' title='bbox 1012 4407 1109 4466; x_wconf 70' lang='lat' dir='ltr'>Prior.</span> <span class='ocrx_word' id='word_1_292' title='bbox 1129 4421 1234 4481; x_wconf 82' lang='lat' dir='ltr'>queest.</span> <span class='ocrx_word' id='word_1_293' title='bbox 1253 4431 1265 4470; x_wconf 91' lang='lat'>1</span> 
     </span>
     <span class='ocr_line' id='line_1_37' title="bbox 135 4491 1268 4570; baseline 0.004 -16"><span class='ocrx_word' id='word_1_294' title='bbox 135 4507 198 4554; x_wconf 84' lang='lat' dir='ltr'>art.</span> <span class='ocrx_word' id='word_1_295' title='bbox 212 4514 242 4552; x_wconf 83' lang='lat' dir='ltr'>a.</span> <span class='ocrx_word' id='word_1_296' title='bbox 258 4491 386 4564; x_wconf 82' lang='lat' dir='ltr'>Quidam</span> <span class='ocrx_word' id='word_1_297' title='bbox 400 4505 499 4551; x_wconf 85' lang='lat' dir='ltr'>autem</span> <span class='ocrx_word' id='word_1_298' title='bbox 519 4493 661 4550; x_wconf 68' lang='lat' dir='ltr'>Auctore·</span> <span class='ocrx_word' id='word_1_299' title='bbox 676 4491 784 4550; x_wconf 84' lang='lat' dir='ltr'>multos</span> <span class='ocrx_word' id='word_1_300' title='bbox 804 4491 973 4554; x_wconf 81' lang='lat' dir='ltr'>minutatim</span> <span class='ocrx_word' id='word_1_301' title='bbox 998 4496 1053 4556; x_wconf 84' lang='lat' dir='ltr'>hac</span> <span class='ocrx_word' id='word_1_302' title='bbox 1066 4517 1154 4570; x_wconf 84' lang='lat' dir='ltr'>super</span> <span class='ocrx_word' id='word_1_303' title='bbox 1167 4519 1199 4558; x_wconf 89' lang='lat' dir='ltr'>re</span> <span class='ocrx_word' id='word_1_304' title='bbox 1220 4499 1268 4559; x_wconf 89' lang='lat' dir='ltr'>di·</span> 
     </span>
    </p>
   </div>
   <div class='ocr_carea' id='block_1_6' title="bbox 135 4577 1268 4755">
    <p class='ocr_par' dir='ltr' id='par_1_11' title="bbox 135 4577 1268 4755">
     <span class='ocr_line' id='line_1_38' title="bbox 135 4577 1268 4664; baseline 0.007 -20"><span class='ocrx_word' id='word_1_305' title='bbox 135 4597 223 4644; x_wconf 76' lang='lat' dir='ltr'>etant</span> <span class='ocrx_word' id='word_1_306' title='bbox 235 4582 363 4656; x_wconf 66' lang='lat' dir='ltr'>regulas.</span> <span class='ocrx_word' id='word_1_307' title='bbox 379 4582 436 4641; x_wconf 85' lang='lat' dir='ltr'>Pro</span> <span class='ocrx_word' id='word_1_308' title='bbox 458 4581 545 4640; x_wconf 86' lang='lat' dir='ltr'>modo</span> <span class='ocrx_word' id='word_1_309' title='bbox 560 4580 740 4655; x_wconf 71' lang='lat' dir='ltr'>Contingens</span> <span class='ocrx_word' id='word_1_310' title='bbox 753 4577 785 4640; x_wconf 86' lang='lat' dir='ltr'>in</span> <span class='ocrx_word' id='word_1_311' title='bbox 803 4599 893 4640; x_wconf 58' lang='lat' dir='ltr'>aneu</span> <span class='ocrx_word' id='word_1_312' title='bbox 913 4585 1030 4657; x_wconf 87' lang='lat' dir='ltr'>proprio</span> <span class='ocrx_word' id='word_1_313' title='bbox 1051 4599 1110 4648; x_wconf 81' lang='lat' dir='ltr'>tres</span> <span class='ocrx_word' id='word_1_314' title='bbox 1124 4588 1268 4664; x_wconf 80' lang='lat' dir='ltr'>eolligunt</span> 
     </span>
     <span class='ocr_line' id='line_1_39' title="bbox 136 4670 1267 4755; baseline -0.006 -24"><span class='ocrx_word' id='word_1_315' title='bbox 136 4676 221 4748; x_wconf 75' lang='lat' dir='ltr'>leges</span> <span class='ocrx_word' id='word_1_316' title='bbox 234 4692 272 4730; x_wconf 86' lang='lat' dir='ltr'>ex</span> <span class='ocrx_word' id='word_1_317' title='bbox 284 4670 440 4731; x_wconf 79' lang='lat' dir='ltr'>Aristotele</span> <span class='ocrx_word' id='word_1_318' title='bbox 449 4676 502 4739; x_wconf 85' lang='lat' dir='ltr'>(r.·</span> <span class='ocrx_word' id='word_1_319' title='bbox 511 4672 611 4729; x_wconf 82' lang='lat' dir='ltr'>Prior.</span> <span class='ocrx_word' id='word_1_320' title='bbox 625 4671 769 4735; x_wconf 76' lang='lat' dir='ltr'>Anclitic.</span> <span class='ocrx_word' id='word_1_321' title='bbox 783 4691 847 4744; x_wconf 82' lang='lat' dir='ltr'>cap.</span> <span class='ocrx_word' id='word_1_322' title='bbox 864 4671 905 4745; x_wconf 87' lang='lat'>3.)</span> <span class='ocrx_word' id='word_1_323' title='bbox 918 4672 1183 4744; x_wconf 83' lang='lat' dir='ltr'>Conimbrioenses:</span> <span class='ocrx_word' id='word_1_324' title='bbox 1205 4681 1267 4755; x_wconf 68' lang='lat' dir='ltr'>pri.</span> 
     </span>
    </p>
   </div>
   <div class='ocr_carea' id='block_1_7' title="bbox 135 4749 1266 4846">
    <p class='ocr_par' dir='ltr' id='par_1_12' title="bbox 135 4749 1266 4846">
     <span class='ocr_line' id='line_1_40' title="bbox 135 4749 1266 4846; baseline -0.01 -22"><span class='ocrx_word' id='word_1_325' title='bbox 135 4785 187 4825; x_wconf 77' lang='lat' dir='ltr'>ma</span> <span class='ocrx_word' id='word_1_326' title='bbox 200 4776 262 4824; x_wconf 78' lang='lat' dir='ltr'>est:</span> <span class='ocrx_word' id='word_1_327' title='bbox 281 4749 465 4824; x_wconf 79' lang='lat' dir='ltr'>Universclr&#39;s</span> <span class='ocrx_word' id='word_1_328' title='bbox 479 4761 657 4839; x_wconf 80' lang='lat' dir='ltr'>affirmativa</span> <span class='ocrx_word' id='word_1_329' title='bbox 676 4761 855 4820; x_wconf 77' lang='lat' dir='ltr'>conuertitur</span> <span class='ocrx_word' id='word_1_330' title='bbox 870 4763 904 4821; x_wconf 81' lang='lat' dir='ltr'>in</span> <span class='ocrx_word' id='word_1_331' title='bbox 923 4773 1034 4846; x_wconf 61' lang='lat' dir='ltr'>partem</span> <span class='ocrx_word' id='word_1_332' title='bbox 1047 4788 1100 4828; x_wconf 62' lang='lat' dir='ltr'>seu</span> <span class='ocrx_word' id='word_1_333' title='bbox 1117 4777 1170 4843; x_wconf 59' lang='lat' dir='ltr'>per</span> <span class='ocrx_word' id='word_1_334' title='bbox 1182 4772 1266 4834; x_wconf 61' lang='lat' dir='ltr'>mp-</span> 
     </span>
    </p>
   </div>
   <div class='ocr_carea' id='block_1_8' title="bbox 0 0 1750 5525">
    <p class='ocr_par' dir='ltr' id='par_1_13' title="bbox 0 0 1750 5525">
     <span class='ocr_line' id='line_1_41' title="bbox 0 0 1750 5525; baseline 0 0"><span class='ocrx_word' id='word_1_335' title='bbox 0 0 1750 5525; x_wconf 95' lang='lat' dir='ltr'> </span> 
     </span>
    </p>
   </div>
  </div>
 </body>
</html>
