3492 5525
240 491 359 555 Anne.
386 507 443 555 rav
463 490 573 557 Norro
596 492 820 559 Unrvansms
843 513 1071 559 euuccsarun
1115 489 1173 577 645

70 754 74 761 Ι
94 672 347 757 apprehenditur
362 674 549 759 cognitione
565 676 799 759 praescindente
818 697 836 743 a
850 678 937 744 notis
950 677 1213 755 individualibus,

96 790 192 863 prout
209 780 362 847 substans
382 770 571 867 hujusmodi
597 783 792 865 cognitioni:
814 786 956 870 logicum
975 803 1054 851 vero
1073 795 1124 851 est
1147 786 1216 851 lraec

18 948 19 953 ,
95 888 208 954 eadem
229 899 341 954 natura
360 906 439 957 cum·
457 907 517 955 sua
533 888 772 957 universalitate
791 910 850 959 seu
865 893 1041 960 unitate'et
1063 890 1217 977 aptitudi-

96 1014 153 1071 ne,
176 1004 210 1062 ut
229 996 272 1061 sit
299 994 331 1061 in
358 995 480 1065 multis.
502 996 539 1061 Et
570 997 650 1064 ratio
669 999 895 1082 appellationis
921 1019 963 1066 ex
986 1020 1026 1065 eo
1052 999 1216 1066 derivatur

96 1104 196 1185 quod,
213 1102 286 1168 licet
297 1112 369 1169 tum
386 1102 512 1189 Logica,
527 1113 599 1171 tum
610 1105 843 1195 Metaphysica,
863 1118 1055 1192 caeteraeque
1074 1105 1215 1173 scientiae

96 1219 232 1277 tractent
252 1212 461 1286 universalia,
484 1210 695 1279 nihilominus
714 1215 783 1279 lraec
798 1224 848 1280 est
868 1216 951 1281 inter
975 1216 1046 1281 illas
1067 1214 1220 1280 differem·

97 1318 155 1395 tia,
172 1318 260 1402 quod
282 1318 399 1403 Logica
413 1320 446 1384 in
462 1318 587 1385 naturis
606 1320 843 1388 universalibus
863 1323 1023 1406 praecipue
1035 1320 1217 1388 considerat

50 1476 52 1481 .
96 1428 198 1508 ipsam
229 1426 506 1510 universalitatem
539 1446 576 1492 ac
605 1427 727 1493 variam
758 1430 1070 1512 praedicabtttratem,
1100 1448 1217 1495 secun-

96 1536 175 1600 dum
207 1535 343 1601 modurn
371 1534 501 1619 generis
532 1535 582 1599 vel
608 1534 727 1620 speciei
746 1544 810 1601 etc.
835 1535 1058 1623 Metaplrysica
1080 1553 1158 1602 vero
1180 1554 1216 1600 ac

96 1650 221 1707 caeterae
240 1640 383 1707 scientiae
409 1642 517 1726 potius
542 1642 750 1709 considerant
773 1643 944 1727 praedicata
968 1644 1064 1709 realia
1089 1652 1218 1709 natura-

100 1748 331 1825 rumiliacum,
355 1767 391 1814 ac
411 1748 546 1833 proinde
569 1749 602 1815 in
621 1747 860 1817 universalibus
879 1751 966 1817 aliud
985 1769 1052 1817 non
1070 1760 1219 1817 contem-

96 1858 238 1939 plantur,
250 1856 312 1922 nisi
325 1856 429 1940 ipsam
442 1866 603 1931 naturam,
620 1874 694 1940 quae
710 1857 950 1925 universalitate
964 1858 1113 1925 afficitur.
1130 1858 1220 1924 ldeo-

18 1962 19 1965 ’
96 1984 159 2047 que
174 1966 312 2030 alterum
334 1973 468 2030 vocatur
482 1964 630 2047 logicum,
650 1964 742 2048 quasi
762 1975 915 2050 spectans
934 1967 975 2031 ad
991 1965 1117 2051 Logicae
1135 1984 1219 2031 con-

98 2072 347 2147 siderationem,
364 2073 503 2137 alterum
519 2072 776 2154 metaphysicum,
796 2084 966 2156 tamquam
980 2073 1144 2159 objectum
1157 2071 1222 2138 Me

94 2180 280 2265 taphysices
296 2190 354 2245 aut
365 2180 500 2245 aliarum
512 2178 734 2256 scientiarum,
747 2165 787 2245 ad
802 2199 914 2247 earum
927 2178 1220 2247 considerationem

96 2298 269 2372 spectans;
291 2285 442 2372 quamvis
469 2305 534 2352 non
562 2285 801 2371 denominatur¹
813 2286 853 2353 ab
879 2288 1034 2355 omnibus
1055 2288 1134 2363 illis,
1162 2286 1221 2353 sed

97 2396 207 2459 solum
233 2394 273 2459 ab
292 2414 347 2470 ea,
368 2401 511 2477 quaeest
534 2393 618 2458 inter
634 2412 760 2460 ¹omnes
778 2394 971 2479 dignissima
993 2402 1026 2461 et
1049 2383 1218 2459 altissima.

97 2502 287 2567 Universale
306 2500 566 2587 metaphysicum
582 2509 715 2566 vocatur
733 2501 831 2567 etiam
855 2522 875 2565 a
893 2501 1091 2584 quibusdam
1111 2518 1221 2566 recen-

96 2608 233 2675 tioribus
255 2610 423 2683 directum,
452 2606 595 2692 logicum
625 2627 701 2674 vero
726 2610 886 2694 reflexum.
913 2609 959 2675 Ex
985 2609 1105 2693 quibus
1129 2606 1221 2673 iacile

18 2793 19 2798 ,
96 2714 284 2804 intelligitur
304 2719 386 2783 hanc
404 2715 596 2784 divisionem
618 2733 684 2782 non
699 2734 770 2782 esse
791 2716 965 2789 univocam
977 2769 986 2794 ,
1000 2716 1059 2784 sed
1076 2716 1127 2782 vel
1143 2733 1221 2781 con·

95 2825 172 2890 creti
193 2827 225 2889 in
240 2843 316 2892 suas
335 2833 459 2909 partes,
480 2826 531 2889 vel
548 2825 676 2909 analogi
691 2825 723 2889 in
743 2822 946 2911 analogata(
972 2821 997 2910 ).
1038 2807 1042 2816 ¹

95 2996 98 3004 ,
166 2931 344 3000 Universali
361 2931 539 3016 opponitur
557 2931 720 3016 singulare
739 2941 771 2998 et
791 2932 1013 3016 individuum,
1034 2940 1067 2996 et
1086 2931 1220 3014 quidem
1324 2972 1347 3002 m

18 3093 19 3102 2
97 3060 163 3106 non
183 3041 291 3106 solum
309 3039 458 3114 relative,
479 3047 641 3120 quatenus
660 3041 841 3104 secundum
862 3040 984 3104 mentis
1006 3038 1223 3123 comparatio·

98 3167 172 3213 nem
188 3165 245 3214 seu
262 3147 460 3212 dialecticam
477 3145 772 3213 considerationem
789 3146 995 3212 individuum
1011 3144 1128 3230 speciei
1145 3145 1223 3210 sub

18 3233 19 3248 ¹
93 3255 217 3340 jicitur;
239 3257 301 3320 hoc
318 3254 407 3320 enim
427 3272 534 3336 neque
552 3253 644 3319 omni
664 3261 787 3320 naturae
807 3253 983 3320 individua
998 3253 1168 3328 convenit,
1186 3261 1222 3318 ut

18 3399 20 3450 ,
98 3371 185 3444 patet
203 3360 236 3427 in
257 3361 383 3442 divina;
404 3361 462 3427 sed
481 3369 636 3445 praeterea
655 3361 774 3445 «quasi
801 3360 975 3444 privative,
1001 3360 1066 3424 iere
1085 3359 1221 3434 adeum

18 3499 20 3512 =
98 3470 253 3546 modum,
275 3481 342 3552 quo
362 3467 469 3534 unitas
490 3468 686 3534 multitudini
706 3469 896 3553 opponitur.
925 3467 1114 3533 Commune
1133 3465 1220 3532 enim

18 3559 21 3580 ’
97 3596 154 3642 seu
174 3576 356 3644 universale
375 3576 508 3652 dicitur,
529 3576 619 3658 quod
638 3576 819 3644 secundum
841 3594 943 3642 unam
964 3574 1107 3660 aliquam
1127 3575 1223 3640 ratio-

99 3705 174 3750 nem
204 3683 315 3750 multis
341 3683 621 3760 communicatur,
643 3701 701 3750 seu
726 3685 759 3749 in
780 3684 892 3750 multis
912 3683 1082 3767 reperitur.
1108 3681 1221 3747 Unum

98 3803 207 3858 autern
232 3810 371 3858 numero
394 3809 451 3857 seu
475 3791 638 3876 singulare
671 3809 707 3856 ac
732 3790 938 3857 individuum
967 3789 1100 3866 dicitur,
1131 3790 1223 3873 quod

98 3901 141 3966 ita
169 3909 219 3965 est
248 3917 352 3965 unum
381 3917 456 3974 ens,
483 3906 520 3963 ut
541 3899 723 3965 secundum
747 3917 819 3964 eam
845 3898 930 3966 entis
953 3899 1132 3974 rationem,
1156 3914 1222 3980 qua

99 4026 202 4073 unum
217 4007 350 4082 dicitur,
368 4007 489 4072 nonsit
508 4005 779 4072 communicabile
795 4006 908 4073 multis
922 4017 958 4073 ut
972 4005 1176 4072 interioribus
1189 4014 1223 4070 et

18 4169 19 4198 2
100 4113 160 4180 sibi
179 4113 353 4202 subjectis,
374 4123 430 4180 aut
450 4131 531 4196 quae·
544 4111 577 4177 in
596 4113 649 4179 ilia
668 4112 791 4180 ratione
810 4115 914 4179 multa
932 4122 1026 4179 sunt:
1045 4111 1115 4178 baec
1134 4110 1221 4177 enim

102 4378 353 4392 ψ

135 4506 178 4576 (ι)
214 4505 279 4565 Cir.
295 4503 396 4574 Suam,
410 4503 487 4576 disp.
502 4504 535 4572 6,
561 4503 700 4579 Metabi..
717 4518 787 4564 sect.
802 4504 836 4572 8,
857 4525 888 4563 n.
909 4526 936 4577 3,
949 4524 983 4577 43
997 4503 1175 4564 Conimbrie.
1191 4504 1223 4566 in

104 4596 280 4668 Proesatiorr.
290 4594 430 4670 Porpiy„
440 4613 470 4665 q.
484 4615 509 4662 r,
519 4615 546 4651 a.
557 4612 591 4666 43
602 4593 815 4666 Complutens„
828 4595 943 4668 Logia,
952 4595 1029 4667 disp.
1041 4615 1067 4667 3,
1078 4608 1183 4667 quaest.
1194 4597 1222 4666 6,

102 4704 131 4741 n.
159 4687 211 4758 64,
238 4705 334 4757 seqq.;
349 4683 437 4752 nub,
465 4683 573 4760 Logic.
589 4683 624 4740 de
641 4684 851 4754 Universalib„
866 4703 897 4756 q.
914 4702 940 4758 5,
956 4704 986 4744 u.
1007 4683 1059 4752 o&
1081 4683 1189 4754 Joanu.
1207 4706 1225 4744 a

18 4823 20 4850 ,
104 4771 136 4830 S.
148 4775 265 4848 Thom.‚
282 4775 399 4851 Logia,
415 4793 444 4844 q.
462 4794 493 4845 3,
508 4785 563 4830 art.
576 4769 605 4830 ἰ.
