3492 5525
221 451 339 515 Anne.
357 447 547 515 1.¹¹⁸Urnun
563 464 744 511 rossrsrrrs
758 463 909 511 screnna
922 462 1010 510 leun
1024 462 1098 509 tros.
1118 457 1178 528 945

145 686 339 753 Provosmo
358 694 405 752 t.⁸
448 692 566 754 Potest
582 695 688 753 homo
700 690 848 752 naturali
866 689 994 751 virtute
1007 688 1136 766 ingenii
1148 689 1220 765 plu·
1276 696 1391 749 stabilitur

100 799 192 861 rium
202 816 332 873 rerum,
345 800 449 861 etiam
459 815 563 878 supra
572 798 800 870 sensibilium,
814 797 994 859 scientiam
1005 812 1216 874 comparare.
1246 781 1294 813 '²¹²
1311 771 1416 889 <longua

167 953 347 1037 Propositio
364 962 417 1021 est
429 962 541 1021 contra
558 952 724 1038 Scepticos
743 952 964 1036 potissimum,
980 959 1014 1017 et
1028 950 1125 1017 etiarn
1140 967 1219 1017 con·
1266 925 1332 1029 ΝΣ,
1344 931 1398 1032 urm

98 1070 149 1125 tra
166 1060 459 1138 Traditionalistas,
479 1060 536 1144 qui
555 1062 629 1143 plus
648 1078 744 1143 aequo
769 1060 854 1126 vires
872 1060 1056 1127 intellectus
1083 1056 1217 1125 humani

98 1168 336 1251 deprimentes,
355 1178 507 1245 censent,
532 1168 665 1251 praecisa
687 1166 883 1233 revelatione
902 1177 935 1232 et
953 1167 1098 1259 primeva
1121 1165 1218 1231 tradi-

98 1274 205 1352 tione,
227 1294 293 1341 non
312 1294 411 1359 posse
433 1276 609 1340 hominem·
625 1292 686 1341 suo
706 1284 808 1340 marte
823 1274 921 1340 ullius
939 1274 1098 1349 veritatis,
1115 1274 1217 1340 aciem

98 1399 255 1448 sensuum
271 1382 470 1465 superantis,
487 1381 634 1449 notitiam
653 1390 774 1447 certam
793 1390 893 1465 atque
911 1382 1113 1465 exploratam
1130 1396 1219 1447 asse·

99 1488 169 1572 qui.
190 1490 269 1555 ltem
291 1489 491 1556 adversarios
512 1488 610 1554 habet
638 1488 856 1566 Positivistas,
877 1490 934 1572 qui
957 1488 1215 1577 Metaphysicam

98 1614 301 1681 omnemque
319 1597 496 1682 primarum
511 1613 682 1669 causarum
707 1607 806 1679 atque
825 1596 977 1662 Absoluti
995 1595 1216 1682 cognitionem
1272 1654 1277 1663 .

97 1722 196 1787 supra
214 1707 397 1772 humanum
416 1712 550 1790 captum
569 1723 641 1770 esse
659 1704 799 1788 positam
824 1712 1009 1771 autumant.
1031 1703 1153 1769 Verum
1177 1704 1218 1769 de

97 1811 367 1879 Traditionalistis
386 1822 419 1879 et
437 1812 630 1879 Positivistis
646 1812 736 1879 alibi.

167 1925 271 1989 Proh.
293 1927 341 1987 1.⁰
359 1938 401 1985 ex
418 1920 520 1997 facto,
548 1919 642 2003 quia,
662 1929 699 1985 ut
726 1936 804 1984 mox
822 1917 856 1984 in
876 1919 974 1986 altera
995 1917 1217 2002 propositione

99 2026 279 2093 videndum
298 2035 368 2102 est,
387 2026 507 2120 dantur
523 2025 606 2092 inter
624 2026 777 2093 homines
790 2026 887 2091 variae
906 2026 1061 2093 scientie.
1085 2024 1114 2091 Α
1133 2027 1217 2091 facto

98 2143 210 2200 autem
229 2135 270 2200 ad
289 2151 385 2218 posse
403 2135 489 2198 valet
517 2132 763 2216 consequentia.
790 2131 954 2199 Possibilis
976 2152 1055 2219 ergo
1082 2134 1218 2201 dicenda

97 2250 150 2307 est
163 2240 288 2306 homini
306 2239 450 2324 plurium
475 2259 583 2305 rerum
602 2240 749 2306 scientia.

144 2352 247 2416 Proh.
268 2349 329 2417 2.⁰'
365 2345 465 2413 Adest
483 2341 665 2413 innomine
683 2347 846 2432 appetitus
865 2348 1017 2413 naturalis
1035 2357 1106 2414 tum
1126 2348 1218 2415 inna-

96 2465 154 2520 tus
173 2463 245 2521 tum
269 2453 393 2521 elicitus
409 2454 564 2521 scientiae.
585 2455 685 2537 Atqui
704 2463 867 2541 repugnat
884 2455 1065 2540 appetitum
1088 2463 1217 2522 natura·
1249 2461 1253 2477 '

97 2565 165 2628 lem
185 2562 254 2628 dari
271 2562 313 2628 ad
330 2561 544 2646 impossibile.
565 2561 691 2647 Ergo...

166 2669 209 2735 Ut
228 2688 305 2734 vero
323 2669 405 2735 ratio
424 2671 493 2734 haec
511 2669 728 2754 intelligatur,
755 2669 919 2754 appetitus
942 2670 1043 2737 innati
1068 2671 1216 2749 nomine,
1325 2688 1347 2733 ur

95 2778 381 2861 quemadmodum
402 2777 476 2842 alibi
494 2777 724 2843 declarandum
739 2787 804 2855 est,
822 2779 900 2844 nihil
915 2778 1002 2844 aliud
1017 2779 1217 2864 significatur
1270 2755 1290 2875 ³„
1331 2777 1404 2881 ξω·

97 2904 201 2969 quam
225 2885 598 2969 naturalis-propensio,
620 2904 719 2969 quam
747 2903 953 2969 unaquaeque
981 2905 1032 2952 res
1057 2887 1156 2954 habet
1184 2889 1216 2954 in
1284 2904 1322 2950 tn
1348 2923 1373 2952 us

96 2993 231 3076 aliquod
257 2992 400 3059 bonum:
435 3011 510 3076 quae
541 2991 704 3058 inclinatio
731 2993 763 3058 in
791 2993 945 3077 potentiis
975 2995 1110 3078 passivis
1139 2994 1216 3060 nihil

95 3100 186 3166 aliud
204 3108 270 3175 est,
290 3117 390 3183 quam
406 3099 558 3165 naturalis
572 3100 730 3184 capacitas·
745 3107 776 3164 et
793 3100 960 3185 proportio
973 3121 1049 3168 cum
1068 3092 1128 3168 sua
1146 3121 1218 3186 per·

95 3205 253 3282 fectione,
283 3206 316 3271 in
335 3205 448 3272 activis
470 3224 547 3272 vero
567 3217 618 3274 est
643 3205 712 3290 ipsa
740 3209 894 3275 naturalis
925 3209 1058 3276 facultas
1085 3208 1216 3295 agendi.

96 3314 294 3399 liujusmodi
312 3315 476 3398 appetitus
496 3314 573 3379 nihil
591 3315 680 3380 addit
694 3332 792 3399 supra
808 3315 915 3400 ipsam
932 3316 976 3381 rei
992 3325 1145 3384 naturam
1165 3321 1217 3385 vel

95 3420 282 3506 proximam
302 3421 501 3498 facultatem,
522 3421 644 3487 ratione
658 3424 752 3508 cujus
770 3423 924 3491 convenil
942 3424 986 3489 rei
1004 3425 1077 3490 talis
1096 3425 1219 3510 appeti-

94 3542 171 3603 tus,
200 3547 259 3594 nec
284 3528 316 3593 in
335 3546 375 3594 eo
393 3527 603 3613 distinguitur
620 3516 714 3596 actus
737 3530 863 3613 primus
888 3539 922 3595 et
941 3531 1121 3609 secundus,
1143 3533 1219 3616 quia

95 3639 163 3702 hoc
185 3635 285 3700 modo
302 3644 453 3719 appetere
473 3654 538 3701 non
557 3645 608 3702 est
624 3635 747 3718 aliquid
764 3656 876 3722 agere,
896 3639 955 3704 sed
973 3639 1080 3704 solum
1101 3639 1218 3706 habere

93 3739 278 3827 ingenitam
302 3742 553 3826 propensionem
576 3743 616 3807 ad
635 3742 768 3825 aliquid.
794 3743 969 3828 Appetitus
988 3763 1066 3812 vero
1094 3747 1220 3813 elicitus
1252 3763 1306 3820 quta
1320 3765 1412 3839 ananus.

94 3859 149 3916 est
169 3850 302 3914 facultas
319 3849 476 3916 tendendi
489 3849 523 3915 in
538 3849 663 3915 bonurn
678 3868 736 3934 per
747 3861 856 3917 actum
872 3851 1080 3930 distinctum,
1097 3871 1220 3936 praestr-

93 3955 206 4044 posita
235 3957 422 4041 cognitione
447 3955 548 4033 illius,
574 3959 710 4041 ejusque
734 3968 826 4024 actus
851 3957 1031 4044 appellatur
1057 3962 1220 4045 appetitus

94 4063 235 4130 elicitus.
258 4063 450 4148 Appetitus,
466 4063 521 4146 qul
539 4064 657 4131 dicitur
674 4065 822 4141 innatus,
842 4085 973 4152 semper
987 4077 1037 4134 est
1052 4067 1217 4152 naturalis;

94 4174 180 4237 alter
205 4189 283 4239 vero
302 4189 368 4236 non
386 4189 533 4255 semper,
553 4172 612 4237 sed
630 4181 710 4238 tunc
728 4175 857 4250 solum,
882 4193 958 4240 curn
978 4185 1219 4242 consentaneus

93 4288 151 4345 est
170 4287 292 4344 naturae
310 4278 492 4363 appetentis
520 4297 558 4344 ac
581 4278 716 4363 proinde
743 4280 842 4346 etiam
872 4282 1074 4349 necessarius
1101 4283 1218 4350 saltem

92 4388 209 4472 quoad
226 4385 502 4471 specificationem
520 4383 587 4474 (1).
608 4386 706 4453 Hisce
721 4390 910 4472 prenotatis

134 4641 177 4704 (1)
211 4635 288 4694 Vide
301 4634 423 4707 Suarez,
432 4634 509 4713 disp.
519 4635 650 4712 Metapa.
663 4657 686 4704 1,
697 4649 766 4696 sect.
777 4638 810 4708 6,
821 4657 851 4698 n.
863 4657 987 4712 3,seqq.
999 4625 1122 4714 Egregie
1130 4639 1222 4701 deela-

93 4739 146 4790 rat
160 4727 221 4785 haec
235 4725 270 4783 P.
284 4725 607 4814 Fonseca,lMetapftys.,
617 4725 668 4786 tib.
682 4747 785 4800 1,cap.
798 4749 823 4799 1,
833 4741 936 4800 quaeat.
953 4749 982 4800 r,
997 4741 1051 4790 ert.
1064 4751 1090 4803 3.

1137 4826 1179 4894 60
