3492 5525
551 489 610 556 apo
642 470 645 477 '
750 472 873 537 Locren
895 470 1146 537 Minore-Dran.
1163 484 1207 535 a.·
1222 469 1301 536 Cae.
1320 485 1391 535 ιω

893 778 912 871 5
931 779 1082 850 lV.-Dc
1099 796 1243 847 causam.

305 1012 364 1071 Qum
374 1009 478 1063 amp„
556 996 629 1047 rao.
679 976 826 1046 Causalis
843 987 894 1045 est
913 997 951 1043 ea
966 976 1156 1062 propositio,
1173 995 1248 1060 quae
1263 977 1372 1061 plures
1386 975 1464 1042 alias
1479 975 1628 1060 partiales
1728 982 1729 989 ’

505 1085 667 1153 connectit
691 1105 755 1171 ope
774 1086 938 1172 particulae
952 1083 1103 1163 causalis,
1123 1084 1199 1169 quia
1223 1091 1302 1161 etc..
1322 1104 1357 1150 v.
1378 1102 1428 1170 gs
1448 1084 1561 1149 Petrus
1583 1086 1631 1148 est

504 1194 646 1270 risibilis,
665 1194 741 1280 quala
759 1195 808 1260 est
820 1192 1000 1261 rationalis.
1025 1194 1115 1269 Pars,
1135 1208 1210 1274 quae
1228 1210 1360 1257 causam
1388 1191 1439 1258 vel
1468 1191 1626 1257 rationem

503 1300 660 1377 continet,
700 1310 835 1367 vocatur
877 1302 1071 1377 antecedens,
1101 1316 1176 1382 quae
1218 1307 1327 1365 autem
1378 1298 1525 1374 insertur,
1558 1316 1629 1363 con-

503 1424 635 1493 sequens
652 1404 717 1496 (ι).
1488 1452 1493 1462 ·

570 1514 602 1580 ln
630 1514 812 1582 causalibus
830 1516 992 1600 praecipua
1016 1516 1133 1599 copula
1154 1511 1346 1598 exprimitur
1364 1532 1420 1597 per
1435 1513 1625 1598 particulam

501 1620 593 1705 quac,
613 1624 666 1688 vel
685 1620 763 1689 alias
781 1622 922 1705 similes;
942 1628 976 1687 et
993 1620 1112 1686 exinde
1130 1629 1259 1705 oportet
1274 1618 1419 1706 judicare
1434 1630 1506 1687 tum
1517 1620 1557 1685 de
1570 1640 1627 1686 ve-
1728 1696 1729 1711 ἶ

503 1728 596 1795 ritate
613 1748 651 1795 ac
673 1730 811 1797 falsitate
835 1728 1078 1815 propositionis,
1102 1735 1174 1795 tum
1194 1728 1293 1793 etiam
1314 1727 1356 1793 de
1375 1728 1447 1812 ejus
1469 1727 1626 1811 qualitate

501 1854 539 1901 ac
557 1835 702 1903 materia.
732 1836 775 1904 Ut
799 1854 877 1903 vero
898 1834 1015 1902 melius
1040 1842 1259 1921 cognoscatur
1283 1834 1333 1900 vis
1357 1853 1393 1900 ac
1415 1844 1529 1901 natura
1550 1854 1627 1901 cau-
1728 1860 1729 1923 3

500 1942 631 2019 salium,
1728 1964 1729 1971 ¹

566 2050 757 2119 Notandum
786 2060 837 2119 est
868 2050 919 2117 r.⁰
944 2050 1074 2137 plenam
1100 2047 1371 2136 significationem
1404 2050 1520 2115 harum
1550 2070 1626 2136 pro·
1728 2044 1729 2137 3

392 2176 405 2207 ⁸
441 2192 448 2208 ·
501 2157 700 2244 positionum
722 2158 839 2225 resolvi
864 2168 896 2224 et
919 2157 1070 2243 explicari
1090 2176 1147 2241 per
1168 2158 1325 2242 triplicem
1351 2156 1623 2244 propositionem,
1728 2176 1729 2183 ¹

499 2284 573 2351 quae
588 2267 621 2332 in
642 2266 762 2333 causali
790 2265 979 2333 involvitur:
1003 2263 1106 2350 prima
1125 2275 1176 2331 est
1193 2265 1403 2341 antecedens,
1427 2266 1526 2331 altera
1544 2284 1626 2331 con·
1728 2316 1729 2329 r

498 2391 654 2457 sequens,
683 2394 720 2440 ac
746 2374 841 2439 tertia
859 2381 910 2439 est
928 2372 988 2438 alia
1017 2372 1197 2457 propositio
1225 2372 1399 2439 enuntians
1425 2374 1623 2439 antecedens
1728 2426 1729 2431 1

497 2499 569 2549 esse
600 2498 731 2549 causam
754 2482 1000 2564 consequentis.
1020 2480 1132 2565 ltaque
1151 2481 1284 2549 allatum
1310 2496 1414 2565 nuper
1431 2482 1621 2565 exemplum
1728 2480 1729 2573 i

496 2589 548 2657 his
566 2587 841 2675 propositionibus
858 2588 1043 2675 aequivalet:
1063 2588 1176 2653 Petras
1193 2588 1429 2665 astrictionem,
1444 2591 1534 2654 otest
1548 2590 1624 2655 risi·
1728 2634 1729 2681 p

495 2696 581 2776 utu,
600 2700 632 2764 et
646 2697 845 2764 recondetas
860 2700 908 2763 erl
919 2714 1014 2764 coroa
1032 2695 1222 2762 mutunus
1233 2698 1382 2786 ejusden.

540 2804 594 2870 a.⁰
641 2805 768 2872 Veritas
797 2797 934 2890 proinde
963 2803 1139 2870 causalium
1172 2805 1316 2888 postulat
1340 2805 1524 2872 necessario
1545 2812 1621 2872 turn
1728 2827 1729 2840 ¹

495 2911 664 2978 veritatem
683 2911 842 2996 partium,
867 2921 940 2978 tum
961 2911 1058 2978 etiam
1080 2911 1250 2978 veritatem
1277 2929 1400 2978 causae:
1427 2930 1528 2994 quare
1546 2911 1622 2980 licet
1728 2905 1729 2912 '

495 3037 580 3086 verae
594 3019 660 3086 sint
674 3019 854 3105 propositio
867 3019 1064 3086 antecedens
1078 3029 1111 3086 et
1125 3037 1333 3102 consequens
1346 3018 1496 3086 absolute
1509 3017 1623 3104 inspe-

493 3137 572 3204 ctae,
592 3127 620 3194 si
638 3135 752 3194 tamen
771 3127 876 3214 prima
891 3145 1003 3214 reapse
1022 3146 1090 3194 non
1108 3126 1273 3194 contineat
1291 3127 1451 3194 rationem
1471 3127 1618 3205 alterius.
1728 3153 1729 3216 3

494 3234 674 3320 propositio
691 3235 830 3302 causalis
854 3236 933 3302 falsa
957 3235 1034 3311 erit,
1056 3243 1093 3302 ut
1111 3237 1180 3302 hec
1199 3255 1233 3303 v.
1252 3253 1302 3320 g.:
1318 3235 1433 3302 Petrus
1449 3235 1498 3301 esl
1512 3235 1618 3314 bomo,

492 3342 569 3428 quac
586 3347 634 3410 est
648 3341 781 3409 cnm.

401 3481 430 3536 ·‚
538 3457 590 3536 γ’
634 3451 697 3516 Pro
720 3449 844 3517 ratione
864 3447 1080 3517 connexionis
1108 3449 1194 3516 inter
1219 3449 1416 3517 antecedens
1441 3461 1475 3518 et
1501 3469 1620 3518 conse·

493 3574 618 3642 quens.
636 3557 776 3625 causalis
796 3557 857 3623 erit
870 3559 922 3624 vel
943 3557 1139 3636 necessaria,
1157 3559 1208 3624 vel
1223 3556 1451 3642 impossibilis,
1471 3559 1523 3624 vel
1537 3577 1621 3626 con·

492 3663 638 3752 tingens.

476 3843 484 3853 ,
537 3779 590 3854 4.·
633 3770 755 3838 Omnis
780 3772 920 3840 causalis
947 3782 1117 3859 reputatur
1139 3771 1352 3850 affimativa,
1376 3771 1438 3840 nisi
1461 3773 1617 3858 particula

390 3869 395 3878 “
492 3877 646 3966 negativa
664 3878 853 3966 praefigatur
865 3881 927 3947 toti
942 3879 1168 3966 propositioni.

537 3994 587 4070 5,·
630 3985 777 4054 Causslis
788 3989 880 4055 facile
893 3985 1618 4066 revocaturadconditionalermsubstituen-

489 4094 536 4161 do
552 4095 745 4180 particulam
762 4095 796 4162 si
811 4095 971 4164 inlocum
988 4096 1075 4182 qma.

523 4369 566 4430 (ι)
602 4363 729 4424 Planum
741 4361 839 4423 estad
863 4363 999 4422 ausula
1018 4363 1148 4422 remei
1161 4383 1212 4422 eas
1231 4381 1360 4436 quoqne,
1380 4382 1509 4437 quarum
1529 4379 1615 4425 ante-

487 4451 944 4514 cedenseeotinetoontlitionem
961 4451 1403 4534 siacumwkaechn'a
1421 4455 1529 4514 Pam
1555 4477 1615 4514 u

487 4543 807 4610 waitneceuoet.
