3492 5525
542 454 615 501 rroa
654 436 778 503 Lonrca
794 438 1036 515 MaJon-Lm..
1054 448 1110 509 2¹¹⁸.
1126 432 1221 494 Dlst’·
1235 430 1282 491 6³
1296 428 1375 502 Coe.
1394 458 1464 511 num
1556 482 1565 501 .

1303 538 1616 561 ,--————-·
1715 555 1717 558 .

499 623 705 706 opponitura
723 622 757 690 S.
774 621 902 689 Thoma
921 625 1036 710 Logica
1055 626 1198 692 scientiis
1212 626 1437 711 speculativis3
1458 632 1559 705 atque
1577 618 1615 683 ad
1715 607 1717 634 ⁵

499 732 697 798 reddendam
731 733 907 809 rationem,
940 752 999 799 cur
1034 733 1149 819 Logica
1187 754 1253 801 non
1292 742 1498 800 recenseatur
1536 729 1618 794 inter

499 840 648 905 membra
666 848 698 930 et
715 840 839 925 species
859 839 1075 926 Philosophiae
1096 844 1321 926 speculativae,
1342 841 1430 907 aliud
1455 856 1524 905 non
1543 835 1620 902 dici·
1715 829 1717 832 ’

498 957 568 1023 tur,
590 946 650 1013 nisi
669 948 758 1032 quod
778 947 893 1033 logica
921 967 986 1015 non
1016 958 1065 1014 est
1093 951 1134 1015 de
1162 950 1277 1027 rebus,
1307 968 1448 1034 quarum
1473 944 1618 1031 cognitio
1715 959 1717 964 ·

498 1056 652 1140 quaeritur
681 1068 814 1141 propter
835 1055 995 1141 seipsam,
1025 1057 1109 1124 sicut
1126 1068 1204 1124 sunt
1223 1058 1432 1143 speculative
1460 1052 1616 1121 scientiae:
1715 1121 1717 1130 ,

499 1182 617 1249 nempe
635 1163 752 1248 Logica
771 1181 836 1230 non
862 1172 914 1229 est
940 1164 1139 1247 speculativa
1166 1166 1317 1241 scientia,
1348 1166 1490 1247 ideoque
1508 1162 1618 1227 solum
1715 1199 1717 1264 3

499 1271 663 1339 reductive
681 1270 806 1357 ingredi
835 1280 941 1355 potest
966 1272 1180 1340 indivisione
1209 1273 1423 1359 Philosophiae
1446 1268 1620 1357 speculati·

499 1400 566 1458 vae,
601 1381 677 1464 quia
701 1388 751 1445 est
782 1388 819 1446 ut
855 1380 1088 1447 adminiculum
1127 1383 1167 1449 ad
1204 1381 1355 1449 scientias
1386 1378 1616 1466 speculativas,

499 1488 685 1554 ministrans
717 1486 930 1571 speculationi
961 1506 1021 1553 sua
1053 1489 1287 1566 instrumenta,
1325 1489 1447 1555 scilicet
1484 1485 1619 1572 syllogi-
1715 1519 1717 1522 ·

467 1676 469 1683 ‚
498 1614 589 1663 smus
604 1604 666 1661 etc.
684 1594 749 1682 (ι).

564 1701 600 1790 ε)
627 1703 719 1769 Adde
748 1702 838 1785 quod
867 1701 980 1768 nullibi
1010 1702 1046 1767 S.
1075 1704 1235 1780 Thomas,
1256 1700 1346 1788 quod
1364 1720 1427 1787 ego
1444 1702 1565 1777 sciam,
1585 1700 1615 1764 in

497 1812 638 1898 generali
653 1810 811 1877 divisione
823 1808 1032 1877 scientiarum
1046 1813 1320 1894 speculativarum
1336 1813 1386 1877 vel
1403 1808 1616 1892 Philosophiae
1715 1867 1717 1876 .

499 1919 683 1986 meminerit
702 1916 854 2004 logicam
875 1915 938 2006 (a).

542 2098 619 2169 335.
668 2083 862 2147 Pnonosmo
882 2088 929 2145 2.·
975 2084 1072 2147 Licet
1098 2086 1223 2162 Logica
1254 2085 1384 2149 directa
1411 2096 1446 2149 et
1469 2083 1616 2164 propriis
1715 2095 1717 2148 ᾗ

497 2195 664 2277 limitibus
693 2201 855 2257 contenta
893 2192 1049 2255 absolute
1081 2202 1116 2255 et
1146 2193 1350 2271 simpliciter
1379 2202 1529 2272 practica
1558 2191 1614 2263 sit3

497 2302 723 2377 nihilominus
742 2298 868 2377 Logica
886 2298 1028 2372 reflexa,
1054 2308 1088 2361 et
1112 2300 1187 2377 ipsa
1212 2301 1317 2361 etiam
1341 2299 1472 2363 directa
1495 2316 1618 2361 secun-
1715 2279 1717 2340 ἶ

497 2411 582 2473 dum
600 2409 677 2473 illas
694 2415 826 2485 partes,
847 2406 884 2467 in
902 2406 1028 2485 quibus
1041 2407 1198 2485 proprios
1211 2424 1352 2486 egressa
1365 2408 1506 2480 limites,
1522 2424 1616 2485 quae·

498 2518 629 2581 stiones
646 2515 783 2593 adoptat
800 2513 1006 2586 adscititias,
1025 2524 1081 2576 est
1097 2510 1309 2592 speculativa
1324 2508 1393 2597 (3).

402 2708 443 2739 η
514 2652 517 2658 ’
563 2678 605 2739 In
622 2676 744 2755 primis
763 2675 952 2752 explicatur
970 2670 1159 2753 propositio.
1179 2672 1270 2737 «Etsi
1285 2679 1354 2738 tota
1368 2670 1483 2756 logica
1499 2667 1617 2735 rellexe

307 2767 461 2888 33⁵*oe
497 2781 679 2848 consideret
697 2786 788 2844 actus
803 2778 1002 2853 intellectus,
1020 2787 1130 2844 tamen
1150 2779 1182 2845 in
1202 2799 1260 2846 sua
1278 2779 1362 2845 linea
1376 2791 1511 2845 vocatur
1528 2777 1618 2862 Logi-

343 2877 376 2957 Ἀ
392 2913 410 2956 rc
497 2909 535 2956 ca
552 2889 688 2963 directa,
709 2905 783 2970 quae
802 2896 948 2953 versatur
965 2885 1047 2950 circa
1065 2886 1136 2952 illos
1155 2898 1265 2964 actus,
1295 2897 1458 2972 quatenus
1477 2900 1618 2970 possunt
1715 2940 1717 2981 ἰ

321 2985 440 3103 uffan?
498 2995 677 3063 artificiose·
694 2993 788 3079 poni,
808 2994 877 3058 sive
895 2992 1023 3077 disponi
1047 2993 1089 3058 ad
1112 3003 1197 3060 recte
1220 2994 1462 3076 disserendum;
1483 2977 1618 3058 'vocatur
1715 2990 1717 3023 ⁵

497 3124 575 3172 vero
592 3105 699 3188 mgica
718 3103 848 3187 reflexa,
868 3119 943 3184 quae
965 3119 1059 3166 suam
1079 3103 1180 3186 ipsius
1194 3103 1336 3168 indolem
1353 3111 1386 3168 et
1400 3102 1616 3188 proprietates
1715 3156 1717 3169 ,

498 3232 583 3280 nova
611 3211 785 3278 rellexione
813 3208 960 3283 discutit,
990 3217 1027 3273 ut
1053 3208 1091 3275 fit
1118 3211 1151 3276 in
1179 3211 1239 3275 hac
1265 3210 1447 3296 prooemiali
1471 3209 1618 3294 disputa·

378 3329 379 3332 ’
498 3322 613 3387 lione»
690 3365 697 3383 .

566 3316 734 3496 Profflur
751 3425 859 3508 itaque
888 3423 1067 3508 propositio
1095 3426 1164 3490 haec
1182 3425 1292 3509 quoad
1316 3426 1454 3507 primam
1474 3432 1615 3508 partem,
1715 3480 1717 3509 ,

499 3537 581 3604 sicut
610 3535 807 3620 praecedens,
835 3531 961 3606 Etenim
990 3531 1093 3616 logica
1120 3533 1255 3610 directa,
1284 3531 1367 3598 intra
1388 3550 1467 3599 suos
1497 3532 1618 3597 limites
1715 3514 1717 3573 ἒ

498 3654 667 3720 contenta,
689 3639 817 3725 respicit
836 3657 896 3724 pro
914 3637 980 3704 tine
998 3639 1238 3723 operationem,
1262 3639 1337 3706 finis
1364 3639 1453 3704 enim
1473 3640 1545 3724 ejus
1565 3649 1615 3704 est

498 3751 620 3836 aliquid
648 3747 826 3833 operabile,
859 3748 999 3822 uitale,
1033 3764 1150 3831 nempe
1178 3747 1296 3813 modus
1314 3746 1453 3828 sciendi;
1475 3746 1555 3812 item
1576 3746 1615 3810 ad

499 3879 576 3926 eum
595 3860 694 3924 linem
716 3857 847 3922 inventa
866 3862 932 3929 est,
954 3864 990 3918 ut
1006 3854 1189 3920 intellectus
1208 3854 1240 3920 in
1259 3854 1466 3920 scientiarum
1485 3872 1613 3920 assecu-

498 3970 588 4034 tione
616 3966 743 4050 regulas
770 3961 855 4028 illius
883 3961 924 4027 ad
952 3960 1075 4045 praxim
1104 3962 1254 4027 deducat.
1283 3959 1347 4026 Sed
1369 3961 1521 4048 scientia,
1549 3977 1618 4046 qauz

497 4077 667 4144 ordinatur
691 4069 740 4162 {ad
766 4069 865 4156 finem
901 4068 1089 4151 operationis
1118 4071 1168 4134 est
1191 4069 1372 4152 simpliciter
1391 4069 1547 4150 practica
1581 4075 1614 4132 ut

503 4285 755 4301 μ

535 4387 576 4446 (ι)
612 4377 689 4434 Vide
702 4375 738 4434 de
752 4373 799 4432 his
813 4371 959 4441 Lounda,
972 4371 1025 4429 loe.
1042 4369 1090 4429 eit.
1106 4390 1136 4429 n.
1156 4371 1247 4427 12-16.

536 4473 575 4534 (a)
612 4467 689 4524 Vide
707 4485 736 4522 v.
759 4485 789 4538 g.
812 4462 922 4534 Opuoc.
944 4463 979 4518 de
996 4459 1100 4517 Trinil.
1116 4467 1180 4533 sup.
1201 4459 1297 4530 Boea,
1314 4478 1343 4530 q.
1365 4475 1396 4529 ς,
1421 4479 1448 4516 n.
1469 4478 1493 4529 ¹3
1510 4459 1561 4518 lib.
1579 4468 1613 4516 ιθ

500 4558 664 4632 Plrysa'cor.¹
681 4556 743 4614 lect.
759 4573 782 4624 ¹³
799 4552 849 4611 lib.
859 4551 892 4622 6,
906 4551 1047 4624 Meropia,
1062 4550 1127 4608 lect.
1146 4570 1170 4618 ις
1181 4551 1225 4607 De
1235 4549 1506 4620 Seasuclserrsato,
1521 4546 1611 4608 initio.

535 4649 577 4720 (3)
614 4646 656 4704 lte
669 4643 813 4713 Loseeda,
829 4641 882 4700 loc.
898 4639 948 4699 cit.
964 4659 994 4710 u,
1008 4661 1041 4713 19
1053 4653 1082 4698 et
1096 4659 1140 4696 ar.

537 4745 576 4816 (4)
613 4734 760 4806 Leueade,
777 4732 815 4792 ib.
832 4751 863 4791 u.
879 4749 922 4788 ao.
