3492 5525
473 462 590 524 Anrrc.
615 474 675 543 μ·
695 458 786 535 Qun>
805 475 869 522 ans
1128 471 1187 541 915

93 649 325 729 porretanum
341 643 398 728 qai
409 644 652 725 pararnonem
670 642 772 726 magis
789 646 893 707 autern
905 644 1014 707 contra
1027 640 1229 724 prudentiam

98 756 157 827 est,
186 754 270 837 quod
290 750 406 835 alianis
430 753 540 835 peccet
556 751 675 832 volens,
705 766 799 834 quan
824 750 945 825 nolens,
975 748 1050 834 qnia
1078 748 1230 815 rectitudo

99 860 271 925 noluntates
296 862 345 924 est
366 860 405 925 de
436 857 558 923 retrone
579 856 770 942 pedenna,
806 874 870 922 non
903 859 1007 923 antem
1037 858 1077 921 de
1112 854 1232 921 ratione

100 967 182 1033 artis
202 964 266 1055 (ι).
297 967 329 1032 ld
356 966 445 1050 quod
465 964 592 1051 jamdiu
621 972 790 1030 notaverat
818 962 1010 1030 Aristoteles
1040 960 1109 1051 (2),
1138 963 1231 1047 cujus

102 1076 285 1142 doctrinam
304 1072 351 1139 sic
370 1072 522 1158 exposuit
541 1072 739 1138 lucidissime
756 1072 790 1136 Ρ.
812 1070 979 1159 Sylvester
994 1071 1109 1137 Mauri:
1128 1069 1235 1137 «Ter-

103 1182 149 1248 tia
175 1180 354 1266 proprietas
379 1194 441 1256 est,
460 1188 505 1246 ut
526 1180 584 1263 qui
606 1187 719 1245 contra
744 1179 951 1262 prudentiam
971 1188 1082 1264 peccat
1100 1188 1232 1264 sponte,

105 1288 273 1373 pejorsit,
302 1308 403 1372 quam
427 1288 483 1370 qui
510 1297 620 1372 peccat
643 1305 700 1370 per
722 1286 958 1372 ignorantiam3
981 1304 1175 1353 econverso
1192 1284 1233 1350 'in

105 1395 230 1462 artibus
257 1396 348 1482 pejor
372 1404 435 1472 est,
467 1395 523 1478 qui
552 1401 663 1478 peccat
695 1411 752 1477 per
779 1394 1009 1479 ignorantiam,
1044 1412 1144 1478 quam
1177 1381 1233 1477 qui

106 1513 238 1589 sponte.
269 1504 333 1570 Ex:
355 1522 407 1587 gr.
435 1502 463 1567 si
491 1502 606 1585 aliquis
624 1502 941 1586 comprehendatur,
971 1504 1062 1586 quod
1090 1502 1234 1587 peccavit

108 1622 222 1678 contra
244 1608 518 1687 Grammaticam,
538 1609 687 1675 iaciendo
713 1609 952 1686 soloecismum,
982 1618 1014 1675 et
1042 1627 1078 1675 se
1103 1617 1235 1675 excuset

108 1718 237 1784 dicens:
256 1718 372 1799 Sponte
381 1716 466 1801 feci,
487 1718 580 1782 affert
598 1715 750 1781 idoneam
770 1718 1033 1800 excusationem
1058 1694 1085 1783 s'i
1103 1734 1181 1783 vero
1200 1734 1235 1782 se

110 1833 246 1891 excuset
259 1825 384 1890 dicens:
398 1823 590 1908 ignorabam,
607 1824 700 1888 affert
714 1822 958 1889 excusationem
970 1826 1064 1908 piane
1077 1825 1233 1907 ineptam.

109 1934 134 1997 E
151 1951 312 2000 converso
330 1949 407 1997 cum
427 1931 502 2015 quis
521 1930 778 2015 reprehenditur,
798 1932 890 2014 quod
918 1930 1096 2015 peccaverit
1125 1941 1241 1997 contra

111 2041 335 2124 prudentiam,
357 2039 384 2107 si
398 2038 487 2105 dicit:
507 2040 622 2120 Sponte
635 2040 778 2120 peccaui,
801 2040 895 2105 affert
908 2039 1150 2107 excusationem
1166 2039 1238 2116 ine-

111 2162 221 2233 ptam3
236 2157 269 2215 et
289 2155 326 2213 ut
343 2148 455 2212 atterat
473 2144 719 2213 excusationem
738 2145 904 2224 idoneam,
916 2147 1016 2212 debet
1034 2147 1150 2212 dicere:
1163 2146 1238 2213 Pec-

110 2255 183 2321 eaoi
193 2262 253 2338 per
267 2254 490 2339 ignorantiam,
506 2253 624 2318 ool-aix
637 2256 742 2335 monte
750 2253 1105 2336 propteroehennntiam
1117 2252 1239 2336 passio·

110 2364 176 2431 nis.
207 2362 253 2428 Ex
279 2361 400 2445 quibus
426 2369 514 2445 patet
541 2360 747 2444 prudentiam
767 2380 840 2427 esse
858 2361 1013 2426 virtutem
1036 2361 1077 2427 ad
1101 2361 1236 2426 modum

113 2470 273 2537 virtutum
293 2468 487 2544 moralium,
511 2486 586 2551 quae
612 2468 779 2551 requirunt
806 2468 1030 2534 rectitudinem
1061 2468 1236 2551 appetitus,

114 2596 182 2645 non
201 2586 311 2643 autem
330 2577 371 2642 ad
390 2575 527 2642 modum
555 2576 689 2654 artium.
709 2594 783 2667 (tuae
802 2585 881 2643 sunt
900 2576 1112 2659 perfectiones
1138 2576 1239 2642 soiius

115 2686 275 2752 rationis»
300 2680 364 2773 (3).
1194 2682 1200 2698 ”

183 2793 254 2860 Alia
274 2806 323 2860 est
341 2791 533 2869 differentia,
555 2810 655 2874 quam
676 2792 722 2857 sic
740 2793 893 2876 exposuit
907 2791 1242 2880 idemmetSylvester

117 2902 220 2970 Mauri
240 2921 281 2966 ex
299 2901 515 2984 Philosopho:
533 2899 711 2966 «Secunda
728 2899 907 2984 proprietas
926 2910 992 2978 est,
1012 2900 1134 2984 inquit,
1151 2900 1240 2984 quod

116 3011 192 3092 quia
210 3028 262 3074 ars
282 3016 391 3093 potest
409 3007 679 3074 conservarisine
698 3007 819 3072 virtute
839 3008 970 3086 morali,
992 3009 1033 3074 ad
1053 3009 1114 3074 hoc
1133 3019 1169 3074 ut
1184 3008 1240 3091 qui

117 3118 216 3183 habet
229 3124 350 3192 artem,
367 3117 409 3182 sit
422 3115 601 3199 dispositus
616 3115 726 3199 potius
741 3115 782 3181 ad
797 3116 937 3193 bonum,
954 3134 1054 3199 quam
1065 3117 1105 3181 ad
1116 3117 1240 3181 malum

117 3243 216 3291 usum
235 3223 330 3300 artis,
357 3223 481 3308 indiget
500 3222 619 3289 virtute
638 3222 774 3288 morali:
796 3241 837 3289 ex
854 3242 905 3308 gr.
924 3232 1032 3290 orator
1050 3225 1090 3289 ad
1108 3225 1183 3300 hoc,
1205 3231 1243 3290 ut

117 3335 160 3399 sit
178 3331 359 3416 dispositus
376 3332 516 3397 oratoria
534 3329 642 3414 potius
661 3330 694 3394 in
721 3332 866 3396 favorem
892 3349 1008 3413 causae¹
1013 3331 1112 3417 justae
1142 3350 1242 3416 quam

119 3441 261 3524 injustae,
278 3439 402 3524 indiget
412 3438 550 3524 justitia;
571 3448 604 3504 at
623 3437 794 3521 prudentia
814 3457 889 3504 cum
907 3457 972 3504 non
988 3439 1091 3524 possit
1107 3439 1244 3506 existere

117 3547 189 3614 sine
222 3547 342 3614 virtute
370 3545 502 3621 morali,
537 3545 643 3630 seipsa
675 3545 818 3628 disponit
851 3545 1019 3612 hominem
1048 3547 1089 3613 ad
1117 3547 1243 3613 bonum

119 3673 219 3722 usum
238 3654 315 3720 sui»
335 3649 400 3740 (4).

187 3763 234 3828 Ex
258 3762 308 3827 his
327 3769 432 3846 patet,
453 3760 531 3844 quid
551 3759 678 3825 differat
695 3779 747 3828 ars
766 3781 784 3826 a
803 3761 938 3828 scientia
957 3771 989 3828 et
1008 3763 1192 3846 prudentia.
1213 3761 1246 3828 Si
1317 3788 1402 3834 annm

120 3870 325 3961 quis'autem
344 3883 443 3934 nosse
456 3867 578 3951 cupiat,
594 3866 627 3932 in
647 3871 713 3950 quo
732 3868 973 3935 discriminetur
983 3870 1024 3936 ab
1035 3871 1244 3955 experientia,
1348 3873 1394 3977 ¹2:
1405 3929 1410 3940 .

121 3978 315 4045 Aristoteles
340 3995 409 4042 rem
436 3977 576 4041 declarat
594 3994 787 4060 comparans
818 3985 921 4042 artem
940 3997 1015 4044 cum
1036 3978 1246 4063 experientia,

121 4087 193 4152 sive
212 4085 321 4168 quoad
339 4085 582 4168 operationem,
613 4084 682 4149 sive
700 4085 810 4167 quoad
828 4085 1064 4170 cognitionem.
1086 4087 1124 4152 Et
1143 4085 1249 4171 primo

122 4186 260 4277 quidem
278 4195 432 4278 quantam
452 4193 497 4256 ad
512 4195 618 4257 oetam
630 4191 781 4274 partinet,
800 4192 992 4275 experimen
1017 4194 1099 4261 new
1123 4193 1251 4262 videtur

158 4390 201 4460 (1)
238 4385 528 4457 S.Thom.,ib.art.
543 4405 573 4459 4.

161 4483 202 4547 (a)
237 4479 281 4536 6.·
292 4477 436 4547 Euneon,
451 4497 516 4547 cop.
527 4494 557 4549 4.

160 4571 202 4639 (3)
240 4565 368 4640 Sylvest.
383 4565 492 4637 Mauri,
507 4565 693 4639 Paropinos.
720 4565 753 4623 in
771 4564 820 4624 lib.
840 4566 859 4624 6
883 4563 1028 4638 tithicam,
1050 4588 1114 4642 cup.
1134 4571 1162 4629 6.
1188 4567 1253 4630 etr.
1354 4577 1362 4592 '

124 4657 160 4716 S.
171 4656 291 4726 Thom,
300 4657 343 4713 6.·
355 4656 499 4726 urtica,
509 4667 579 4714 sect.
590 4675 617 4730 4,
636 4655 723 4727 paulo
732 4667 800 4714 ante
809 4653 860 4715 fin.

162 4752 204 4822 (4)
240 4745 348 4819 Mauri,
362 4744 433 4806 ibid.
448 4743 512 4807 Cir.
521 4744 556 4809 S.
563 4745 680 4815 Thom„
697 4743 748 4814 ib,
761 4744 872 4806 Deinde
886 4766 952 4806 cnm
964 4748 1048 4808 dicit:
1063 4747 1124 4812 see
1137 4759 1242 4814 tamen.
