3492 5525
566 472 625 556 814
680 474 803 537 lsoorcn
820 470 1052 545 Meron-lan.
1069 484 1140 543 av,
1157 470 1249 534 Drsn.
1269 482 1312 551 3.·
1327 470 1407 532 Can.
1427 484 1496 532 num

526 662 671 748 gismum
687 630 995 733 demonstrativum.
1010 656 1107 739 atdue
1125 656 1208 722 adeo
1226 655 1323 721 etiam
1337 654 1436 721 allum
1450 672 1647 738 quemcum-

527 788 609 853 que,
636 770 668 835 in
696 766 774 834 solis
793 763 971 851 praemissis
991 762 1187 849 reposuisse
1208 764 1270 831 illae
1300 762 1421 848 quippe
1447 770 1525 829 sunt
1550 781 1647 829 causa

527 860 757 944 conclusionis

520 1015 522 1023 v
593 990 698 1066 Resp.
731 979 883 1047 Definitio
915 980 980 1061 illa,
1007 998 1073 1064 qua
1104 977 1340 1048 demonstratio
1370 978 1486 1045 dicitur
1517 976 1647 1044 efficere

453 1084 456 1088 ’
526 1090 705 1164 scientiam,
727 1087 859 1173 intelligi
882 1094 989 1171 potest
1006 1085 1182 1153 commode
1196 1084 1229 1150 in
1248 1103 1347 1153 sensu
1365 1085 1505 1162 formali,
1526 1102 1645 1168 nempe

525 1196 755 1287 syllogismum
783 1193 1078 1261 demonstrativum
1102 1211 1174 1259 esse
1192 1200 1302 1259 actum
1326 1194 1376 1259 vel
1398 1194 1646 1275 formamque

526 1305 605 1371 dum
637 1304 771 1369 inlraeret
798 1300 987 1376 intellectui,
1017 1298 1208 1366 denominat
1240 1300 1332 1365 illum
1360 1300 1532 1376 scientem,
1561 1300 1646 1366 sicut

526 1411 642 1478 albedo
660 1419 710 1477 est
727 1412 830 1475 forma
848 1407 1052 1475 constituens
1065 1426 1102 1473 ac
1120 1406 1337 1474 denominans
1354 1408 1478 1485 album,
1496 1416 1528 1474 et
1545 1410 1642 1483 calor,

526 1520 680 1585 calidum.

593 1628 857 1708 «Reepondetur
870 1630 920 1688 2.·
938 1622 1167 1709 syllogismum
1180 1621 1241 1689 dici
1259 1641 1390 1690 causare
1403 1624 1572 1690 scientiam
1591 1632 1644 1689 aut

525 1732 726 1819 opinionem,
747 1730 823 1816 quia
841 1731 1022 1797 secundum
1047 1747 1148 1796 unam
1174 1730 1225 1797 sui
1248 1740 1371 1815 partem
1395 1740 1506 1798 causat
1534 1730 1643 1805 aliam,

526 1844 588 1909 hoc
616 1849 678 1916 est,
697 1838 878 1906 secundum
897 1838 1080 1921 premissas
1097 1838 1197 1906 efficit
1225 1836 1485 1906 conclusionem.
1509 1836 1579 1904 Nec
1596 1847 1644 1905 est

525 1946 774 2015 incommodum
794 1944 827 2011 in
847 1945 955 2020 rebus,
976 1962 1051 2030 quae
1071 1963 1137 2011 non
1152 1955 1230 2011 sunt
1248 1946 1346 2013 unius
1366 1946 1528 2022 essentiae,
1545 1965 1643 2013 unam

526 2064 651 2143 partem
669 2073 742 2122 esse
758 2071 889 2120 causam
916 2052 1098 2119 effectivam
1132 2053 1276 2130 alterius,
1296 2052 1580 2138 quemadmodum
1610 2056 1640 2119 in

524 2162 713 2249 compositis
733 2160 931 2228 naturalibus
954 2176 1020 2227 una
1043 2170 1092 2226 est
1109 2179 1208 2227 causa
1225 2162 1369 2229 formalis
1396 2163 1446 2228 vel
1470 2163 1644 2228 materialis

424 2338 426 2345 ,
525 2268 713 2357 alteriusn(
737 2268 764 2357 ).

569 2384 671 2448 Dices
691 2384 740 2479 a?
786 2374 956 2441 Discursus
974 2382 1024 2441 est
1039 2393 1103 2442 una
1118 2375 1261 2460 cognitio
1284 2396 1325 2443 ex
1347 2376 1419 2445 alia.
1436 2377 1520 2463 Ergo
1538 2380 1642 2445 solam

525 2486 680 2573 importat
696 2482 909 2551 essentialiter
925 2482 1148 2568 cognitionem
1168 2502 1209 2549 ex
1227 2483 1288 2550 alia
1305 2484 1495 2552 derivatam.

591 2601 695 2677 Resp.
712 2610 783 2676 neg.
804 2602 981 2665 assertum,
1000 2588 1076 2674 quia
1095 2609 1161 2656 non
1181 2601 1232 2657 est
1245 2608 1316 2658 una
1334 2590 1474 2677 simplex
1487 2593 1640 2677 cognitio,
1723 2581 1724 2584 '

524 2702 582 2770 sed
599 2696 782 2786 complexio
810 2697 952 2783 plurium
975 2696 1218 2784 cognitionum
1239 2716 1340 2784 quare
1371 2696 1478 2785 potius
1499 2708 1553 2768 est
1571 2720 1643 2786 pro
1723 2725 1725 2740 ·

524 2809 648 2896 gressio
677 2809 728 2874 vel
757 2823 928 2891 processus
945 2805 987 2871 ab
1010 2823 1073 2872 una
1097 2805 1130 2872 in
1153 2806 1248 2872 aliam
1278 2807 1514 2892 cognitionem,
1539 2827 1639 2891 quam

523 2917 667 3004 cognitio
685 2935 726 2982 ex
744 2915 805 2980 alla
819 2913 975 2982 derivata.

567 3131 810 3200 conotemrun.
858 3131 904 3196 Ex
917 3127 1115 3204 lisiniertur,
1136 3129 1367 3216 syllogismum
1387 3139 1495 3197 actum
1517 3129 1641 3218 simplil
1722 3154 1724 3159 ·

523 3245 594 3308 dem
616 3259 681 3307 non
706 3258 790 3314 esse,
811 3239 870 3304 sed
893 3235 1127 3320 compositum:
1150 3237 1192 3303 de
1215 3255 1282 3321 quo
1305 3236 1378 3304 alibi
1406 3238 1639 3324 disputandum

523 3361 591 3426 est,
606 3367 683 3414 cum
702 3347 743 3413 de
751 3345 870 3432 judicio
890 3353 1016 3430 agetur.
1042 3343 1163 3410 interea
1187 3343 1274 3422 vide,
1300 3344 1358 3422 sis,
1382 3344 1542 3413 Cosmum
1567 3347 1641 3413 Ala·

524 3457 695 3523 mannium
711 3451 775 3542 (ι).

898 3657 1197 3808 Anrrcueus
1219 3713 1267 3789 11.

523 3887 768 3965 Quomodo
792 3884 1048 3967 praemissae
1068 3861 1260 3949 oausent
1283 3884 1633 3952 oonolusionem.
1720 3930 1721 3935 ,

522 4207 784 4285 conclusionem,
804 4203 993 4272 communis
1015 4212 1066 4270 est
1083 4222 1149 4270 vox
1176 4204 1458 4288 Philosophorum.
1480 4205 1535 4272 Ob
1552 4227 1641 4272 eam-

522 4337 587 4402 que
614 4315 747 4383 causam
773 4311 930 4398 distingui
958 4313 1042 4378 solet
1069 4311 1190 4396 duplex
1212 4312 1396 4392 discursus,
1421 4313 1500 4379 alter
1518 4313 1640 4399 impro
1719 4348 1720 4419 ᾗ

559 4591 599 4654 (ι)
637 4579 825 4650 Ωοηίωδτίο.,
837 4580 891 4638 loc.
907 4576 955 4646 cit,
971 4577 1022 4636 lin.
1041 4578 1123 4637 ertio.

401 4158 446 4189 Η
567 4087 645 4185 2'15.
691 4097 788 4177 Quod
798 4097 992 4164 antecedens
1008 4098 1058 4163 vel
1074 4095 1251 4180 praemissae
1265 4097 1372 4181 aliquo
1390 4097 1490 4164 modo
1504 4108 1637 4165 causent
1720 4096 1721 4099 ’

558 4681 599 4743 (a)
633 4673 743 4733 Summ.
754 4671 884 4747 l>pilon¹
897 4667 990 4728 Prim.
1001 4681 1076 4742 pert,
1091 4689 1121 4740 q.
1133 4687 1178 4740 so,
1192 4682 1249 4730 art.
1263 4690 1290 4732 a.
1301 4667 1363 4730 cn.
1372 4669 1511 4742 Lomda,
1522 4671 1637 4748 Lepet..
1718 4664 1719 4715 l

523 4777 606 4828 treet.
621 4765 650 4837 6,
664 4761 739 4836 disp.
756 4782 780 4832 r,
793 4779 855 4833 cap.
873 4779 896 4828 r,
912 4777 944 4819 n.
957 4779 985 4832 ς.
