3492 5525
331 460 445 527 Anno.
472 476 530 541 3³³·
553 452 764 525 Socvunrun
787 480 1044 527 orssrcucmrss
1154 456 1214 544 687

197 650 301 726 Resp.
330 662 401 727 neg.
436 662 569 728 conseq.
601 645 780 729 Loquimur
811 646 851 711 de
886 655 1000 713 natura
1031 655 1148 711 creata.
1178 644 1255 709 llaec

124 769 207 815 vero
227 770 292 817 non
316 760 366 817 est
383 752 424 816 de
442 769 478 817 se
495 752 684 837 singularis,
705 752 782 837 quia
807 772 873 819 non
892 763 943 820 est
962 753 1172 819 essentialiter
1190 753 1257 817 sio·

125 858 251 942 gularis
268 866 302 923 et
319 858 499 924 individua.
520 859 557 923 Et
577 868 713 925 nonest
737 861 951 926 essentialiter
978 842 1159 935 individua,
1180 858 1258 943 quia

126 964 204 1031 licet
224 984 288 1031 non
309 966 414 1049 possit
442 964 567 1031 realiter
586 964 725 1033 existere
754 967 824 1033 sine
852 966 1255 1049 individuationealiqua,

128 1081 240 1157 potest
266 1082 378 1139 tamen
408 1072 531 1139 ab‘illa
558 1093 616 1159 per
636 1080 782 1141 mentem
807 1074 996 1159 praescindi;
1028 1094 1088 1143 nec
1115 1075 1258 1158 postulat

129 1190 252 1247 certam
272 1180 414 1263 aliquant
435 1179 747 1258 individuationem‚
767 1182 811 1247 ita
830 1190 867 1247 ut
883 1201 949 1248 non
965 1182 1104 1267 patiatur
1119 1181 1259 1266 possibi-

130 1288 255 1353 litatem
276 1288 418 1372 plurium
439 1287 573 1353 aliarum
603 1298 792 1354 naturarum
819 1290 880 1355 sibi
909 1289 1064 1356 similium
1093 1308 1168 1377 cqm
1188 1289 1257 1354 aliis

129 1396 455 1463 individuationibus.
494 1395 526 1462 Si
560 1395 647 1462 enim
687 1407 801 1463 natura
836 1397 1049 1465 essentialiter
1082 1396 1258 1463 vindicaret

129 1502 274 1586 aliquam
289 1504 580 1570 individuationem
590 1512 605 1579 ,'
616 1522 681 1570 non
698 1514 826 1589 posset,
844 1504 983 1571 existere
998 1506 1069 1571 sine
1083 1504 1151 1580 illa,
1170 1504 1260 1569 ideo-

130 1630 197 1695 que
218 1628 284 1677 non
304 1620 416 1696 posset
446 1610 670 1695 multiplicari,
699 1612 776 1695 quia
802 1613 936 1679 baberet
959 1612 1119 1679 unitatem
1144 1611 1259 1678 indivi-

130 1719 281 1801 dualem3
303 1719 586 1801 quemadmodum
606 1720 719 1786 accidit
739 1728 862 1785 naturae
881 1720 1011 1787 divinae.

200 1828 333 1911 Propter
352 1828 435 1893 hanc
463 1847 542 1911 ergo
568 1826 725 1893 rationem
745 1827 805 1893 dici
825 1836 935 1911 potest
969 1836 1118 1894 naturam
1148 1829 1258 1911 aliquo

130 1931 194 2000 sibi
212 1933 419 2017 superaddito
437 1933 582 2018 indigere
601 1943 638 2000 ut
657 1933 878 2002 individuetur
895 1931 965 2023 (ι),
988 1954 1055 2003 non
1074 1937 1150 2019 quia
1176 1936 1260 2002 indi·

130 2039 279 2107 viduatio
307 2042 348 2107 sit
381 2042 507 2107 realitas
534 2042 667 2127 physica
696 2049 820 2107 naturae
849 2042 923 2136 reali
951 2044 1186 2127 superveniens
1217 2043 1259 2109 ab

130 2167 236 2231 eaque
257 2149 380 2215 realiter
393 2149 560 2224 distincta,
576 2149 634 2215 sed
648 2148 724 2232 quia
738 2157 916 2235 conceptus
931 2158 1059 2215 naturae
1074 2149 1259 2235 praescindit

131 2256 465 2332 ab'individuatione,
482 2256 565 2323 sicut
584 2256 713 2341 generis
731 2265 910 2342 conceptus
923 2276 941 2323 a
956 2255 1135 2324 differentia
1156 2255 1260 2341 speci·

45 2426 52 2439 ,
129 2362 207 2429 lica.
229 2366 399 2449 Perperam
427 2383 507 2449 ergo
520 2364 644 2430 exinde
663 2363 812 2431 concludi
833 2373 941 2449 potest
959 2374 1109 2431 naturam
1135 2365 1167 2430 in
1196 2383 1258 2431 suo

131 2481 221 2537 statu
253 2472 327 2538 reali
355 2470 603 2538 indifferentiam
632 2473 731 2539 ullam
759 2480 857 2555 atque
888 2472 1105 2556 aptitudinem
1137 2473 1257 2537 realem

130 2578 266 2655 habere,
287 2587 324 2645 ut
343 2598 401 2663 per
419 2581 539 2645 multas
558 2579 755 2647 differentias
774 2579 1016 2645 individuantes
1034 2581 1257 2647 contrahatur.

200 2692 361 2755 instabis.
382 2686 468 2753 Talis
487 2696 600 2752 natura
620 2705 685 2753 non
702 2696 756 2777 est
773 2688 941 2771 adaequate
959 2687 1181 2754 contrahibilis
1201 2705 1259 2774 per

103 2855 108 2863 .
131 2810 235 2862 unam
254 2796 358 2862 solam
378 2795 686 2879 individuationem;
706 2797 811 2863 immo
831 2798 893 2863 hoc
911 2796 954 2863 illi
974 2805 1145 2883 repugnat.
1176 2797 1259 2881 Ergo

130 2913 210 2988 apta
224 2913 274 2969 est
292 2923 333 2969 ex
347 2923 381 2968 se
400 2903 487 2969 utin
507 2903 618 2970 multis
637 2903 729 2990 insit,
750 2923 809 2970 seu
826 2922 884 2988 per
903 2906 1011 2988 plures
1030 2904 1260 2971 individuatio-

132 3029 196 3077 nes
213 3012 420 3077 contrahatur
442 3008 503 3098 (a).

202 3125 306 3202 Resp.
340 3119 413 3184 dist.
444 3128 564 3194 antec,
594 3127 756 3202 quatenus
784 3116 826 3184 illi
858 3128 984 3185 naturae
1013 3137 1080 3185 non
1100 3129 1260 3204 repugnat

132 3226 340 3310 multiplicari
359 3227 420 3303 ita,
441 3238 477 3293 ut
495 3225 561 3292 sint
580 3227 688 3310 plures
707 3234 830 3293 naturae
848 3225 1024 3293 individuae
1041 3227 1167 3296 similes
1188 3246 1260 3312 per-

131 3334 310 3400 rectissime
328 3335 509 3401 secundum
528 3335 715 3410 essentiam,
734 3352 836 3410 conc„
858 3335 963 3411 aliter,
977 3353 1048 3420 neg.

181 3447 287 3524 Objic.
310 3451 358 3524 4.⁰
403 3441 491 3507 Deus
522 3443 636 3507 volens
665 3459 771 3506 creare
800 3440 987 3518 hominem,
1023 3441 1122 3508 libere
1152 3451 1261 3527 potest
1369 3488 1374 3498 ‚

131 3565 243 3614 creare
262 3547 392 3616 Petrum
412 3552 463 3615 vel
483 3545 632 3616 Paulum.
654 3549 753 3632 Atqui
773 3549 804 3614 id
822 3547 891 3615 fieri
912 3568 977 3615 non
994 3558 1121 3634 posset,
1144 3549 1205 3616 nisi
1226 3550 1260 3616 in

132 3657 207 3739 ipsa
234 3664 348 3722 natura
376 3658 520 3723 bumana
548 3665 634 3723 esset
661 3655 875 3723 indifferentia
903 3657 945 3723 ad
965 3655 1259 3725 individuationem

132 3763 220 3828 Petri
236 3766 286 3829 vei
301 3765 402 3832 Pauli.
419 3764 545 3850 Ergo...

204 3878 308 3956 Resp.
337 3873 413 3940 dist.
447 3873 524 3958 Maj.
552 3872 640 3938 Deus
668 3873 782 3938 volens
807 3891 914 3938 creare
942 3871 1191 3939 indeterminate
1227 3881 1262 3936 et

133 3977 297 4046 abstracte
316 3980 484 4046 hominem
503 3988 566 4047 etc.
591 3997 677 4046 conc.
699 3979 785 4046 Deus
806 3981 920 4046 volens
938 3999 1045 4046 creare
1063 3978 1262 4048 determina·

133 4096 206 4152 tam
235 4095 268 4152 et
297 4095 481 4154 concretam
512 4097 677 4165 naturam,
708 4087 806 4154 libere
837 4096 947 4172 potest
975 4087 1158 4155 adscribere
1188 4105 1260 4154 eam

134 4195 232 4260 Petro
253 4195 305 4262 vel
325 4193 441 4272 Paulo,
457 4213 527 4278 neg.
1060 4196 1062 4200 ’

175 4485 215 4549 (ι)
251 4481 343 4540 Homo
356 4489 408 4550 est,
425 4481 472 4540 aei
485 4481 580 4540 Lucas
599 4481 648 4538 vei
664 4479 846 4556 Stephanum
860 4501 918 4540 non
939 4489 1034 4540 tamen
1051 4483 1161 4556 siquis
1180 4482 1262 4539 bomo

136 4579 195 4636 est,
208 4579 327 4646 prorsus
341 4571 436 4628 Lucas
454 4571 503 4628 oei
522 4569 688 4645 Stephanus
702 4579 755 4642 est,
770 4569 867 4643 inquit
882 4569 915 4629 S.
931 4570 1092 4645 Gregorius
1110 4571 1263 4646 Nyssenus

137 4659 171 4718 in
186 4658 258 4718 libro
273 4659 358 4741 Quod
371 4681 427 4718 non
444 4661 503 4718 nal
516 4669 575 4718 tres
587 4659 638 4718 dii.

175 4753 216 4817 (a)
251 4749 338 4823 Apud
354 4749 442 4820 Suar,
458 4749 497 4810 ib.
513 4761 581 4810 sect.
595 4769 621 4820 a,
640 4769 670 4809 n.
682 4748 709 4808 6.
