3492 5525
323 886 354 931 Er
369 884 468 931 Hebraeis

305 956 379 1000 multae
388 956 487 1002 veritates

328 1025 349 1069 in
360 1024 467 1071 Gratiana

341 1096 449 1143 derivata.

550 460 586 505 ιι
956 444 1181 510 lnanooucaro
1300 533 1303 542 .

507 642 577 709 quaa
589 628 748 711 egreditur
768 630 805 692 da
819 627 958 710 pariete,
981 631 1014 694 et
1028 627 1230 693 disseruitaa
1240 627 1396 715 jumentis
1408 630 1440 693 et
1450 628 1631 693 volucribus

508 737 540 798 et
550 735 707 815 reptilibus
719 740 752 802 ct
757 732 951 829 piscihusn(
976 733 1001 823 ).

575 841 620 907 Ex
633 843 776 909 llebraeis
792 842 896 909 multa
911 842 1072 926 accepisse
1082 841 1213 908 Graecos
1228 843 1444 928 Philosophus
1457 843 1549 910 valde
1561 862 1631 908 cre-

507 947 604 1013 dibile
625 958 686 1027 est,
703 949 863 1033 quidquid
879 950 1021 1016 scribant
1035 950 1067 1015 in
1082 952 1281 1016 contrarium
1306 952 1539 1031 Protestantes;
1555 962 1628 1017 tum

507 1056 583 1139 quia
598 1056 630 1121 id
644 1058 722 1125 satis
732 1060 888 1141 frequens
903 1059 1033 1124 Patrum
1045 1056 1175 1123 traditio
1184 1058 1297 1135 docet,
1310 1055 1361 1145 (ι)
1374 1069 1447 1124 tum
1457 1058 1533 1141 quia
1548 1076 1631 1141 prae-

509 1172 557 1229 ter
576 1164 847 1249 Philosophorum
864 1165 993 1231 illorum
1009 1166 1049 1229 ad
1066 1165 1232 1250 regiones,
1259 1165 1291 1229 in
1312 1165 1432 1248 quibus
1455 1184 1520 1230 non
1535 1166 1628 1249 pauci

510 1272 636 1337 liebraei
655 1272 962 1349 commorabantur,
982 1273 1127 1338 discendi
1145 1291 1242 1339 causa
1261 1281 1432 1355 susceptas
1446 1274 1629 1359 peregrina-

509 1380 631 1465 tiones,
647 1390 679 1445 et
692 1381 838 1464 ipsorum
855 1380 1068 1446 Hebraeorum
1080 1379 1113 1445 in
1133 1378 1218 1447 Asiae
1231 1379 1430 1461 Graeciaeque
1445 1380 1629 1463 provincias
1737 1468 1739 1471 y

510 1486 737 1572 migrationes,
755 1486 836 1551 mira
856 1490 1037 1553 multorum
1056 1506 1171 1571 graecae
1192 1486 1408 1570 Philosophiae
1432 1488 1627 1571 dogmatum

508 1612 584 1661 curn
598 1594 809 1661 Hebraeorum
821 1594 977 1662 doctrinis
992 1593 1047 1682 (3)
1062 1594 1234 1659 concordia
1245 1596 1429 1679 persuadet.
1444 1596 1475 1659 ld
1486 1596 1630 1678 quodfa-

507 1720 579 1767 cere
593 1702 634 1768 illi
651 1702 890 1787 potueruntsin
904 1702 1015 1768 minus
1029 1705 1158 1786 legendo
1170 1720 1279 1768 sacros
1290 1703 1401 1778 libros,
1412 1702 1629 1786 quemadmo-
1737 1721 1739 1728 ·

508 1810 588 1875 dum
600 1809 636 1877 S.
649 1808 794 1875 Thomas
810 1811 928 1892 aliique
938 1810 1125 1876 Scholastici
1141 1809 1298 1894 scriptum
1311 1810 1469 1893 reliquere
1479 1808 1542 1897 (4),
1560 1828 1628 1875 cer-

508 1926 541 1981 te
553 1918 838 2005 coltoqnendocunr
852 1916 1012 1994 Hebraeis,
1029 1918 1113 1985 sicut
1123 1918 1274 1985 observat
1288 1917 1323 1983 S.
1340 1917 1548 2002 Augustinus
1563 1914 1626 2004 (5).

542 2092 546 2100 ,
569 2024 640 2105 Jam
659 2025 811 2108 quamvis
827 2043 924 2090 meus
939 2042 1067 2109 scopus·
1084 2044 1150 2090 non
1170 2024 1211 2090 sit
1231 2044 1318 2089 nunc
1333 2024 1507 2092 historiam
1522 2024 1629 2090 Philo
1737 2005 1739 2020 ¹

507 2130 632 2215 sophiae
664 2132 885 2207 conscribere,
911 2132 1144 2198 brevissimum
1168 2133 1284 2197 saltem
1309 2133 1495 2216 catalogum
1518 2132 1630 2216 praeci-

507 2256 648 2323 puorum
665 2240 936 2321 Philosophorum
951 2250 1063 2304 texere
1084 2251 1229 2323 oportet,
1255 2250 1291 2305 ut
1309 2241 1376 2324 jam
1396 2239 1472 2304 inde
1493 2239 1535 2303 ab
1557 2240 1630 2323 ipso

508 2347 607 2431 hujus
626 2344 768 2413 scientiae
784 2345 896 2412 limine
910 2347 1033 2412 tirones
1048 2360 1236 2422 auctorum,
1258 2346 1313 2430 qui
1329 2345 1518 2412 nominandi
1536 2358 1627 2422 sunt,

507 2453 650 2537 aliquam
670 2455 811 2520 habeant
821 2454 982 2520 notitiam.

552 2578 584 2645 7.
633 2560 871 2644 Antiquissima
899 2560 1048 2628 omnium
1074 2561 1217 2628 scientiae
1247 2562 1480 2645 philosophica
1510 2579 1631 2627 monu-

507 2676 618 2735 menta
650 2654 710 2735 vel¹
726 2670 835 2753 potius
859 2670 1043 2736 rudimenta
1059 2670 1233 2765 pertinent
1256 2671 1297 2734 ad
1320 2669 1432 2745 lndos,
1458 2668 1629 2745 Sinenses‚
1737 2749 1739 2754 Ι

354 2775 360 2818 ῑ
394 2793 407 2822 0
439 2779 445 2823 i
505 2777 692 2853 Chaldaeos,
716 2779 846 2854 Persas,
868 2777 1033 2842 Phaenices
1053 2787 1086 2842 et
1099 2777 1295 2864 AEgyptios.
1318 2776 1414 2862 Apud
1434 2778 1530 2842 lndos
1546 2778 1631 2841 cele-

506 2885 682 2951 brabantur
700 2884 864 2969 sapientes
882 2885 959 2950 dicti
978 2886 1185 2951 Brachnanes
1209 2898 1241 2953 et
1267 2905 1284 2950 a
1308 2884 1428 2950 Graecis
1456 2883 1631 2966 Gymnoso-

510 3025 762 3038 m

542 3065 584 3136 (ι)
620 3063 684 3122 Lib.
702 3087 727 3136 3.
744 3064 815 3136 Reg.
828 3082 891 3133 cap.
906 3082 938 3136 4,
953 3071 982 3134 t.
998 3083 1042 3134 33.
1054 3060 1117 3119 cfr.
1135 3061 1167 3119 S.
1179 3061 1284 3119 Thom.
1298 3061 1409 3132 Quaest.
1421 3058 1498 3133 disp.
1510 3061 1554 3120 De
1573 3061 1631 3118 Ve-

507 3156 605 3212 ritate.
621 3174 652 3225 q.
672 3173 718 3222 ra,
733 3165 843 3211 art.1a.

542 3247 582 3308 (a)
619 3242 695 3300 Vide
710 3241 741 3299 S.
758 3241 867 3310 Justin.
893 3241 982 3299 Mart.
1003 3241 1032 3299 in
1050 3241 1125 3300 Orat
1143 3249 1284 3315 paraenet.
1304 3244 1341 3299 ad
1358 3239 1481 3309 Gentes,
1505 3240 1628 3314 Origen.

507 3332 591 3392 Cant.
612 3332 729 3392 Celsum
748 3331 796 3388 lib.
811 3333 844 3400 o,
865 3330 959 3389 Clem.
975 3331 1134 3388 Alexandr.
1154 3331 1292 3388 Stromct.
1317 3331 1365 3389 lib.
1385 3352 1412 3400 1,
1427 3350 1490 3401 cap.
1514 3350 1563 3400 aa,
1580 3353 1633 3402 pa-

506 3443 583 3495 ragr.
604 3441 668 3493 1503
683 3434 712 3479 et
725 3421 757 3479 in
773 3421 856 3479 Orat.
871 3421 1096 3479 Exhortalorad
1109 3421 1226 3489 Gentes,
1237 3421 1288 3478 lib.
1305 3441 1336 3489 a,
1351 3441 1414 3491 cap.
1433 3441 1462 3489 ις
1477 3419 1583 3477 Euseb.
1595 3423 1633 3477 de

506 3514 637 3586 Praepar.
654 3505 787 3585 erlangel.
804 3510 853 3568 llb.
875 3533 920 3579 11,
936 3532 998 3582 cap.
1009 3532 1042 3584 93
1061 3511 1197 3569 Ambros.
1212 3509 1305 3568 Serm.
1319 3510 1490 3567 181'nPsal.
1506 3509 1573 3567 118.

543 3605 592 3673 (3)
629 3600 694 3671 Qua
711 3598 747 3657 de
768 3621 797 3657 re
824 3599 890 3656 vide
913 3599 946 3658 S.
971 3597 1128 3673 Augustin,
1151 3602 1186 3656 de
1209 3599 1302 3659 civil.
1323 3599 1381 3654 Dei
1393 3598 1488 3667 lib.8,
1503 3619 1565 3669 cap.
1588 3620 1630 3656 11.

508 3690 569 3747 Clr.
593 3689 670 3746 Huct
691 3692 853 3748 Demonstr.
879 3690 997 3764 Evaag.
1014 3708 1098 3760 prop.
1114 3709 1145 3761 4,
1162 3709 1225 3759 cap.
1245 3709 1276 3756 a,
1301 3679 1417 3759 paragr.
1443 3708 1490 3759 133
1516 3687 1630 3756 Boltus,

506 3781 631 3849 Defensa
647 3781 697 3836 des
720 3778 775 3836 SS.
797 3779 903 3846 Pe'res,
930 3779 978 3834 liv.
1000 3798 1033 3850 4,
1057 3798 1121 3849 cap.
1147 3798 1196 3847 2²3
1222 3777 1409 3836 Thomassin.
1433 3778 1479 3834 La
1497 3777 1633 3834 Methode

506 3869 659 3938 cl’etudr'er,
675 3868 1129 3941 ctd'eseignerchreta'ennement
1145 3881 1172 3926 el
1190 3868 1358 3924 solidement
1378 3867 1409 3924 la
1428 3867 1633 3939 Philosophia,

507 3958 557 4016 liv.
577 3977 585 4014 ι
596 4002 605 4029 ,
623 3979 647 4014 c.
668 3975 712 4028 ις,
730 3977 844 4028 paragr.
866 3977 913 4028 133
929 3956 1012 4012 Lami
1027 3956 1071 4014 De
1086 3966 1165 4014 recta
1183 3957 1422 4015 Christianorum
1441 3957 1471 4012 a'n
1488 3975 1534 4022 eo,
1557 3959 1634 4028 quod
1737 4026 1739 4033 Ι

507 4048 678 4121 mysterium
691 4047 849 4103 Trinitatis
859 4046 975 4112 attinet,
988 4048 1141 4103 sententia.
1156 4045 1318 4103 Florentiae.
1335 4066 1413 4118 1733,
1427 4044 1514 4116 Apud
1526 4041 1635 4101 Sanse·

406 4156 409 4164 ·
508 4136 609 4193 verino
623 4136 773 4192 Elementa
782 4136 987 4209 Philosophiae
1000 4137 1170 4192 chrisla'anae
1179 4178 1186 4205 ,
1196 4136 1254 4193 vol.
1268 4157 1279 4192 1
1296 4133 1634 4209 EpitomeHistor.pl1i-

509 4227 620 4299 loseph.
637 4245 664 4296 p.
680 4225 706 4282 X
722 4223 841 4296 Neapoli
856 4224 934 4296 1864.

544 4314 584 4388 (4)
622 4313 653 4371 S.
671 4313 775 4372 Thom.
799 4313 910 4383 Quaest.
927 4313 1001 4384 disp.
1018 4313 1062 4371 De
1078 4315 1224 4372 Potentia.
1243 4333 1273 4386 q.
1297 4334 1330 4386 4,
1354 4335 1380 4370 a.
1407 4312 1564 4369 1ada.'⁸:
1593 4324 1634 4369 ιθ
1737 4361 1739 4367 .

510 4403 585 4462 Dist.
596 4425 620 4474 3.
638 4423 666 4474 q.
687 4425 710 4459 ι.
724 4424 750 4460 a.
766 4423 785 4477 4
799 4403 834 4460 ad
854 4413 910 4460 ι.“·
930 4403 1006 4460 Vide
1020 4403 1107 4461 etiam
1120 4403 1276 4461 Alexandr.
1289 4403 1408 4460 Halens.
1422 4403 1530 4461 Summ.
1540 4403 1632 4460 theol.

509 4513 577 4566 pars
591 4513 621 4560 a,
638 4513 666 4562 q.
683 4495 711 4561 63
728 4492 843 4551 Vicent.
861 4494 1006 4550 Bellovac.
1017 4492 1176 4567 Speculum
1186 4501 1283 4550 netur.
1298 4492 1347 4550 lib.
1368 4515 1396 4561 1,
1411 4513 1475 4562 cap.
1495 4491 1634 4564 153Hen·

510 4582 559 4640 1ic.
573 4581 757 4641 Gandavens.
768 4583 880 4641 Summ.
895 4585 982 4642 theol.
996 4603 1024 4654 p.
1037 4605 1095 4651 1,a.
1110 4583 1400 4656 133Roger.Bac0n.,
1416 4582 1499 4657 Opas
1510 4581 1632 4657 Magn,

510 4691 577 4744 pars
591 4692 623 4740 2,
637 4693 700 4744 cap.
714 4673 741 4731 8.

548 4759 599 4833 (5)
634 4761 678 4818 De
693 4759 787 4820 Ca'vr't.
804 4761 863 4819 Dea'
879 4760 974 4828 liba,
989 4781 1052 4833 cap.
1070 4782 1111 4819 ιι.
