3492 5525
258 421 375 488 Anrrc.
395 435 452 486 ψ
467 419 589 488 Urnulr
603 438 738 486 eontra.
756 439 856 488 entur
871 440 1042 486 enrxcretx
1056 439 1129 486 erc.
1153 434 1210 506 775

198 611 431 690 «Explicatur.
452 605 644 678 Sicutcum
663 606 693 672 Α
718 606 875 691 probatur
895 625 951 692 per
968 607 1009 686 Β,
1030 615 1063 673 et
1080 607 1104 677 B
1127 625 1185 691 per
1209 606 1249 682 C,

131 714 158 778 Α
178 714 332 799 probatur
350 733 406 799 per
424 712 466 796 C;
487 713 532 780 sic
550 732 626 781 cum
646 712 675 777 Α
695 715 848 798 probatur
866 715 980 799 perii,
995 721 1029 780 et
1043 713 1067 777 B
1082 733 1140 799 per
1157 711 1204 790 Α,
1221 715 1251 780 Α

129 820 284 905 probatur
302 821 414 905 perd.
433 819 520 888 Nihil
540 839 618 886 vero
638 822 749 898 refert,
773 805 815 886 ¹an
842 829 1007 908 ponantur
1030 833 1097 888 tres
1119 821 1251 888 termini

130 929 180 993 vel
196 929 322 1013 plures;
339 937 426 994 etan
442 927 575 995 reflexio
589 927 646 993 frat
661 947 717 1014 per
732 930 842 1013 plures
855 930 1015 995 terminos
1028 929 1081 995 vel
1099 946 1159 1014 per
1171 947 1252 1013 pau·

130 1033 291 1124 cioresx(
315 1035 341 1123 ).
402 1041 404 1046 '
588 1039 595 1048 '

197 1149 364 1212 Probatur
386 1149 537 1212 emunda
560 1168 641 1230 pars
659 1141 722 1234 (2).
745 1143 828 1221 Quia
852 1143 931 1212 nihil
954 1152 1114 1229 repugnat
1131 1141 1253 1228 aliquid

130 1251 240 1330 notius
259 1251 440 1318 secundum
459 1271 513 1328 se,
544 1251 639 1318 nobis
667 1271 738 1320 esse
766 1253 875 1321 minus
903 1261 1032 1318 notum.
1056 1249 1149 1318 Tunc
1174 1270 1252 1338 ergo

130 1358 238 1425 licebit
256 1358 334 1424 illud
355 1377 412 1443 per
435 1361 572 1428 effectus
591 1359 685 1426 nobis
703 1360 845 1428 notiores
860 1359 1085 1428 demonstrare
1102 1379 1122 1426 a
1146 1369 1254 1446 poste-

131 1464 217 1532 riori.
238 1466 409 1551 Perspecta
427 1476 538 1535 autem
559 1469 620 1534 hoc
639 1467 739 1534 modo
754 1486 819 1534 una
839 1468 990 1544 veritate,
1012 1486 1077 1544 non
1094 1477 1254 1553 repugnat

131 1571 163 1638 in
188 1573 389 1658 profundiori
407 1575 555 1659 ejusdem
575 1574 867 1660 comprehensione
886 1576 994 1641 lucem
1015 1574 1168 1659 reperire,
1188 1593 1255 1659 qua

130 1679 356 1748 illuminentur
372 1681 441 1748 aliae
460 1682 610 1750 veritates
621 1732 630 1757 ‚
643 1691 743 1766 atque
762 1680 843 1747 adeo
862 1681 933 1766 ipsa
946 1681 1044 1748 etiam
1059 1682 1196 1758 veritas,
1213 1700 1254 1748 ex

129 1807 195 1872 qua
226 1788 311 1874 prior
333 1790 464 1874 cognita
488 1789 631 1874 primum
655 1797 722 1866 cst,
743 1798 780 1855 ut
808 1797 896 1873 patet
923 1789 956 1855 in
981 1790 1133 1874 exemplo
1157 1807 1255 1874 supra

130 1897 248 1980 posito.
280 1896 381 1973 Nam,
401 1897 531 1982 cognita
559 1916 616 1982 per
641 1899 775 1964 effectus
802 1895 975 1964 existentia
998 1915 1103 1964 causae
1126 1897 1252 1981 prime,

131 2002 220 2069 facile
238 2004 392 2088 probatur
410 2005 515 2088 ipsam
535 2021 607 2070 esse
625 2012 735 2071 actum
755 2023 894 2089 purum,
915 2011 947 2070 et
966 2003 1252 2088 perfectissimum,

128 2111 314 2194 talemque,
335 2111 390 2195 qui
419 2112 451 2177 in
479 2111 635 2179 omnibus
662 2109 903 2195 sapientissime
926 2122 1090 2196 operetur.
1118 2110 1164 2177 Ex
1187 2129 1254 2195 quo
1298 2147 1303 2157 ·

129 2217 250 2284 invicte
269 2219 405 2304 probare
434 2219 615 2304 poterimus
634 2219 796 2286 mundum
826 2221 913 2286 bunc
926 2219 1107 2304 perfectum
1126 2218 1255 2312 ordina·

129 2327 364 2412 tissimumque
382 2346 467 2395 esse.
1181 2318 1191 2330 ’

197 2441 241 2502 Et
266 2439 458 2502 declaratur
486 2453 536 2502 res
564 2434 724 2520 amplius,
752 2434 829 2519 quia
858 2452 957 2501 nemo
984 2435 1053 2514 jure
1073 2433 1251 2521 negaverit,
1318 2524 1320 2527 Ι

130 2561 228 2627 posse
247 2541 315 2608 duo
332 2541 472 2608 invicem
492 2541 632 2627 probari,
648 2543 832 2609 dummodo
847 2547 952 2608 unufb
966 2560 1080 2610 eorum
1097 2542 1254 2628 indepen-

129 2651 245 2716 denter
270 2649 311 2714 ab
338 2649 400 2716 alio
429 2651 621 2716 innotescat.
655 2649 756 2734 Atqui
777 2651 838 2716 hoc
857 2657 929 2726 est,
951 2649 1041 2734 quod
1064 2650 1098 2717 in
1115 2650 1255 2716 demon·

131 2758 287 2826 stratione
319 2776 399 2843 pure
432 2756 636 2823 materialiter
663 2757 824 2834 circulari,
853 2777 914 2825 seu
934 2758 1114 2844 regressiva
1142 2758 1253 2830 locum
1313 2746 1317 2752 ’

131 2865 241 2933 habet.
259 2865 361 2943 Sane.
378 2866 468 2951 quod
485 2884 583 2931 causa
597 2866 717 2950 prima,
737 2866 765 2932 si
783 2883 893 2931 revera
912 2866 1024 2943 detur,
1045 2865 1163 2934 debeat
1182 2884 1254 2933 esse

130 2984 223 3039 actus
238 2970 378 3057 primus,
395 2971 665 3057 perfectissimus,
682 2970 829 3039 infinitus
843 2982 922 3049 etc,
942 2974 1151 3061 cognoscitur
1163 2973 1256 3041 inde·

131 3081 312 3165 pendenter
339 3099 357 3145 a
383 3080 515 3146 notione
540 3080 592 3147 vel
621 3078 790 3147 existentia
817 3097 992 3148 causarum
1019 3078 1251 3147 secundarum.

131 3188 223 3255 Sicut
238 3187 335 3254 etiam
349 3187 607 3272 independenter
621 3188 662 3253 ab
680 3186 852 3255 existentia
868 3188 921 3254 vei
936 3186 1070 3253 notione
1081 3206 1254 3255 causarum

131 3295 349 3361 secundarum
370 3294 544 3361 innotescit
562 3293 673 3371 nobis,
694 3294 827 3361 effectus
845 3296 930 3362 entis
948 3294 1180 3379 sapientissimi
1199 3296 1256 3363 de·

131 3404 208 3471 bere
231 3420 302 3469 esse
321 3402 595 3477 ordinatissimos,
616 3410 647 3469 et
667 3402 707 3467 ad
726 3382 868 3485 aliquem
895 3401 996 3469 tinem
1017 3411 1143 3469 rectum
1170 3402 1255 3469 dire·

131 3521 215 3579 ctos.
236 3508 269 3577 Si
287 3528 366 3594 ergo
384 3528 424 3575 ex
442 3508 612 3577 effectibus
628 3510 743 3575 creatis
755 3509 910 3575 ostendas
928 3508 1135 3577 existentiam
1148 3528 1254 3595 causae

133 3617 263 3701 primae,
284 3635 321 3682 ac
339 3616 455 3683 deinde
475 3634 541 3682 non
565 3618 633 3703 jam
654 3636 694 3683 ex
712 3616 885 3683 existentia
909 3634 1018 3683 causae
1045 3598 1175 3701 printae,
1195 3617 1254 3685 sed

131 3744 174 3791 ex
197 3724 347 3811 ejusdem
376 3723 500 3789 infinita
527 3723 700 3808 sapientia,
723 3724 841 3808 probes
859 3723 1008 3791 ordinem
1033 3724 1252 3800 mundanum,

132 3850 246 3899 revera
265 3850 331 3897 non
351 3831 438 3897 idem
454 3849 511 3916 per
530 3830 616 3897 idem
636 3830 765 3917 probas:
789 3850 848 3897 nec
862 3831 1030 3897 conclusio
1048 3841 1081 3897 et
1099 3830 1254 3917 principia

132 3947 212 4005 sunt
230 3939 293 4005 sub
310 3939 424 4005 eadem
446 3939 568 4007 ratione
589 3937 693 4024 magis
720 3948 754 4003 et
777 3939 887 4005 minus
907 3947 996 4006 nota.
1016 3937 1153 4006 Nullum
1172 3957 1253 4025 ergo

131 4045 250 4113 vitium
267 4056 317 4112 est
332 4046 364 4111 in
385 4046 572 4131 hujusmodi
591 4046 885 4131 argumentatione.

200 4158 431 4221 Condi-matur
450 4152 639 4220 auctoritate
659 4152 858 4231 Aristotelis,
888 4152 945 4237 qui
971 4171 1037 4219 non
1065 4153 1170 4219 sernel
1192 4152 1254 4219 cir·

132 4262 247 4327 culum
264 4260 449 4347 hujusmodi
470 4278 549 4346 pure
568 4260 766 4327 materialem
785 4260 933 4330 adhibuit
951 4260 984 4327 in
998 4254 1260 4331 demonstratio,

169 4534 209 4596 (r)
246 4526 342 4586 Mauri
358 4526 427 4585 ibid.
444 4525 506 4585 cte.
522 4525 555 4585 S.
570 4526 675 4586 Thom.
690 4540 719 4587 et
733 4526 782 4585 alil
793 4526 1057 4594 Commentatores,
1073 4525 1147 4587 ibid.

169 4620 211 4689 (2)
247 4617 323 4675 Fuse
339 4616 375 4675 dc
395 4617 449 4675 hac
463 4630 544 4689 parte
557 4616 689 4689 disputat
711 4618 745 4675 P.
768 4616 896 4677 Cosmus
913 4614 1070 4677 Alemanni
1085 4615 1117 4675 in
1135 4616 1256 4677 Stemma

129 4710 248 4769 Ptrtos.
265 4705 363 4765 Prima
375 4719 462 4780 part,
481 4720 584 4778 quaest.
600 4726 644 4776 22,
655 4726 682 4765 a.
695 4727 719 4765 a.
