3492 5525
273 444 390 510 Aarrc.
406 460 469 528 4⁰⁸
483 444 605 511 Urauu
620 444 702 509 Loo.
717 462 769 510 sta
786 464 928 511 specui..
943 464 986 526 aa
999 464 1113 511 annea.
1140 464 1217 529 ¹¹⁰9

126 622 246 691 tradat.
279 623 351 708 lpsa
383 625 482 691 etiam
516 624 690 693 dictamina
722 625 859 709 practica
890 645 1022 706 morum
1055 628 1255 697 universalia

124 738 221 807 sunt,
243 739 295 799 ut:
313 732 435 799 Vitium
453 731 712 817 estfugiendum,
730 735 823 817 Quod
840 733 898 800 tibi
903 735 983 820 ficri
999 753 1062 801 non
1076 736 1142 813 uis,
1158 726 1255 803 alteri

122 855 163 903 nc
171 836 290 923 seceris
304 836 368 927 (1).
385 839 467 907 Vide
482 838 517 907 S.
535 838 697 906 Thomam
718 849 939 925 exponentem
957 861 1034 910 curn
1055 843 1252 917 Aristotele,

122 946 292 1029 quomodo
311 964 364 1015 ars
381 948 621 1031 contempletur
634 947 799 1033 objectum
817 948 1021 1028 universale,
1039 958 1072 1017 et
1085 933 1254 1036 quomodo

123 1072 182 1137 per
199 1054 262 1122 hoc
281 1054 500 1141 distinguatur
518 1056 559 1123 ab
579 1055 804 1139 experimento
822 1054 887 1145 (a).
1050 1059 1053 1065 “

168 1167 276 1245 Objic.
306 1170 357 1230 8.⁰
402 1162 578 1249 Objectum
606 1162 729 1249 Logicae
754 1182 820 1229 non
846 1175 897 1231 est
924 1166 1043 1250 aliquid
1068 1166 1243 1251 operabile.

124 1270 209 1354 Ergo
230 1286 294 1336 non
316 1280 365 1337 est
384 1268 521 1355 practica
541 1269 686 1338 scientia.

191 1382 295 1446 Prob.
316 1386 422 1444 antec.
439 1379 522 1445 Nam
538 1379 704 1461 objectum
726 1378 849 1463 Logica
868 1389 920 1445 est
938 1380 1058 1463 aliquid
1077 1384 1247 1467 cognitum

122 1492 157 1550 et
176 1484 356 1552 universale
377 1496 408 1550 et
428 1486 579 1552 secundae
599 1484 800 1564 intentionis.
822 1486 922 1569 Atqui
949 1506 1055 1571 neque
1079 1489 1246 1574 objectum

122 1594 155 1657 in
176 1592 367 1669 universali,
390 1612 448 1658 nec
476 1592 507 1659 in
537 1601 625 1657 statu
651 1592 769 1677 cogniti
797 1604 850 1659 aut
877 1596 1031 1662 secundae
1058 1598 1247 1663 intentionis

122 1708 172 1767 est
188 1699 309 1783 aliquid
329 1702 503 1784 operabile.
525 1700 650 1785 Ergo...
670 1698 721 1786 (3)

191 1816 296 1893 Resp.
318 1828 389 1891 neg.
410 1819 515 1877 antec.

192 1916 244 1981 Ad
264 1917 393 2000 probat.
413 1916 489 1983 dist.
510 1917 629 1983 Minor.
652 1917 826 2002 Objectum
842 1917 875 1983 in
898 1919 1070 1984 universali
1096 1929 1158 1985 etc.
1180 1939 1245 1990 non

124 2032 176 2090 est
194 2023 358 2107 operabile
377 2024 553 2090 formaliter
583 2033 616 2090 et
635 2024 878 2108 reduplicative.
907 2044 1008 2102 conc„
1038 2027 1186 2093 absolute
1214 2044 1246 2092 et

122 2131 308 2204 secundum
335 2130 383 2209 id,
415 2131 503 2214 quod
532 2132 701 2217 subjicitur
719 2133 832 2197 formae
860 2132 1110 2201 universalitatis
1139 2145 1171 2199 et
1191 2153 1247 2218 per

123 2240 243 2308 mentis
272 2238 522 2305 abstractionem
551 2239 707 2323 reperitur
733 2238 766 2303 in
787 2246 873 2307 statu
901 2241 1022 2325 cogniti
1042 2250 1074 2309 et
1093 2242 1245 2313 secundae

120 2346 329 2421 intentionis,
351 2364 422 2430 neg.
966 2418 970 2430 ,

191 2454 353 2519 Caeterum
374 2454 399 2519 si
420 2462 652 2538 argumentum
667 2454 803 2531 valeret,
822 2455 911 2520 nulla
930 2454 996 2519 dari
1017 2466 1128 2540 posset
1143 2457 1246 2523 scien·

120 2562 164 2628 tia
186 2563 320 2645 practica
338 2571 371 2627 et
390 2580 458 2635 ars,
481 2561 602 2645 quippe
626 2578 699 2643 quae
729 2561 895 2647 objectum
921 2565 1184 2647 contemplantur
1211 2566 1243 2630 ln

120 2668 307 2736 universali.
325 2666 450 2733 Revera
470 2668 613 2733 Medicus
631 2668 814 2734 considerat
840 2686 959 2753 corpus
984 2680 1020 2735 ut
1044 2671 1186 2736 sanabile
1211 2673 1244 2737 in

119 2795 257 2864 genere;
278 2784 440 2867 ettamen
461 2794 527 2842 non
555 2775 672 2843 desinit
699 2777 857 2860 respicere
884 2778 1048 2863 objectum
1067 2780 1242 2863 operabile,

121 2885 195 2952 licet
215 2893 354 2967 nequeat
372 2885 474 2950 curari
492 2901 613 2968 corpus
633 2883 664 2949 in
684 2901 818 2968 genere,
842 2903 901 2948 nec
924 2905 979 2968 per
1008 2886 1183 2952 medicinas
1211 2890 1242 2952 in

121 2991 304 3062 universali.
329 2993 372 3056 lta
392 3009 470 3077 ergo
489 2990 605 3076 Logica
625 2998 823 3074 potestesse
843 2991 975 3059 scientia
995 2994 1146 3076 practica,
1168 2995 1244 3077 quia

120 3101 260 3166 intendit
278 3100 486 3166 introducere
505 3099 536 3163 in
555 3109 646 3164 actus
666 3098 848 3172 intellectus
859 3098 938 3163 illud
948 3099 1132 3177 artificium,
1154 3103 1243 3185 quod

120 3211 153 3276 in
173 3227 293 3294 genere
312 3195 508 3274 considerat.

187 3322 304 3384 Dices.
326 3313 511 3382 artificium
532 3313 612 3378 illud
630 3320 681 3378 est
694 3331 752 3379 ens
768 3313 917 3390 rationis,
932 3315 1023 3397 quod
1039 3316 1116 3381 nihil
1131 3335 1244 3402 reapse

119 3437 181 3494 est.
204 3425 305 3508 Atqui
325 3425 402 3490 nihil
424 3441 488 3491 non
509 3430 560 3488 est
577 3420 752 3505 operabile.
772 3421 898 3506 Ergo...

187 3539 293 3615 Resp.
310 3533 400 3608 dato,
421 3529 512 3612 quod
530 3529 573 3595 sit
591 3547 650 3594 ens
669 3527 817 3604 rationis,
843 3528 884 3594 de
903 3548 969 3613 quo
988 3548 1075 3613 nunc
1095 3551 1161 3599 non
1180 3533 1245 3600 dis·

121 3649 293 3726 putamus,
324 3638 403 3704 illud
432 3645 483 3702 est
509 3655 585 3702 vere
607 3634 735 3712 scibile,
753 3637 847 3720 juxta
871 3637 1089 3720 adversarios3
1110 3658 1190 3725 ergo
1211 3652 1244 3708 et

121 3767 197 3814 vere
212 3747 375 3831 operabile
390 3745 499 3828 aliquo
515 3744 615 3808 modo
632 3751 739 3827 potest
756 3759 842 3810 esse.
869 3745 1026 3812 Praeterea
1044 3744 1146 3812 «licet
1165 3746 1242 3814 nihil

119 3857 179 3931 sit,
197 3873 258 3922 suo
279 3854 380 3920 modo
398 3861 448 3918 est
461 3849 630 3935 possibile,
651 3858 684 3915 et
700 3850 816 3934 Logica
829 3859 902 3916 toto
915 3861 1035 3920 conatu
1054 3864 1144 3923 curat
1158 3855 1243 3922 illius

121 3961 316 4048 positionem
337 3962 438 4026 instar
452 3959 565 4024 formae
578 3956 778 4033 artificiosae,
796 3968 832 4025 ut
847 3960 963 4026 volunt
976 3960 1171 4039 Thomistae,
1188 3964 1243 4047 qui

121 4077 292 4154 propterea
312 4067 534 4154 cognitionem
555 4065 734 4149 fingentem
754 4065 841 4130 entia
866 4066 1014 4145 rationis,
1035 4077 1152 4135 vocant
1169 4089 1244 4154 quo·

120 4179 287 4244 dammodo
300 4175 474 4258 practicam
491 4175 524 4239 et
536 4171 705 4258 effectivam
723 4171 824 4238 instar
845 4172 1066 4243 aedificationis
1084 4173 1148 4264 (4).
1174 4178 1243 4244 l·loc

157 4375 198 4446 (1)
235 4370 365 4430 Leucada
375 4413 382 4442 ,
394 4369 448 4428 loc.
464 4369 512 4426 eit.
528 4387 559 4426 n.
575 4383 619 4439 24.

157 4467 198 4528 (a)
236 4461 301 4520 Lib.
321 4455 593 4532 1.·Meeapl.,lect.
613 4475 643 4524 r,
660 4475 775 4529 paragr.
789 4477 814 4532 p
826 4470 854 4516 et
867 4458 896 4516 Ιι.

157 4557 198 4625 (3)
237 4550 301 4610 Cir.
316 4549 452 4619 Joann.a
468 4545 501 4605 S.
517 4545 635 4611 Thoar..
651 4545 704 4604 loc.
718 4544 765 4604 cit.
780 4549 930 4616 Fundam„
947 4549 1079 4622 aptiori.

155 4645 199 4715 (4)
236 4639 312 4698 Vide
334 4638 446 4712 colleg.
463 4635 495 4695 S.
519 4633 649 4694 Thomae.
673 4631 835 4708 complue..
860 4657 889 4712 q.
909 4659 933 4711 ι,
955 4653 1011 4699 art.
1034 4660 1061 4709 a,
1084 4659 1199 4716 paragr.
1217 4660 1242 4716 ς,

122 4752 153 4792 n.
175 4751 234 4800 ιη.
500 4768 505 4780 ·
