3492 5525
555 458 611 543 588
671 462 794 526 Loorca
810 462 1040 535 MuJoa-Lia.
1060 477 1127 540 1.¹¹⁸,
1144 460 1232 529 Drse.
1247 476 1293 547 4.·
1308 461 1385 527 Can.
1406 478 1475 526 anm

500 653 612 711 natura
630 655 663 711 et
681 645 931 731 proprietatibus
949 647 1096 732 ejusdem
1126 648 1245 715 interni
1269 648 1359 724 iacti,
1385 650 1476 733 quod
1499 668 1631 716 omnes

500 772 592 837 aeque
611 754 692 821 intra
710 773 746 819 se
761 755 972 837 experiuntur
985 753 1049 839 ope
1065 754 1284 831 conscientia,
1300 755 1436 821 diversae
1455 755 1630 823 interdum

500 860 639 930 existant
667 862 838 929 hominurn
872 863 1044 946 opiniones
1070 881 1106 927 ac
1135 862 1264 943 judicia.
1295 864 1332 927 Et
1350 863 1423 929 ideo
1450 864 1549 929 etiam
1581 885 1628 931 ex

499 968 645 1055 Angelici
663 970 807 1036 doctrina
816 1022 826 1057 ³.
846 970 998 1054 quamvis
1020 970 1150 1037 scientia
1166 974 1205 1036 de
1223 971 1343 1037 Auium
1370 975 1419 1037 est
1432 972 1626 1051 cerastim,

498 1080 581 1161 quod
596 1078 807 1163 unusquisque
824 1078 987 1161 experitur
1006 1096 1040 1143 se
1058 1078 1197 1143 aninum
1215 1080 1336 1155 habere,
1357 1082 1492 1145 eluctus
1509 1080 1632 1147 animae

399 1216 402 1223 ,
497 1184 559 1249 siln'
574 1203 638 1251 esse
641 1207 656 1268 ;
669 1188 724 1251 sed
735 1204 926 1270 cogrwsceae,
941 1186 1020 1271 quid
1031 1186 1076 1251 sit
1086 1186 1206 1262 aniuu,
1227 1186 1478 1269 difficilassimum
1496 1192 1547 1253 est
1558 1185 1625 1276 (ι).

463 1418 465 1423 ,
548 1363 620 1427 114.
670 1348 860 1414 Proposmo
875 1354 922 1415 6.·
935 1352 1151 1433 Quamquam
1163 1353 1249 1414 ratio
1260 1356 1413 1415 humana
1423 1371 1519 1431 saepe
1530 1354 1627 1415 falla·

497 1466 570 1532 tur,
591 1459 661 1521 falli
678 1469 796 1522 tamen
813 1461 957 1521 omnino
976 1461 1113 1539 nequit,
1129 1462 1161 1522 si
1180 1478 1282 1522 veras
1295 1469 1452 1522 assumat
1463 1462 1627 1539 pramis·

374 1578 378 1585 ·
497 1584 572 1639 aas,
596 1576 775 1646 rectasque
796 1576 915 1630 servet
937 1567 1201 1647 argumentandi
1224 1569 1355 1630 formae
1380 1569 1416 1628 in
1439 1568 1627 1631 Dialectica
1737 1621 1738 1682 ἦ

497 1675 587 1737 tradi
605 1675 736 1757 solitas.

564 1836 681 1898 Prima
693 1853 786 1915 pars.
807 1830 944 1897 Constat
958 1830 1168 1915 experientia.
1185 1831 1224 1897 Et
1236 1831 1391 1899 suadetur
1410 1832 1526 1907 etiam,
1547 1833 1626 1914 quia

498 1939 602 2005 multa
621 1946 796 2004 occurrunt
819 1940 941 2025 passim
966 1958 1112 2005 errorum
1137 1939 1277 2023 pericula
1293 1938 1425 2014 rationi,
1441 1940 1561 2023 partim
1582 1959 1626 2005 ex
1737 1999 1739 2020 p

498 2045 661 2113 erroribus
680 2046 816 2113 aliarum
834 2048 1042 2123 factitatum,
1063 2057 1204 2130 quarum
1225 2054 1316 2112 actus
1331 2047 1509 2131 praecedere
1528 2048 1626 2113 ratio·
1737 2051 1738 2142 l

499 2151 549 2219 nis
568 2165 676 2220 actum
697 2172 830 2221 necesse
849 2163 915 2232 est,
936 2154 1054 2239 partim
1074 2174 1116 2221 ex
1134 2173 1189 2230 eo,
1211 2154 1300 2238 quod
1318 2155 1389 2239 ipsa
1408 2173 1475 2219 non
1489 2172 1625 2239 semper
1737 2211 1738 2224 ,

498 2260 576 2326 satis
590 2260 713 2347 vigilet,
730 2274 765 2328 ut
780 2261 948 2328 discursus
961 2280 1039 2327 suos
1051 2261 1162 2347 exigat
1174 2263 1214 2327 ad
1230 2280 1379 2328 normam
1395 2268 1483 2329 recte
1498 2262 1627 2327 ratioci-

498 2369 608 2435 nandi.
626 2370 719 2436 Unde
734 2388 875 2454 pronum
895 2379 958 2447 est,
974 2378 1011 2435 ut
1028 2388 1116 2454 saepe
1131 2370 1163 2437 in
1180 2371 1288 2453 plures
1307 2368 1468 2455 impingat
1484 2388 1623 2435 errores.

565 2482 722 2545 Secunda
738 2500 829 2561 para.
847 2477 950 2544 Etiam
967 2495 1024 2560 per
1038 2496 1073 2542 se
1089 2485 1190 2561 patet.
1207 2477 1290 2543 Nam
1301 2486 1395 2542 actus
1409 2475 1559 2562 proprius
1577 2496 1625 2541 ra·

466 2620 471 2629 ·
498 2585 665 2651 tionisest
685 2586 867 2665 discursus;
890 2603 978 2649 error
996 2584 1118 2650 veroin
1135 2585 1318 2651 discursum
1339 2584 1476 2668 irrepere
1495 2586 1622 2669 nequit,

500 2692 558 2759 nisi
587 2694 638 2758 vel
665 2712 705 2758 ex
735 2702 824 2778 parte
851 2690 1012 2771 materiae,
1041 2690 1194 2757 nimirum
1222 2692 1481 2777 praemissarum‚
1508 2694 1625 2757 velex

499 2809 587 2886 parte
618 2803 731 2866 iormae
764 2801 1031 2887 argumentandi,
1066 2802 1117 2865 vel
1149 2801 1291 2884 denique
1323 2819 1364 2865 ex
1396 2800 1509 2868 innato
1540 2800 1623 2866 vitio

499 2909 646 2993 ejusdem
671 2909 842 2975 facultatis.
868 2907 953 2973 Cum
979 2927 1056 2993 ergo
1083 2908 1236 2974 ultimum
1261 2907 1388 2974 admitti
1415 2917 1556 2991 nequeat
1582 2927 1625 2974 ex

499 3015 591 3080 dictis
620 3016 652 3081 in
680 3015 784 3100 prima
810 3016 1047 3100 propositione,
1070 3015 1231 3099 reliquum
1258 3024 1323 3091 est,
1344 3025 1382 3081 ut
1400 3015 1427 3081 si
1452 3034 1537 3080 verae
1556 3015 1624 3081 sint

499 3122 674 3207 praemissa
692 3125 732 3188 ad
759 3123 1021 3190 concludendum
1050 3132 1246 3208 assumpta,
1276 3123 1444 3206 formaque
1475 3123 1624 3208 legitima

498 3232 679 3296 secundum
696 3251 748 3307 ea,
766 3251 840 3315 quae
858 3232 1017 3298 declarata
1032 3243 1064 3296 et
1083 3234 1217 3315 probata
1236 3239 1371 3296 manent
1384 3231 1417 3297 in
1435 3229 1618 3306 Dialectica,

499 3336 601 3424 decipi
626 3340 716 3405 nullo
735 3341 836 3405 modo
855 3347 955 3423 queat
974 3339 1053 3404 ratio
1077 3340 1111 3404 in
1129 3337 1198 3405 suis
1217 3335 1500 3424 deductionibus(
1525 3336 1554 3424 ).

866 3599 1166 3675 ARTICULUS
1189 3600 1255 3676 ΠΙ.

760 3749 1016 3816 Solvuntur
1054 3749 1359 3814 difficultates.

598 3926 616 4018 ς
635 3927 845 3994 l.-Courm
863 3943 1081 3993 vamcrmneu
1099 3943 1292 3994 urrunnun
1311 3945 1519 3997 excutrxruu

801 4049 1102 4102 coouoscmvanuu
1119 4051 1312 4101 oeuemnu.

551 4216 623 4284 ¹¹5·
672 4201 779 4278 objie.
798 4205 844 4262 ιθ
858 4196 974 4261 Allatae
988 4193 1021 4260 in
1037 4196 1229 4279 praecedenti
1246 4196 1380 4263 articulo
1391 4197 1624 4281 explicationes
1737 4180 1738 4183 ¹

503 4326 570 4373 non
589 4307 696 4372 solum
722 4323 787 4370 non
807 4312 887 4370 sunt
914 4296 1147 4369 veri'nominis
1170 4303 1484 4381 demonstrationes,
1505 4316 1542 4372 ut
1561 4325 1623 4372 nos

503 4415 563 4499 ipsi
598 4411 839 4486 concessimus
873 4411 932 4476 sed
966 4429 1071 4493 neque
1102 4411 1198 4477 etiam
1237 4411 1403 4495 quidpiam
1435 4414 1546 4477 valent
1581 4415 1624 4478 ad
1737 4424 1738 4435 ¹

538 4577 578 4638 (ι)
615 4570 648 4628 S.
663 4571 826 4638 Thom.,de
840 4569 987 4642 Veril.‚q.
1003 4589 1044 4638 ιο,
1060 4570 1125 4640 a.8‚
1140 4570 1625 4644 ad8.¹¹,eorumquoeincoulra·
1737 4590 1739 4603 ’

465 4723 467 4730 ,
503 4665 623 4720 riorum.
640 4659 702 4718 Cir.
719 4660 769 4718 lib.
786 4681 810 4728 ι,
825 4661 859 4717 de
871 4659 1058 4728 Auim.,lect.
1073 4681 1084 4717 1
1097 4659 1181 4718 initio
1192 4674 1221 4717 et
1230 4679 1347 4734 paragr.
1362 4662 1389 4718 d.

538 4757 578 4816 (a)
616 4747 691 4807 Vide
706 4747 739 4807 S.
750 4749 868 4818 Thom,
883 4750 917 4807 de
936 4748 1037 4818 Veni,
1051 4768 1083 4819 q.
1101 4770 1129 4819 1,
1144 4769 1170 4806 a
1191 4768 1222 4806 ra
1236 4749 1287 4806 fin.
