3492 5525
229 468 348 535 Anno.
363 480 424 551 4¹¹·
438 466 560 535 utam
573 484 708 543 oaJacr.
725 466 862 537 Locroe
877 482 1007 535 err-eus
1021 486 1096 535 aar.
1121 486 1195 553 1¹4¹
1237 562 1241 572 .

109 650 281 728 rectitudo,
310 668 385 738 quae
410 652 486 719 artis
501 651 621 739 regulis
646 651 795 738 objicitur
821 661 858 719 ut
882 653 1043 735 factibilis,
1070 663 1103 721 et
1128 652 1235 721 uocari

107 761 207 829 etiam
222 760 307 828 solet
323 760 496 848 artificium
515 759 773 831 fundamentale.

175 866 260 935 Nam
278 886 345 935 vox
363 867 548 955 artificium,
570 874 608 935 ut
625 868 722 935 etiam
740 868 939 953 ortesocfum,
959 869 1070 937 stricte
1099 877 1236 956 sumpta

107 960 267 1043 connotat
288 974 366 1042 artis
392 976 618 1058 directionem3
650 994 751 1061 quare
779 975 866 1044 idem
895 994 1011 1044 sonare
1038 975 1168 1045 videtur
1196 997 1234 1044 ac

107 1102 194 1169 opus
213 1087 287 1151 aede
308 1084 472 1161 directum,
498 1084 688 1169 regnintum,
712 1085 850 1168 posim
878 1103 949 1152 cum
973 1085 1169 1153 adraenfia
1192 1087 1235 1151 od

107 1194 230 1277 regulas
247 1192 340 1268 erlis,
362 1192 414 1258 vel
433 1191 557 1258 habens
585 1192 797 1259 directionem
823 1193 989 1278 passivam
1017 1194 1052 1260 in
1079 1200 1155 1261 actu
1183 1212 1235 1261 se·

106 1300 228 1367 cundo.
245 1301 401 1385 importat
415 1318 494 1385 ergo
509 1299 686 1366 formaliter
700 1300 1001 1368 denominationem
1016 1300 1234 1369 extrinsecam

107 1429 126 1473 a
145 1408 342 1493 praelucente
361 1409 471 1494 regula
499 1415 536 1473 ut
555 1428 573 1473 a
592 1408 711 1478 forma.
732 1408 770 1473 Et
787 1409 857 1475 haec
877 1408 1102 1477 denominatio
1119 1408 1247 1477 dicitur
1266 1422 1271 1437 '

106 1516 419 1604 artificiumsormale
430 1519 463 1583 et
474 1515 696 1609 extrinsecum.
712 1516 810 1594 Quod
824 1517 850 1583 si
865 1516 998 1601 praecise
1012 1515 1235 1584 consideretur

107 1624 281 1691 intrinseca
295 1623 456 1691 rectitudo
475 1624 584 1709 operis
603 1642 694 1691 exse
713 1625 828 1710 digna,
845 1643 921 1710 quae
939 1623 981 1699 ab
998 1633 1066 1691 arte
1080 1625 1234 1702 dictetur,

108 1734 154 1800 sic
173 1732 290 1801 dicitur
306 1732 478 1819 arteficium
487 1730 743 1817 sundomntaie.
764 1732 817 1800 Sic
836 1741 928 1800 actus
941 1733 1064 1800 animi
1081 1732 1236 1799 rationale

110 1840 236 1908 elicitus
254 1840 295 1906 ab
312 1838 426 1925 ignaro
447 1840 587 1927 logicae,
603 1841 655 1906 vel
675 1842 746 1907 sine
760 1840 942 1908 attentione
955 1840 996 1908 ad
1011 1842 1154 1927 regulas,
1168 1858 1235 1907 nort

109 1957 160 2015 est
188 1948 363 2015 formaliter
381 1947 561 2014 extrinsece
586 1946 790 2026 artificiosus,
817 1967 894 2015 cum
921 1967 988 2015 non
1017 1948 1176 2035 dirigatur
1193 1946 1235 2013 ab

108 2070 176 2123 arte
213 2057 421 2141 praelucente3
451 2064 501 2122 est
531 2063 643 2122 tamen
676 2055 849 2123 intrinsece
886 2065 919 2123 et
950 2054 1235 2123 fundamentaliter

108 2163 319 2242 artificiosus,
344 2164 428 2249 quia·
444 2163 542 2229 habet
569 2172 674 2231 totam
698 2162 944 2241 rectitudinem,
965 2182 1066 2248 quam
1091 2161 1235 2249 praescri-

107 2274 224 2339 berent
242 2273 363 2357 regulae
382 2270 466 2337 bene
485 2270 678 2346 deliniendi,
699 2272 725 2337 si
741 2280 815 2338 actu
835 2270 1077 2340 adhiberentur.

176 2379 300 2447 Verum
320 2377 397 2465 quia
417 2378 538 2463 passim
557 2377 727 2465 artificium
743 2378 934 2465 simpliciter
952 2379 1078 2446 dictum
1094 2377 1237 2447 sumitur

108 2507 168 2575 pro
196 2487 387 2564 intrinseco,
409 2504 468 2553 seu
499 2505 558 2571 pro
587 2486 781 2553 rectitudine
799 2486 877 2568 ista;
909 2486 1026 2553 idcirco
1053 2494 1146 2556 actus
1168 2487 1233 2563 ille,

107 2596 193 2665 sicut
219 2602 270 2661 est
298 2593 477 2660 formaliter
505 2580 553 2659 ac'
570 2596 665 2679 plene
689 2603 814 2673 rectus,
846 2594 891 2661 ita
916 2604 967 2662 est
995 2592 1172 2662 formaliter
1198 2612 1236 2661 ac

107 2706 205 2789 plene
223 2700 432 2779 artificiosus,
453 2701 606 2786 quamvis
624 2701 666 2769 ab
684 2710 750 2769 arte
770 2720 837 2770 non
854 2702 989 2788 prodeat
1008 2700 1060 2769 iric
1079 2711 1112 2770 et
1131 2720 1233 2772 nunc.

107 2813 219 2896 Atque
242 2813 305 2878 hoc
333 2829 432 2878 sensu
452 2809 607 2894 accipitur
625 2811 657 2876 in
677 2809 827 2895 praesenti
848 2809 1031 2894 quaestione
1048 2810 1230 2898 artificium,

107 2929 207 3005 prout
225 2917 375 2986 videlicet
394 2917 482 2984 idem
501 2928 551 2985 est
577 2936 615 2984 ac
637 2918 765 3003 passiva
789 2916 924 2985 directio
947 2917 981 2984 in
1010 2925 1085 2984 actu
1112 2917 1232 3001 primo,

106 3046 169 3095 seu
199 3025 404 3112 dirigibilitas
432 3025 606 3111 objectiva;
634 3026 685 3092 vel
713 3026 849 3105 clarius,
879 3035 975 3111 prout
1005 3032 1056 3092 est
1082 3025 1169 3092 idem
1197 3044 1235 3092 ac

107 3133 268 3202 rectitudo
296 3151 399 3200 exse
427 3132 526 3218 digna
554 3134 664 3200 labore
691 3135 784 3210 artis,
815 3141 847 3199 et
875 3151 976 3218 quam
1004 3151 1057 3200 ars
1076 3130 1231 3219 praecipit,

107 3245 188 3311 dum
208 3242 300 3309 adest
313 3238 379 3330 (t).

175 3351 271 3418 llisce
307 3349 513 3436 praenotatis,
552 3351 714 3416 sententia
750 3357 801 3416 est
838 3348 1113 3417 communissima
1149 3348 1234 3416 inter
1247 3365 1448 3415 summme

109 3466 239 3526 nostros
261 3455 436 3534 Auctores,
461 3464 611 3524 statuens
634 3466 727 3524 actus
745 3457 833 3543 ipsos
853 3457 1006 3523 formales
1024 3448 1232 3542 cognitionis,
1321 3438 1381 3485 ¹⁸¹¹*

107 3585 233 3650 eosque
252 3573 348 3651 prout
367 3572 453 3631 recte
471 3572 505 3630 et
522 3563 694 3632 artificiose
713 3565 953 3650 disponendos,
974 3582 1046 3630 esse
1066 3565 1233 3652 objectum

108 3675 244 3741 formale
268 3671 394 3757 Logicae
416 3670 477 3748 ita,
499 3680 536 3738 ut
563 3671 722 3738 rectitudo
741 3672 793 3738 vel
812 3671 983 3739 artificium
1006 3669 1047 3740 sit
1072 3670 1152 3738 ratio
1171 3672 1234 3740 for-

108 3782 202 3848 malis
219 3781 278 3847 sub
295 3798 357 3866 qua
377 3779 493 3865 Logica
508 3780 714 3864 operationes
728 3779 963 3847 intellectuales
976 3779 1230 3862 contemplatur.

107 3888 242 3957 Certum
263 3905 406 3971 namque
425 3896 476 3953 est
494 3887 700 3972 operationes
719 3887 952 3954 intellectuales
970 3887 1153 3955 secundum
1175 3907 1232 3954 na·

107 4009 215 4065 turam
230 4015 325 4064 suam
342 4003 505 4080 spectatas
524 3995 683 4080 pertinere
706 3996 747 4062 ad
769 3993 1065 4062 considerationem
1088 3993 1233 4065 scientiae

107 4107 146 4170 de
163 4103 295 4188 Anima.

174 4211 218 4276 At
235 4211 393 4297 quoniam
413 4209 617 4296 operationes
636 4210 869 4280 intellectuales
888 4221 954 4280 trec
972 4223 1067 4289 sunt,
1087 4214 1233 4299 simplex
1304 4229 1390 4289 erqo·

107 4309 345 4406 apprehensio,
364 4318 524 4405 judicium
544 4327 577 4385 et
599 4317 782 4396 discursus,
803 4327 854 4386 est
867 4318 975 4404 aliqua
994 4319 1131 4389 varietas
1148 4321 1233 4388 inter
1272 4299 1422 4418 ‘'gfff‘'

109 4436 266 4512 patronos
285 4427 385 4514 hujus
403 4425 573 4495 sententiae
592 4427 625 4493 in
640 4425 834 4512 judicando,
851 4445 932 4494 num
950 4445 1068 4496 omnes
1086 4428 1147 4498 illae
1166 4437 1233 4497 tres
1325 4457 1409 4563 a·

1285 4529 1328 4574 exp
1402 4530 1417 4562 ι.

143 4681 184 4744 (ι)
222 4675 331 4736 Omnia
345 4676 407 4735 haee
420 4673 478 4735 fere
491 4675 658 4736 adverbum
672 4674 827 4749 desumpta
841 4689 912 4736 sunt
924 4695 961 4736 cx
973 4675 1008 4734 P.
1022 4674 1163 4750 Leontio,
1177 4677 1231 4739 loc.

108 4766 172 4836 cit.,
189 4764 266 4839 disp.
278 4785 310 4838 2,
327 4785 390 4839 cap.
406 4787 434 4840 7,
450 4765 531 4848 Quiri
543 4773 587 4827 esi
598 4763 758 4839 artificium
771 4773 854 4826 celtes
877 4767 1061 4837 intellectio,
1077 4786 1108 4828 n.
1140 4767 1233 4840 13-16.
