3492 5525
528 434 585 501 bor
640 437 767 505 Lourca
784 440 1019 515 Maron-Lm.
1037 458 1104 506 ω’.
1122 442 1214 507 Drsn.
1228 456 1274 527 4·
1289 442 1370 544 (Jar.
1386 457 1458 507 ψ

555 622 715 691 Nimirum
745 644 844 692 nemo
863 636 930 704 est,
951 627 1007 711 qui
1027 630 1166 705 nesciat,
1191 638 1354 712 quantum
1381 628 1509 695 distent
1530 628 1621 694 inter

488 748 561 797 sese
580 732 687 797 videre
705 730 864 810 Romam,
881 745 913 802 et
925 736 997 820 ejus
1011 734 1264 819 descriptionem
1278 736 1402 811 audire,
1419 737 1473 801 vel
1489 736 1615 820 legere3

488 838 632 905 dolorem
661 842 819 925 amputati
848 842 986 909 membri
1014 842 1151 919 sentire,
1178 851 1277 926 atque
1293 844 1387 909 illum
1407 860 1449 909 cx
1481 842 1617 908 alterius

398 1018 400 1023 .
488 946 666 1012 narratione
697 966 910 1034 cognoscere3
944 949 1093 1015 assentiri
1128 934 1331 1016 concursioni
1370 950 1421 1015 vel
1456 949 1616 1015 doctrinae

487 1051 596 1129 alicui,
626 1054 701 1138 quia
721 1054 764 1121 ita
782 1056 991 1123 sentiendum
1021 1075 1093 1123 esse
1123 1056 1267 1141 praecipit
1297 1055 1456 1142 magister
1484 1058 1536 1122 vel
1565 1058 1618 1123 vir

487 1160 619 1238 doctus,
649 1170 681 1227 et
709 1164 858 1228 eamdem
883 1164 1036 1248 amplecti
1060 1183 1101 1229 ex
1127 1164 1511 1250 propriapersuasione,
1539 1173 1616 1249 post

489 1267 547 1334 rite
575 1279 742 1354 perceptas
769 1290 805 1335 ac
833 1279 1017 1355 penetratas
1045 1271 1203 1348 rationes,
1233 1272 1355 1355 quibus
1381 1271 1503 1338 veritas
1528 1271 1617 1337 illius

489 1376 629 1444 fulcitur.

331 1503 417 1560 orare:
557 1483 600 1549 Ut
618 1502 695 1549 vero
716 1485 784 1571 jam
813 1486 947 1570 propius
975 1494 1122 1551 naturam
1151 1485 1226 1553 lidei
1249 1487 1472 1571 attingamus,
1503 1504 1612 1553 unum

283 1574 468 1701 dmffiffih
489 1599 565 1656 ante
582 1592 693 1657 omnia
712 1602 861 1658 notatum
883 1594 998 1659 velim:
1019 1593 1136 1660 infide
1161 1594 1325 1677 duplicem
1343 1594 1614 1679 distinguendam

346 1718 396 1763 uae.
488 1716 559 1765 esse
578 1698 817 1775 habitudinem,
839 1701 973 1766 alteram
993 1702 1035 1766 ad
1054 1720 1122 1767 rem
1137 1720 1196 1767 seu
1215 1701 1395 1787 objectum,
1411 1702 1498 1785 quod
1510 1700 1616 1765 credi-

487 1816 557 1883 tur,
578 1808 710 1873 alteram
730 1808 770 1872 ad
789 1816 908 1873 testem
928 1810 978 1874 vel
998 1808 1226 1875 testimonium
1246 1808 1349 1893 ipsius
1372 1826 1543 1891 personae,
1562 1808 1618 1873 cui

486 1915 538 1981 vel
552 1918 682 1997 propter
698 1918 782 1999 quod
800 1934 849 1981 res
867 1915 1023 1998 creditur3
1042 1916 1185 2001 primum
1205 1918 1324 1983 borum
1340 1916 1439 1981 habet
1453 1914 1615 1981 rationem

487 2020 604 2107 objecti
622 2022 812 2099 materialis,
834 2024 973 2089 alterum
992 2024 1147 2091 formalis.
1167 2025 1252 2089 Nam
1271 2042 1349 2088 cum
1364 2021 1545 2098 credimus,
1564 2020 1612 2087 ita

487 2129 684 2195 enuntiabile
711 2130 843 2213 aliquod
871 2130 1116 2213 amplectimur,
1147 2139 1184 2196 ut
1221 2130 1320 2195 simul
1353 2130 1463 2212 aliquo
1497 2128 1613 2204 modo,

487 2237 642 2323 implicite
681 2239 795 2303 saltem
833 2258 869 2303 ac
905 2236 1100 2314 virtualiter,
1134 2237 1345 2321 profiteamur
1381 2235 1613 2303 auctoritatem

487 2346 587 2421 illius,
610 2345 664 2412 cui
680 2345 843 2412 credimus
862 2347 913 2411 vel
932 2347 1025 2430 cujus
1045 2345 1139 2413 dictis
1158 2328 1405 2421 adhaereamus,
1425 2342 1613 2419 scientiam,

440 2496 455 2520 x
488 2456 558 2537 ejus
577 2471 614 2518 ac
631 2452 837 2521 veracitatem
857 2472 897 2518 eo
920 2452 991 2536 ipso
1010 2460 1227 2537 agnoscentes
1248 2470 1286 2517 ac
1306 2448 1558 2538 protestantes(
1586 2448 1614 2537 ).

395 2600 402 2619 .
487 2559 596 2637 Quare
614 2560 722 2626 omnis
739 2560 796 2643 qui
814 2560 931 2637 credit,
948 2560 1146 2644 obsequium
1165 2561 1250 2625 iacto
1269 2556 1341 2642 ipso
1359 2559 1495 2625 exhibet
1514 2566 1616 2641 atque

489 2670 646 2734 bonorem
666 2668 816 2744 testanti,
832 2685 892 2732 nec
911 2676 961 2733 est
975 2667 1157 2751 quispiam,
1180 2666 1236 2751 qui
1258 2684 1324 2731 non
1343 2665 1515 2731 arbitretur
1533 2666 1618 2750 inju-

489 2777 568 2842 riam
588 2776 649 2844 sibi
669 2774 816 2860 irrogari,
838 2775 864 2840 si
884 2774 966 2840 tides
980 2775 1172 2841 testimonio
1190 2793 1252 2840 suo
1266 2775 1459 2858 denegetur.

305 2900 444 2947 retunsae
557 2883 783 2958 Quamobrem
798 2890 891 2957 ante,
908 2903 944 2948 ac
961 2890 1075 2966 praeter
1088 2891 1198 2948 actum
1213 2883 1323 2966 ipsum
1338 2883 1509 2947 formalem
1524 2879 1614 2954 frdei,

284 2973 469 3098 judfc'ffissffss'edi,
491 2990 713 3056 admittendus
729 2999 777 3055 est
793 2989 875 3055 alius
889 3001 994 3065 actus,
1008 3008 1075 3074 quo
1090 3008 1330 3074 cognoscamus
1345 3006 1414 3054 rem
1431 2988 1550 3053 narrari
1564 2989 1616 3052 vel

324 3114 423 3164 unllam.
492 3107 651 3165 narratam
671 3115 743 3187 esse
757 3098 798 3162 ab
817 3096 926 3181 aliquo
939 3106 1040 3173 teste,
1067 3099 1232 3182 hujusque
1253 3096 1481 3163 testimonium
1502 3103 1616 3160 aucto-

490 3206 583 3272 ritate
602 3205 714 3290 potiri,
735 3224 792 3271 seu
808 3205 945 3290 dignum
961 3223 1034 3270 esse
1048 3204 1129 3288 frde3
1147 3206 1323 3281 nimirum,
1348 3214 1423 3270 ante
1443 3205 1614 3269 formalem

489 3323 597 3379 actum
618 3312 692 3378 ltdei
719 3330 920 3398 praenoscere
946 3321 1075 3396 oportet
1102 3311 1309 3379 existentiam
1336 3322 1369 3378 et
1387 3311 1614 3378 auctoritatem

488 3419 685 3499 testimonii,
716 3423 778 3486 hoc
805 3419 894 3485 enim
922 3429 973 3485 est
998 3419 1163 3505 objectum
1194 3421 1330 3486 formale
1357 3439 1416 3486 seu
1449 3418 1613 3485 motivum

524 3657 564 3719 (1)
600 3653 646 3710 Ad
660 3672 720 3710 rem
738 3650 914 3725 'Angelicum
938 3651 1091 3726 Objectum
1103 3649 1181 3724 fidei
1197 3650 1343 3722 (loquitur
1365 3651 1402 3708 de
1423 3649 1615 3715 lidebiriae)

488 3743 588 3818 accipi
598 3750 692 3817 potest
706 3762 743 3798 ex
758 3749 843 3815 perte
856 3742 960 3831 bosius·
973 3741 1155 3809 intellectus,
1170 3741 1220 3798 vel
1231 3761 1271 3797 ex
1289 3747 1374 3809 porte
1388 3742 1551 3798 voluntatis
1565 3741 1615 3796 in-

489 3835 637 3891 tellectum
651 3832 803 3889 mouentis.
818 3829 855 3887 Si
867 3830 982 3904 quidem
991 3850 1030 3888 ex
1038 3838 1122 3903 parte
1134 3831 1316 3899 intellectus,
1331 3831 1377 3886 sic
1388 3831 1421 3888 in
1429 3828 1537 3904 objecto
1535 3828 1615 3901 fidei

487 3924 545 3979 duo
558 3930 678 3996 possunt
691 3920 887 3988 considerari,
901 3919 976 3976 sicut
988 3920 1199 3991 supradictum
1213 3928 1256 3976 est
1268 3923 1313 3984 (a.
1324 3939 1351 3978 a.
1367 3938 1398 3990 q.
1416 3939 1441 3988 r,
1454 3939 1481 3976 ar
1496 3923 1537 3984 r):
1548 3938 1615 3991 quo·

461 4066 465 4078 ,
488 4032 552 4069 rum
570 4031 659 4070 unum
677 4020 720 4069 est
738 4011 892 4067 materiale
913 4009 1055 4084 objectum
1066 4007 1162 4082 fidei,·
1183 4018 1212 4066 et
1231 4011 1278 4067 sic
1295 4011 1419 4082 ponitur
1440 4019 1522 4067 ectrrs
1534 4007 1614 4080 fidei

430 4143 435 4155 .
489 4102 603 4159 credere
615 4101 721 4167 Deum,
733 4101 811 4174 quie,
827 4099 1003 4172 sicutsaepre
1017 4099 1128 4156 dictum
1137 4099 1337 4176 est(ibidem)¹
1348 4099 1430 4156 nibil
1439 4100 1616 4173 proponitur

489 4192 573 4248 nobis
587 4191 625 4248 od
638 4190 825 4256 credendum,
841 4190 901 4245 m'si
922 4190 1081 4245 secundum
1099 4188 1173 4261 quod
1192 4190 1231 4245 ad
1252 4187 1345 4244 Deum
1362 4189 1499 4261 pertinet.
1518 4188 1617 4244 Aliud

491 4287 587 4337 autem
601 4288 644 4337 est
651 4279 792 4349 formalis
801 4279 879 4335 ratio
893 4277 1014 4355 objecti,
1026 4278 1101 4354 quod
1109 4286 1154 4334 est
1164 4278 1244 4335 sicut
1256 4278 1396 4348 medium,
1411 4277 1618 4351 propterquod

491 4370 547 4426 lali
559 4369 695 4426 credibili
707 4368 868 4426 assentitur
876 4391 886 4434 ,·
901 4375 930 4424 et
943 4368 988 4423 sic
999 4366 1119 4440 ponitur
1131 4366 1302 4440 octusstdei
1315 4368 1432 4425 credere
1449 4368 1521 4434 Deo,
1535 4367 1617 4439 quie,

490 4460 665 4532 sicutsupro
676 4458 783 4522 dr'clum
794 4457 861 4526 est(
861 4457 936 4521 ibid.
939 4457 955 4526 )
958 4457 1090 4524 formale
1100 4455 1240 4530 objectum
1241 4455 1322 4530 fidei
1330 4465 1375 4513 est
1386 4457 1496 4513 veritas
1505 4457 1614 4529 prime,

490 4550 541 4607 cui
553 4549 672 4605 irrideret
686 4549 782 4616 bomo,
798 4554 831 4604 ut
846 4553 966 4620 propter
979 4565 1043 4602 eam
1063 4545 1182 4602 creditis
1196 4548 1351 4603 assmiot.
1367 4544 1401 4603 S.
1417 4545 1524 4604 Thom.
1543 4565 1570 4602 a.
1586 4563 1616 4600 a.

491 4657 520 4709 q.
536 4655 568 4704 a,
585 4657 613 4694 a.
628 4657 654 4693 2.
672 4635 733 4694 Csr.
758 4643 807 4710 33,
822 4635 892 4693 dist.
910 4654 960 4707 23,
976 4655 1006 4706 q.
1027 4654 1059 4703 a,
1080 4655 1107 4692 e.
1130 4655 1160 4702 a,
1182 4635 1271 4694 solut.
1286 4654 1320 4705 23
1334 4636 1369 4694 de
1393 4633 1500 4705 Verri,
1522 4655 1552 4707 q.
1574 4654 1617 4708 14,

492 4749 518 4786 e.
534 4748 561 4801 7.
578 4725 615 4785 ad
629 4735 689 4800 7.'¹
