3492 5525
316 435 434 498 Aurio.
448 446 508 495 μ’
520 433 669 498 Hnurrus
684 449 859 498 nnruonuu
876 451 1131 498 nurucrnronuu.
1187 453 1248 518 779

166 617 211 683 ita
230 636 266 685 se
285 617 396 694 habet,
416 617 472 702 qui
492 617 717 684 definitionem
748 617 825 683 alias
846 637 888 684 ex
917 618 1065 685 terminis
1094 626 1205 684 notam
1230 634 1287 701 per

162 725 256 792 aliam
275 724 500 816 definitionem
521 724 646 810 probat,
663 733 696 790 et
716 743 933 792 econverso»
951 720 963 811 (
988 722 1016 812 l.

230 830 267 899 S.
288 832 431 898 Thomas
455 841 566 898 tamen
585 831 732 900 concedit
755 831 943 916 simpliciter
964 831 1195 919 syllogismum
1219 830 1287 897 dia·
1343 890 1345 897 .

163 940 313 1006 lecticum
330 957 426 1023 posse
441 958 512 1006 esse
531 939 729 1034 circularem,
748 939 848 1006 simui
869 957 994 1025 negans
1012 938 1099 1003 idem
1114 935 1175 1005 dici
1188 957 1286 1024 posse

163 1047 203 1112 de
212 1046 405 1134 syllogismo
417 1047 671 1114 demonstrativo
682 1055 813 1131 propter
825 1047 988 1131 disparem
999 1045 1170 1112 rationem.
1181 1046 1287 1112 Extis

162 1159 300 1238 apparet,
321 1155 439 1240 inquit,
460 1173 556 1239 quere
572 1155 753 1220 tumturn
769 1154 969 1238 syllogismus
981 1155 1163 1236 potestesse
1184 1153 1288 1218 circn-

163 1263 254 1330 laris:
260 1263 406 1347 procedit
416 1262 498 1329 enim
511 1282 550 1328 ex
560 1261 783 1345 probantibus.
802 1261 983 1328 Protaonu
1000 1264 1105 1326 auum
1121 1260 1283 1334 eluuntur.

162 1389 232 1456 queo
255 1374 333 1440 sunt
351 1372 452 1456 nugis
478 1374 551 1436 nola
569 1372 620 1436 oet
635 1369 824 1452 sapientibus
849 1371 900 1434 rel
911 1369 1071 1451 plurimes.
1091 1369 1132 1436 Et
1152 1369 1198 1433 sie
1215 1369 1287 1442 dro-

162 1478 288 1546 Iecticus
304 1477 502 1563 syllogismus
516 1477 658 1560 procedit
668 1495 707 1542 ex
724 1477 784 1553 lis,
805 1495 873 1561 qno
890 1479 965 1542 sunt
981 1475 1081 1560 magis
1094 1479 1169 1542 notu
1182 1475 1283 1543 nodis.

163 1586 329 1670 Contingit
337 1590 442 1652 autem
456 1586 537 1652 uem
549 1603 612 1652 esse
626 1585 725 1670 nugis
738 1588 771 1650 el
779 1585 884 1651 minus
897 1589 1003 1650 uotum
1016 1587 1120 1670 quoad
1131 1584 1282 1651 diversor.

163 1693 202 1758 Et
217 1694 284 1759 ideo
301 1693 383 1760 nihil
393 1693 534 1776 prohibet
550 1693 762 1776 syllogismum
779 1691 975 1758 dialecticum
991 1691 1070 1777 fieri
1085 1691 1282 1759 circularem.

162 1799 226 1868 Sed
241 1801 460 1868 romonem
467 1802 517 1888 fit
530 1819 571 1866 ex
586 1800 757 1868 notioribus
774 1798 967 1882 stmpnnlen
980 1804 1013 1866 et
1024 1799 1103 1878 meo,
1119 1803 1156 1865 ul
1166 1799 1284 1866 dietum

162 1913 218 1984 est,
238 1927 301 1974 uon
314 1909 501 2002 poteslfieri
515 1908 681 1974 circularis
697 1906 918 1974 demonstratio
938 1904 1001 1995 (2).

231 2017 268 2082 Et
286 2018 401 2083 eadem
420 2023 469 2083 est
481 2016 640 2082 sententia
653 2014 847 2101 Apollinaris
861 2023 894 2080 et
909 2013 1036 2100 Aegidii
1046 2013 1186 2083 Romani
1197 2016 1285 2100 apud

166 2123 449 2190 conimbricenses
467 2120 531 2212 (3).

534 2369 835 2444 ARTICULUS
865 2369 913 2444 11.
948 2439 952 2445 .

279 2557 348 2620 An
366 2555 503 2622 detur
524 2555 690 2636 aliquis
708 2554 891 2621 habitus
909 2557 1167 2637 primorum

549 2699 896 2781 principiorum.

172 2861 176 2869 ’
213 2857 285 2965 i99.
334 2876 477 2943 Dubium
497 2886 559 2953 est,
580 2895 621 2942 an
637 2876 859 2943 admittendus
877 2876 920 2943 sit
935 2877 1051 2962 aliquis
1070 2876 1202 2944 habitus
1220 2876 1285 2963 pri-

165 3004 294 3051 morum
314 2984 565 3071 principiorum,
587 2984 643 3068 qui
663 3002 697 3049 re
714 2984 933 3069 distinguatur
950 2985 992 3050 ab
1010 2986 1207 3052 intellectiva
1221 2984 1285 3052 vir·
1316 3032 1321 3040 ·

163 3100 249 3174 tute;
272 3112 346 3160 nam
368 3111 483 3169 nemo,
504 3092 658 3167 arbitror,
680 3098 793 3157 renuet
811 3110 988 3176 agnoscere
1009 3091 1156 3158 habitum
1172 3093 1285 3179 hujus·
1407 3132 1412 3143 ·

165 3200 270 3276 modi,
311 3200 338 3267 si
374 3199 573 3283 eonomine
606 3198 684 3265 nihil
717 3198 804 3264 aliud
835 3199 1048 3283 intelligatur,
1080 3217 1180 3283 quam
1214 3200 1284 3284 ipse

164 3306 366 3389 intellectus;
388 3307 448 3374 nisi
468 3308 550 3373 torte
569 3307 655 3372 hunc
670 3306 789 3391 pariter
802 3325 878 3373 eum
895 3306 1111 3373 materialistis
1125 3307 1281 3373 obolitum

165 3435 222 3502 per
240 3434 407 3483 summam
426 3414 585 3480 insaniam
600 3415 689 3481 velit.

231 3523 316 3589 Sunt
334 3523 421 3588 enirn
441 3522 575 3606 quidam
593 3523 827 3589 contendentes
842 3504 993 3588 ¹habitum
1012 3521 1147 3605 quidem
1168 3522 1284 3608 princi·
1345 3530 1447 3612 Quinam

164 3632 291 3717 piorum
311 3631 395 3708 dari,
417 3610 492 3723 eum
512 3642 623 3697 tamen
644 3648 709 3696 non
726 3630 881 3717 distingui
898 3628 1039 3706 realiter,
1059 3631 1117 3695 sed
1136 3648 1230 3697 «esse
1248 3650 1281 3695 re
1296 3600 1496 3725 ”mmm

161 3740 248 3806 idern
267 3758 341 3805 cum
361 3738 505 3823 potentia
524 3738 723 3816 intellectus,
744 3736 832 3803 itaut
845 3737 959 3803 eadem
975 3738 1093 3803 entitas
1111 3737 1279 3823 potentiae,
1308 3741 1338 3787 tl
1353 3742 1481 3824 inclinis·

163 3855 260 3934 prout
276 3846 464 3931 simpliciter
482 3854 532 3911 est
551 3844 744 3930 principium
763 3854 854 3913 actus
884 3844 1097 3931 cognitionis,
1127 3844 1170 3912 sit
1187 3847 1282 3912 intel·
1328 3822 1462 3930 gffim,

162 3958 283 4037 lectus3
305 3962 342 4020 ut
360 3972 438 4019 vero
456 3952 599 4037 disponit
618 3953 761 4020 animam
789 3954 830 4018 ad
849 3954 928 4029 hoc,
958 3962 995 4019 ut
1024 3970 1081 4037 per
1099 3948 1281 4038 ipsammet

65 4045 71 4056 ’
161 4062 318 4148 intelligat
335 4070 369 4127 et
393 4060 587 4127 assentiatur
605 4060 783 4145 principiis,
811 4060 857 4126 sic
884 4059 1061 4127 formaliter
1085 4060 1126 4126 sit
1151 4059 1281 4128 habitus

195 4372 236 4435 (r)
272 4368 376 4437 Joann.
393 4385 409 4424 a
425 4363 458 4424 S.
474 4364 590 4434 Thom.,
605 4364 693 4441 tog,
708 4383 737 4435 q.
749 4381 793 4437 25,
804 4384 831 4425 a.
848 4385 877 4435 3,
891 4364 1071 4422 adultimum
1081 4366 1233 4425 insonuere.
1243 4366 1282 4426 Et

158 4458 259 4518 codem
272 4457 358 4517 modo
367 4452 815 4529 respondentCouimbriceuscs,
824 4450 874 4511 lib.
888 4476 912 4524 r,
924 4454 1051 4525 Foster„
1061 4476 1086 4514 c.
1097 4476 1124 4529 3,
1134 4475 1163 4528 q.
1179 4478 1202 4527 1,
1215 4476 1241 4515 o.
1252 4478 1278 4529 3,

158 4550 195 4609 ad
207 4560 355 4621 quartum.

197 4644 238 4707 (α)
274 4638 307 4697 S.
322 4638 391 4706 rh..
404 4638 454 4696 lib.
473 4658 496 4695 r.
511 4637 636 4705 Poster,
651 4636 716 4695 leot.
728 4636 757 4705 8,
768 4634 860 4709 ,poulo
875 4647 941 4707 post
954 4632 1082 4695 initium.

194 4734 235 4803 (3)
271 4727 339 4787 Loc.
355 4747 425 4801 nup.
442 4725 491 4785 cit.
