3492 5525
561 469 621 532 qoo
752 448 1315 531 Loorcn¹M1non-Drsn.3.·Cne.
1341 463 1411 534 ψ

521 639 646 716 potest:
679 639 724 698 1.⁰
751 632 977 717 impugnando
996 640 1121 716 partem
1147 648 1357 699 concessam:
1380 639 1433 700 2.‘’
1450 628 1647 697 stabiliendo

521 747 686 824 negatam:
707 747 755 824 3.⁰
770 736 969 824 insurgendo
983 739 1141 804 adversus
1152 738 1396 804 distinctionem
1408 740 1471 807 sub
1483 757 1648 822 quocum-

521 865 584 930 que
603 865 716 917 sensu.
834 907 837 914 .
1082 879 1105 910 s
1267 872 1271 880 ·

586 954 635 1046 Sit
653 953 859 1038 exemplum:
882 952 993 1020 Forma
1009 952 1148 1035 corporis
1171 952 1281 1037 nequit
1298 957 1443 1035 separata
1463 953 1643 1018 subsistere.
1735 1028 1736 1037 ἵ

520 1061 621 1146 Atqui
634 1063 742 1128 buinio
761 1061 897 1128 buuuuo
914 1064 964 1127 est
969 1060 1079 1145 forme
1092 1060 1344 1145 corporis-&go
1354 1062 1464 1146 nequit
1478 1080 1499 1126 a
1514 1067 1646 1142 corpore.

455 1171 456 1175 ’
518 1171 663 1249 separato
679 1169 856 1236 subsistere.
1412 1249 1417 1259 .

438 1315 444 1323 -
483 1335 486 1344 .
588 1275 772 1342 Defendens
793 1277 838 1342 ita
857 1274 1077 1359 respondebit.
1097 1274 1239 1357 Distiug.
1251 1275 1371 1358 Major.
1392 1273 1508 1340 Forma
1525 1293 1647 1359 corpo·

520 1383 576 1460 ris,
595 1401 665 1468 quee
681 1383 726 1449 sit
740 1382 915 1448 meterebb's
932 1399 992 1447 seu
1007 1381 1198 1466 dependens
1213 1401 1232 1446 a
1247 1382 1383 1447 materia
1400 1383 1433 1448 in
1454 1383 1642 1456 existendo,

521 1490 634 1573 nequit
652 1498 730 1566 etc„
749 1509 837 1556 conc.
859 1490 979 1574 Major,
999 1490 1102 1554 torma
1124 1487 1285 1573 corporis,
1307 1508 1377 1574 quo
1393 1491 1438 1555 sit
1453 1490 1645 1555 immterie-

519 1597 576 1674 iis,
598 1597 649 1664 vei
676 1597 861 1680 spiritualis,
885 1615 943 1664 seu
964 1596 1192 1682 independens
1210 1616 1228 1660 a
1248 1597 1385 1663 materia
1409 1595 1443 1662 in
1469 1597 1644 1663 existendo

519 1690 591 1788 neg.
611 1704 727 1789 Major.

588 1811 780 1878 Contradist.
798 1810 918 1877 Minor.
932 1810 1052 1877 Anima
1067 1814 1210 1878 humana
1227 1820 1278 1878 est
1295 1813 1400 1878 torma
1410 1811 1642 1900 immaterialis,

519 1907 605 1986 couc'.
627 1918 759 1996 Minor„
780 1918 951 1984 mteriaiis
968 1937 1036 2003 neg.
1058 1917 1175 1985 Minor.
1735 1920 1736 1923 ’

587 2027 625 2091 Et
643 2026 706 2092 sub
722 2027 797 2092 data
811 2009 1020 2092 distinctione
1038 2045 1109 2110 neg.
1124 2043 1249 2112 conseq.
1264 2033 1297 2092 et
1313 2029 1508 2111 consequent.

588 2132 630 2198 At
649 2152 790 2219 arguens
808 2134 987 2200 instaurare
1006 2133 1137 2219 poterit.
1290 2199 1294 2202 ,

570 2249 616 2306 1.⁰
661 2241 889 2326 impugnando
908 2250 1033 2324 partem
1052 2259 1242 2308 concessam
1262 2243 1319 2308 sic:
1340 2241 1443 2326 Atqui
1457 2241 1567 2307 eninm
1585 2241 1645 2306 bu·

520 2368 615 2416 manc
633 2369 696 2416 non
710 2351 869 2436 estsorma
889 2349 1119 2420 inmoriaris.
1137 2351 1220 2434 Ergo
1237 2351 1327 2416 nuile
1341 2349 1467 2427 solutio,
1492 2350 1561 2416 vei:
1581 2353 1647 2416 stet

520 2457 697 2540 difficultas.

567 2572 617 2629 2.‘’
662 2565 862 2632 Stabiiiendo
875 2573 999 2648 partem
1016 2573 1187 2650 negatam:
1204 2565 1305 2650 Atqui
1317 2583 1372 2632 nec
1381 2566 1492 2651 forme
1506 2565 1648 2631 imbute-
1735 2620 1736 2633 .

522 2673 614 2738 eretis
626 2675 731 2755 potest
738 2676 881 2756 seperate
894 2673 1071 2738 subsistere.
1092 2675 1218 2757 Ergo...
1735 2676 1736 2683 ’

524 2832 527 2837 .
566 2788 617 2867 3?
662 2780 863 2866 insurgendo
891 2783 1047 2847 adversus
1074 2781 1316 2847 distinctionem
1343 2782 1407 2848 sub
1428 2796 1647 2867 quocumque
1735 2768 1737 2868 ζ

521 2906 633 2955 sensu:
653 2890 755 2973 Atqui
770 2890 836 2955 siue
847 2889 956 2955 auimo
972 2889 1126 2975 sitsorme
1140 2889 1365 2965 immateriales,
1379 2890 1644 2969 sepenumero,
1735 2881 1737 2959 ῗ

520 2996 631 3081 nequit
654 3000 796 3079 separate
822 2996 999 3063 subsistere.
1020 2996 1114 3081 flego.
1145 2996 1206 3062 Vei
1234 2998 1344 3063 etiam:
1369 2996 1470 3081 Atqui
1494 2998 1525 3061 si
1535 2998 1646 3082 formo

522 3104 693 3171 mereatis
716 3124 779 3171 uon
801 3108 904 3187 potest
930 3108 1073 3187 separata
1103 3105 1278 3182 subsistere,
1308 3122 1406 3189 neque
1425 3104 1520 3171 etium
1546 3108 1649 3187 potest

513 3211 623 3295 forme
641 3211 867 3278 imnuieriaiu.
880 3212 975 3295 Ergo.

589 3315 621 3407 δ)
641 3320 674 3385 Si
693 3340 712 3385 a
730 3319 924 3386 defendente
953 3326 1089 3403 negatur
1106 3316 1302 3403 disjunctiva
1320 3317 1510 3403 propositio,
1537 3317 1646 3384 iicebit

523 3438 644 3511 petere,
663 3436 699 3492 ut
713 3427 856 3511 assignet
872 3424 1019 3491 medium
1040 3424 1123 3492 inter
1141 3436 1289 3492 extrema
1303 3424 1481 3510 proposita,
1498 3425 1646 3509 illudque

523 3535 564 3600 ab
586 3543 742 3619 arguente
763 3534 988 3617 repellendum
1013 3545 1075 3601 est.
1096 3532 1129 3599 Si
1148 3542 1265 3617 negata
1284 3533 1381 3599 tuerit
1397 3532 1645 3616 consequentia,

523 3642 691 3727 urgendus
711 3652 760 3709 est
779 3642 984 3717 defendens,
1004 3650 1042 3707 ut
1059 3650 1222 3707 monstret
1248 3640 1372 3708 vitium·
1388 3641 1646 3727 argumentatio·

522 3750 590 3832 nis;
620 3751 711 3834 quod
735 3750 761 3815 si
789 3769 822 3815 re
844 3768 921 3816 vera
940 3750 1054 3825 detur,
1087 3750 1290 3815 reformanda
1312 3760 1364 3834 est
1389 3750 1643 3834 argumentati03

520 3857 549 3924 si
569 3870 679 3926 autem
701 3875 767 3923 non
785 3856 893 3932 detur,
915 3856 1082 3941 probanda
1099 3864 1150 3923 est
1169 3856 1210 3922 ab
1228 3866 1386 3942 arguente
1402 3856 1647 3941 consequentiae

523 3964 695 4033 rectitudo.
718 3958 864 4048 Denique
884 3962 910 4031 si
929 3964 1062 4047 quando
1081 3973 1221 4048 negetur
1238 3964 1430 4031 universalis
1452 3963 1644 4049 propositio,

523 4072 637 4141 adduci
657 4080 766 4158 potest
781 4072 972 4147 deiendens,
992 4078 1030 4138 ut
1048 4069 1194 4157 assignet
1212 4072 1451 4157 exceptionem;
1477 4069 1646 4137 ueletiam

521 4182 643 4267 poterit
655 4198 797 4266 arguens
815 4197 872 4263 per
890 4178 1115 4246 inductionem
1134 4179 1272 4263 probare
1286 4180 1582 4267 universalitatem.

589 4287 620 4375 e)
638 4288 783 4356 Tandem
799 4287 983 4353 cavendum
997 4295 1047 4353 est
1064 4286 1228 4371 arguenti,
1244 4304 1285 4353 ne
1299 4286 1446 4355 medium
1464 4287 1646 4373 terminum

525 4406 643 4472 mutet,
665 4414 748 4463 neve
766 4394 971 4483 argumentis
984 4396 1055 4480 jam
1077 4394 1174 4477 plene
1191 4394 1307 4461 solutis
1328 4394 1486 4461 inutiliter
1503 4392 1644 4460 insistat.

592 4504 702 4569 Ambo
721 4511 844 4578 autem,
870 4514 904 4570 et
922 4502 1101 4568 defendens
1119 4512 1152 4567 et
1169 4520 1306 4587 argens,
1326 4511 1474 4577 caueant,
1495 4520 1537 4567 ne
1554 4508 1645 4566 extra

525 4611 742 4697 quaestionem
773 4618 946 4694 vagentur,
976 4628 1013 4675 ac
1033 4627 1074 4675 ne
1100 4608 1269 4695 grauitatis
1291 4618 1326 4674 et
1336 4608 1512 4676 modestiae
1540 4608 1645 4687 obiiti,

525 4721 708 4791 vetularum
728 4719 840 4794 instar,
860 4714 1061 4784 clamoribus
1077 4724 1112 4782 et
1129 4716 1286 4784 conviciis
1306 4716 1417 4785 omnia
1440 4716 1644 4801 perturbent.
