3492 5525
506 506 621 568 Annio.
648 519 705 568 nv·
726 504 905 569 Danuui-10
1168 518 1225 587 205
1312 567 1318 578 ,

189 701 245 768 74.
294 683 422 770 Duplex
449 693 501 751 est
525 684 673 752 definitio
697 685 806 762 realis,
827 686 926 753 altera
947 685 1147 768 descriptiva,
1168 686 1268 752 altera
1321 702 1445 756 Quoupra

142 791 329 861 muniatis.
346 790 534 858 Essentialis
553 799 604 857 est
621 792 742 867 oratio,
761 811 836 876 quae
855 793 900 859 rei
914 802 1063 860 naturam
1079 811 1136 859 seu
1156 810 1269 858 essen·
1290 773 1470 820 &⁵⁰¹¹¹⁰¹⁰³¹¹''

142 898 224 964 tiam
248 899 399 983 explicat.
420 897 566 964 Essentia
586 917 682 983 porro
706 918 764 965 seu
785 911 902 968 natura
924 901 977 967 vel
1001 899 1165 984 quidditas
1182 897 1268 986 (baec

144 1007 233 1070 enim
249 1005 385 1072 nomina
398 1005 486 1070 idern
507 1002 640 1094 sonant)
655 1003 706 1093 (1)
726 1015 775 1072 est
794 1006 844 1082 id,
860 1024 928 1091 quo
944 1025 995 1073 res
1014 1006 1222 1072 constituitur
1236 1005 1268 1072 id

143 1113 236 1194 quod
255 1121 318 1178 est.
338 1114 384 1178 lta
402 1110 546 1180 bominis
566 1112 708 1180 essentia
726 1113 936 1181 constituitur
949 1113 1144 1180 animalitate
1160 1133 1198 1178 ac
1215 1131 1269 1180 ra-

136 1220 336 1285 tionalitate:
356 1219 480 1304 poteris
495 1221 584 1285 enim
603 1220 645 1286 ab
664 1220 798 1286 bomine
817 1221 987 1288 detrahere
1006 1220 1197 1306 sapientiam
1213 1224 1270 1286 aui

144 1326 348 1401 albedinem,
368 1327 458 1391 salva
477 1327 548 1410 ejus
567 1337 721 1392 manente
740 1337 870 1410 natura;
893 1347 1007 1394 verum
1027 1329 1053 1393 si
1072 1335 1129 1394 aut
1147 1327 1271 1392 anima·
1333 1383 1334 1390 ,

144 1432 270 1498 litatem
284 1441 340 1499 aut
356 1433 606 1498 rationalitatem
621 1433 814 1511 detraxeris,
831 1435 1001 1502 hominem
1023 1434 1201 1518 peremisti.

211 1540 399 1606 Essentialis
413 1540 558 1606 bifariam
568 1540 739 1617 dividitur,
756 1543 788 1608 in
798 1543 961 1625 physicam
973 1551 1005 1608 et
1020 1541 1268 1625 namphysicam.
1297 1561 1472 1620 osorouua-

144 1646 285 1734 Physica
305 1646 361 1723 fit,
387 1649 555 1716 afferendo
578 1658 687 1732 partes
709 1667 767 1716 seu
792 1649 948 1735 principia
971 1651 1122 1716 essentiae
1145 1649 1271 1716 realiter
1320 1631 1451 1750 “2:223

145 1756 229 1821 inter
247 1773 284 1820 se
298 1753 450 1830 distincta
467 1765 501 1821 et
520 1756 724 1840 separabilia3
743 1764 779 1822 ut
798 1757 825 1823 si
841 1757 978 1823 definias
1002 1757 1173 1822 hominem
1190 1775 1273 1822 cora-

138 1863 278 1945 positum
295 1881 336 1929 ex
352 1871 479 1945 corpore
496 1863 642 1948 organico
654 1867 687 1928 et
700 1865 809 1930 anima
826 1865 989 1932 rationali.
1010 1863 1063 1928 Ad
1083 1865 1164 1930 banc
1179 1883 1271 1930 revo-

143 1969 209 2034 cari
223 1978 365 2056 possunt
377 1969 584 2037 definitiones
594 1970 839 2049 artetactorum,
858 1991 891 2037 v.
908 1991 943 2057 g.
959 1974 1087 2048 domm,
1103 1970 1271 2054 quaenunt

144 2077 363 2161 exprimendo
382 2076 553 2144 materiam
569 2087 602 2143 et
623 2077 781 2163 liguram,
807 2097 872 2163 qua
891 2089 1042 2145 constare
1060 2079 1181 2144 solent.
1202 2077 1272 2142 Me-

143 2175 317 2270 tapliysica
340 2183 396 2262 tit,
425 2185 590 2251 afferendo
613 2193 721 2270 partes
734 2205 793 2252 seu
815 2187 1027 2253 constitutiva
1050 2183 1272 2272 metaphysica
1399 2192 1416 2221 ⁸

144 2292 316 2366 essentiae,
346 2292 454 2374 qualia
477 2303 555 2359 sunt
584 2312 691 2378 genus
719 2300 753 2358 et
779 2291 980 2375 differentia3
1014 2303 1052 2359 ut
1079 2291 1106 2361 si
1135 2292 1271 2359 definias

144 2399 305 2465 eumdem
324 2397 492 2466 hominem
504 2399 626 2480 animral
639 2401 778 2466 rational
796 2449 803 2464 .

191 2521 249 2588 75.
296 2505 457 2574 Definitio
476 2506 668 2591 descriptiva
688 2518 755 2585 est,
775 2527 851 2591 quae
870 2527 938 2574 rem
959 2508 1113 2586 declarat,
1131 2524 1197 2572 non
1216 2525 1274 2590 per

146 2611 322 2698 praedicata
337 2613 534 2690 essentialia,
554 2615 614 2680 sed
633 2635 691 2700 per
708 2615 824 2682 indicia
838 2617 991 2698 q'uaedam
1012 2615 1143 2682 latentis
1163 2632 1273 2680 essen·

144 2720 218 2797 tiae,
243 2739 319 2804 quae
341 2720 429 2787 illam
457 2722 567 2805 aliquo
594 2722 695 2789 modo
723 2723 965 2801 demonstrent,
991 2731 1090 2807 atque
1111 2720 1274 2787 acaeteris

145 2828 303 2895 omnibus
327 2839 507 2899 secernant.
526 2830 563 2894 Et
585 2829 659 2896 ideo
678 2839 813 2896 vocatur
830 2830 1032 2913 descriptiva,
1055 2831 1130 2914 quia
1149 2837 1199 2897 est
1218 2830 1274 2894 de-

145 2937 280 3020 scriptio
302 2936 474 3018 quaedam,
504 2955 571 3003 non
597 2939 728 3022 penitus
752 2946 901 3003 naturam
930 2939 1106 3004 enucleans
1133 2937 1195 3013 rei,
1216 2937 1275 3002 sed

145 3042 263 3127 primis
276 3042 370 3127 quasi
383 3043 586 3111 lineamentis
604 3046 817 3113 adumbrans.

215 3149 382 3216 Trisariam
409 3149 476 3216 sieri
501 3163 610 3235 potest
632 3153 826 3238 descriptiva
849 3152 1014 3221 definitio:
1035 3149 1070 3242 a)
1095 3170 1152 3238 per
1166 3168 1273 3238 genus
1325 3168 1452 3225 otonem

145 3271 179 3328 et
193 3257 373 3323 accidentia
381 3258 512 3341 propria
526 3277 585 3324 seu
601 3260 826 3344 proprietates:
847 3271 882 3326 et
900 3262 970 3327 haec
985 3260 1144 3345 praecipue
1159 3258 1275 3324 dicitur
1323 3240 1452 3295 ‘'mist'‘

142 3365 324 3447 descriptio.
345 3364 542 3450 Exemplum
558 3367 659 3433 babes
677 3367 710 3434 in
729 3368 937 3445 definitione,
949 3386 1019 3452 oua
1033 3368 1136 3432 homo
1154 3366 1271 3432 dicitur

142 3474 272 3539 animal
286 3473 419 3548 risibile,
447 3478 505 3539 aut
530 3472 708 3540 disciplina
736 3482 849 3558 capax,
884 3478 945 3541 avt
955 3478 1056 3564 juxta
1080 3474 1273 3549 Ciceronem,

143 3582 273 3647 animal
294 3580 482 3663 providum,
510 3600 624 3665 sagax,
649 3583 830 3665 multiplex,
857 3586 1138 3659 acutum,memor
1150 3582 1279 3664 paneam

145 3687 285 3756 ratmnis
298 3692 332 3753 et
345 3687 471 3753 consilii
492 3685 557 3776 (a).

216 3796 290 3862 Huc
311 3796 409 3861 etiam
438 3814 553 3861 revoca
580 3794 814 3881 descriptiones
839 3798 940 3863 iactas
956 3815 1013 3881 per
1032 3816 1070 3862 ea
1089 3794 1276 3869 accidentia,

142 3920 223 3988 quae
238 3904 313 3968 licet
328 3902 516 3987 singillatim
534 3913 664 3988 accepta
678 3905 791 3971 multis
807 3906 872 3971 sint
887 3902 1095 3979 communia,
1111 3900 1279 3967 collective

142 4022 259 4077 tarnen
290 4010 347 4076 uni
366 4019 463 4076 certae
482 4029 591 4077 rerum
610 4011 730 4096 speciei
750 4021 958 4096 competunt.
986 4009 1278 4084 Quemadmodum

141 4120 170 4187 si
189 4117 365 4185 hominem
385 4116 521 4185 definias
534 4119 657 4185 animal
670 4120 766 4202 bipes,
787 4120 944 4202 implume.
966 4116 1135 4205 Ejusmodi
1154 4126 1204 4183 est
1225 4117 1281 4183 de·

142 4225 280 4311 scriptio
301 4224 446 4313 cyconiae
464 4226 499 4293 in
517 4226 573 4292 illo
591 4226 715 4313 Virgilii
735 4224 879 4294 Maronis
897 4245 995 4294 versu
1019 4234 1187 4294 contenta:

330 4333 477 4400 &naida
494 4335 582 4401 veni
596 4336 666 4401 avis
683 4336 783 4420 larrgrs
799 4334 906 4403 invisa
922 4336 1072 4403 ateiris.

285 4440 358 4507 Huc
375 4441 519 4525 denique
538 4462 654 4508 revoca
672 4441 900 4509 definitionem
919 4461 978 4528 per
990 4444 1143 4511 effectus

178 4611 224 4674 (r)
261 4602 341 4661 Vide
351 4601 384 4662 S.
399 4604 525 4676 August.
541 4601 592 4660 lib.
608 4621 639 4660 12
651 4602 688 4661 de
697 4602 791 4662 Cr'vit.
807 4602 875 4662 Dei.
890 4624 914 4662 e.
931 4622 964 4673 23
979 4616 1008 4663 et
1017 4602 1054 4661 de
1069 4601 1203 4661 Moribus
1218 4598 1283 4660 Ma·

141 4697 292 4757 mereor.
306 4691 359 4753 lib.
374 4712 406 4760 a,
422 4713 446 4751 c.
463 4710 497 4764 ις
513 4690 546 4751 S.
562 4692 619 4755 Th.
632 4690 791 4767 Opust-de
804 4693 918 4753 Erteel
929 4695 1059 4753 essentia
1070 4714 1095 4752 a.
1114 4712 1138 4753 r.

177 4790 224 4855 (2)
262 4782 331 4845 Lib.
345 4804 373 4879 Ιι.
388 4783 423 4843 tie
437 4780 582 4859 Legibus,
597 4803 661 4857 cap.
676 4802 704 4857 7.
