3492 5525
535 448 576 515 40
953 431 1176 496 lurnooucrro

495 622 529 679 et
548 613 717 699 Simplicio
739 616 1005 701 confugientibus
1022 617 1056 682 in
1075 615 1258 695 Persidem,
1285 626 1318 681 et
1336 616 1383 682 sic
1400 614 1467 683 cito
1489 616 1617 685 ethnica
1739 646 1741 685 r

370 766 376 779 ‚
496 720 701 808 Philosophia
716 725 851 792 evanuit
869 720 933 812 (1).

348 842 412 887 Falsa
539 846 596 913 45.
643 830 687 895 Ex
697 832 757 897 hac
768 832 858 898 brevi
873 832 1107 917 philosophicae
1121 831 1264 899 historiae
1274 831 1462 897 recensione
1472 831 1617 898 duona·
1739 865 1741 874 =

295 914 463 1033 {gfflffi'
494 937 554 1003 tim
567 938 718 1024 colligere
737 938 827 1005 licet:
850 939 993 1024 pn'murn
1012 940 1125 1005 falsam
1147 957 1281 1024 prorsus
1302 950 1335 1005 et
1353 925 1614 1005 commentitiam
1739 921 1741 938 ἱ

311 1072 447 1115 procreatur.
494 1064 566 1112 esse
571 1048 726 1132 jactatam
740 1047 828 1113 illam
844 1068 863 1113 a
878 1047 990 1113 multis
1006 1047 1176 1113 neotericis
1191 1048 1344 1114 humanae
1356 1048 1476 1114 mentis
1492 1049 1613 1133 legem,
1739 1135 1740 1140 ἵ

461 1187 463 1192 ·
493 1170 559 1237 qua
573 1154 730 1222 continua
748 1166 781 1220 et
794 1154 963 1221 indefinita
983 1154 1211 1240 progressione
1225 1155 1403 1221 contendat
1416 1155 1458 1219 ad
1470 1155 1615 1221 veritatis
1739 1231 1741 1235 μ

493 1282 529 1328 ac
544 1261 673 1331 virtutis
687 1262 867 1349 fastigium.
885 1264 1091 1347 Philosophia
1105 1264 1193 1328 enim
1209 1263 1371 1329 aThalete
1386 1262 1542 1344 usquead
1555 1261 1615 1327 So·
1739 1244 1741 1281 ³

493 1380 615 1437 cratem
638 1372 738 1437 modo
758 1370 922 1456 procedit,
944 1371 1044 1436 modo
1059 1370 1241 1457 regreditur
1253 1370 1287 1436 in
1300 1372 1367 1436 veri
1378 1371 1512 1451 semita3
1526 1387 1615 1435 nunc

477 1488 578 1573 certa
593 1479 766 1565 dogmata,
780 1499 867 1547 nunc
878 1480 1240 1564 profiteturscepticum
1251 1480 1408 1561 dubium3
1424 1488 1496 1546 tum
1507 1478 1613 1544 Deum

492 1606 510 1651 a
525 1586 651 1653 mundo
665 1587 797 1666 dividit,
811 1598 885 1654 tum
898 1599 1077 1671 utrumque
1087 1589 1304 1667 confunditac
1314 1588 1499 1672 permiscet.
1516 1585 1614 1661 Quod

492 1694 519 1760 si
540 1703 674 1779 repente
698 1696 738 1761 ad
765 1696 944 1762 maximam
968 1696 1119 1762 evehitur
1142 1697 1374 1780 perfectionem
1395 1694 1458 1761 sub
1480 1694 1616 1759 Platone

493 1811 525 1866 et
554 1802 744 1880 Aristotele,
771 1823 850 1869 mox
873 1804 1013 1870 declinat
1040 1804 1103 1869 sub
1128 1802 1283 1889 Epicuro,
1312 1802 1442 1869 Zenone
1470 1812 1502 1869 et
1529 1802 1617 1868 inse-

493 1908 671 1993 quentibus
690 1910 909 1996 Philosophis,
926 1931 963 1977 ac
980 1913 1097 1978 misere
1118 1911 1321 1997 extinguitur
1329 1911 1363 1977 in
1382 1911 1614 1976 Eclecticorum

495 2019 688 2117 gymnasiis.

563 2124 686 2192 Deinde
720 2125 800 2192 illud
830 2125 954 2208 liquido
982 2126 1126 2194 ostendit
1158 2129 1363 2194 ethnicorum
1393 2124 1613 2210 Philosophia,

362 2218 419 2249 ‘¹⁰⁰¹
494 2234 627 2329 quantis
649 2234 754 2301 valeat
780 2233 903 2300 viribus
923 2236 1069 2301 humana
1095 2236 1193 2313 ratio,
1222 2235 1377 2305 simodo
1409 2233 1615 2299 revelationis

492 2341 612 2407 divinae
626 2342 749 2407 lumine
764 2342 971 2410 destituatur.
988 2344 1052 2412 «Et
1068 2363 1160 2421 sane,
1172 2346 1339 2428 praeclare.
1352 2344 1459 2427 inquit
1473 2341 1612 2408 SSmus.

494 2448 655 2516 Dominus
688 2451 808 2516 Noster
842 2450 907 2515 Leo
935 2452 1018 2527 Xlll,
1049 2452 1321 2536 Philosophorum
1353 2463 1520 2527 veterum,
1556 2449 1638 2535 qui,

492 2557 567 2623 fidei
581 2556 742 2624 beneflcio
766 2570 952 2636 caruerunt,
966 2561 1063 2627 etiam
1082 2559 1138 2644 qui
1149 2560 1353 2626 habebantur
1366 2557 1611 2643 sapientissimi,

492 2664 525 2731 in
548 2665 694 2750 pluribus
713 2666 889 2734 deterrime
908 2677 1068 2734 errarunt.
1090 2669 1202 2734 Nostis
1223 2668 1324 2745 enim,
1351 2667 1437 2734 inter
1457 2666 1614 2731 nonnulla

491 2793 585 2850 vera,
607 2793 707 2859 quarn
732 2793 819 2859 saepe
848 2777 928 2842 salsa
955 2786 988 2842 et
1017 2777 1158 2852 absona,
1188 2794 1288 2860 quam
1311 2777 1415 2841 multa
1437 2777 1559 2842 incerta
1580 2783 1613 2837 et

491 2881 588 2949 dubia
605 2883 807 2949 tradiderunt
827 2883 869 2948 de
884 2902 959 2949 vera
972 2884 1150 2951 divinitatis
1170 2883 1308 2960 ratione,
1326 2885 1366 2948 de
1381 2884 1485 2968 prima
1504 2900 1612 2946 rerum

490 2991 634 3075 origine,
651 2990 691 3055 de
712 2991 827 3057 mundi
842 2991 1098 3077 gubernatione,
1115 2993 1156 3058 de
1175 2993 1283 3058 divina
1301 2995 1485 3059 futurorum
1500 2991 1615 3075 cogni-

489 3099 598 3175 tione,
612 3096 653 3162 de
667 3100 828 3164 malorum
844 3119 941 3167 causa
955 3113 987 3167 et
1002 3099 1177 3187 principio,
1193 3101 1234 3164 de
1248 3099 1441 3167 ultimofrne
1454 3099 1610 3175 hominis,

490 3215 677 3289 aeternaque
692 3207 909 3284 beatitudine,
930 3209 971 3272 de
986 3201 1162 3275 virtutibus
1178 3217 1211 3272 et
1225 3208 1323 3282 vitiis,
1338 3207 1474 3288 aliisque
1494 3206 1613 3271 doctri-

490 3313 557 3390 nis,
575 3332 715 3397 quarum
737 3332 812 3380 vera
831 3324 985 3399 certaque
1007 3316 1121 3383 notitia
1143 3316 1221 3382 nihil
1241 3315 1346 3400 magis
1368 3324 1417 3381 est
1436 3312 1610 3380 hominum

403 3419 404 3422 ’
473 3423 600 3508 generi
619 3421 864 3489 necessarium»
879 3421 944 3512 (2).

532 3525 588 3612 46.
637 3530 761 3596 lnterea
788 3530 868 3596 durn
898 3530 986 3609 istae,
1017 3550 1100 3616 quas
1127 3532 1300 3597 hactemus
1327 3530 1608 3608 enumeravimus,

295 3657 457 3706 mariannan.
488 3638 719 3723 philosophicae
740 3640 861 3704 scholae
879 3639 1003 3705 sensim
1027 3639 1249 3716 declinabant,
1276 3637 1423 3704 Verbum
1444 3635 1607 3715 divinum,

333 3732 414 3778 ⁰¹³⁵*
486 3745 644 3829 sapientia
658 3745 816 3824 increata,
834 3747 1014 3815 humanam
1029 3764 1204 3813 assumens
1217 3763 1368 3822 carnem,
1389 3745 1556 3812 descendit
1574 3745 1608 3812 in

486 3859 624 3930 terram,
650 3861 687 3918 ut
710 3854 861 3920 homines
886 3855 920 3920 in
946 3854 1089 3920 tenebris
1110 3865 1143 3921 et
1169 3855 1286 3921 umbra
1310 3855 1425 3920 mortis
1453 3853 1609 3920 sedentes

486 3959 625 4045 erigeret
643 3979 681 4025 ac
702 3959 826 4027 coelesti
849 3961 995 4028 doctrina
1015 3963 1167 4029 erudiret.
1195 3963 1233 4028 Et
1252 3964 1320 4028 haec
1339 3961 1474 4046 quidem
1498 3960 1609 4028 divina

486 4067 692 4151 Philosophia
717 4087 737 4132 a
765 4068 896 4135 Christo
920 4068 1062 4136 Domino
1091 4080 1203 4138 nostro
1225 4071 1358 4148 tradita,
1386 4089 1423 4135 ac
1450 4070 1524 4136 dein
1550 4089 1608 4154 per

485 4175 664 4259 Apostolos
678 4195 716 4242 ae
727 4175 905 4260 discipulos
923 4179 1005 4243 tanti
1020 4176 1165 4263 magistri
1176 4179 1400 4264 promulgata,
1415 4196 1481 4244 non
1496 4179 1606 4244 solum

479 4283 639 4370 mysteria
656 4285 810 4350 humanae
825 4284 927 4349 menti
942 4284 1117 4370 impervia,
1133 4287 1191 4352 sed
1206 4285 1284 4352 alias
1299 4304 1433 4370 quoque
1447 4287 1606 4372 plurimas

516 4535 558 4607 (1)
596 4533 731 4605 bouvier,
747 4533 832 4608 ehap.
845 4534 930 4607 Xlll;
945 4533 1099 4606 Gouzalea,
1114 4555 1232 4611 paragr.
1250 4537 1523 4611 1193Tennemann,
1538 4559 1602 4612 por.

480 4645 546 4698 pag.
564 4641 626 4682 aar.

515 4717 557 4780 (a)
594 4711 694 4772 SSmi.
709 4713 746 4772 D.
762 4713 799 4772 N.
814 4713 924 4775 Leonis
937 4715 1004 4774 xlll
1020 4715 1113 4787 Epist.
1129 4716 1248 4790 Encycl.
1259 4717 1379 4776 AEterm'
1387 4719 1502 4777 Patris.
