3492 5525
548 427 608 494 808
678 429 802 508 Lporcx
817 428 1047 504 Maron-Lm.
1066 443 1139 507 μ’,
1156 429 1245 493 Drsr.
1264 441 1307 492 a·
1322 425 1401 491 Cro.
1419 443 1490 509 pru

511 617 619 682 nostra
642 621 786 697 suprema
815 613 962 698 cognitio*
975 614 1133 680 natardis
1156 617 1205 679 est
1218 612 1459 696 prircipromm.
1489 611 1569 696 Ergo
1592 617 1633 676 ut

507 723 644 807 attingat
656 723 780 790 modum
796 721 1000 806 cognoscendi
1024 721 1212 806 angelicum,
1230 721 1352 806 quiesi
1374 719 1444 786 sinc
1467 719 1625 796 discursu,

507 849 571 896 non
588 829 650 896 erit
665 829 841 896 discursive
859 826 924 916 (r).

453 937 458 954 '
574 943 806 1008 confirmatur
833 936 886 1004 2.⁰
912 937 1154 1021 comparatione
1173 935 1250 1003 fidei
1275 934 1407 1004 divinae.
1437 935 1627 1002 «assensus

336 2135 452 2190 Quomodo

349 2209 445 2254 inductio

310 2291 331 2328 et
349 2281 482 2336 experientia

494 1044 582 1111 ..fidei
599 1045 631 1110 in
649 1043 736 1111 fideli
755 1044 866 1112 adulto
885 1044 1006 1128 pendet
1025 1042 1135 1112 minus
1164 1044 1378 1129 principaliter
1405 1064 1425 1108 a
1450 1042 1625 1111 rationibus

509 1152 740 1238 probabilibus,
760 1151 881 1235 quibus
900 1152 1144 1218 manuducitur
1162 1152 1203 1218 ad
1222 1152 1433 1233 credendum;
1454 1157 1621 1224 ettamen,

507 1260 584 1344 quia
600 1257 760 1344 precipua
778 1277 875 1326 causa
889 1257 1085 1334 assentiendi
1103 1267 1154 1326 est
1171 1258 1279 1326 divina
1293 1257 1480 1335 auctoritas,
1497 1269 1624 1325 nonest

508 1385 662 1434 assensus
680 1365 889 1434 discursivus.
918 1366 1002 1451 Ergo
1020 1367 1095 1432 licet
1113 1363 1305 1452 principium
1325 1365 1435 1449 aliquo
1455 1367 1555 1434 modo
1577 1366 1625 1432 in·

507 1473 694 1542 ductionem
726 1473 953 1559 praerequirat,
982 1493 1058 1538 cum
1086 1460 1442 1558 principaliter,⁴immo
1464 1475 1621 1550 absolute,

507 1581 564 1648 liat
582 1601 623 1648 ex
637 1579 858 1666 penetratione
876 1581 1092 1647 terminorum
1111 1600 1188 1647 cum
1208 1581 1332 1647 lumine
1350 1581 1544 1656 intellectus,
1558 1601 1621 1648 non

508 1689 567 1756 erit
581 1681 827 1756 discursivums'
842 1684 907 1775 (2).

573 1796 611 1863 Et
625 1795 670 1862 sic
689 1795 892 1878 relinquitur,
913 1796 1020 1862 solum
1041 1796 1153 1862 lumen
1169 1796 1382 1862 intellectuale
1400 1815 1474 1864 esse
1491 1815 1620 1864 eausam

507 1923 563 1990 per
577 1921 612 1970 se
626 1921 780 1970 assensus
798 1903 1029 1987 principiorum
1049 1912 1216 1987 preeunte
1234 1903 1458 1987 experimento
1478 1925 1532 1989 per
1552 1925 1622 1971 mo
1718 1978 1719 1981 Ἴ

507 2011 588 2078 durn
603 2010 811 2086 conditionis,
829 2020 864 2077 ut
881 2028 980 2075 manu
999 2009 1136 2076 ducatur
1154 2011 1196 2075 ad
1213 2010 1347 2078 tirmiter
1365 2012 1619 2080 assentiendum.

526 2136 629 2190 .212.
675 2125 755 2202 Jam
773 2123 804 2184 ei
822 2141 980 2200 quaeras,
1008 2118 1177 2200 quomodo
1196 2117 1393 2202 experientia
1419 2129 1452 2184 et
1480 2120 1623 2186 inductio
1718 2136 1719 2163 ³

509 2243 608 2291 manu
623 2226 720 2292 ducat
735 2224 937 2290 intellectum
957 2226 999 2289 ad
1017 2242 1188 2290 assensum
1209 2224 1458 2311 principiorum,
1480 2247 1544 2294 non
1560 2247 1624 2294 una
1718 2210 1719 2299 }

311 2353 483 2398 mantenano
509 2344 558 2401 est
577 2341 747 2398 auctorum
767 2333 940 2397 sententia.
960 2329 1134 2416 cajetanus
1152 2331 1239 2397 enim
1258 2330 1310 2419 (3)
1324 2335 1421 2443 etalii
1439 2335 1624 2400 existimant

339 2439 454 2470 mmmmm

316 2497 480 2554 principiorum.

508 2439 771 2525 experimentum
791 2437 946 2505 inservire
964 2457 1001 2504 ac
1026 2440 1243 2506 necessarium
1262 2458 1335 2506 esse
1363 2458 1429 2507 non
1457 2443 1564 2508 solum
1584 2445 1623 2508 ad

509 2546 568 2614 rite
585 2546 877 2632 apprehendendos
895 2545 1183 2631 percipiendosque
1201 2548 1360 2614 terminos
1377 2551 1622 2634 complexionis,

509 2656 567 2722 sed
586 2655 682 2722 etiam
703 2654 743 2719 ad
757 2651 861 2737 ipsam
878 2652 1139 2738 complexionem
1155 2661 1377 2721 extremorum
1393 2658 1623 2744 peragendam.

577 2763 638 2828 Alii
657 2781 735 2828 vero
754 2771 905 2839 censent,
922 2762 1182 2846 experimentum
1204 2766 1419 2830 necessarium
1438 2784 1512 2832 esse
1528 2768 1626 2833 durn-

510 2878 598 2937 taxat
611 2870 652 2935 ad
668 2872 785 2935 claram
802 2869 1042 2955 perceptionem
1058 2870 1382 2956 penetrationemque
1396 2874 1624 2951 terminorum,

510 2977 630 3062 quibus
648 2977 846 3043 sufficienter
865 2975 1052 3061 penetratis,
1068 2976 1251 3043 intellectus
1269 2976 1352 3045 illico
1369 2980 1506 3047 tirmiter
1519 2984 1626 3049 adltae·
1719 2965 1720 3026 l

510 3094 558 3153 ret
577 3084 732 3169 principia
750 3085 1003 3168 pronuntiando.
1024 3084 1069 3151 lta
1089 3084 1251 3151 Antonius
1279 3085 1425 3153 Andreas
1447 3090 1535 3174 apud
1563 3090 1628 3157 Co-
1719 3125 1720 3128 ¹

511 3191 745 3259 nimbricenses
763 3188 815 3279 (4)
834 3200 884 3268 et,
906 3201 943 3259 ut
968 3190 1112 3269 videtur,
1142 3192 1240 3258 etiam
1267 3194 1409 3261 Fonseca
1425 3193 1478 3284 (5)
1495 3206 1528 3263 et
1545 3198 1628 3265 Sua·
1719 3191 1720 3210 ¹

511 3318 563 3366 rez
582 3296 645 3389 (6).
1199 3374 1203 3381 ,

577 3408 613 3473 Ρ.
634 3404 776 3473 Cosmus
790 3404 1005 3473 Alamannius
1019 3405 1121 3473 utitur
1132 3406 1351 3477 distinctione.
1364 3408 1526 3487 Quadam
1538 3413 1626 3479 enim

459 3550 464 3561 ·
511 3521 589 3581 sunt
615 3512 770 3598 principia
790 3504 992 3579 universalia
1009 3514 1160 3581 omniurn
1178 3514 1405 3593 scientiarum,
1436 3537 1512 3602 quae
1539 3522 1631 3589 axio-

512 3631 599 3687 mata
616 3638 674 3687 seu
694 3619 868 3705 dignitates
887 3621 1090 3707 appellantur
1097 3637 1107 3703 3
1129 3630 1188 3687 ret
1207 3623 1324 3688 horum
1342 3625 1486 3711 cognitio
1514 3630 1632 3712 princi-

510 3729 658 3813 piorum,
674 3727 794 3810 inquit,
812 3745 877 3793 non
890 3726 927 3792 stt
942 3746 983 3793 ex
998 3728 1214 3812 praeexistenti
1224 3730 1412 3816 cpgnitione
1426 3735 1632 3819 experimen-

510 3838 564 3902 tali
584 3835 705 3902 ratione
725 3834 962 3919 complexionis
980 3836 1213 3913 terminorum,
1238 3856 1280 3903 ex
1298 3838 1369 3924 ipso
1387 3841 1476 3906 enim
1504 3844 1632 3911 lumine

511 3943 646 4010 naturali
668 3943 850 4009 intellectus
868 3944 997 4027 agentis
1024 3943 1212 4028 hujusmodi
1240 3946 1344 4029 prima
1361 3947 1518 4034 principia
1546 3952 1632 4023 liunt

510 4050 657 4136 cognita,
678 4068 737 4116 nec
758 4048 970 4132 acquiruntur
988 4068 1045 4137 per
1064 4048 1339 4130 ratiocinationes,
1359 4054 1417 4120 sed
1434 4058 1546 4125 solum
1576 4079 1634 4145 per

544 4264 586 4335 (1)
623 4260 865 4330 conimbricae..
882 4260 932 4321 lib.
953 4282 977 4331 1,
999 4262 1171 4331 Posterior..
1188 4282 1250 4337 cap.
1275 4285 1299 4335 r,
1314 4285 1344 4339 q.
1360 4286 1388 4337 a,
1400 4288 1428 4327 a.
1444 4290 1470 4341 3.

544 4354 584 4425 (2)
622 4349 801 4412 Conimbric.
821 4350 860 4409 ib.

545 4448 585 4515 (3)
622 4442 655 4500 ln
669 4441 719 4501 lib.
734 4451 795 4499 2³¹¹
820 4442 990 4511 Posterior„
1008 4462 1071 4515 cap
1092 4464 1133 4516 ¹3·

545 4536 586 4605 (4)
622 4531 691 4589 Loc.
704 4530 752 4589 eit.
763 4551 793 4603 q.
807 4551 834 4601 2,
849 4552 878 4589 a.
894 4552 910 4604 3
944 4532 984 4593 Ui
997 4534 1092 4609 igitur
1106 4534 1282 4594 omittamus.

544 4620 585 4693 (5)
622 4619 836 4693 Loe.aup.cit.

544 4709 586 4780 (6)
622 4708 828 4781 Loc.oup.eit.
