3492 5525
473 478 587 542 Anne.
613 493 672 560 3³⁸⁸
693 477 744 543 Da
765 480 887 544 Vareno
1142 496 1200 561 237

13 746 14 753 ἵ
118 659 289 734 nimirum,
300 666 410 724 utrum
426 657 563 724 verbum
572 676 659 736 sum,
673 679 722 737 es,
734 664 796 736 est,
811 659 964 744 significet
971 659 1068 725 etiam
1078 677 1149 724 cum
1162 661 1240 723 tem·

112 776 204 849 pore,
230 767 315 832 sicut
339 767 433 831 docet
461 765 652 832 Aristoteles
674 768 854 852 generatim
884 768 924 833 de
948 765 1039 832 omni
1066 766 1179 832 verbo.
1200 763 1240 830 Et

13 931 14 936 ,
116 873 292 941 difficultas
317 872 526 958 potissimum
556 883 703 940 versatur
732 876 816 941 circa
842 875 914 940 illas
933 871 1244 958 propositiones,„in

13 974 14 991 ¹
117 981 240 1063 quibus
260 981 470 1064 praedicatum
496 989 620 1064 spectat
639 981 679 1046 ad
698 991 847 1060 naturam
867 981 1021 1066 subjecti,
1042 997 1117 1065 quae
1135 977 1243 1044 vocari

13 1120 14 1123 ι
118 1090 227 1154 soient
244 1107 265 1152 a
283 1087 490 1172 Philosophis
500 1087 738 1172 propositiones
752 1098 882 1154 aeternae
897 1088 1056 1162 veritatis,
1077 1087 1246 1153 dicuntur·

117 1213 182 1278 que
206 1195 428 1260 communiter
450 1193 570 1260 absolui
591 1215 609 1259 a
632 1199 781 1278 tempore,
806 1197 847 1261 ad
870 1195 1086 1261 differentiam
1110 1195 1244 1260 aliarum

117 1301 380 1387 propositionum
394 1302 436 1366 de
450 1303 584 1392 materia
596 1322 661 1368 non
678 1304 869 1378 necessaria.
891 1297 981 1376 Quid
996 1303 1101 1379 enim,
1118 1319 1244 1384 quaeso,

13 1426 14 1469 r
116 1420 166 1476 est
178 1410 335 1474 absolata
350 1413 496 1491 tempore,
518 1411 578 1476 nisi
599 1429 664 1476 non
680 1411 861 1496 significare
873 1408 1024 1494 tempus?

13 1504 14 1533 *
184 1517 408 1582 Nihilominus
436 1517 611 1584 dicendum
639 1519 769 1585 videtur
792 1519 892 1585 etiam
911 1519 943 1584 in
968 1515 1269 1602 propositionibus·

117 1634 249 1691 aetemae
268 1624 413 1690 veritatis
431 1643 467 1690 ac
486 1625 526 1690 de
546 1625 680 1691 materia
700 1626 901 1700 necessaria,
922 1625 1059 1691 verbum
1078 1629 1140 1702 est,
1161 1643 1248 1689 sem-

13 1750 14 1789 ι
118 1750 176 1818 per
193 1731 379 1816 significare
396 1741 546 1816 tempus,
576 1733 620 1800 ita
637 1741 768 1808 tamen,
785 1742 822 1799 ut
841 1731 919 1798 unio
939 1741 1160 1798 extremorum
1180 1749 1247 1796 non

118 1840 333 1924 restringatur
351 1838 481 1922 praecise
500 1841 540 1905 ad
559 1839 775 1906 differentiam
793 1840 954 1924 temporis
981 1857 1167 1923 expressam
1187 1855 1245 1921 per
1261 1908 1365 1964 OM
1379 1910 1416 1952 b
1417 1909 1461 1954 Μ

118 1948 277 2022 verbum,
298 1945 435 2024 sedita,
455 1955 492 2010 ut
508 1947 666 2013 transiliat
676 1967 775 2014 omne
785 1955 928 2032 tempus
947 1947 985 2012 Et
1000 1948 1063 2012 hoc
1079 1954 1130 2012 est
1146 1908 1282 2012 oiuoi·Q
1297 1985 1425 2034 ,,,,,,,,,,,

117 2056 193 2120 oia
221 2058 355 2137 tempore
382 2053 537 2119 nimirum
565 2073 630 2121 non
651 2056 780 2140 attigeri
806 2057 857 2122 vel
886 2055 1041 2122 coarctari
1056 2054 1097 2119 ad
1115 2061 1249 2136 tempus

119 2163 270 2246 aliquod,
291 2161 426 2226 minime
453 2181 532 2228 vero
549 2164 673 2229 nultum
694 2163 870 2250 sign'pirore
889 2170 1033 2246 tempus.
1064 2163 1098 2226 in
1122 2159 1248 2241 caeteris

118 2270 208 2335 enim
228 2269 506 2353 propositionibus
524 2290 557 2335 v.
580 2289 614 2354 g.
634 2289 713 2335 cum
732 2269 866 2336 dicitur:
887 2271 1002 2336 Petrus
1019 2269 1138 2350 currit,·
1148 2268 1248 2352 Joan·

119 2397 172 2442 nes
185 2377 394 2459 praedicarim
414 2377 535 2442 Paulus
551 2379 730 2443 eritdocttrs
745 2387 822 2453 etc„
842 2377 874 2443 vi
900 2378 1007 2454 verbi,
1026 2395 1139 2442 cursus
1158 2375 1249 2442 Petri

120 2485 328 2569 restringitur
345 2484 386 2549 ad
404 2493 535 2568 tempus
551 2504 693 2569 praesens
703 2535 711 2562 ,
722 2494 755 2551 et
764 2483 947 2551 verificatur
961 2483 1157 2569 propositio,
1174 2481 1249 2548 iicet

120 2612 179 2659 nec
197 2595 275 2656 ante
293 2609 353 2657 nec
376 2595 448 2673 post
464 2592 573 2658 locum
593 2593 710 2660 habeat
728 2610 861 2659 cursus:
893 2593 1040 2677 itemque
1065 2581 1249 2676 praedicatio

118 2697 254 2781 joannis
267 2698 424 2765 limitatur
437 2699 477 2765 ad
494 2699 711 2784 praeteritum,
728 2709 761 2765 et
775 2699 862 2767 Pauii
878 2699 1022 2766 doctrina
1033 2699 1074 2764 ad
1087 2700 1247 2764 futurum.

120 2809 165 2873 At
183 2827 265 2873 vero
284 2806 317 2871 in
338 2808 615 2891 propositionibus
633 2816 763 2875 aeternae
782 2806 925 2875 veritatis
951 2808 1162 2891 praedicatum
1183 2824 1248 2871 non

118 2917 231 2983 solum
255 2915 411 2979 convenit
437 2916 585 3000 subjecto
613 2916 645 2981 in
668 2928 817 2999 tempore
836 2934 893 3000 per
920 2915 1058 2981 verbum
1081 2931 1247 2997 expresso,

121 3025 180 3090 sed
201 3023 303 3089 etiam
321 3021 355 3086 in
379 3041 591 3105 quocumque
619 3022 680 3088 alio
699 3033 848 3108 tempore
868 3044 904 3089 ac
932 3022 1103 3089 duratione
1126 3040 1183 3106 per
1201 3029 1251 3086 to-

123 3141 193 3196 tam
211 3129 446 3195 aetemitatem:
475 3141 512 3196 ut
530 3129 556 3197 si
575 3131 680 3196 dicas:
709 3131 810 3197 Homo
836 3135 884 3196 est
907 3130 1043 3206 aninml,
1068 3128 1251 3195 animalitas

121 3257 189 3304 non
208 3238 320 3303 solum
340 3236 522 3303 verificatur
540 3238 580 3303 de
600 3238 733 3303 homine
752 3256 837 3304 nunc
857 3238 890 3303 in
909 3246 1057 3323 ternpore
1076 3244 1247 3321 praesente,

122 3346 215 3429 quod
243 3342 393 3409 enuntiat
419 3344 556 3415 verbum
582 3349 643 3422 est,
662 3347 718 3410 sed
743 3350 817 3411 onte
835 3354 869 3411 et
890 3348 978 3428 post,
1000 3365 1037 3411 ac
1055 3350 1191 3426 semper;
1214 3350 1252 3408 ut

121 3452 319 3535 aequivaleat
344 3451 419 3517 huic
448 3452 676 3536 propositioni:
697 3452 813 3530 Homo,
837 3452 872 3517 in
896 3470 1086 3538 quocumque
1119 3456 1250 3533 tempore

118 3560 233 3637 tuerit,
247 3558 454 3624 essentialiter
473 3562 521 3625 est
536 3559 673 3639 onirroI;
692 3562 743 3625 vel
761 3561 800 3625 de
812 3561 935 3626 ratione
953 3560 1101 3637 hominis,
1117 3560 1152 3624 in
1169 3576 1246 3643 quo-

120 3685 253 3751 cumque
272 3669 358 3732 statu
373 3666 583 3747 concipiatur,
607 3671 653 3732 est
668 3667 862 3734 animalitas.
884 3667 917 3733 ld
935 3668 1026 3751 quod
1053 3665 1248 3753 significavit

120 3777 167 3841 Μ.
191 3773 418 3859 Augustinus,
437 3793 513 3839 cum
543 3774 684 3858 scripsit:
706 3772 826 3855 Septem
843 3778 877 3840 et
906 3775 969 3842 tria
995 3776 1099 3841 decem
1114 3777 1204 3849 sunt,
1224 3777 1255 3840 et
1339 3836 1344 3843 .

118 3902 187 3947 non
200 3884 306 3947 sotum
318 3899 420 3957 nunc,
439 3883 494 3947 sed
506 3888 624 3963 semper
641 3878 706 3968 (ι).
725 3880 809 3956 Quae
823 3900 901 3949 cum
914 3881 958 3950 ita
972 3883 1054 3960 sint,
1070 3882 1111 3948 ad
1124 3880 1251 3947 tertiam

123 3987 349 4076 objectionem
378 3989 593 4072 respondetur
620 3990 770 4073 negando
791 3988 935 4068 illatum,
966 4008 1134 4074 perperam
1163 3987 1251 4054 enim

120 4098 358 4181 interpretatur
370 4095 438 4161 vim
454 4095 625 4161 axiomatis
643 4095 744 4173 itlius,
765 4099 985 4181 quoverbum
1001 4098 1034 4163 in
1052 4096 1251 4181 quibusdam

121 4204 405 4288 propositionibus
423 4202 540 4271 dicitur
557 4204 678 4270 absolvi
694 4224 713 4268 a
731 4207 875 4287 tempore.

173 4434 250 4485 ror
299 4416 473 4485 Senouou.
522 4416 700 4484 Occasione
718 4420 816 4504 hujus
834 4418 897 4485 def
889 4418 1049 4497 nrtron1s‚
1077 4418 1178 4503 quaeri
1198 4436 1253 4485 so·
1271 4498 1308 4530 π
1298 4408 1382 4529 1331
1373 4424 1470 4529 “zm

120 4528 184 4605 iet,
205 4544 292 4593 num
311 4524 448 4592 verbum
477 4525 560 4592 intra
586 4526 843 4611 propositionem
870 4529 974 4613 possit
1001 4524 1174 4621 infinitori,
1195 4545 1253 4593 seu
1312 4555 1417 4609 ιιιιιιιι.

157 4767 200 4829 (ι)
238 4759 323 4819 Libr.
338 4778 356 4817 a
369 4757 503 4819 delibero
516 4758 662 4833 Arbitrio,
677 4780 740 4833 cap.
753 4759 782 4820 8.
791 4758 867 4819 Vide
876 4758 1004 4825 boanda
1013 4802 1021 4831 ,
1031 4760 1084 4821 loo.
1100 4760 1162 4835 cit,
1177 4780 1206 4819 n.
1222 4760 1250 4821 6.
