3492 5525
278 404 394 465 Arene.
413 415 473 482 ν·
484 402 536 465 An
553 417 697 465 unnrrus
711 419 873 471 screnum
887 419 937 466 su·
949 418 1093 466 snum
1152 412 1212 483 995
1260 470 1266 485 ,

134 562 277 650 actuum.
296 583 382 649 Nibil
402 602 480 668 ergo
499 583 680 659 mirum.si
693 602 809 651 omnes
824 584 1001 670 procedant
1019 586 1061 650 ab
1076 585 1173 650 unico
1194 586 1252 651 ba-

134 690 213 761 bitu.
240 692 278 760 Et
296 691 383 759 idem
402 692 465 759 dici
482 692 580 759 debet
596 692 639 759 de
653 693 824 769 charitate,
843 712 909 777 qua
926 692 1094 778 proximus
1110 692 1253 779 diligitur

128 804 252 883 propter
268 802 387 877 Deum,
407 800 477 867 sive
495 800 619 868 amicus
637 801 694 877 sit,
710 802 780 868 sive
798 800 961 869 inimicus.

196 909 293 987 Quod
312 908 339 975 si
358 926 467 974 sermo
485 905 527 975 sit
544 908 586 975 de
604 908 716 976 habitu
735 909 894 993 acquisito
913 927 972 977 seu
987 908 1137 975 facilitate
1158 918 1252 975 natu-

134 1018 185 1084 rali
213 1015 365 1084 credendi
389 1017 434 1081 ob
452 1014 677 1083 auctoritatem
698 1017 878 1100 loquentis,
910 1018 961 1081 vel
988 1014 1142 1101 diligendi
1170 1015 1251 1081 alios

35 1160 36 1218 q
133 1134 263 1210 propter
280 1123 403 1200 Deum,
423 1123 538 1190 eadem
561 1135 611 1191 est
630 1124 728 1206 rati03
750 1144 827 1189 nam
845 1142 922 1191 cum
943 1123 994 1191 isti
1022 1136 1115 1193 actus
1134 1140 1251 1189 omnes

133 1234 195 1299 sint
215 1233 362 1319 ejusdem
381 1231 499 1315 speciei
519 1222 656 1317 'propter
683 1233 842 1299 unitatem
863 1230 995 1309 motivi‚
1023 1249 1090 1297 non
1118 1242 1167 1298 est
1194 1248 1252 1296 cur

32 1351 34 1425 j
133 1339 386 1424 multiplicentur
399 1339 529 1406 habitus
547 1339 588 1404 ad
602 1358 660 1406 eos
672 1339 863 1420 eliciendos;
880 1358 957 1405 cum
976 1358 1062 1407 unus
1081 1339 1171 1407 solus
1184 1339 1252 1405 sul-

133 1447 228 1514 iacere
255 1446 376 1531 possit,
404 1446 530 1513 etiamsi
561 1445 663 1531 possit
690 1465 764 1513 esse
792 1448 897 1532 major
924 1446 1098 1514 difficultas
1121 1446 1154 1513 in
1183 1464 1251 1512 uno

132 1565 215 1630 actu,
236 1571 336 1638 quarn
357 1555 389 1620 in
409 1554 488 1630 alio,
505 1575 538 1621 ν.
558 1572 592 1638 g.
610 1553 643 1618 in
658 1554 823 1639 diligendo
842 1554 987 1631 inimico,
1013 1574 1113 1638 quam
1133 1554 1249 1628 amico,

131 1660 163 1727 in
181 1661 342 1729 credenda
354 1678 420 1727 una
433 1660 580 1737 veritate,
603 1680 702 1746 quam
715 1662 788 1729 alia.
806 1662 889 1728 Nam
905 1662 1094 1747 hujusmodi
1113 1661 1252 1727 difficul-

131 1777 180 1835 tas
199 1771 302 1855 major
321 1770 372 1835 vel
391 1768 514 1845 minor,
544 1770 624 1835 dum
653 1768 815 1835 motivum
839 1770 974 1835 formale
998 1770 1084 1836 idern
1103 1770 1162 1847 sit,
1185 1788 1250 1835 non

131 1885 236 1944 mutat
249 1876 389 1961 speciem
405 1884 508 1951 actus,
529 1895 565 1942 ac
579 1875 714 1961 proinde
735 1894 843 1960 neque
857 1877 986 1963 exigere
1001 1885 1110 1962 potest
1126 1896 1249 1943 novum

130 1984 278 2050 habitum
297 1983 501 2050 distinctum.
521 1983 559 2048 Et
576 1982 752 2050 difficultas
776 1985 879 2070 major
900 1984 933 2051 in
959 1985 1124 2070 diligendo
1143 1984 1250 2051 inimi·
1321 1988 1325 1995 '

130 2111 170 2157 co
188 2090 265 2169 sita,
286 2092 395 2159 solum
416 2091 566 2176 probabit
581 2109 646 2157 non
667 2091 818 2158 sufficere
832 2110 1079 2176 quemcumque
1098 2092 1248 2160 habitum

130 2198 343 2282 acquisitum,
364 2196 462 2264 etiam
481 2206 632 2274 tenuem,
653 2200 695 2264 ad
713 2200 813 2265 talem
833 2200 1101 2283 producendum,
1123 2201 1181 2266 sed
1201 2217 1250 2264 re-

129 2307 212 2389 quiri
236 2306 382 2373 habitum
401 2306 569 2372 intensum
589 2326 626 2371 ac
655 2304 886 2374 robustiorem.
909 2306 1043 2372 Minime
1070 2324 1147 2373 vero
1174 2324 1250 2390 pro-

130 2416 186 2479 bat
204 2414 236 2479 in
262 2413 380 2479 nostris
403 2412 564 2498 principiis
589 2432 714 2480 novum
743 2413 851 2499 specie
879 2414 1070 2481 distinctum
1099 2413 1247 2480 habitum

128 2522 317 2588 addendum
336 2539 408 2586 esse
427 2520 467 2585 ad
481 2522 697 2604 superandam
717 2523 874 2606 majorem
902 2522 989 2587 illam
1008 2522 1247 2591 difficultatem.

196 2629 349 2695 instantia
366 2646 445 2714 ergo
463 2638 496 2695 et
519 2637 750 2713 argumentum
772 2630 1031 2695 adversariorum
1057 2631 1180 2697 nullam
1202 2632 1251 2697 vi·

127 2738 226 2804 detur
248 2737 367 2803 habere
385 2735 573 2802 firmitatem
593 2744 706 2802 contra
724 2736 898 2804 adductam
919 2758 938 2803 a
963 2737 1056 2806 nobis
1075 2738 1247 2806 rationem.

197 2850 300 2913 Prob.
334 2843 387 2909 2.⁰
416 2843 606 2928 propositio.
640 2843 731 2910 Circa
759 2864 862 2910 unum
897 2844 1052 2929 idemque
1084 2847 1248 2932 objectum

129 2953 245 3037 nequit
264 2951 330 3017 dari
344 2952 441 3018 simul
461 2951 590 3019 babitus
604 2951 748 3019 scientiae
769 2963 802 3019 et
817 2953 946 3020 erroris
968 2952 1068 3039 ¹Atqui
1084 2953 1117 3020 in
1135 2956 1250 3021 adver-

128 3061 288 3128 sariorum
307 3059 469 3126 sententia
486 3057 519 3124 id
537 3059 606 3127 steri
631 3069 750 3145 potest.
772 3061 856 3145 Ergo
876 3060 1048 3145 rejicienda
1067 3069 1118 3128 est
1135 3080 1249 3128 eorum

15 3206 17 3217 ι
128 3168 288 3235 doctrina.

197 3281 309 3360 Major
335 3284 464 3342 constat
491 3294 532 3341 ex
559 3294 599 3340 eo
626 3275 715 3359 quod
743 3275 872 3342 habitus
899 3274 1043 3345 scientiae
1075 3284 1107 3340 et
1135 3279 1250 3344 erroris

130 3387 244 3450 iormae
269 3383 437 3449 contrariae
459 3389 549 3450 sunt.
570 3382 663 3448 Unde
689 3383 907 3469 Philosophus
926 3382 1054 3466 scripsit
1082 3383 1248 3450 scientiam

129 3490 295 3557 oblivione
313 3509 351 3557 ac
364 3491 564 3574 deceptione
569 3509 627 3556 seu
646 3509 753 3557 errore
767 3490 930 3575 corrumpi
950 3485 1018 3579 (r):
1040 3509 1115 3574 quae
1133 3491 1251 3558 doctri-

134 3618 174 3664 na
194 3600 265 3664 tuse
284 3599 462 3664 declaratur
479 3597 520 3662 ab
535 3597 692 3682 Angelico
710 3594 773 3686 (2).

198 3711 315 3774 Minor
332 3705 431 3774 etiam
451 3704 623 3771 manifesta
641 3715 703 3780 est,
729 3705 806 3788 quia
829 3724 888 3790 per
911 3702 1111 3772 adversarios
1137 3705 1247 3772 statim

129 3832 167 3879 ac
184 3813 300 3898 aliquis
319 3813 597 3880 demonstratione
612 3813 858 3880 conclusionem
876 3833 909 3881 ν.
925 3833 962 3898 g.
978 3813 1059 3880 circa
1075 3830 1247 3898 corporum

129 3921 356 3988 extensionem
375 3929 432 3986 aut
450 3920 656 3987 essentialem
672 3920 941 3988 constitutionem
956 3919 1083 3996 didicit,
1100 3919 1248 3988 habitum

129 4028 232 4095 totius
259 4027 403 4095 scientiae
431 4027 584 4094 naturalis
610 4037 792 4111 comparat.
821 4027 923 4112 Atqui
958 4027 1169 4095 manifestum
1199 4037 1249 4096 est

129 4135 237 4212 illurn,
266 4136 323 4219 qui
344 4153 421 4202 vere
444 4135 599 4219 cognovit
620 4152 795 4218 corporum
821 4135 1047 4202 extensionem
1075 4155 1112 4202 ac
1138 4152 1250 4202 essen-

128 4243 209 4308 tiam
242 4245 439 4328 generatim,
471 4261 568 4327 posse
606 4243 746 4310 incidere
780 4242 812 4309 in
848 4261 974 4310 errores
1006 4243 1087 4310 circa
1122 4244 1250 4330 plantas

165 4427 224 4522 (r).
242 4421 307 4480 Lib.
321 4421 359 4479 de
369 4421 490 4498 Longit.
505 4431 536 4478 et
548 4421 663 4480 Brevit.
677 4421 830 4493 viteam.
847 4439 886 4490 aq
903 4418 965 4480 err.
979 4419 1051 4479 ibid.
1068 4419 1102 4480 P.
1118 4418 1247 4495 Sylveet.

128 4510 275 4673 mgb&
290 4599 410 4667 Thon..
429 4619 452 4660 r.
468 4618 495 4658 a.
515 4618 546 4671 q.
560 4618 604 4672 53,
619 4620 646 4657 a.
667 4619 692 4668 r,
707 4617 785 4670 corp.
801 4598 881 4657 etad
897 4607 974 4671 3²¹²
988 4597 1052 4658 cfr.
1072 4619 1095 4658 ι.
1113 4619 1143 4672 ρ.
1157 4618 1187 4672 q.
1202 4600 1248 4674 89,

127 4709 156 4748 o.
173 4706 200 4763 ς.
