3492 5525
453 462 455 473 ¹
543 439 616 525 ‘584
672 440 795 507 Locren
807 442 1039 516 Maron-Lm.
1060 446 1396 529 1.·³⁸‚Drsr>.q.·Cnr>.
1416 464 1485 511 num

583 625 740 691 Memoria
764 627 861 695 etiam
890 649 977 715 saepe
1002 632 1098 696 fallax
1129 643 1195 708 est,
1226 643 1390 715 quatenus
1410 634 1636 701 obscuriorem

500 732 566 823 Jvel
595 733 721 810 levem,
749 744 807 801 aut
830 734 1062 823 incompletam
1089 740 1255 807 contineat
1276 741 1552 817 recordationem,
1581 745 1635 808 vel

514 838 611 905 etiarn
631 840 728 908 simul
747 844 862 911 referat
874 847 957 912 facta
975 848 1178 914 diversorum
1200 856 1408 932 temporum,
1434 851 1583 931 locorum
1598 871 1636 915 ac

515 964 740 1034 personarum.
769 950 894 1028 Quare,
929 954 988 1021 nisi
1024 964 1137 1022 caveat
1167 957 1339 1042 diligenter
1359 976 1473 1033 mens,
1507 966 1634 1023 attente

515 1060 682 1125 memoriae
699 1062 924 1129 testimonium
941 1064 1170 1143 considerans,
1191 1084 1278 1149 saepe
1295 1075 1352 1131 aut
1369 1064 1487 1149 poterit
1501 1083 1632 1149 negare,

513 1185 588 1250 quae
607 1168 660 1233 illa
679 1188 745 1235 non
770 1170 886 1248 refert,
907 1180 964 1236 aut
993 1191 1067 1256 quae
1096 1173 1232 1239 obscure
1262 1174 1374 1248 refert,
1397 1190 1567 1256 perperam
1584 1172 1635 1236 in-

513 1274 697 1360 terpretari,
719 1284 775 1342 aut
793 1276 936 1362 denique
959 1280 1047 1357 loca,
1068 1267 1232 1364 tempora,
1259 1298 1432 1364 personas,
1452 1280 1534 1345 lacta
1553 1298 1634 1346 con-

513 1382 664 1460 tundere,
685 1386 966 1467 quemadmodum
986 1386 1184 1472 experientia
1201 1387 1309 1453 docet.

497 1574 499 1579 ·
563 1560 636 1609 112.
684 1545 939 1630 PxoP081T104.⁸
982 1555 1211 1633 Intelligentia
1225 1555 1296 1615 falli
1305 1554 1423 1631 nequit
1433 1570 1495 1631 per
1506 1562 1632 1615 aetum

510 1656 546 1716 in
574 1656 722 1737 simplici
738 1664 1027 1740 apprehensione,
1048 1672 1123 1725 tum
1141 1664 1178 1725 in
1201 1662 1341 1741 judiciis
1357 1661 1579 1724 immediatis.

576 1816 775 1902 Explicatur,
798 1838 872 1885 nam
890 1817 1016 1902 probari
1032 1821 1144 1904 nequit
1159 1829 1195 1885 ut
1205 1820 1274 1904 jam
1290 1815 1493 1884 monuimus.

559 1922 607 1987 1.⁰
654 1922 686 1989 Si
714 1927 881 1993 facultates
914 1939 1034 1993 nostrae
1062 1946 1192 1992 veraces
1218 1944 1274 2010 per
1301 1942 1337 1990 se
1365 1944 1401 1989 ac
1426 1933 1542 1990 natura
1571 1943 1632 1990 sua

508 2040 604 2108 sunt,
625 2030 658 2096 id
682 2033 841 2117 praecipue
862 2036 1016 2101 convenit
1032 2034 1236 2111 intellectui,
1264 2052 1338 2117 quae
1361 2032 1630 2115 praestantissima

508 2150 558 2205 est
577 2140 660 2204 inter
678 2159 795 2207 omnes
824 2130 997 2225 potentias.
1018 2142 1202 2207 intellectus
1222 2149 1330 2207 autem
1362 2139 1394 2204 in
1418 2139 1480 2204 illis
1502 2139 1630 2205 actibus

510 2248 716 2332 potissimum
741 2248 914 2315 infallibilis
942 2250 1001 2326 sit,
1026 2258 1174 2335 oportet,
1194 2249 1250 2331 qui
1279 2248 1384 2314 solent
1408 2245 1629 2331 intelligentiae

508 2354 657 2431 attribui,
692 2354 844 2421 nimirum
865 2356 898 2421 in
914 2342 1060 2440 'simplici
1089 2355 1345 2441 apprehensione
1364 2354 1629 2438 immediatisque

503 2462 648 2548 judiciis,
670 2471 741 2527 turn
761 2464 837 2547 quia
855 2464 973 2529 horum
987 2471 1119 2529 actuum
1139 2464 1265 2548 objecta
1284 2470 1362 2527 sunt
1376 2479 1482 2546 perse
1497 2462 1630 2527 eviden-

508 2570 551 2635 tia
571 2571 780 2655 maximeque
800 2571 1004 2637 intellectivae
1024 2572 1134 2636 virtuti
1153 2571 1413 2655 proportionata,
1434 2579 1507 2634 tum
1529 2569 1628 2635 etiam

508 2677 584 2759 quia
602 2678 641 2743 iis
659 2678 867 2746 continentur
881 2679 1088 2747 scientiarum
1104 2679 1252 2745 omnium
1270 2676 1440 2762 principia,
1457 2694 1546 2762 quae,
1568 2678 1627 2742 nisi

507 2787 675 2852 veritatem
697 2787 852 2864 habeant,
874 2786 1037 2853 ratiocinia
1056 2787 1089 2853 in
1105 2787 1142 2852 iis
1156 2788 1290 2852 fundata
1307 2784 1460 2850 firmitate
1478 2804 1515 2849 ac
1534 2785 1627 2850 certi-

506 2894 618 2960 tudine
637 2893 785 2971 careantss
805 2914 935 2961 necesse
954 2901 1015 2962 est.

572 3001 606 3066 Si
622 3004 754 3084 quando
769 3003 865 3087 igitur
880 3004 1103 3087 deceptionem
1121 3003 1239 3086 patitur
1254 3000 1481 3085 intelligentia,
1502 3017 1570 3064 non
1586 3019 1625 3064 ex

504 3108 583 3174 vitio
603 3127 671 3174 suae
691 3119 814 3175 naturae
833 3111 865 3175 id
880 3111 1004 3188 evenit,
1020 3113 1077 3176 sed
1093 3129 1151 3193 per
1163 3109 1328 3183 accidem,
1344 3109 1396 3172 vel
1411 3105 1487 3189 quia
1506 3124 1625 3172 sensus
1726 3142 1727 3153 .

505 3235 571 3281 non
591 3225 677 3282 recte
693 3219 833 3283 referunt
850 3219 910 3302 ipsi
929 3220 1054 3305 objecta
1068 3228 1214 3306 externa,
1231 3235 1304 3300 quae
1319 3215 1385 3280 acie
1400 3233 1459 3280 sua
1476 3223 1626 3279 contem·
1726 3236 1727 3239 ¹

504 3325 622 3407 pletur,
647 3326 698 3390 vel
720 3325 796 3409 quia
819 3345 860 3392 ex
885 3325 1188 3402 inconsideratione,
1206 3344 1240 3390 re
1254 3343 1320 3389 non
1336 3321 1414 3388 satis
1438 3310 1621 3407 perspecta,

502 3431 714 3498 immaturum
742 3442 865 3498 temere
885 3435 1045 3519 profertur
1059 3434 1216 3517 judicium
1237 3451 1277 3498 ex
1295 3430 1395 3496 meris
1412 3430 1620 3514 apparentils.

570 3538 654 3604 Audi
675 3540 892 3623 Aquinatem:
916 3542 1064 3608 Menenle
1080 3543 1236 3624 polentae,
1256 3558 1319 3606 non
1332 3537 1440 3624 deficit
1452 3539 1520 3624 ejus
1530 3538 1623 3625 jndi-

501 3647 584 3712 cium
602 3647 686 3712 circa
701 3649 864 3730 proprium
874 3650 1034 3735 objectum.
1057 3649 1218 3736 objectum
1234 3652 1337 3713 anem
1349 3645 1514 3728 proprium
1531 3646 1623 3710 intel·

500 3757 597 3820 lectus
613 3758 662 3821 est
679 3755 838 3840 quiddilas
857 3757 915 3822 rei.
939 3759 1030 3825 Unde
1050 3759 1136 3823 circa
1157 3757 1361 3841 anddilotem
1379 3754 1440 3830 rei,
1454 3759 1515 3834 per
1527 3771 1561 3817 se
1578 3755 1623 3818 lo

499 3865 636 3946 quenda,
656 3863 827 3930 intellectus
844 3883 907 3930 non
916 3865 1064 3950 fallitur,
1080 3867 1135 3930 red
1150 3865 1235 3930 circa
1246 3884 1299 3939 ea,
1318 3881 1388 3947 que
1404 3861 1619 3934 circunrslant,

499 3971 548 4037 rei
560 3971 723 4036 essentiari
736 3975 787 4036 vel
799 3972 1019 4056 quiddr'lelem;
1033 3974 1206 4039 intellectus
1214 3979 1316 4056 polest
1320 3974 1403 4059 salli
1409 4025 1417 4051 ,
1432 3978 1510 4041 dum
1522 3996 1621 4042 unum

499 4079 627 4144 ordinat
653 4081 696 4144 ad
722 4080 813 4144 alind
828 4081 881 4145 vel
904 4084 1109 4163 conponenda
1131 4085 1181 4147 rel
1206 4081 1299 4146 etnam
1324 4083 1555 4149 retrocinanclo.
1583 4088 1623 4152 El

494 4189 621 4268 propter
635 4187 689 4252 boc
707 4187 799 4252 eliam
812 4187 898 4253 circa
912 4188 985 4253 illes
993 4189 1217 4271 propositrbnes
1230 4208 1338 4256 errare
1351 4208 1414 4256 non
1421 4196 1531 4272 polest,
1551 4211 1619 4277 qnae

499 4294 603 4360 statim
621 4299 865 4379 cognoscuntur,
888 4296 1011 4380 cognita
1025 4297 1227 4364 teminorum
1243 4299 1416 4383 querellae
1419 4320 1433 4382 ;
1447 4299 1618 4367 sicutacci·

497 4401 645 4468 ditcirca
658 4403 764 4485 prima
780 4403 957 4486 principia,
977 4405 1146 4489 exquibus
1166 4406 1259 4471 enan
1275 4406 1393 4473 accan
1407 4407 1617 4492 insallilr'n'los
1726 4480 1727 4493 q

497 4509 639 4575 ven'tntis
656 4513 823 4576 secundum
837 4512 1051 4579 certinrdinem
1063 4513 1201 4579 scientie
1217 4514 1302 4581 circa
1315 4516 1537 4585 conclusiones.
1555 4519 1619 4584 Per
1726 4582 1727 4585 ,

496 4616 640 4681 accidens
659 4621 759 4684 tannn
777 4619 930 4702 contingit
948 4620 1134 4685 intellectum
1151 4622 1252 4704 decipi
1271 4623 1357 4688 circa
1374 4626 1458 4707 quod
1476 4625 1555 4708 quid
1572 4632 1619 4692 est

497 4725 531 4788 in
542 4723 633 4791 relus
645 4726 829 4807 compositis,
844 4745 908 4790 non
920 4745 960 4791 ex
967 4732 1059 4809 parte
1071 4732 1196 4813 organi,
1211 4729 1288 4813 quala
1298 4729 1482 4806 intellectus,
1496 4750 1559 4797 non
1572 4737 1620 4798 est
