3492 5525
518 464 578 573 854
632 464 758 531 Locren
774 466 1007 541 Maron-loe.
1024 480 1095 543 ata,
1111 465 1204 531 ὓπερ.
1223 480 1266 549 3.·
1281 466 1362 530 Cra.
1378 480 1449 531 aaa

266 662 466 719 autonomon
545 652 628 721 ilinc
659 650 754 721 allam
786 652 892 720 insert·
909 651 1100 722 Aristoteles
1127 652 1351 719 definitionem
1384 670 1442 737 per
1469 669 1603 719 causon

400 748 452 853 ,Μ’
479 758 690 837 materialem,
701 780 775 845 quae
787 761 933 831 definitio
942 762 1094 837 declarat,
1108 761 1259 844 qualibus
1269 760 1444 845 praemissis
1452 767 1604 827 constare

479 868 713 937 demonstratio
723 870 851 937 debeat.
868 867 1047 937 «Definitio
1060 868 1149 935 enim
1159 886 1217 954 per
1226 886 1357 935 causam
1371 866 1604 951 tinalem,qure

1738 3165 1739 3206 l

1738 3231 1739 3278 l

280 752 305 781 el
315 748 386 787 ,ssim

329 806 397 855 renati

480 983 530 1042 est
540 994 636 1047 causa
646 976 838 1053 extrinseca,
859 984 910 1045 est
927 976 1009 1045 ratio
1026 974 1224 1043 delinitionis
1238 995 1294 1060 per
1306 992 1440 1043 causam
1452 975 1606 1041 materia-

480 1083 545 1149 lem
566 1091 599 1148 et
616 1085 804 1161 formalem,
825 1103 900 1169 que
914 1093 993 1154 sunt
1005 1102 1112 1152 causae
1125 1083 1321 1168 intrinsecae,
1338 1096 1372 1151 et
1384 1094 1436 1151 est
1453 1083 1602 1151 medium

482 1192 622 1276 probans
651 1193 750 1259 talem
769 1191 1010 1261 definitionem.
1034 1192 1093 1260 Ex.
1119 1210 1170 1277 gr.
1195 1210 1307 1268 exeo,
1328 1192 1418 1275 quod
1444 1208 1533 1259 serra
1557 1191 1603 1259 sit

480 1299 736 1375 instrumentum
755 1308 869 1385 aptum
889 1300 930 1367 ad
948 1300 1140 1377 secandum,
1171 1316 1248 1385 qua·
1264 1307 1316 1366 est
1333 1298 1481 1367 delinitio
1504 1317 1603 1365 serrae

480 1425 537 1491 per
551 1426 681 1475 causam
696 1406 845 1485 finalem,
863 1407 1011 1485 infertur,
1022 1407 1113 1492 quod
1122 1426 1210 1479 serra
1219 1415 1269 1475 est
1279 1408 1399 1475 terrum
1413 1408 1600 1483 dentatum,

480 1524 618 1599 quaeest
636 1515 781 1583 definitio
796 1534 853 1601 per
867 1534 998 1584 causam
1018 1515 1217 1583 materialem
1231 1525 1265 1581 et
1279 1516 1474 1583 formalem»
1489 1510 1554 1602 (1).

548 1628 666 1691 Altera
683 1628 797 1707 itaque
811 1628 965 1693 definitio
983 1624 1083 1709 petita
1103 1642 1144 1690 ex
1162 1622 1297 1690 materia
1311 1624 1380 1689 haec
1393 1632 1458 1689 est:
1475 1626 1603 1689 dmon-

480 1730 590 1797 stralio
621 1734 670 1796 esi
693 1732 894 1815 syllogismus
919 1732 971 1797 vel
993 1731 1223 1815 argumentatio
1246 1732 1418 1814 procedens
1438 1750 1478 1796 cx
1503 1729 1600 1805 veris,

477 1838 592 1922 primis
618 1842 652 1905 ct
676 1838 880 1916 immediatis,
908 1839 1109 1919 notioribus,
1116 1838 1276 1922 prioribus
1298 1838 1461 1925 modoque
1476 1841 1604 1905 concha·

480 1941 590 2013 sionis.
1554 1996 1561 2007 .

303 2074 431 2123 acernam.
549 2052 656 2121 Primo
682 2054 917 2123 demonstratio
944 2054 1042 2125 debet
1067 2062 1216 2122 constare
1241 2073 1283 2120 ex
1309 2054 1486 2139 premissis
1503 2056 1600 2121 verm.

482 2161 567 2240 Ouia
586 2160 719 2229 scientia
738 2180 804 2228 non
821 2170 871 2227 est
886 2162 946 2228 nisi
961 2162 1002 2229 de
1014 2180 1110 2239 vero,
1129 2181 1206 2228 cum
1219 2162 1336 2228 salsum
1354 2162 1427 2228 sciri
1446 2170 1601 2247 nequeat.

484 2268 583 2352 Atqui
613 2268 848 2335 demonstratio
879 2277 930 2359 est
961 2268 1202 2354 argumentatio
1238 2268 1358 2337 iaciens
1389 2269 1483 2336 scire.
1517 2270 1603 2355 Ergo

482 2376 719 2443 demonstratio
737 2374 811 2441 lacit
829 2375 948 2442 habere
974 2375 1197 2461 cognitionem
1216 2394 1342 2442 veram.
1372 2376 1417 2442 At
1443 2395 1522 2442 vero
1547 2395 1604 2443 co-

481 2482 586 2568 gnitio
614 2481 737 2550 causari
767 2501 825 2565 per
848 2501 886 2549 se
909 2481 1023 2567 nequit
1048 2483 1110 2551 nisi
1137 2502 1179 2550 ex
1205 2482 1369 2568 principiis
1391 2482 1495 2558 veris,
1524 2502 1602 2550 nam

482 2588 589 2655 solum
609 2608 666 2675 per
683 2590 833 2657 accidens
851 2609 966 2657 verum
986 2590 1079 2675 sequi
1098 2610 1140 2656 ex
1154 2591 1234 2657 falso
1254 2599 1374 2675 potest.
1390 2589 1518 2677 Ergo...

549 2696 671 2764 Deinde
689 2706 837 2765 constare
855 2698 954 2766 debet
972 2717 1013 2766 ex
1030 2698 1307 2784 propositionibus
1322 2698 1437 2780 pano
1453 2698 1525 2766 sire
1543 2699 1604 2764 iae

481 2805 642 2876 mediatis:
655 2825 729 2890 quae
743 2806 817 2874 duae
831 2825 931 2874 voces
943 2807 1030 2874 idem
1046 2807 1155 2873 valent
1170 2805 1289 2891 reipsa,
1307 2819 1475 2892 ponuntur
1488 2818 1602 2875 autem

482 2912 734 2998 aPhilosopho,
755 2923 792 2982 ut
816 2925 907 2982 notat
929 2913 1107 3000 Angelicus
1129 2912 1182 3001 (2)
1205 2915 1247 2980 ad
1273 2914 1495 3000 designandos
1516 2917 1603 2983 duos

483 3029 668 3105 respectus,
688 3021 753 3088 sub
771 3021 891 3107 quibus
910 3023 1025 3089 eadem
1044 3021 1223 3108 propositio
1241 3021 1303 3089 dici
1321 3031 1432 3106 potest
1445 3023 1551 3105 priora
1568 3033 1604 3090 et

481 3127 680 3210 immediatas
699 3128 804 3212 prima
831 3146 951 3214 nempe
975 3130 1218 3214 comparatione
1248 3127 1402 3208 aliarum,
1436 3150 1512 3215 quae
1544 3151 1603 3216 per

482 3237 585 3321 ipsam
605 3235 800 3321 probantur,
821 3244 855 3302 et
873 3237 1069 3313 immediata,
1090 3237 1167 3322 quia
1182 3248 1269 3304 caret
1289 3237 1416 3314 medio,
1436 3257 1474 3304 ac
1492 3239 1604 3323 proin·

481 3343 522 3410 de
561 3363 626 3411 non
659 3343 757 3412 habet
789 3344 885 3410 aliam
923 3343 1064 3430 priorem
1101 3345 1376 3430 propositionem,
1411 3364 1469 3430 per
1499 3365 1601 3430 quam

482 3452 738 3523 demonstretur.
771 3451 905 3518 Perinde
932 3469 1012 3536 ergo
1038 3461 1089 3518 est
1112 3452 1427 3520 demonstrationem
1451 3462 1602 3520 constare

482 3569 523 3626 ex
537 3559 651 3641 primis
669 3559 738 3626 sive
755 3558 959 3634 immediatis,
979 3577 1017 3624 ac
1032 3568 1183 3626 constare
1196 3578 1238 3626 ex
1252 3559 1429 3644 praemissis
1440 3560 1602 3626 indemon-

480 3667 675 3738 ababtibus.

416 3759 417 3763 ¹
548 3776 791 3844 Demonstratio
809 3782 920 3840 autem
937 3782 1086 3840 constare
1105 3773 1203 3841 debet
1228 3793 1269 3841 ex
1287 3773 1462 3859 praemissis
1485 3775 1600 3860 primis

480 3903 540 3952 seu
553 3881 749 3951 immediatis
762 3884 813 3950 vel
827 3880 1184 3969 indemonstrabilibus,
1198 3901 1264 3948 non
1279 3882 1371 3966 quod
1390 3883 1477 3948 nulla
1495 3882 1600 3968 possit

480 4011 552 4060 esse
574 3981 828 4066 demonstratio,
847 4009 924 4074 quae
941 3987 999 4056 liat
1017 4008 1075 4074 per
1097 3989 1282 4074 praemissas
1306 3990 1440 4056 ulterius
1459 3990 1599 4056 demon·

480 4099 643 4175 strabiles,
666 4116 741 4164 nam
761 4115 848 4182 saepe
866 4097 1081 4164 instituuntur
1098 4096 1284 4182 hujusmodi
1299 4098 1595 4164 demonstrationes

480 4207 513 4273 in
530 4205 684 4288 scientiis;
699 4205 756 4272 sed
770 4206 845 4289 quia
859 4205 1096 4271 demonstratio
1110 4205 1253 4289 perlecta
1268 4205 1382 4289 nequit
1392 4222 1477 4281 esse,
1492 4205 1599 4270 donec

480 4315 521 4380 ad
540 4311 643 4398 prima
662 4322 695 4378 et
720 4311 910 4379 immediata
927 4330 987 4377 seu
1011 4309 1313 4380 indemonstrabilia
1330 4310 1484 4397 principia
1501 4312 1599 4378 deve-

481 4421 598 4488 niatur.
618 4419 672 4488 Sic
690 4421 717 4488 si
736 4419 905 4486 bominem
928 4419 1137 4486 demonstres
1162 4417 1318 4486 risibilem
1341 4437 1430 4495 esse,
1451 4420 1529 4503 quia
1547 4428 1600 4486 est

514 4675 554 4737 (r)
591 4669 732 4744 Sylreatr.
741 4667 850 4739 Mauo,
865 4668 1048 4743 Parapinae.
1062 4667 1143 4745 Opp.
1153 4668 1251 4728 Arist.
1262 4669 1478 4738 r.·Poatcrior.,
1492 4689 1559 4741 cap.
1570 4689 1599 4729 a.

513 4759 555 4832 (a)
593 4758 892 4828 1.·Posterior.,lcct,
908 4777 937 4833 4,
953 4757 1110 4819 Concludit
1122 4777 1162 4818 aar
1171 4758 1322 4831 predictas
1333 4754 1538 4832 dafiaib'am
