3492 5525
589 419 888 499 Pnoneoonuua'
1041 465 1046 472 ¹
1138 445 1239 532 ⁸103

151 617 367 702 definitionum
380 622 412 683 et
427 617 680 683 distributionum
695 617 869 700 plurimum
893 614 1111 684 intellectorem
1129 609 1278 702 cadivam

153 725 299 808 itemque
314 725 497 793 intractatu
512 726 554 791 de
570 724 692 802 Ordine
706 726 856 808 superius
871 718 1003 790 laudato
1018 723 1170 809 logicam
1184 720 1278 789 valde

150 833 380 916 commendat;
400 831 505 899 immo
524 844 556 898 et
576 831 650 899 alibi
665 835 734 919 ejus
750 833 977 899 necessitatem
992 831 1140 917 agnoscit
1158 827 1277 919 (r),et
1354 859 1357 863 ’
1423 837 1428 845 ”
1478 907 1484 928 ι

150 938 363 1006 cresconium
378 935 579 1006 Donatistam
596 941 714 1023 carpit,
731 940 822 1022 quod
837 939 1044 1006 Dialecticam
1059 938 1277 1023 reprehende·
1389 929 1391 934 ’
1411 939 1415 947 “

151 1047 190 1112 rit
209 1045 275 1134 (2).
299 1048 507 1133 Quapropter
536 1065 610 1130 quae
632 1047 667 1117 S.
689 1046 1040 1132 Augustinus‘aliique
1064 1045 1165 1111 modo
1185 1044 1276 1112 citati

148 1155 325 1239 scriptores
341 1157 454 1234 contra
480 1155 684 1242 Dialecticam
713 1153 879 1239 scripsisse
899 1153 1000 1220 videri
1030 1163 1187 1238 possunt,
1209 1170 1275 1218 non

148 1271 263 1328 contra
288 1273 390 1329 artem
415 1264 518 1348 ipsam
542 1263 627 1328 dicta
656 1262 755 1328 fuisse
776 1262 960 1346 putandum
988 1271 1056 1337 est,
1082 1261 1141 1326 sed
1164 1247 1274 1325 solum
1353 1324 1357 1330 .

148 1379 263 1434 contra
276 1371 353 1436 artis
367 1370 525 1448 abusum,
542 1381 573 1436 et
587 1378 701 1438 contra
713 1389 810 1434 neam
831 1370 1041 1445 facultatem,
1056 1385 1223 1452 quaecum
1237 1387 1274 1434 se

148 1475 355 1543 Dialecticam
367 1478 468 1546 videri
482 1486 594 1562 optet,
615 1475 801 1562 sophisticae
814 1475 1036 1545 contentionis
1048 1466 1171 1542 cavillis
1192 1475 1275 1541 veri·

146 1591 251 1648 tatem
267 1596 464 1671 oppugnat»
479 1583 543 1674 (3).

213 1691 351 1768 Quaeres
362 1711 449 1760 nunc
457 1694 594 1760 fortasse
609 1700 721 1760 utrum
733 1692 851 1777 Logica
861 1691 905 1758 sit
919 1669 971 1756 ars
984 1691 1035 1756 vel
1050 1689 1197 1757 scientia.
1208 1687 1273 1770 Sed
1300 1704 1362 1753 stine
1372 1709 1471 1764 taenio,

144 1800 286 1881 quaestio
312 1803 399 1879 haec,
421 1818 522 1884 quarn
553 1813 680 1870 veteres
708 1800 823 1866 acriter
845 1798 1031 1885 agitabant,
1062 1797 1272 1864 commodius
1339 1779 1432 1825 '‘¹²¹⁸²

143 1906 220 1972 alibi
233 1907 403 1974 tractanda
417 1917 481 1976 est.

189 2033 223 2096 4.
273 2015 408 2100 logices
423 2017 519 2083 variae
540 2014 815 2082 circumferuntur
834 2011 1025 2079 divisiones.
1051 2010 1159 2078 Primo
1181 2003 1271 2081 enim.
1321 2025 1451 2076 umora.

142 2122 324 2206 partiturin
336 2123 512 2189 naturalem
522 2132 621 2208 atque
630 2123 697 2189 arii
734 2123 838 2189 lolem.
849 2120 1070 2188 Naturalisest
1082 2120 1153 2203 ipsa
1162 2120 1271 2184 innata

142 2231 191 2296 vis
202 2231 386 2297 intellectus
401 2240 434 2296 et
448 2232 596 2316 aptitudo
609 2231 649 2296 ad
661 2242 746 2297 recte
761 2225 1040 2297 ratiocinandum:
1055 2228 1124 2292 haec
1135 2227 1270 2311 proinde

139 2339 263 2421 cuique
282 2339 332 2404 vel
352 2338 423 2404 rudi
442 2339 567 2403 homini
588 2339 706 2404 modos
725 2321 889 2420 quosdam
913 2333 1093 2401 disserendi
1113 2333 1271 2400 faciliores

138 2455 263 2530 sponte
288 2446 448 2531 suggerit.
474 2444 659 2512 Artificialis
682 2453 732 2509 est
751 2443 900 2534 collectio
919 2450 1158 2527 praeceptorum
1184 2442 1271 2508 ordi-

140 2564 234 2629 nata,
256 2553 459 2618 intellectum
480 2554 620 2630 reddens
640 2560 831 2637 promptum
853 2561 886 2616 et
910 2550 1101 2634 expeditum
1127 2550 1169 2614 ad
1183 2560 1269 2616 recte

138 2662 382 2729 disserendum.
403 2662 565 2727 Naturalis
589 2671 639 2728 est
662 2661 854 2744 imperfecta
872 2667 906 2722 et
929 2656 1099 2734 inchoata,
1128 2659 1269 2740 perfecta

137 2790 219 2836 vero
238 2769 422 2837 artificialis.
437 2762 649 2853 Quamquam
670 2768 794 2835 nemini
809 2768 948 2834 dubium
964 2777 1026 2842 est,
1041 2765 1192 2851 Logicam
1214 2781 1270 2830 ηει-Ι

137 2878 280 2943 turalem
296 2886 399 2943 artem
415 2896 480 2943 non
501 2894 590 2953 esse,
604 2877 662 2942 sed
683 2877 827 2942 nativam
842 2874 1110 2959 dispositionem,
1131 2872 1164 2938 in
1180 2891 1269 2938 eam-

136 3005 205 3069 que
224 2987 384 3070 quadrare
408 3004 474 3051 non
490 3002 586 3070 posse
606 2986 735 3049 allatam
753 2984 906 3068 superius
920 2980 1160 3048 definitionem.
1179 2981 1266 3045 idem

135 3095 226 3159 enim
248 3094 300 3159 hic
319 3092 473 3178 contigit,
490 3092 581 3177 quod
600 3091 632 3156 in
656 3090 787 3175 reliquis
797 3091 939 3158 artibus
959 3092 1044 3157 Nam
1062 3089 1197 3153 sicutex
1214 3089 1269 3152 hoc

133 3204 220 3285 quod
234 3202 369 3266 rotrodo
385 3204 458 3265 octa
477 3218 590 3265 manus
611 3198 836 3275 reinduatur,
857 3197 1028 3263 adinvento
1045 3200 1156 3262 estars
1168 3195 1269 3281 aaut·

132 3308 255 3374 catorc'o
264 3310 315 3374 vel
316 3308 464 3393 fabrilis,
476 3314 535 3390 per
546 3325 625 3391 quos
636 3306 723 3371 homo
728 3305 873 3391 faciliter
880 3309 912 3370 et
919 3304 1063 3369 ordinate
1074 3304 1167 3391 hujus
1179 3307 1269 3369 actus

131 3434 279 3483 exercerc
292 3418 393 3498 potest
408 3411 473 3503 (4),
487 3415 530 3480 ita
548 3413 647 3479 etiam
669 3430 764 3479 mens
787 3412 818 3478 in
836 3410 979 3497 seipsam
999 3429 1150 3495 suosque
1175 3419 1267 3475 actus

131 3524 327 3600 reflectens,
344 3512 447 3588 artem
467 3520 593 3589 invenit
607 3532 683 3606 apte
696 3520 895 3597 disserendi,
911 3538 987 3604 quae
1007 3519 1152 3585 nativam
1165 3518 1267 3583 facul·

130 3642 239 3700 tatem
252 3634 403 3717 juvaret,
426 3629 594 3715 perficeret
606 3679 614 3706 ,
628 3630 890 3714 compleretque.

205 3740 325 3825 Logica
338 3737 512 3806 artificialis
525 3736 680 3803 dividitur
702 3736 735 3801 in
754 3738 908 3801 actualem
927 3733 1269 3819 calatinumque
1315 3768 1441 3818 ΜΝ,

130 3848 252 3916 divisio
267 3846 456 3913 communis
468 3854 519 3919 est
532 3844 660 3912 cunctis
679 3844 841 3921 scientiis,
858 3842 1000 3919 artibus,
1021 3842 1265 3927 virtutibusque
1293 3914 1300 3927 ,
1328 3843 1432 3890 amaris:

129 3976 169 4023 ac
196 3956 297 4023 vitiis.
324 3955 441 4039 Logica
464 3951 599 4019 actualis
622 3962 701 4019 sunt
724 3952 796 4036 ipsa
812 3958 976 4036 praecepta
996 3951 1047 4017 vei
1062 3952 1185 4036 regulae
1199 3949 1266 4016 dis·
1292 3916 1466 4032 iffi?

128 4064 283 4143 serendi,
304 4080 362 4129 seu
381 4061 575 4138 dictamina,
599 4061 721 4144 quibus
741 4059 928 4126 intellectus
947 4058 980 4124 iu
996 4056 1188 4125 disserendo
1204 4058 1265 4124 du·

126 4173 231 4239 citur.
248 4170 430 4238 Habitualis
441 4188 519 4236 vero
534 4176 584 4235 est
598 4166 737 4253 qualitas
751 4170 872 4235 mentis
884 4186 926 4234 ex
937 4168 1131 4254 hujusmodi
1143 4166 1264 4253 regulis

131 4310 394 4325 *ια-*η-

164 4364 506 4437 (ι)1,ὣ.8άεί”ἰυίίατε
519 4365 589 4435 Dei,
604 4385 667 4437 cap.
682 4385 723 4438 ¹3·

164 4464 212 4525 (2)
249 4454 317 4515 Lib.
334 4477 358 4513 t.
375 4456 484 4521 Contra
494 4456 632 4525 Graccum,
647 4474 711 4525 cap.
729 4472 784 4525 13·-

1298 2173 1470 2219 etartificialem.

164 4548 212 4621 (3)
249 4544 429 4604 Conimbric.
452 4546 525 4604 ibid.
544 4558 601 4603 art.
631 4564 661 4613 2,
678 4544 729 4602 fin.
750 4542 811 4601 cfr.
830 4541 959 4601 Lossada
978 4538 1099 4601 ioca'cit.
1124 4554 1211 4602 tract.
1234 4564 1259 4614 t,

121 4639 208 4711 disp.
222 4656 328 4707 1,cap.
346 4656 375 4705 ι,
392 4654 422 4693 n.
441 4656 487 4707 ¹¹3
504 4634 594 4694 Card.
607 4633 748 4708 Aguirre,
765 4633 819 4693 loc.
837 4652 907 4705 nup.
920 4632 970 4691 cit.
1104 4640 1108 4648 '

161 4734 210 4805 (⁴)
249 4724 284 4797 S,
299 4724 357 4785 Th.
372 4724 404 4785 in
418 4736 475 4786 ιθ·
492 4727 606 4787 Pastor.
621 4725 688 4785 lect.
706 4744 729 4784 ι.

1288 2107 1319 2143 1.·
1330 2100 1352 2144 iu
1362 2102 1485 2146 naturalem
1544 2105 1547 2108 ’
