3492 5525
247 469 366 532 Anarc.
382 480 443 551 4⁰·
455 466 646 545 qucsunx
661 486 710 531 srr
723 486 898 546 quccrunr
913 486 1077 533 screnum
1126 486 1183 549 pqr

98 648 218 715 actioni
233 649 366 734 aliquod
385 649 673 738 impedimentum.
694 650 748 718 Sic
763 672 796 718 v.
817 672 852 738 g.
873 670 966 719 «non
982 670 1112 737 semper
1125 671 1226 737 gene·

100 764 190 822 ratur
208 758 408 826 homoduas
422 775 543 826 manus
563 760 703 835 habens,
721 760 780 825 sed
802 759 1001 844 quandoque
1023 759 1060 826 fn
1078 760 1225 841 delectus

100 874 236 949 propter
254 854 529 950 impedimentum
556 883 664 933 causae
689 866 819 951 agentis
836 868 890 934 vel
919 867 1089 935 materie»
1107 864 1172 933 Sed
1191 866 1224 933 in

99 972 141 1037 iis
159 973 257 1038 etiam
273 973 489 1040 consideratio
504 973 647 1042 scientiae
666 974 826 1059 generalis
844 993 916 1041 esse
930 982 1040 1060 potest
1057 994 1095 1039 ac
1112 974 1222 1052 debet,

98 1081 326 1147 concludendo
350 1100 470 1167 nempe
489 1101 527 1147 ac
550 1082 826 1158 demonstrando,
857 1100 973 1152 causas
999 1084 1080 1147 tales
1098 1090 1223 1148 certum

100 1188 254 1253 effectum
280 1188 446 1255 habituras
467 1208 540 1255 esse
564 1189 619 1276 (v.
647 1208 683 1274 g.
714 1208 754 1255 ex
783 1189 919 1255 homine
948 1190 1116 1256 hominem
1141 1190 1224 1256 duas

100 1294 276 1361 habentem
297 1314 416 1363 manus
432 1308 627 1382 generatum
643 1295 716 1382 iri),
738 1296 798 1362 nisi
821 1296 901 1380 quid
920 1315 977 1383 per
995 1294 1142 1363 accidens
1161 1295 1224 1362 im·

100 1401 225 1486 pediat:
245 1422 320 1487 quae
337 1404 504 1471 conclusio
522 1404 712 1471 universalis
731 1403 876 1487 proiecto
896 1413 962 1479 est,
983 1412 1016 1469 et
1034 1402 1116 1471 circa
1135 1404 1225 1491 obje-

99 1500 192 1577 ctum
213 1511 395 1578 universale
414 1523 573 1579 versatur.
606 1494 611 1503 ’

144 1668 222 1758 265.
270 1672 533 1760 l³ttot>osr'r103.⁸
580 1678 760 1757 obiectum
783 1676 1007 1740 scientiarum
1027 1684 1082 1740 est
1105 1690 1224 1755 perpe·
1277 1696 1395 1755 obtectum

97 1794 215 1859 tuum,
235 1786 467 1865 ingenerabile
485 1794 587 1865 atque
605 1785 876 1864 incorruptibile.
1139 1871 1143 1879 Ι
1227 1766 1430 1898 Ἢρῗζζῒωῗῑ

1259 1913 1416 1969 ἰυςειιιιιδῆι,

167 1941 244 2007 llaec
264 1940 435 2008 manifeste
452 1940 561 2007 fluunt
584 1960 625 2007 ex
650 1940 758 2011 dictis.
777 1942 862 2008 Nam
889 1938 1054 2025 obiectum
1081 1940 1223 2007 scientiae
1251 1983 1423 2041 ,mmmmm

98 2058 150 2113 est
168 2048 349 2115 universale
368 2058 404 2114 ac
423 2049 661 2127 necessarium,
677 2058 899 2132 tractaturque
918 2048 1089 2115 dumtaxat
1108 2066 1224 2115 secun·

98 2156 179 2221 dum
195 2158 247 2223 illa
265 2156 453 2241 praedicata,
470 2174 544 2241 quae
559 2158 611 2224 vel
627 2157 790 2242 pertinent
804 2156 844 2223 ad
861 2155 1037 2251 essentiam
1056 2153 1099 2221 rei
1116 2156 1223 2222 velex

98 2282 137 2327 ea
161 2263 341 2331 necessario
364 2274 632 2348 consequuntur,
663 2263 911 2350 praescindendo
940 2265 981 2330 ab
1013 2265 1130 2330 actuali
1156 2263 1225 2329 exi·

97 2372 217 2437 scentia
235 2372 337 2453 illius;
358 2392 458 2455 quare
477 2373 530 2438 illa
549 2372 732 2439 considerat
747 2372 880 2439 seientia
904 2372 1129 2449 enuntiabilia,
1149 2359 1223 2454 qu'ae
1284 2424 1289 2434 .

97 2498 193 2543 suam
212 2478 354 2545 retinent
371 2479 560 2556 veritatem,
576 2479 760 2564 eodemque
779 2479 880 2545 modo
897 2479 1050 2546 affirmari
1069 2486 1221 2564 possunt,

97 2586 169 2652 sive
183 2587 366 2671 subjectum
385 2588 526 2666 existat,
546 2587 616 2655 sive
636 2606 719 2665 non,
740 2598 773 2655 et
791 2589 1068 2672 quandocumque
1092 2586 1223 2654 existat·

99 2693 201 2779 Atqui
219 2713 294 2780 quae
312 2694 377 2764 hoc
395 2694 495 2762 modo
514 2713 550 2763 se
572 2695 712 2773 habent,
732 2705 853 2762 aeterna
878 2703 975 2772 sunt,
998 2713 1063 2762 non
1088 2692 1222 2778 quidem

97 2803 131 2868 in
158 2803 345 2879 existendo,
365 2804 423 2871 sed
446 2800 481 2869 in
507 2803 702 2870 veriticando
722 2803 997 2888 propositionem,
1018 2801 1225 2886 quandoqui-

98 2911 175 2975 dem
194 2927 364 2996 numquam
376 2929 458 2989 non,
475 2929 534 2978 seu
548 2911 581 2976 in
595 2911 687 2978 omni
701 2921 851 2996 tempore
870 2919 904 2976 et
922 2912 963 2977 ab
982 2920 1122 2987 aeterno,
1138 2911 1224 2976 adir-

99 3018 230 3084 mabilia
247 3030 338 3086 sunt.
359 3018 428 3085 Hoc
447 3029 561 3104 pacto,
582 3020 778 3104 trunpuum
794 3022 925 3104 angulos
940 3023 1001 3085 tres
1015 3019 1224 3107 habere-duo-

99 3127 157 3190 laus
180 3127 303 3210 angulis
326 3127 418 3194 rectis
434 3130 586 3212 aquales,
607 3137 641 3192 et
663 3127 815 3194 hominem
835 3145 901 3193 esse
922 3126 1161 3203 admirativum,
1182 3125 1224 3192 ab

98 3244 221 3300 aetemo
240 3233 430 3301 affirmabile
448 3243 515 3317 est3
538 3245 637 3320 atque
655 3236 774 3322 eodem
795 3234 896 3301 modo
916 3233 1106 3301 affirmabile
1126 3237 1221 3311 soret,

98 3341 226 3408 etiamsi
246 3361 416 3425 nunquam
435 3343 596 3409 extitisset
611 3344 729 3421 homo,
746 3343 851 3410 sedin
871 3352 958 3409 statu
978 3360 1068 3427 purae
1086 3341 1225 3426 possibi-

99 3449 198 3515 litatis
226 3448 356 3517 relictus
384 3449 512 3519 luisset.
541 3450 626 3536 Ergo
652 3451 797 3518 scientiae
825 3449 992 3537 objectum
1026 3431 1222 3542 perpetuum

98 3576 158 3622 seu
176 3565 337 3624 aeternum
357 3565 418 3626 est.

166 3665 323 3733 Praeterea
339 3674 391 3731 est
408 3663 625 3750 ingenerabile
652 3677 686 3734 et
704 3665 965 3750 incorruptibile,
986 3667 1037 3732 vel
1065 3665 1142 3749 quia
1167 3685 1226 3752 ge·

99 3771 223 3838 necatio
242 3781 276 3838 et
292 3772 457 3857 corruptio
478 3790 544 3839 non
564 3782 757 3840 exercentur
776 3793 832 3858 per
851 3793 888 3840 se
908 3773 990 3840 circa
1016 3773 1221 3850 universalia,

97 3881 157 3947 sed
181 3879 265 3946 circa
281 3879 474 3966 singularia;
495 3881 546 3946 vel
573 3881 648 3965 quia
667 3880 890 3966 praescindunt
916 3881 1058 3948 scientiae
1076 3881 1117 3948 ab
1135 3889 1223 3950 statu

97 3988 278 4055 existentiae
291 3988 343 4055 sui
357 3987 487 4074 objecti,
502 3989 650 4074 generari
661 3998 772 4056 autem
788 3999 821 4054 et
834 3988 1000 4076 corrumpi
1013 3989 1224 4056 existentium

97 4107 161 4178 est;
183 4096 233 4162 vel
253 4094 330 4179 quia
348 4097 436 4162 nulla
448 4095 615 4180 generatio
633 4107 691 4162 aut
716 4097 881 4182 corruptio
906 4107 981 4164 actu
1001 4098 1140 4164 exercita
1168 4117 1224 4164 va·

98 4204 179 4268 riare
193 4211 302 4287 potest
319 4201 463 4270 scientie
481 4202 645 4290 objectum
665 4204 774 4290 quoad
789 4223 912 4272 munus
931 4203 1118 4272 verificandi
1132 4213 1223 4271 actus

97 4309 311 4378 scientificos:
332 4310 474 4396 idquod
492 4330 609 4378 verum
628 4321 680 4379 est
695 4313 814 4389 etiam,
833 4313 917 4379 dum
941 4311 1096 4380 asseritur
1113 4330 1225 4380 corru-

97 4417 253 4504 ptibilitas
271 4415 342 4504 ipsa
358 4416 400 4484 de
419 4417 551 4504 proprio
570 4419 718 4507 subjecto
736 4417 801 4510 (r).

134 4763 175 4826 (ι)
209 4755 286 4817 Vide
300 4753 575 4834 [oswadessau.
588 4757 715 4829 tracto,
731 4757 1065 4844 diap.a„cap34,n.,4,.
1118 4775 1153 4840 7ζ,
1223 4821 1226 4829 ,
