3492 5525
296 477 411 542 Aarrc.
431 490 489 561 μ’
503 476 696 543 carcanus
712 485 832 543 orvtsro
847 494 1076 546 scieurrnnuu
1135 496 1211 563 1029
1307 554 1313 569 ι

192 659 319 725 Namin
331 657 865 747 primisaLogicacaeterae'omnes
878 664 1065 747 dependent
1077 674 1249 747 tamquam

123 788 143 832 a
161 768 328 835 communi
348 789 473 855 organo
491 779 524 836 et
542 771 706 847 ministra,
726 772 866 837 docente
892 772 1029 839 modurn
1055 772 1196 847 sciendi,
1218 780 1251 837 et

121 882 308 959 exponente
327 877 497 962 principia,
514 879 635 962 quibus
649 877 797 945 innititur
814 878 925 945 omnis
944 878 1199 963 argumentatio.

192 983 412 1068 Metaphysica
440 985 538 1051 etiam
566 987 713 1051 enucleat
741 986 895 1070 principia
929 986 1146 1068 notionesque
1180 1002 1246 1051 non

124 1108 262 1173 paucas,
285 1091 406 1174 qulbus
425 1111 541 1159 omnes
560 1101 660 1178 egent
677 1092 832 1159 scientiae.
908 1160 911 1167 ,
1109 1156 1112 1161 .

195 1196 223 1260 Α
256 1197 390 1283 Physica
418 1200 581 1283 dependet
613 1199 834 1286 Metaphysica
865 1201 974 1285 quoad
1008 1199 1250 1266 nobilissimum
1348 1218 1354 1227 ’

125 1305 312 1390 objectum,
329 1324 406 1371 nam
426 1308 466 1372 ad
484 1306 571 1373 illam
591 1318 716 1390 spectat
735 1327 776 1373 ex
795 1308 893 1374 rebus
907 1306 1021 1374 creatis
1038 1307 1094 1372 Dei
1110 1308 1252 1373 existen-

124 1412 206 1477 tiam
224 1414 389 1490 evincere,
412 1415 681 1498 quandoquidem
709 1416 1059 1499 argumenta‚·quibus
1082 1415 1115 1480 in
1139 1413 1250 1479 limine

123 1519 312 1605 Theologiae
329 1522 547 1597 demonstrari
565 1523 648 1587 solet
667 1523 837 1587 existentia
855 1522 939 1588 entis
954 1541 1035 1599 ase,
1052 1524 1118 1587 iere
1134 1530 1251 1607 petun-

123 1637 179 1692 tur
197 1648 238 1694 ex
263 1628 427 1711 principiis
449 1629 489 1693 ad
517 1630 697 1695 naturalem
724 1628 966 1713 Philosophiam
996 1629 1246 1713 pertinentibus.

194 1736 237 1800 At
252 1736 321 1819 ipsa
347 1737 502 1801 naturalis
522 1736 728 1819 Philosophia
747 1737 780 1801 in
801 1736 929 1811 multis,
947 1754 1021 1820 quae
1041 1745 1190 1820 spectant
1209 1737 1249 1801 ad

124 1844 412 1927 experimentalem
427 1844 612 1930 Physicarn,
633 1845 853 1928 dependente
872 1844 1026 1920 Mathesi,
1048 1844 1135 1910 unde
1162 1844 1250 1929 prin-

124 1952 206 2033 cipia
226 1960 394 2016 mutuatur
413 1952 453 2015 ad
474 1953 583 2033 plures
601 1941 820 2017 conficiendas
838 1952 1151 2018 demonstrationes,

192 2057 321 2125 Moralis
339 2059 481 2142 denique
500 2059 663 2141 dependet
681 2080 700 2123 a
717 2059 940 2146 Metaphysica
963 2067 995 2123 et
1015 2059 1151 2125 naturali
1175 2046 1249 2125 Phi-

123 2166 272 2250 losophia
292 2165 396 2243 iniis,
418 2184 493 2248 quae
512 2167 729 2249 supponenda
747 2177 825 2233 sunt
838 2166 920 2232 circa
940 2173 1090 2231 naturam
1109 2175 1142 2230 et
1160 2168 1249 2231 attri-

123 2274 204 2337 buta
227 2272 303 2347 Dei,
331 2282 364 2337 et
381 2272 464 2338 circa
492 2282 640 2339 naturam
667 2272 824 2348 hominis,
856 2272 940 2339 entis
960 2272 1105 2339 moralis.
1130 2272 1249 2339 Praeter

123 2379 195 2443 haec
213 2388 324 2445 autern
344 2381 441 2445 habet
459 2378 528 2464 ipsa
543 2381 633 2462 plura
656 2380 715 2446 sibi
740 2379 884 2464 propria,
906 2399 966 2446 nec
984 2380 1114 2445 aliunde
1135 2398 1249 2445 ernen-

128 2486 247 2551 dicata.

193 2595 221 2657 Α
239 2593 350 2659 Morali
366 2605 476 2660 autern
491 2594 679 2678 dependent
692 2603 827 2671 caeterae,
842 2606 1006 2677 quatenus
1024 2594 1136 2660 ornnia
1155 2614 1248 2679 regu·

124 2700 181 2766 lari
206 2701 326 2768 debent
361 2703 544 2786 prudentia,
574 2711 674 2786 atque
704 2704 744 2768 ad
774 2702 927 2769 ultimum
958 2702 1185 2788 finem'dirigi
1214 2712 1247 2778 et

122 2808 341 2892 subordinari;
362 2809 492 2876 Moralis
510 2808 598 2875 enim
619 2819 668 2875 est
682 2810 723 2874 de
742 2810 829 2876 hisce
844 2811 975 2877 duobus
998 2810 1177 2894 disputare.

192 2922 293 2983 Proh.
314 2923 465 2984 secunda
481 2940 578 3000 pars:
598 2917 699 2983 Nulla
711 2917 847 3002 quinque
859 2917 1090 3000 primariorum
1103 2917 1248 2983 scientia-

122 3041 195 3088 rum
204 3023 331 3105 proprie
348 3023 443 3090 alteri
460 3025 699 3092 nabordinatur.

193 3130 316 3196 Etenim
336 3132 376 3195 ad
403 3130 565 3215 propriam
592 3131 916 3207 subalternationem,
939 3141 974 3197 ut
993 3132 1144 3215 superius
1168 3131 1250 3196 vidi·

124 3256 219 3315 rnus,
250 3238 436 3320 requiritur,
462 3248 498 3303 ut
522 3240 622 3303 altera
639 3239 681 3303 ab
708 3240 807 3303 altera
830 3256 890 3305 sua
909 3237 1065 3322 principia
1083 3239 1245 3314 desumat,

123 3353 158 3408 et
176 3345 361 3430 subjectum
389 3329 618 3411 subalternatae
642 3345 739 3410 addat
767 3345 983 3411 differentiam
1013 3347 1246 3412 accidentalem

124 3470 224 3534 supra
259 3453 513 3519 subalternantis
542 3455 739 3536 subjectum.
772 3452 872 3534 Atqui
906 3453 1067 3536 praedictae
1090 3453 1247 3538 quinque

124 3559 266 3624 scientiae
284 3560 412 3644 objecta
435 3562 699 3643 contemplantur
713 3560 949 3635 diversissima,
965 3563 1080 3626 saltem
1097 3560 1122 3626 si
1138 3551 1247 3626 serriro
1294 3551 1298 3557 ’

124 3665 168 3731 sit
180 3667 220 3730 de
233 3667 459 3749 speculativis,
478 3667 708 3750 principiisque
723 3668 872 3733 nituntur
887 3667 1040 3750 propriis,
1057 3667 1128 3733 licet
1142 3687 1245 3734 unum

125 3782 182 3837 aut
200 3774 336 3837 alterum
358 3774 496 3839 invicem
516 3773 576 3838 sibi
597 3775 738 3839 mutuari
758 3783 914 3857 possunt,
933 3783 970 3839 ut
989 3795 1007 3839 a
1027 3772 1247 3860 Metaphysica

126 3899 160 3946 v.
180 3899 215 3963 g.
236 3881 288 3943 vel
308 3899 326 3943 a
345 3880 460 3965 logica
479 3891 604 3946 caeterae
624 3891 828 3948 mutuantur.
850 3882 975 3966 Ergo...
995 3879 1048 3970 (t)

192 3993 294 4054 Prob.
319 3994 420 4054 tertia
450 4011 548 4070 pars:
586 3988 804 4070 Melophysicae
834 3989 1094 4054 subalternantur
1121 3990 1249 4073 reliqua

125 4099 263 4179 picatuor
279 4095 417 4160 scientia
429 4095 594 4176 primaria
611 4096 873 4161 subalternatione
897 4096 1078 4178 impropria.
1105 4095 1138 4161 ld
1159 4097 1248 4178 quod

126 4202 222 4266 variis
242 4201 349 4267 modis
367 4202 517 4266 declarari
538 4212 662 4284 potest:
684 4213 717 4266 et
736 4202 842 4285 primo
868 4202 1002 4285 quidem
1032 4203 1154 4268 ratione
1173 4203 1248 4268 linis

162 4489 203 4558 (ι)
240 4485 323 4562 Vide
338 4485 485 4545 Benedict.
506 4486 624 4545 Pereira
647 4487 710 4544 luae
732 4487 769 4544 de
789 4487 844 4544 hoc
864 4486 1063 4558 disputantem
1084 4487 1116 4545 in
1139 4485 1188 4546 lib.
1212 4497 1268 4546 ιθ·

125 4579 161 4635 de
171 4575 374 4635 Communibus
386 4578 513 4633 omnium
522 4596 617 4634 rerum
629 4578 799 4650 principiis,
814 4595 878 4646 cap.
906 4595 946 4648 r4;
957 4577 1109 4635 Conimbr.
1124 4578 1247 4651 Physic.

125 4669 263 4735 Prooem.,
285 4677 387 4737 quaest.
405 4681 430 4738 5,
453 4678 507 4723 art.
525 4687 552 4737 3,
574 4665 611 4722 ad
623 4675 702 4734 2.'¹¹¹;
717 4685 750 4723 ae
774 4665 963 4736 potissimum
983 4665 1103 4738 Suarez,
1118 4665 1195 4739 disp.
1214 4673 1250 4724 r.·

127 4756 272 4830 Metoplt„
286 4767 356 4815 sect.
373 4773 398 4826 5,
413 4775 443 4812 n.
466 4773 509 4826 51,
525 4754 576 4813 ubi
590 4754 715 4828 egregie.
