3492 5525
550 448 608 529 548
667 446 791 511 [norm
806 446 1036 521 Maiore-Lan
1055 460 1124 510 1.·¹.
1138 446 1226 511 Dese.
1243 458 1288 527 3,·
1301 446 1381 510 cip,
1397 460 1470 509 „a

522 686 526 693 .
575 630 612 696 Et
630 648 671 695 an
686 648 804 697 omnes
821 637 923 697 testes
941 648 982 695 ex
995 618 1111 696 eadem
1122 629 1255 715 regione
1263 625 1541 715 seligendithid
1550 647 1637 693 vero

508 735 534 803 si
553 736 604 802 alii
630 737 765 804 aliarum
791 738 962 804 nationum
980 720 1189 808 dissentiant?
1209 735 1525 811 Contradictoriane,
1553 754 1638 803 vera

509 844 606 911 simul
621 843 738 911 erunt?

575 952 609 1018 ld
627 971 723 1030 vero,
740 952 774 1018 in
793 971 860 1037 quo
869 952 1065 1020 affirmando
1073 963 1183 1020 certus
1192 953 1366 1020 hominum
1377 970 1536 1020 numerus
1553 970 1639 1019 con·

509 1060 617 1135 venit,
637 1078 696 1126 cur
715 1078 780 1125 non
800 1061 919 1128 laisum
943 1079 1015 1127 esse
1034 1060 1161 1146 possit?
1175 1061 1263 1137 lrno,
1292 1080 1446 1145 quaenam
1465 1072 1515 1127 est
1537 1060 1571 1128 in
1589 1080 1639 1126 eo
1736 1097 1737 1100 =

509 1166 742 1252 repugnantia,
762 1169 851 1252 quod
871 1168 1022 1233 omnium
1041 1168 1140 1233 etiam
1168 1167 1343 1235 bominum
1369 1185 1549 1234 consensus
1574 1168 1639 1234 de·

508 1274 645 1359 cipiatur
658 1274 691 1339 in
710 1274 817 1357 aliqua
832 1275 887 1341 re?
1736 1349 1737 1354 ,

575 1381 692 1448 Nonne
710 1400 828 1450 omnes
842 1384 969 1469 decepti
983 1393 1061 1451 sunt
1073 1383 1155 1450 circa
1169 1391 1299 1449 motum
1314 1381 1636 1460 solis,existentiam
1736 1369 1738 1454 l

508 1488 702 1572 antipodum
722 1489 802 1555 eea
1736 1469 1738 1485 ¹

575 1602 696 1674 Dices,
720 1598 818 1663 etiam
840 1616 902 1664 nos
912 1595 1084 1665 admittere
1095 1611 1265 1683 tamquam
1276 1608 1403 1663 certum
1418 1598 1451 1664 in
1466 1598 1639 1665 nonnullis

508 1703 669 1788 adjunctis
686 1706 913 1771 testimonium
934 1705 1076 1789 plurium
1095 1706 1282 1772 hominurn.
1299 1706 1467 1781 Profecto,
1486 1706 1636 1771 sednon
1736 1771 1738 1790 ξ

508 1822 679 1893 tamquam
697 1812 826 1877 anuum
845 1811 988 1877 veritatis
1006 1811 1190 1890 criterium,
1212 1831 1320 1897 neque
1334 1812 1538 1880 admittimus
1550 1812 1637 1879 illud
1736 1807 1737 1866 l

509 1917 569 1984 nisi
588 1918 621 1984 in
640 1918 737 1984 certis
755 1919 952 2002 quibusdam
971 1920 1148 2005 adjunctis,
1169 1939 1278 2004 neque
1296 1921 1406 1986 solum
1425 1920 1501 2003 quia
1521 1921 1636 2003 plures
1736 1968 1738 2010 3

509 2034 587 2093 sunt
604 2035 718 2104 testes,
739 2026 797 2092 sed
812 2026 888 2110 quia
899 2026 1103 2112 singulorum
1120 2028 1248 2092 illorum
1260 2028 1487 2094 testimonium
1501 2038 1638 2093 constat
1736 2087 1737 2114 ἶ

508 2135 599 2200 eoin
618 2153 696 2199 casu
715 2132 864 2201 immune
884 2154 957 2200 esse
975 2135 1017 2201 ab
1034 2133 1125 2200 omni
1144 2135 1270 2201 errandi
1290 2135 1433 2219 periculo
1450 2131 1515 2222 (r).
1736 2127 1737 2138 ’

575 2240 659 2313 Quae
676 2260 750 2308 curn
771 2243 815 2308 ita
832 2242 917 2320 sint,
936 2251 1084 2328 systema
1102 2244 1191 2325 quod
1207 2243 1452 2308 larnennaisius
1470 2242 1636 2307 validissi-
1736 2300 1738 2341 ,

510 2366 602 2413 mum
622 2350 771 2415 omnium
790 2358 902 2415 contra
923 2348 1166 2434 scepticismum
1183 2350 1328 2433 putavit,
1343 2349 1403 2415 nisi
1422 2349 1634 2418 veracitatem
1736 2342 1738 2402 ἕ

509 2456 700 2523 facultatum
720 2457 950 2540 amplectatur,
971 2458 1003 2523 in
1023 2458 1132 2541 ipsum
1150 2458 1394 2541 scepticismum
1409 2469 1528 2525 rectam
1547 2463 1636 2522 ster·
1736 2447 1738 2520 s

509 2562 557 2628 nit
575 2563 675 2629 viam.

839 2725 1036 2794 Sotvuvrun
1055 2741 1302 2793 oltricuarnres.

553 2904 609 2972 93.
656 2891 803 2969 objicies
830 2886 881 2953 1.⁰
928 2885 1237 2954 illudestcriterium
1253 2885 1413 2964 veritatis,
1433 2889 1635 2971 quodsum-
1736 2970 1738 2973 Ι

510 3013 598 3059 mam
618 2993 742 3077 praebet
760 2993 1002 3061 certitudinem.
1030 2993 1129 3078 Atqui
1152 2993 1261 3059 divina
1286 2995 1438 3061 revelatio
1463 2997 1538 3062 talis
1564 3009 1632 3064 est.
1736 3066 1737 3101 r

508 3101 549 3166 Er
572 3120 635 3168 o...

548 3120 679 3290 gReep.
703 3209 778 3273 dial.
795 3209 911 3293 Major.
927 3208 1007 3273 lllud
1025 3209 1115 3292 quod
1132 3226 1298 3273 summam
1322 3208 1445 3292 praebet
1462 3210 1635 3277 certitudi-

508 3333 583 3381 nem
604 3324 653 3381 est
671 3315 801 3399 aliquod
813 3315 996 3393 criterium,
1012 3320 1130 3396 trans.;
1145 3326 1196 3381 est
1214 3316 1397 3382 universale
1415 3334 1475 3384 seu
1495 3319 1633 3384 unicum
1736 3306 1737 3329 ³

506 3433 540 3489 et
557 3440 767 3508 supremum,
784 3423 933 3489 subant:
952 3422 980 3488 si
1002 3423 1195 3490 extendatur
1217 3424 1259 3490 ad
1276 3441 1377 3490 omne
1401 3425 1631 3510 cognitionum

505 3548 629 3615 genua,
649 3537 684 3594 et
709 3531 837 3596 nullum
864 3531 951 3598 aliud
973 3530 1164 3607 subaudiat,
1188 3550 1293 3608 conc„
1312 3549 1425 3608 secus,
1445 3551 1516 3616 neg.
1539 3532 1635 3600 Patet

508 3639 641 3704 solutio.

551 3750 660 3828 Objic.
687 3752 737 3811 αθ
781 3744 982 3830 Experientia
1010 3753 1217 3829 compertum
1247 3755 1318 3823 est,
1350 3755 1433 3830 quot
1464 3764 1635 3832 quamque
1736 3748 1737 3835 j

506 3862 619 3937 turpes
637 3870 762 3919 errores
780 3852 947 3919 admiserit
966 3871 1072 3937 genus
1091 3853 1275 3920 humanum
1290 3854 1411 3920 divinae
1425 3855 1633 3923 revelationis
1736 3904 1737 3935 ,

507 3959 630 4027 lumine
649 3959 856 4026 destitutum.
1736 3942 1737 3987 ³

573 4074 678 4150 Reep.
697 4067 773 4133 disi.
794 4078 900 4134 antec.
930 4067 963 4133 ln
987 4067 1085 4134 rebus
1103 4065 1339 4134 difficilioribus
1361 4067 1538 4154 minusque
1564 4072 1635 4136 evi-

507 4174 676 4251 dentibus,
698 4180 812 4250 trans.,
834 4175 866 4240 in
886 4175 984 4242 rebus
998 4174 1206 4245 evidentibus
1219 4195 1257 4240 ac
1274 4176 1485 4253 facilioribus,
1503 4197 1577 4262 neg.

573 4280 684 4366 ltaque
714 4281 852 4368 objectio
881 4300 948 4348 non
980 4280 1096 4365 probat
1124 4281 1356 4350 revelationem
1383 4283 1529 4350 divinam
1558 4303 1635 4354 esse
1736 4284 1737 4287 ’

504 4393 649 4473 generale
666 4390 846 4468 criterium,
867 4391 927 4457 sed
954 4391 1166 4457 solummodo
1193 4410 1267 4458 esse
1284 4411 1416 4459 summe
1441 4393 1556 4459 utilem
1574 4405 1635 4462 aut

539 4641 581 4713 (ι)
617 4640 678 4700 Cle.
696 4639 733 4700 de
746 4641 800 4699 hae
814 4659 846 4698 re
857 4639 983 4712 Brlmee,
999 4641 1078 4700 Filoe
1086 4643 1237 4712 Fundam,
1248 4641 1297 4702 lib.
1312 4661 1336 4714 r,
1348 4661 1411 4716 cap.
1421 4663 1466 4715 ῃ,
1476 4655 1505 4704 et
1516 4643 1634 4706 nator.
1736 4662 1738 4719 ὲ

503 4731 538 4790 tle
552 4729 583 4790 lo
596 4731 697 4802 litos,
713 4747 829 4806 peram.
844 4731 896 4803 60,
910 4730 1099 4792 umnam.
1736 4728 1738 4763 ῑ
