3492 5525
540 464 597 528 394
732 444 857 511 Loorea
876 443 1128 512 Mmon-Drse.
1151 459 1198 530 3.·
1217 445 1298 511 Cre.
1324 461 1395 527 §.⁸¹³

497 629 686 698 cubiculum
704 629 922 698 illuminetur:
944 625 979 720 δ)
995 632 1130 716 quando
1156 630 1276 716 euque
1289 650 1399 699 musae
1428 632 1634 698 commenti·

458 778 463 790 ·
499 737 552 804 tire
570 757 630 824 pro
644 739 730 805 veris
742 739 939 815 atteruntur,
960 738 1038 806 utsi
1060 757 1173 806 casum
1188 740 1315 806 romani
1333 740 1460 825 imperii
1477 738 1635 806 christia-

499 865 551 912 nae
570 846 715 932 religioni
734 847 891 916 attribuas
904 844 970 935 (ι).
991 847 1139 914 Solvitur
1158 847 1210 914 vei
1230 847 1382 934 negarrdo
1399 847 1532 914 allatam
1545 866 1635 914 cau·

500 973 589 1030 sam,
610 955 661 1020 vel
681 954 751 1038 ejus
764 955 839 1021 loco
857 973 970 1021 veram
989 954 1202 1041 assignando.
1722 986 1724 1105 1

346 1083 433 1130 auara
567 1067 715 1129 Fallacia
731 1067 883 1146 plurium
901 1069 1209 1146 interrogationum
1227 1061 1445 1129 committitur
1462 1079 1540 1128 cum
1555 1063 1637 1148 plu·
1723 1110 1724 1119 ,

285 1155 488 1282 ’'m‘'fssjssff‘*
502 1187 553 1236 res
567 1168 856 1254 interrogationes,
868 1169 990 1253 quibus
1005 1171 1116 1255 plures
1129 1181 1240 1237 essent
1251 1169 1425 1238 reddenda
1439 1170 1636 1256 responsio·

502 1296 573 1353 nes,
594 1295 652 1360 per
671 1278 809 1344 modurn
825 1275 925 1344 unius
942 1289 1183 1364 proponuntur.
1444 1337 1451 1342 .
1725 1304 1726 1377 r

569 1385 651 1453 Hinc
664 1384 751 1451 enim
767 1384 817 1461 nt,
834 1385 941 1470 utqui
956 1384 1140 1471 simplicem
1157 1387 1404 1472 responsionem
1421 1385 1539 1463 reddit,
1555 1396 1634 1452 tam

503 1491 697 1559 affirmando
716 1512 816 1577 quam
842 1494 1011 1578 negando,
1039 1493 1109 1578 capi
1137 1494 1253 1577 possit.
1283 1492 1429 1577 Exempli
1458 1511 1569 1569 causa,
1602 1493 1634 1558 si
1726 1465 1727 1492 ¹

501 1607 626 1684 quaerat
650 1600 807 1683 sophista:
828 1601 918 1667 Sitne
935 1602 1079 1668 Socrates
1099 1604 1132 1667 et
1145 1601 1236 1667 Plato
1257 1602 1360 1676 moro,
1381 1609 1417 1667 tu
1443 1609 1557 1666 autem
1579 1619 1638 1665 re·
1727 1626 1728 1643 κ

501 1707 675 1791 spondeas,
702 1725 767 1774 esse
792 1707 958 1789 bominem·
979 1708 1110 1794 colliget
1128 1708 1285 1791 sophista:
1305 1708 1402 1791 ttitrrr
1416 1708 1474 1792 qni
1488 1709 1641 1789 pereutit

501 1813 661 1892 Socratem
680 1817 714 1880 et
727 1815 889 1881 Platonem
906 1816 1050 1898 pere-um,
1070 1815 1222 1881 bominem
1232 1815 1380 1897 percutit,
1399 1834 1462 1881 non
1475 1813 1633 1882 nonanes.

503 1921 537 1990 Si
558 1939 636 1988 vero
658 1921 763 2000 dicas,
788 1941 852 1988 non
872 1941 938 1989 esse
956 1923 1124 1999 bominem,
1144 1923 1316 1989 concludet
1340 1923 1504 2007 sophista:
1530 1921 1639 2004 tritam

451 2110 454 2116 ,
501 2031 646 2098 Socrates
663 2048 725 2096 non
737 2031 895 2108 esthemo,
913 2040 981 2097 aut:
1007 2031 1109 2115 igitur
1124 2032 1217 2097 Plato
1228 2033 1351 2096 nonest
1362 2031 1449 2096 bomo
1460 2026 1526 2116 (2).
1543 2027 1638 2094 Con-

501 2135 584 2204 stmi
610 2155 706 2223 porro
732 2147 840 2224 potest
867 2137 989 2204 tailaeia
1015 2138 1182 2214 trifariam,
1202 2139 1252 2203 vel
1272 2137 1450 2222 quaerendo
1474 2139 1569 2220 ptura
1587 2137 1637 2201 de

505 2263 590 2322 uno,
610 2247 662 2312 vei
681 2264 785 2313 unum
804 2244 846 2312 de
865 2246 1025 2331 pluribus,
1046 2248 1098 2312 vel
1111 2247 1202 2330 plura
1220 2247 1261 2311 de
1280 2243 1426 2330 pluribus
1444 2240 1509 2332 (3).

572 2353 761 2420 Occurritur
780 2355 855 2422 huic
885 2353 1016 2446 talipciae
1034 2353 1194 2422 distinctis
1214 2351 1481 2439 responsionibus
1498 2351 1541 2416 ad
1563 2351 1638 2416 sin·

504 2459 599 2548 gulas
614 2460 899 2546 interrogationes.
1015 2552 1023 2562 .

917 2812 1215 2903 APPENDIX

732 3018 835 3081 DE
869 3009 1399 3081 SGHOLASTIGA

885 3178 1243 3249 DISPUTATIONE.

553 3431 624 3499 188.
677 3429 753 3496 Post
767 3430 953 3495 enucleatas
966 3425 1179 3510 quaestiones,
1197 3442 1273 3507 quae
1291 3422 1332 3488 ad
1351 3422 1514 3488 Minorem
1536 3420 1646 3506 Logi-

501 3556 574 3605 cam
594 3544 760 3623 spectant,
791 3554 899 3621 operae
919 3534 1058 3621 pretium
1083 3531 1173 3610 duxi,
1202 3549 1304 3615 pauca
1317 3528 1471 3613 quaedam
1490 3526 1642 3613 adiicere

501 3648 543 3713 de
560 3644 748 3730 disputandi
766 3644 902 3720 ratione,
923 3641 955 3709 in
974 3639 1156 3707 christianis
1173 3637 1293 3705 scholis
1310 3645 1383 3703 tum
1397 3633 1637 3719 potissimum,

500 3770 578 3821 cum
598 3751 819 3837 philosophica
834 3761 866 3818 et
880 3748 1066 3834 theologica
1076 3745 1183 3814 studia
1200 3745 1345 3811 maxime
1355 3742 1525 3819 tlorerent,
1541 3742 1646 3809 adhi-

501 3860 569 3929 beri
584 3860 690 3927 solita.
706 3860 749 3925 Ea
764 3858 851 3925 enim
871 3858 899 3925 si
914 3857 947 3923 in
967 3855 1139 3941 pristinum
1158 3855 1318 3920 honorem
1337 3851 1539 3926 restituatur,
1562 3867 1642 3916 non

502 3968 630 4047 dubito,
658 3967 737 4052 quin
767 3964 950 4032 uberrimos
977 3962 1117 4048 paritura
1145 3959 1245 4028 sitin
1272 3960 1398 4025 bonurn
1418 3954 1644 4023 scientiarum

193 4100 196 4109 ·
300 4102 360 4159 otu
371 4100 491 4158 amanto
504 4078 641 4145 tructus,
658 4074 840 4159 Disputatio
851 4070 1030 4158 generatim
1045 4067 1171 4136 definiri
1185 4074 1304 4152 potest:
1316 4068 1405 4131 actus
1417 4062 1641 4147 syllogisticus

327 4174 454 4230 '‘²⁶¹⁸¹¹¹¹'¹
504 4185 600 4252 anias
613 4186 657 4249 ad
675 4186 811 4249 atterum
823 4184 869 4247 ad
885 4179 1014 4264 alipnoit
1030 4176 1221 4260 propositam
1237 4172 1472 4239 ostendendam.
1491 4170 1558 4236 Per
1577 4171 1644 4236 boc

505 4292 716 4381 quadranae
732 4304 830 4359 aetus
849 4288 990 4371 tangito
1002 4283 1221 4368 disputationis
1236 4298 1354 4367 genus:
1365 4282 1463 4360 atper
1476 4278 1532 4344 bac
1545 4282 1646 4362 qnod

506 4484 757 4504 -a-u—-fl

543 4567 585 4629 (ι)
622 4560 684 4621 Cir.
700 4555 870 4633 Tongiorgi.
886 4556 982 4617 Instr't.
996 4554 1113 4630 Logia..
1123 4570 1155 4610 n.
1170 4568 1232 4623 347.

542 4657 583 4721 (a)
620 4650 643 4709 F
644 4668 759 4719 annea.
773 4647 827 4707 loc.
841 4645 904 4716 eit,
918 4664 981 4717 cap.
1000 4644 1043 4702 26.

542 4746 583 4813 (3)
619 4729 697 4799 Vide
711 4736 741 4797 S.
760 4738 878 4806 Thoan„
895 4734 1006 4809 Opust.
1020 4733 1082 4800 eit..
1096 4750 1160 4804 cop.
1178 4729 1222 4799 ab:
1236 4724 1379 4823 Fossam,
1391 4724 1446 4784 loe.
1461 4723 1513 4785 cit.
