3492 5525
375 432 495 497 Anrrc.
518 447 578 497 au·
600 433 650 496 De
671 433 827 500 Tsanruo
847 453 992 500 neuram
1151 455 1208 520 ¹¹9

490 755 791 832 ARTICULUS
819 757 868 831 11.

262 923 335 988 De
364 925 559 990 termino
585 924 774 990 mentali
797 941 883 992 seu
908 927 1107 1009 simplici

42 1057 147 1306 st.
496 1051 869 1132 apprehensione

46 1182 58 1206 ι
100 1163 115 1212 s

170 1279 223 1326 rr.
270 1262 443 1330 Terminus
460 1241 628 1340 mentalis,
644 1273 681 1330 ut
696 1264 797 1330 modo
811 1263 1021 1349 scripsimus,
1044 1272 1094 1330 est
1109 1283 1183 1350 pars
1196 1266 1250 1332 illa

121 1387 196 1452 quae
210 1369 243 1434 in
259 1371 481 1455 propositione
496 1389 620 1438 munus
629 1370 714 1456 gerit
727 1372 866 1458 subjecti
877 1380 933 1437 aut
944 1373 1115 1456 predicari,
1132 1381 1250 1458 estque

121 1495 254 1562 semper
266 1486 357 1544 actus
367 1479 501 1561 quidam
517 1479 657 1564 simplex
674 1480 794 1544 mentis
811 1479 853 1546 ita
873 1498 942 1548 rem
962 1478 1106 1562 aliquam
1125 1499 1250 1566 cogno

119 1583 258 1660 scentis,
284 1593 321 1651 ut
342 1585 419 1652 nihil
443 1587 484 1654 de
514 1585 566 1650 illa
589 1586 747 1664 affirmet,
775 1586 852 1653 nihil
878 1593 990 1673 neget.
1012 1586 1058 1652 De
1082 1605 1150 1670 quo
1173 1597 1248 1654 actu

120 1689 192 1755 alibi
208 1687 261 1780 (r)
278 1692 382 1760 lusius
396 1691 563 1778 agendum
586 1694 681 1760 nobis
701 1701 768 1760 est:
787 1713 876 1760 nunc
889 1695 999 1764 solum
1017 1694 1250 1762 animadverti-

120 1818 288 1867 museum
309 1819 375 1885 prae
397 1819 433 1865 se
454 1803 535 1866 terre
555 1803 733 1886 imaginem
751 1803 933 1885 quamdam
956 1801 1075 1883 obiecti
1099 1800 1250 1886 spiritua·

119 1907 184 1972 lem
204 1904 270 1995 (2).
291 1908 433 1974 Vocatur
448 1909 546 1974 etiam
569 1909 639 1974 idea
658 1906 722 1996 (3),
739 1909 870 1990 simplex
888 1908 1099 1990 apprehensio,
1119 1908 1250 1990 simplex
1272 1921 1454 1968 venenosar-

117 2019 294 2096 conceptus,
306 2023 339 2080 et
350 2015 558 2100 potissimum
570 2037 588 2082 a
598 2015 780 2093 veteribus,
793 2015 1250 2104 indinsibiliumflintetligentio
1272 1991 1460 2105 bussessffl'm

119 2143 155 2188 nr
178 2122 311 2203 simplex
332 2123 504 2189 intellectus
528 2121 592 2211 (4).
618 2122 746 2190 Omnes
770 2143 849 2210 ergo
864 2126 915 2190 hae
934 2142 1034 2188 voces
1049 2143 1249 2190 unameam·
1315 2131 1426 2177 mentum

114 2231 266 2314 demque
280 2249 349 2295 rem
364 2248 423 2314 pro
440 2229 560 2316 logico
573 2230 759 2318 stgnisrcant
769 2281 777 2307 ,
796 2230 947 2325 videlicet
963 2231 1104 2315 primam
1127 2229 1248 2297 mentis

121 2338 364 2424 operationem3
378 2340 437 2404 sed
451 2338 514 2404 sub
529 2337 660 2405 diverso
675 2349 838 2423 respectu.

185 2447 316 2512 Nomen
326 2444 414 2510 enim
426 2446 577 2512 terminus
589 2446 732 2512 mentalis
741 2446 1117 2512 declarat'conditionem
1131 2443 1246 2531 ipsius,

117 2554 317 2621 secumdum
333 2572 433 2636 quam
450 2565 499 2620 est
516 2554 732 2632 elementum,
746 2553 778 2620 in
798 2554 890 2637 quod
909 2553 1085 2621 resolvitur
1100 2552 1248 2639 proposi·

119 2665 176 2728 tio.
199 2661 346 2728 Vocatur
365 2679 443 2726 vero
462 2660 532 2726 idea
552 2661 592 2726 ab
612 2655 701 2738 ἔιδω,
724 2661 800 2744 quia
815 2670 865 2727 est
881 2661 974 2746 quasi
994 2663 1076 2728 visio
1096 2661 1248 2745 quaedam
1331 2685 1388 2738 rra.

118 2772 252 2856 objecti.
269 2769 411 2835 Vocatur
429 2773 609 2850 conceptus,
635 2768 712 2852 quia
736 2782 785 2837 est
807 2753 921 2854 pa'rtus
944 2769 1081 2853 quidam
1107 2778 1141 2835 et
1164 2786 1250 2854 opus
1299 2804 1426 2851 ωῃιφωι,

119 2877 256 2943 mentis:
282 2886 314 2942 et
338 2876 494 2961 quoniam
515 2876 625 2942 omnis
643 2878 790 2961 operatio
813 2878 999 2945 intellectus
1021 2888 1072 2944 est
1089 2896 1130 2943 eo
1149 2895 1248 2943 sensu

116 2992 321 3068 conceptus,
352 2982 481 3050 additur
504 2982 635 3065 simplex
664 2984 705 3049 ad
733 2984 972 3051 excludendam
997 2983 1247 3050 affirmationem

116 3102 174 3157 aut
190 3090 423 3179 negationem,
439 3108 540 3174 quam
555 3092 728 3158 continent
744 3094 904 3158 mentales
917 3093 1151 3177 conceptiones
1161 3092 1250 3177 judi-

115 3200 154 3266 cii
175 3210 210 3265 et
230 3197 400 3265 ratiocinii.
425 3197 547 3265 Dicitur
564 3200 697 3280 simplex
718 3199 920 3281 apprehensio
943 3199 983 3264 ad
1006 3198 1249 3284 designandum

116 3308 275 3381 modum,
291 3323 359 3388 quo
373 3305 596 3390 cognitionem
612 3324 709 3373 mens
723 3304 824 3382 elicit,
841 3306 1020 3391 imaginem
1035 3306 1154 3391 objecti
1167 3308 1199 3371 in
1214 3324 1250 3372 se

115 3416 265 3501 gignens
284 3422 317 3479 et
334 3410 428 3495 quasi
443 3411 647 3497 depingam,
666 3414 823 3479 nimirum
840 3413 1119 3497 apprehendendo
1134 3433 1170 3479 ac
1186 3425 1250 3480 tra-

117 3522 234 3588 hendo
254 3522 295 3586 ad
309 3538 382 3587 sese
399 3520 582 3605 objectum.
609 3520 694 3585 Nam
714 3538 803 3586 mnne
825 3521 1030 3598 intellectum,
1051 3521 1251 3606 inquantum

116 3628 331 3703 intellectam,
351 3631 470 3709 oportet
488 3644 553 3693 esse
576 3628 612 3693 in
636 3628 826 3721 intelligente
831 3648 845 3711 ,·
866 3628 1029 3715 significat
1049 3616 1251 3710 enimipsum

116 3732 596 3819 intellr'gere”appretensronen
624 3738 693 3823 ejus
720 3738 804 3820 qnod
832 3734 1024 3819 intelligitur
1046 3745 1107 3818 per
1132 3736 1251 3800 inulte·

115 3848 205 3909 ctum
225 3839 293 3929 (5).
317 3841 523 3925 intelligentia
546 3840 734 3925 simplicium
753 3850 889 3907 vocatur
906 3853 963 3908 aut
983 3843 1116 3926 simplex
1135 3842 1253 3907 intelli·
1292 3864 1336 3943 ‘¹3²
1355 3862 1435 3943 [fun

152 4098 197 4161 (ι)
240 4092 270 4149 ln
282 4102 406 4150 tractatu
420 4090 590 4149 deAnima.
713 4132 714 4135 κ

150 4184 197 4254 (a)
246 4180 350 4241 Omnis
371 4182 446 4239 enim
467 4182 595 4257 cognitio
606 4178 649 4255 fit
673 4182 830 4239 secundnm
848 4181 1070 4238 similitudinem
1089 4182 1204 4256 cogniti
1221 4182 1253 4237 in

118 4281 319 4347 cognoscente
336 4269 368 4328 S.
392 4270 450 4327 Th.
465 4269 515 4327 lib.
533 4290 548 4328 a
564 4270 663 4330 Contr.
682 4270 765 4330 Gent.
781 4291 807 4328 c.
822 4291 856 4344 77
871 4283 901 4329 et
914 4270 985 4328 alibi
1001 4270 1121 4341 passim.
1137 4270 1200 4328 Csr.
1215 4270 1250 4328 S.

118 4362 264 4422 Anselm.
275 4360 383 4418 Monoi.
398 4380 423 4417 c.
441 4380 485 4432 33.

150 4458 196 4527 (3)
241 4448 333 4509 Prisci
352 4464 451 4508 tamen
472 4449 612 4508 Doctores
623 4448 729 4521 sepius
752 4450 846 4507 ideam
861 4448 1047 4522 appellabant
1059 4449 1254 4522 cognitionem

117 4541 297 4617 practicam,
312 4540 347 4597 ud
358 4539 442 4608 cuius
456 4537 649 4596 imitationem
667 4552 757 4609 atque
771 4539 918 4609 exemplar
931 4537 1029 4609 aliqua
1044 4556 1090 4597 res
1103 4538 1164 4597 fiat.

151 4638 197 4705 (4)
240 4628 310 4687 vid.
326 4627 359 4687 S.
373 4628 429 4687 Th.
444 4628 493 4686 lib.
511 4650 522 4685 r
539 4628 703 4686 Perilterm.
720 4628 786 4685 lect.
806 4649 816 4685 1
833 4640 862 4686 et
875 4627 944 4685 alibi
956 4647 1044 4699 saepe.

155 4722 202 4797 (ς)
244 4718 279 4777 S.
295 4718 352 4776 Th.
368 4718 468 4777 Contr.
486 4716 571 4778 Geni.
589 4716 641 4776 lib.
656 4736 691 4787 4,
707 4738 733 4775 c.
752 4738 793 4774 rr.
