3492 5525
586 413 645 478 774
706 371 1072 474 LoorctMnJoa-Lto.
1090 400 1267 478 2.¹1·,Drsr.
1286 401 1509 464 arcerano

372 597 460 643 ,ιιι
545 578 789 646 demonstratur
807 597 887 647 mox
905 601 924 647 a
943 578 1037 666 priori
1056 581 1234 665 perfectio
1226 580 1326 664 ipsius
1342 580 1470 646 mundi
1496 581 1588 646 Alter
1613 587 1661 644 est
1719 570 1721 637 4

359 669 413 716 form
415 669 464 720 alit,
471 665 505 711 rel

346 739 492 786 unilonnlsr

350 809 457 865 ιιιιιιιιι
458 736 514 864 ιιξ
545 792 627 876 cipia
644 793 776 870 eadem,
798 813 863 860 non
888 797 997 861 solum
1013 795 1235 872 materialiter,
1261 796 1319 861 sed
1345 795 1443 860 etiam
1469 791 1658 868 formaliter,

333 876 532 1007 “zjmssrssjssi'f
545 901 621 982 quia
648 918 767 985 nempe
795 901 940 968 medium
962 905 1013 968 uel
1033 902 1112 968 ratio
1141 902 1296 987 probandi
1321 911 1371 968 est
1389 902 1545 986 idipsum,
1570 901 1660 984 quod

492 684 682 781 circulus
698 687 856 764 formiis,
876 688 911 754 in
929 707 996 771 quo
1014 689 1052 754 fit
1069 708 1087 754 a
1103 688 1309 754 conclusione
1327 705 1496 774 regressus
1514 685 1555 751 ad
1573 687 1662 770 prin·
1719 678 1721 738 ι

546 1008 634 1091 prius
653 1027 693 1074 ex
712 1009 875 1093 principiis
898 1010 959 1076 fuit
982 1010 1168 1096 cognitum,
1190 1018 1227 1076 ut
1243 1011 1271 1077 si
1289 1010 1424 1095 probare
1438 1009 1521 1074 velis
1537 1009 1660 1074 intelle
1719 1088 1721 1105 .

545 1122 636 1180 ctum
656 1133 729 1182 esse
747 1116 932 1183 facultatem
951 1117 1216 1210 immaterialem,
1236 1116 1312 1201 quia
1329 1116 1527 1200 operationis
1544 1116 1661 1179 imma·
1719 1166 1720 1179 ,

545 1222 671 1288 teriales
700 1222 802 1304 elicit;
837 1233 870 1290 et
899 1242 977 1289 mox
1004 1234 1115 1290 contra
1144 1234 1319 1310 negantem
1353 1222 1658 1290 immaterialitatem

545 1329 771 1412 operationum
799 1330 1064 1398 intellectualium
1094 1332 1209 1415 probes
1235 1331 1436 1398 intellectum
1459 1329 1586 1416 operari
1602 1328 1660 1394 im·

545 1436 766 1514 materialiter,
779 1437 854 1520 quia
868 1437 1089 1505 immaterialis
1102 1439 1236 1505 facultas
1249 1450 1310 1506 est.
1327 1439 1475 1504 Circulus
1487 1437 1658 1504 materialis

544 1535 653 1612 vocari
671 1544 769 1610 etiam
788 1546 871 1611 solet
889 1545 1050 1628 dffrrmis-
1062 1547 1111 1610 vel
1130 1546 1344 1630 imperfectum
1363 1557 1396 1612 et
1414 1543 1574 1622 formalis,
1590 1544 1658 1608 uni·

535 1649 654 1736 jormis
676 1653 726 1716 vel
740 1652 917 1736 perfectus;
934 1661 967 1718 et
984 1653 1128 1718 continet
1152 1652 1338 1736 petitionem
1358 1650 1518 1736 principii.

529 1831 531 1836 ,
605 1760 675 1840 Jam
696 1767 732 1824 ut
750 1759 871 1842 duplex
890 1759 941 1826 hic
961 1760 1060 1825 modo
1078 1760 1253 1844 explicatus
1271 1777 1359 1824 error
1377 1760 1586 1832 excludatur,
1605 1758 1655 1824 sit:

593 1916 665 2005 196.
714 1919 908 1986 Ριιοιοειτιο
931 1919 981 1986 1.⁸
1026 1927 1203 2003 Repugnat
1219 1925 1467 1988 demonstratio
1483 1922 1658 1986 circuhris

543 2031 714 2104 formalis3
735 2048 805 2094 non
823 2040 939 2093 autem
958 2032 1158 2105 materialis,
1177 2051 1258 2110 quae
1275 2033 1399 2094 vitiosa
1414 2049 1488 2094 non
1504 2041 1572 2094 oet.

348 2241 433 2288 ΜΠ
373 2251 509 2360 uirt
543 2313 583 2360 ex
602 2293 723 2378 quibus
740 2295 806 2360 duo
825 2302 954 2360 tantum
970 2293 1021 2360 hic
1035 2312 1238 2378 exponemus
1252 2313 1327 2359 cum
1343 2294 1516 2382 Sylvestro
1533 2293 1654 2360 Mauro

375 2389 447 2468 ¹torna
412 2387 475 2432 ιιι

361 2469 436 2503 ”⁰⁰⁵⁸
456 2467 496 2510 ω’
543 2509 691 2576 rioribus
712 2509 778 2574 Sed
798 2497 863 2575 non
883 2519 1020 2593 possunt
1038 2509 1105 2574 duo
1123 2527 1194 2574 esse
1209 2519 1322 2575 mutuo
1342 2507 1447 2592 priora
1464 2517 1499 2573 et
1520 2509 1655 2580 notiora

543 2402 692 2476 «Primo,
713 2401 788 2484 quia
806 2401 1083 2468 demonstratio...
1089 2400 1210 2468 debet
1225 2419 1294 2467 esse
1310 2420 1352 2468 ex
1371 2401 1535 2485 prioribus
1554 2412 1588 2468 et
1606 2419 1658 2465 no
1719 2450 1720 2489 ι

588 2193 755 2255 Probatur
768 2191 881 2269 prima
897 2209 990 2271 pers,
1010 2187 1051 2253 ab
1069 2187 1240 2254 Aristotele
1255 2184 1306 2275 (ι)
1319 2186 1423 2254 tribus
1440 2187 1655 2272 argumentis,
1719 2142 1721 2223 ὲ

543 2625 579 2681 ut
597 2625 696 2699 patet.
720 2616 803 2701 Ergo
823 2635 889 2696 non
910 2624 1047 2701 possunt
1064 2616 1130 2716 duo
1144 2634 1201 2700 per
1217 2634 1252 2682 se
1270 2615 1408 2681 invicem
1428 2615 1655 2682 demonstrari:
1719 2610 1721 2659 ἰ

544 2724 604 2793 nisi
624 2726 705 2791 forte
725 2742 846 2800 unum,
868 2724 957 2808 quod
975 2731 1025 2790 est
1041 2742 1096 2808 ρει
1114 2741 1149 2790 εε
1164 2724 1272 2789 notius
1290 2723 1472 2789 secundum
1495 2733 1656 2795 naturam,

489 2836 493 2843 '
543 2834 698 2917 probetur
717 2850 827 2918 perse
846 2831 954 2899 notius
974 2832 1078 2898 nobis.
1099 2830 1162 2896 Sed
1186 2841 1266 2898 tunc
1282 2840 1346 2897 non
1365 2831 1504 2899 babetur
1529 2830 1658 2898 scientia

543 2942 699 3024 perfecta,
720 2940 761 3005 de
780 2958 843 3023 qua
863 2938 914 3004 hic
933 2938 1084 3024 agimus»
1097 2933 1159 3025 (2).

610 3054 776 3115 Probatur
805 3047 965 3122 secundo,
989 3045 1063 3130 quia
1092 3046 1124 3111 in
1144 3045 1416 3112 demonstratione
1442 3045 1592 3113 circulari
1616 3047 1657 3116 id,

543 3156 632 3239 quod
652 3174 717 3221 non
733 3161 782 3220 est
797 3172 903 3237 perse
920 3164 1053 3229 notum,
1068 3153 1256 3236 probaretur
1268 3162 1298 3217 ει
1313 3149 1403 3218 freret
1418 3170 1478 3236 per
1490 3172 1531 3220 se
1546 3164 1657 3221 notum
1719 3171 1721 3256 ᾗ

544 3281 599 3347 ρει
617 3262 775 3346 seipsum.
802 3264 909 3329 Patet:
932 3280 1006 3327 nam
1025 3261 1187 3327 conclusio
1213 3260 1365 3344 probatur
1382 3268 1416 3325 et
1432 3260 1472 3326 fit
1491 3273 1576 3329 nota
1597 3281 1657 3327 non
1719 3265 1720 3276 ’

542 3372 649 3435 solum
669 3388 726 3454 per
749 3369 933 3453 praemissas
959 3366 1180 3453 immediatas,
1198 3366 1369 3433 sedetiam
1389 3386 1447 3451 per
1471 3371 1658 3451 praemissas
1719 3355 1720 3414 i

544 3477 717 3553 modiatas,
743 3496 783 3542 ex
810 3476 929 3559 quibus
950 3476 1125 3559 probantur
1146 3473 1318 3558 praemissae
1350 3472 1566 3542 immediatae.
1600 3476 1658 3541 Sed

542 3586 624 3652 inter
646 3584 829 3669 praemissas
852 3582 1008 3649 modiatas
1030 3583 1159 3648 daretur
1187 3582 1254 3666 ipsa
1281 3581 1445 3647 conclusio
1474 3584 1656 3665 probanda.
1719 3621 1721 3636 ι

543 3694 625 3778 Ergo
638 3692 805 3757 conclusio
832 3709 889 3775 per
908 3691 1047 3773 seipsam
1067 3689 1269 3774 probaretur,
1290 3696 1322 3752 et
1336 3687 1427 3753 fieret
1441 3698 1543 3765 nota,
1564 3699 1657 3773 atque

1719 3671 1721 3716 l

542 3808 645 3875 esset,
666 3798 750 3865 sicut
768 3798 795 3865 si
821 3800 979 3864 diceretur
997 3798 1085 3880 quod
1112 3796 1139 3861 A
1166 3803 1229 3869 est,
1252 3794 1329 3877 quia
1351 3794 1380 3859 A
1399 3803 1466 3876 est;
1488 3815 1555 3863 seu
1573 3796 1658 3881 quod
1719 3891 1720 3896 Ἰ

542 3905 825 3983 mmnmA

1719 4041 1721 4076 l

1719 4099 1721 4144 l

576 4162 615 4224 (ι)
651 4155 727 4214 Vide
736 4152 935 4217 Aristotelem,
947 4149 997 4208 lib.
1012 4162 1051 4207 ιθ
1059 4150 1215 4208 Posterior.
1229 4149 1427 4222 Analyticor.',
1439 4168 1505 4223 cap.
1520 4173 1549 4225 ρ,
1565 4152 1655 4211 initio.
1719 4205 1720 4222 ,

575 4247 616 4317 (a)
652 4244 780 4319 Sylveut.
796 4240 915 4310 ¹Mauri,
938 4241 1131 4314 Paropinos,
1152 4237 1201 4297 lib.
1226 4258 1236 4296 1
1260 4238 1430 4307 Posterior,
1450 4260 1517 4312 cap.
1535 4264 1563 4314 3.
1586 4241 1659 4299 Vide
1719 4239 1721 4314 l

540 4334 575 4395 S.
590 4335 695 4393 Thom.
717 4332 788 4391 ibid.
811 4331 877 4389 leet.
891 4332 911 4389 8
932 4328 1030 4399 initi03
1045 4327 1148 4398 Tolet.‚
1164 4325 1404 4397 conimbricae,
1419 4328 1557 4403 aliosque
1571 4331 1659 4389 Com-

540 4436 714 4483 mentatores
728 4421 758 4479 in
772 4420 895 4479 citatum
910 4420 1004 4477 locum
1021 4415 1199 4490 Philosophi.

592 4512 661 4571 Haec
675 4510 806 4583 probatio
828 4509 913 4581 plane
927 4506 1080 4574 convincit,
1102 4504 1286 4565 Aristotelem
1301 4504 1349 4561 hic
1369 4525 1456 4578 agere
1478 4507 1516 4565 de
1537 4508 1658 4566 demon-

538 4602 678 4661 stratione
693 4600 806 4669 stricta,
822 4599 858 4657 de
872 4619 906 4657 ea
920 4618 1033 4669 nempe,
1048 4616 1114 4668 quae
1128 4596 1161 4654 fit
1173 4615 1207 4653 ex
1218 4593 1365 4665 prioribus
1378 4593 1554 4667 simpliciter
1567 4612 1599 4655 et
1611 4617 1658 4655 sc-
1719 4611 1721 4692 l

539 4690 667 4750 cundum
682 4710 722 4748 se.
