3492 5525
526 455 585 521 268
712 457 840 524 Lomca
861 458 1117 523 Menon-urse.
1142 472 1187 524 a·
1208 460 1286 525 Can.
1311 474 1381 524 num
1456 482 1461 491 ·

486 657 552 708 non
571 641 668 709 detur
684 663 704 707 a
721 653 813 727 parte
832 628 1098 710 rei‘simultanea
1116 642 1169 709 illa
1194 643 1382 723 existentia,
1411 660 1486 729 quae
1511 645 1606 713 unice

484 747 668 838 asseritur(
694 746 720 837 ).

552 858 632 923 Aliae
647 876 724 923 vero
733 857 968 926 conditionales
979 876 1135 943 non-pure
1146 859 1361 943 conjunctivae
1371 879 1408 926 ac
1421 860 1603 945 disparatae,

484 965 543 1030 sed
561 966 602 1031 de
620 966 806 1032 conditione
824 950 934 1050 aliquo
949 966 1050 1032 modo
1064 967 1266 1033 conducente
1278 968 1320 1032 ad
1333 968 1603 1045 conditionatum,

483 1072 757 1155 frequentissimae
784 1081 863 1141 sunt
888 1072 921 1138 in
941 1072 1091 1140 omnium
1111 1092 1280 1151 sermone,
1311 1084 1347 1141 ut
1376 1074 1427 1141 vel
1456 1096 1497 1142 ex
1526 1077 1606 1143 solis

485 1180 687 1264 promissivis
714 1182 836 1262 elucet3
867 1198 976 1264 neque
995 1168 1058 1247 'eas
1086 1182 1229 1266 primum
1254 1182 1450 1269 excogitavit
1469 1184 1602 1261 Melina,

453 1295 539 1397 ··aut
549 1287 600 1353 alii
609 1286 779 1354 Societatis
788 1286 863 1367 Jesu
874 1287 1045 1365 Doctores,
1060 1288 1235 1373 sedpn'us,
1249 1291 1381 1357 nemine
1391 1293 1602 1367 reclamante,

483 1393 636 1485 docuerat
655 1397 846 1480 praeclarum
865 1394 953 1463 Sacri
972 1397 1221 1481 Praedicatorum
1241 1397 1373 1465 Ordinis
1392 1400 1524 1477 lumen,
1545 1400 1607 1465 Do-

483 1503 623 1570 minicus
647 1500 830 1595 Sotusia),
850 1504 1049 1587 easdemque
1067 1506 1203 1589 agnovit
1221 1504 1324 1572 Banez
1342 1504 1395 1595 (3)
1413 1508 1499 1591 apud
1520 1507 1608 1574 Casi-

483 1611 563 1677 lium
582 1607 648 1699 (4).
668 1610 706 1676 Et
725 1611 789 1678 hoc
807 1630 895 1679 nunc
915 1612 1061 1679 innuisse
1079 1612 1212 1680 sufficit.
1641 1624 1644 1630 '

551 1718 715 1785 Caeterum
733 1737 813 1803 pure
827 1718 1041 1805 conjunctivae
1055 1737 1113 1786 seu
1128 1720 1297 1805 disparatae
1313 1740 1378 1787 non
1398 1731 1545 1806 spectant
1564 1724 1605 1789 ad

482 1828 775 1894 considerationem
807 1829 965 1912 logicam,
986 1828 1062 1911 quia
1080 1816 1199 1913 ineptae'
1222 1839 1299 1895 sunt
1318 1831 1361 1894 ad
1378 1830 1446 1895 ullo
1462 1840 1552 1897 certo
1566 1848 1605 1897 ac

483 1936 700 2003 determinato
711 1936 812 2001 modo
825 1936 1042 2021 arguendum.
1068 1936 1127 2001 Vel
1151 1937 1239 2002 enim
1259 1937 1432 2022 cognoscis
1453 1939 1606 2005 simulta-

483 2062 578 2110 neam
593 2041 763 2111 veritatem
784 2043 952 2127 utriusque
965 2044 1119 2120 membri,
1134 2044 1184 2111 vel
1200 2062 1278 2112 non.
1291 2043 1327 2111 Si
1342 2046 1603 2131 noncognoscis,

483 2170 549 2218 non
565 2164 659 2237 potes
679 2170 878 2239 cognoscere
894 2170 951 2237 per
966 2151 1301 2237 argumentationem,
1318 2154 1386 2219 sive
1401 2175 1419 2219 a
1443 2154 1604 2237 positione

481 2259 704 2328 antecedentis
715 2260 756 2325 ad
766 2260 944 2327 illationem
964 2260 1291 2344 consequentis,sive
1305 2280 1347 2326 ex
1356 2261 1454 2347 hujus
1463 2262 1607 2347 negatio-

482 2388 522 2440 tte
537 2369 577 2436 ad
590 2367 675 2434 illius
694 2359 830 2452 quoque
845 2368 1081 2445 exclusionem,
1098 2368 1154 2452 qui
1164 2376 1242 2434 sunt
1252 2369 1318 2434 duo
1333 2367 1450 2453 agendi
1467 2369 1555 2435 modi
1571 2370 1604 2435 in

480 2476 765 2543 conditionalibus:
788 2476 876 2541 nulla
895 2474 1017 2560 quippe
1036 2485 1086 2542 est
1109 2476 1269 2541 connexio
1292 2477 1469 2543 necessaria
1488 2497 1529 2543 ex
1548 2496 1605 2542 na-

481 2595 554 2652 tura
573 2584 616 2649 rei
637 2582 720 2650 inter
734 2591 927 2667 utrumque.
944 2581 976 2647 Si
991 2594 1102 2649 autem
1118 2582 1308 2667 cognoscis,
1321 2585 1390 2669 jam
1408 2583 1485 2649 nihil
1505 2593 1605 2652 restat

480 2693 770 2777 cognoscendum,
799 2710 835 2756 ac
858 2692 989 2767 frustra,
1020 2692 1124 2757 immo
1150 2708 1318 2776 perperam
1353 2694 1602 2778 argumentaris3

470 2801 616 2888 frustra,
645 2800 723 2883 quia
747 2799 825 2865 nihil
851 2800 926 2866 novi
957 2800 1082 2881 disces;
1098 2807 1263 2882 perperam
1281 2806 1410 2876 autem,
1439 2801 1516 2884 quia
1533 2802 1606 2886 ipsa

482 2905 723 2994 argumentatio
742 2907 897 2992 implicite
911 2915 1113 2992 supponeret
1130 2907 1244 2974 adesse
1263 2907 1503 2976 connexionem
1521 2909 1607 2975 inter

483 3016 631 3081 membra
650 3016 703 3081 illa
725 3016 898 3101 disparata.
926 3013 1152 3091 Quamobrem
1177 3015 1417 3100 propositiones
1440 3018 1605 3102 ejusmodi

481 3122 668 3191 scientificae
683 3142 750 3189 non
769 3130 858 3192 sunt.

547 3231 692 3316 idipsum
718 3230 929 3315 proportione
954 3229 1129 3296 dicendum
1150 3238 1199 3297 est
1217 3231 1259 3296 de
1286 3229 1490 3316 promissivis
1507 3240 1607 3298 caete·

483 3340 591 3423 risque
609 3357 676 3405 non
696 3337 875 3405 necessario
893 3337 1040 3415 illativis,
1061 3337 1102 3403 de
1121 3356 1262 3422 quarum
1282 3339 1419 3404 veritate
1441 3347 1498 3405 aut
1517 3340 1604 3406 falsi·

480 3457 548 3516 tate
576 3444 671 3513 nobis
696 3449 761 3512 fere
787 3454 938 3512 constare
964 3447 1093 3530 nequit;
1114 3445 1200 3512 ersed
1225 3446 1332 3511 solum
1352 3445 1440 3511 Deus
1464 3441 1541 3523 scit,
1563 3466 1606 3513 an

482 3574 567 3622 verae
585 3546 670 3631 sin't,
702 3572 744 3619 an
771 3555 873 3634 ialsae;
902 3573 935 3620 v.
962 3574 997 3639 g,
1019 3553 1049 3618 si
1073 3557 1108 3620 lu
1130 3571 1291 3637 nunquam
1307 3551 1421 3618 viceris
1444 3553 1480 3618 in
1497 3553 1607 3636 dispe·

482 3662 613 3740 maone,
629 3664 715 3727 solur
733 3663 820 3727 Deus
837 3661 898 3726 scit
913 3681 956 3726 an
973 3661 1004 3726 si
1023 3661 1166 3755 vicisses,
1186 3660 1337 3726 dedissem
1361 3661 1488 3726 liberem.
1510 3659 1607 3728 Tales

482 3779 560 3836 sunt
585 3770 700 3836 multae
716 3767 951 3836 conditionales
974 3769 1014 3834 de
1030 3767 1208 3852 praeterito,
1235 3777 1283 3834 ut:
1309 3767 1348 3832 Si
1367 3771 1400 3834 lu
1417 3769 1607 3836 acclamasses

478 3878 587 3962 prior,
601 3876 659 3942 lidi
668 3877 821 3942 dedissem
831 3876 962 3958 librum
973 3877 1011 3943 Si
1021 3876 1133 3942 Petrus
1150 3895 1213 3941 non
1229 3894 1299 3942 sum
1311 3875 1630 3964 psis-seipottbnem„
1667 3853 1705 3910 θ’

483 4005 547 4052 nen
557 3985 663 4070 suiset
677 3988 844 4052 mertum»
864 3981 927 4072 (5).

521 4314 563 4376 (1)
600 4308 675 4366 Vide
689 4307 815 4379 Suarez,
839 4308 892 4366 loc.
912 4307 975 4378 cit,
993 4321 1020 4366 et
1035 4327 1098 4378 cap.
1125 4323 1154 4379 ς,
1172 4326 1201 4364 n.
1221 4325 1268 4376 103
1292 4303 1606 4380 Arriaga,Summu1.‚

485 4398 563 4471 disp.
578 4419 609 4468 a,
625 4412 695 4457 sect.
712 4419 743 4470 3,
762 4418 791 4455 n.
805 4417 850 4470 24.

520 4493 561 4555 (a)
599 4488 743 4548 Summuh
759 4488 810 4546 lib.
827 4509 857 4558 3,
873 4507 937 4560 cap.
952 4486 984 4557 8,
1000 4487 1065 4544 lect.
1084 4509 1114 4559 3,
1129 4487 1265 4544 Notabile·
1272 4488 1378 4561 primo.

520 4583 566 4648 (a)
603 4577 759 4646 Sammaei„
775 4577 824 4634 lib.
842 4599 871 4647 3,
889 4589 974 4635 tract.
988 4598 1019 4646 2,
1037 4597 1101 4648 cap.
1113 4595 1140 4634 a.

520 4671 562 4742 (4)
599 4667 667 4725 Loc.
683 4667 733 4726 cit.
750 4665 812 4725 etr.
830 4666 1141 4738 Hurtad.‚'Summul.‚
1157 4663 1232 4739 disp.
1247 4684 1279 4739 4,
1291 4680 1360 4726 sect.
1378 4687 1407 4738 3,
1424 4683 1545 4739 n.9-11.

522 4759 564 4831 (5)
601 4755 943 4826 Domin.Soto,loc.cit.
