3492 5525
203 464 319 525 Anne.
335 474 394 543 ν·
408 459 642 533 OnJecrromes
656 462 785 524 comni
799 475 952 524 venien.
966 469 1109 523 encuur.
1134 471 1190 541 593

100 650 181 709 sunt
208 642 270 709 nisi
296 650 402 709 certus
420 642 554 725 quidam
584 650 695 708 motus
722 659 952 725 corporearum
982 641 1226 725 particularum,

100 749 157 834 qui
178 751 219 816 ad
236 769 398 835 organum
418 748 553 818 visionis
577 748 790 816 transmissus
813 748 1011 815 determinat
1029 748 1062 814 in
1082 749 1229 833 potentia

101 859 205 923 visiva
220 856 496 924 modificationem
513 865 613 941 atque
628 856 834 923 allectionem
848 854 957 934 illam,
972 874 1074 939 quam
1090 856 1231 923 dicimus

100 966 323 1031 sensationem
339 983 397 1031 seu
413 964 572 1030 visionem
591 963 724 1047 coloris;
741 964 890 1048 itemque
905 982 1056 1047 sapores,
1071 964 1144 1031 soni
1163 972 1229 1030 etc.

170 1070 291 1137 Harum
312 1072 451 1139 duarum
470 1072 725 1157 explicationum
744 1072 863 1156 prima}
878 1071 1016 1138 omnino
1039 1072 1169 1138 videtur
1184 1082 1232 1138 te·

103 1180 227 1257 nenda,
257 1181 409 1264 quamvis
441 1199 513 1246 eam
543 1198 631 1246 nunc
659 1179 881 1263 supponimus
902 1180 1135 1265 solummodo,
1172 1199 1231 1246 nec

103 1288 184 1352 tueri
205 1304 264 1373 pro
286 1287 443 1372 dignitate
463 1306 654 1371 possumus,
676 1288 735 1353 sed
758 1287 798 1352 ad
820 1286 1065 1373 Cosmologiam
1086 1305 1232 1353 reserva*

103 1413 192 1462 mus.
218 1394 333 1462 'Altera
361 1395 448 1461 enim
474 1414 534 1461 nec
553 1403 663 1480 potest
690 1396 769 1461 satis
793 1394 1001 1461 ldealismum
1028 1394 1146 1470 vitare,
1173 1413 1232 1460 nec

102 1502 278 1579 declarare,
305 1503 476 1585 quomodo
495 1502 699 1569 sensationes
717 1501 782 1569 sint
802 1502 962 1587 imagines
990 1520 1027 1567 ac
1054 1518 1233 1586 repraesen-
1343 1527 1345 1530 ·

102 1586 243 1675 dationes
266 1628 443 1695 corporum
472 1606 772 1695 corporearumque
790 1609 1000 1693 qualitatum.
1023 1608 1058 1674 Si
1077 1608 1165 1675 enim
1183 1609 1230 1686 id,

104 1718 195 1801 quod
223 1716 318 1783 nobis
342 1725 476 1801 apparet
504 1724 674 1800 tamquam
694 1725 765 1783 toto
784 1719 863 1783 caelo
890 1716 1055 1783 diversum
1081 1736 1099 1781 a
1123 1724 1229 1794 motu,

104 1844 216 1889 revera
229 1832 370 1901 nonest,
389 1825 448 1889 nisi
461 1842 564 1909 purus
578 1833 678 1909 putus
688 1832 812 1900 motus,
829 1825 914 1891 dicet
925 1823 1083 1900 ldealista,
1094 1824 1127 1889 id
1141 1823 1231 1908 quod

102 1940 276 2016 tamquam
306 1940 420 1997 motus
445 1932 688 2009 manifestatur,
719 1934 802 1999 forte
833 1950 901 1998 non
927 1951 1000 1998 esse
1024 1939 1170 2010 motum,
1200 1940 1233 1996 et

102 2039 136 2104 id
154 2040 246 2123 quod
266 2048 438 2123 tamquam
466 2057 585 2123 corpus
608 2048 706 2105 certae
734 2039 903 2125 cujusdam
934 2049 1058 2106 naturae
1083 2038 1234 2125 objicitur

103 2147 234 2213 obtutui
265 2156 394 2225 nostro,
417 2149 499 2213 sorte
518 2166 585 2213 non
605 2166 677 2214 esse
694 2164 825 2231 corpus.
847 2145 924 2223 Quo
947 2159 1057 2219 autem
1076 2148 1149 2233 jure
1175 2166 1233 2213 ne-

101 2254 256 2339 gabimus
271 2256 440 2339 paritatem
456 2266 491 2321 et
509 2254 777 2338 consequentiam
793 2254 826 2319 in
843 2254 1081 2321 Atomistarum
1101 2264 1233 2322 senten·

101 2361 163 2427 tia?
182 2362 246 2429 Sed
266 2364 334 2428 haec
352 2362 483 2429 alterius
509 2372 587 2429 sunt
602 2362 676 2445 loci;
697 2370 850 2428 tenemus
870 2372 980 2429 autem
1008 2363 1130 2429 interea
1147 2373 1232 2429 tam·

102 2489 204 2553 quam
219 2488 348 2547 verum,
365 2470 549 2554 qualitates,
567 2488 642 2553 quae
657 2470 829 2537 sensibiles
842 2470 1006 2548 dicuntur,
1024 2488 1097 2536 esse
1110 2470 1232 2554 aliquid

101 2578 332 2644 distinctuma
360 2586 471 2655 motu,
497 2578 587 2660 quod
615 2597 634 2641 a
660 2577 813 2643 sensibus
841 2578 1112 2661 apprehenditur,
1142 2586 1175 2643 et
1197 2578 1231 2643 in

102 2685 291 2751 sensatione
308 2695 478 2768 tamquam
498 2686 531 2749 in
551 2684 692 2770 imagine
712 2681 864 2773 relucet(
891 2682 915 2773 ).

149 2799 256 2877 objic.
278 2793 331 2862 3.⁰
378 2794 425 2858 De
452 2795 612 2879 objectiva
631 2795 774 2860 realitate
804 2795 882 2860 nihil
912 2800 1021 2878 potest
1047 2794 1230 2860 intellectus
1310 2790 1313 2798 ⁴

102 2913 192 2968 certo
206 2919 403 2987 cognoscere
420 2921 460 2967 ex
474 2920 632 2968 sensuum
648 2902 850 2967 testimonio.
866 2901 949 2966 Nam
963 2902 1050 2967 idem
1064 2903 1230 2983 obiectum

103 3009 323 3076 diversimode
342 3009 441 3076 afficit
460 3011 589 3076 diversa
606 3009 774 3086 animalia,
796 3021 832 3075 ut
852 3010 942 3092 quod
966 3009 1089 3075 bomini
1113 3011 1229 3093 placet,

103 3117 163 3181 alia
191 3115 366 3201 refugiant.
397 3116 503 3182 lmmo
529 3117 613 3184 inter
637 3117 788 3182 homines
812 3116 902 3200 ipsos
925 3135 1081 3203 magnam
1106 3119 1140 3184 in
1170 3119 1231 3182 boc

101 3242 234 3289 cernere
261 3233 311 3290 est
339 3224 547 3290 varietatem:
573 3223 619 3290 sic
649 3223 682 3288 in
710 3223 789 3290 cibis
809 3243 842 3290 v.
868 3244 903 3309 g.
929 3233 963 3289 et
989 3225 1023 3291 in
1050 3225 1120 3290 aliis
1147 3225 1232 3290 bene

103 3331 231 3409 multis,
248 3331 340 3416 quod
358 3332 415 3397 uni
433 3331 568 3408 arridet,
584 3330 675 3397 alteri
695 3330 854 3415 displicet.

171 3443 276 3523 Resp.
296 3457 365 3522 neg.
382 3447 498 3507 assert.

172 3545 224 3610 Ad
243 3545 381 3630 primam
409 3545 536 3630 probat.
566 3546 641 3614 dist.
662 3545 700 3611 Et
721 3546 791 3612 haec
814 3543 986 3612 diversitas
1009 3543 1171 3630 contingit
1196 3547 1230 3612 in

101 3653 289 3720 sensatione
313 3647 477 3736 subjective
494 3661 654 3737 spectata,
679 3671 782 3734 conc.;
807 3653 839 3718 in
866 3653 1052 3721 sensatione
1072 3653 1230 3739 objective

101 3769 266 3846 spectata,
286 3780 358 3844 neg.
1147 3748 1157 3766 ’

172 3868 225 3934 Ad
244 3868 425 3935 secundum
445 3868 560 3934 similis
580 3877 652 3935 esto
671 3868 853 3952 responsio.

171 3975 330 4042 Videlicet
358 3977 478 4041 mirum
508 3995 573 4042 non
602 3983 670 4050 est,
700 3974 726 4040 si
751 3975 865 4042 eadem
894 3973 965 4060 ipsa
993 3993 1044 4042 res
1065 3976 1229 4043 diversam

101 4085 218 4170 gignat
232 4084 438 4149 affectionem
454 4083 635 4168 jucundam
658 4084 710 4149 vel
731 4083 892 4168 ingratam
912 4083 946 4149 in
970 4084 1106 4151 diversis
1122 4084 1231 4170 subje-

102 4193 163 4258 ctis
182 4211 242 4276 pro
258 4201 372 4258 natura
390 4190 555 4275 ipsorum,
575 4190 859 4266 inclinationibus,
876 4191 1085 4266 educatione,
1102 4189 1232 4257 habitu·

103 4301 181 4368 dine
208 4319 244 4364 ac
273 4298 495 4382 dispositione.
523 4297 662 4368 Quoties
689 4297 841 4364 videmus
875 4317 979 4364 unum
1008 4300 1230 4382 eumdemque

102 4409 247 4472 colorem
267 4406 318 4474 vel
338 4424 423 4489 opus
450 4413 517 4471 arte
536 4407 658 4471 iactum
684 4406 742 4471 rite
761 4413 795 4470 et
812 4405 929 4472 eodem
954 4407 1055 4472 modo
1074 4404 1192 4491 percipi
1212 4425 1230 4472 a

139 4661 181 4725 (1)
218 4653 280 4714 Cir.
298 4655 334 4714 el.
351 4655 385 4713 Ρ.
401 4651 486 4714 Matr·
502 4652 684 4725 Liberatore,
700 4655 795 4714 instit.
812 4655 942 4726 Philae,
956 4654 1062 4730 Legit.
1079 4653 1153 4716 Pare
1166 4655 1229 4726 ult„

101 4767 133 4806 n.
149 4765 196 4820 43,
212 4745 296 4818 obiic.
314 4743 355 4803 lv
368 4743 437 4804 edit.
456 4743 546 4816 1881,
561 4763 629 4818 pag.
648 4745 707 4803 128.

1083 4841 1122 4932 38
