3492 5525
565 458 625 525 900
676 441 806 506 Loorcn
820 438 1053 515 Meron-Lis.
1070 454 1143 517 aru,
1158 440 1253 505 Drsn.
1266 454 1315 523 4·
1328 440 1407 504 Cen.
1428 456 1495 504 rem

437 648 441 653 ·
520 627 662 711 pliciter,
691 628 874 712 quandoque
901 624 1038 702 inacta,
1068 626 1195 709 quando
1220 624 1343 690 scitiaet
1358 626 1404 689 od
1425 624 1557 707 aliquod
1580 630 1649 689 actu

524 735 707 810 ordinatur,
738 734 822 798 secut
843 731 962 816 artifex
983 736 1195 813 praconcepta
1212 732 1323 816 fornia
1345 733 1497 813 proponit
1510 730 1601 796 ittarn
1618 734 1650 794 in

524 840 688 907 materiam
704 840 871 907 inducere:
889 842 923 904 et
938 842 1014 904 tuuc
1030 842 1078 908 est
1091 841 1164 903 actu
1182 838 1324 921 practica
1345 838 1481 922 cognitio
1502 842 1535 903 et
1549 840 1651 921 cogni·

525 948 621 1014 tranis
637 949 758 1034 sarno.
781 947 973 1031 Quandoque
999 964 1073 1012 aero
1093 948 1143 1011 est
1157 946 1283 1031 quiden
1306 944 1495 1012 ordinabitis
1521 946 1652 1029 cognitio

524 1058 569 1122 ad
580 1060 694 1131 comm,
710 1074 775 1121 non
789 1060 892 1121 tamen
904 1056 979 1119 acne
992 1054 1160 1119 aauaur
1174 1050 1333 1141 (intellige
1341 1054 1382 1119 de
1393 1052 1460 1118 inre
1472 1052 1650 1136 subjective

526 1160 687 1250 artificis);
717 1162 801 1229 deut
816 1180 888 1227 curn
915 1162 1031 1247 artifex
1052 1162 1211 1245 excogitat
1225 1161 1368 1247 sormam
1396 1160 1531 1244 artificis
1552 1164 1585 1226 et
1600 1162 1651 1223 scir

523 1278 581 1353 per
598 1272 721 1337 modum
737 1269 906 1351 operandi,
934 1288 997 1333 nan
1022 1271 1125 1333 tomen
1150 1268 1277 1350 operari
1296 1268 1449 1333 intendit:
1476 1273 1512 1333 et
1536 1272 1649 1331 certun:

525 1381 586 1453 est,
604 1380 688 1463 quod
704 1380 753 1443 est
761 1377 906 1459 praetio
932 1376 1040 1441 babitu
1066 1378 1118 1440 aet
1144 1377 1281 1451 uirtute,
1312 1395 1375 1439 nan
1403 1378 1489 1442 acor.
1522 1376 1650 1457 Quanto

527 1486 708 1551 veronulla
726 1485 816 1549 mado
833 1486 883 1549 est
903 1485 948 1547 ad
971 1486 1077 1548 actum
1102 1482 1289 1547 ordinabilis
1318 1482 1474 1565 cognitio,
1510 1486 1586 1547 tunc
1612 1488 1651 1546 est

526 1598 645 1673 semper
662 1591 871 1673 speculativa,
891 1592 975 1675 quod
999 1589 1093 1655 etiam
1109 1589 1278 1670 dupliciter
1293 1589 1463 1673 contingit:
1486 1608 1553 1653 uno
1569 1594 1649 1653 nrata

526 1700 653 1785 quando
671 1696 806 1781 cognitio
823 1700 870 1764 est
885 1700 923 1761 de
940 1698 1033 1791 retius
1053 1696 1136 1772 iltis,
1160 1714 1230 1781 qua
1247 1716 1310 1761 nan
1331 1699 1409 1761 sunt
1423 1700 1511 1761 nata
1527 1698 1649 1777 pradum

522 1812 583 1888 per
608 1805 770 1871 scientiane
796 1804 1025 1888 cognoscentis;
1050 1804 1134 1868 sicut
1156 1822 1213 1868 nos
1238 1803 1452 1887 cognoscimus
1480 1804 1647 1881 naturalia

528 1914 712 1998 mundoque
728 1931 802 1977 vero
819 1932 869 1979 res
881 1912 1022 1995 cognita,
1037 1916 1085 1976 est
1094 1912 1219 1994 quedem
1231 1910 1396 1993 operatitis
1406 1919 1466 1993 per
1480 1911 1645 1985 mennon,

528 2040 592 2085 nou
610 2024 711 2085 tannen
730 2019 951 2086 consideratur
967 2021 1006 2083 ut
1019 2020 1067 2083 est
1081 2018 1265 2101 aperaiitis,·
1283 2038 1333 2083 res
1360 2019 1447 2084 enirn
1471 2027 1535 2101 per
1550 2027 1647 2100 apera-

530 2126 643 2193 tionene
661 2126 696 2191 in
714 2145 778 2193 esse
792 2122 1010 2211 producitur(
1035 2123 1062 2211 ).

596 2234 702 2318 Pergit
721 2232 755 2301 S.
776 2233 897 2299 Ductor
914 2233 1087 2308 declarare,
1103 2224 1183 2315 'qud
1198 2232 1240 2298 sit
1259 2251 1311 2298 res
1325 2251 1527 2318 cognoscere
1541 2252 1644 2317 opera·

529 2337 585 2407 bili
600 2340 718 2406 modo:
734 2340 819 2405 Sunt
828 2341 987 2424 onmem,
1000 2358 1071 2424 qua
1078 2343 1213 2421 possunt
1222 2340 1368 2421 separari
1377 2342 1550 2405 secundun
1563 2342 1642 2405 intel·

531 2451 663 2527 uotum,
683 2468 754 2534 qua
767 2468 830 2513 non
843 2452 919 2513 suut
930 2448 1118 2527 separabilia
1129 2450 1299 2513 secundum
1311 2466 1387 2513 esse.
1406 2449 1545 2531 Quando
1553 2455 1642 2513 auten

530 2556 749 2623 consideratur
764 2574 815 2622 res
827 2562 887 2637 per
904 2555 1091 2620 intellectum
1110 2555 1275 2637 operabitis
1290 2554 1509 2637 distinguendo
1521 2556 1562 2620 alr
1572 2554 1642 2618 inni-

530 2680 594 2729 cem
608 2682 655 2739 ea,
668 2682 737 2748 qua
745 2666 916 2729 secundum
928 2680 993 2727 esse
1001 2662 1157 2746 distingui
1168 2681 1231 2726 non
1240 2666 1382 2745 possunt,
1401 2680 1467 2727 nan
1479 2666 1529 2727 est
1535 2662 1642 2744 pracli·
1711 2617 1713 2722 i

531 2789 568 2836 ca
585 2770 720 2856 cognitio
741 2790 795 2836 nec
812 2775 886 2836 actu
909 2789 965 2834 nec
984 2770 1106 2846 habim,
1125 2772 1182 2835 sed
1201 2770 1392 2852 speculativa
1417 2774 1556 2850 tantrrn;
1573 2771 1643 2834 sicut

531 2877 561 2943 si
577 2878 694 2962 artifex
708 2878 884 2943 consideret
895 2879 1020 2943 domum
1039 2876 1256 2960 irruestigondo
1273 2877 1434 2958 passiones
1450 2882 1536 2963 ejus,
1554 2894 1640 2960 genus

531 2988 564 3050 et
576 2985 768 3068 differentias
785 2989 818 3050 et
835 2985 1028 3072 hujusmodi,
1048 3003 1118 3068 qua
1133 2987 1303 3050 secundum
1325 3003 1390 3050 esse
1407 2985 1585 3050 indistincte
1601 2983 1640 3046 in-

531 3093 702 3158 veniuntur
715 3093 748 3156 iu
767 3111 801 3157 re
815 3092 893 3174 ipsa.
909 3091 973 3156 Sed
985 3095 1058 3156 trrnc
1070 3091 1290 3157 consideratur
1301 3111 1351 3157 res
1365 3097 1402 3157 ut
1416 3095 1465 3157 est
1474 3091 1637 3174 operatoriis,

531 3201 656 3284 quando
670 3200 704 3264 in
716 3199 783 3281 ipso
793 3200 1034 3265 consideranter
1046 3200 1163 3275 omnio,
1179 3218 1248 3285 qua
1261 3202 1305 3264 ad
1322 3203 1389 3287 ejus
1407 3219 1472 3266 esse
1487 3199 1640 3284 requirun-

533 3310 586 3371 tur
598 3307 695 3372 simul
707 3304 770 3393 (2).

388 3434 393 3444 ·
420 3432 479 3477 un
600 3413 680 3479 Hinc
708 3413 797 3479 facile
825 3414 1016 3498 intelligitur
1042 3433 1084 3479 ex
1105 3413 1249 3480 doctrina
1279 3415 1465 3497 Aquinatis,
1492 3413 1638 3498 triplicem

344 3507 349 3516 ¹
532 3538 604 3586 esse
623 3521 777 3597 modum,
797 3540 865 3603 quo
885 3520 1018 3586 scientia
1033 3529 1141 3604 potest
1162 3540 1235 3586 esse
1254 3523 1392 3605 practica
1412 3523 1464 3586 vel
1481 3521 1642 3604 speculati-

531 3648 589 3704 va,
616 3627 664 3692 r.⁰
685 3647 725 3693 ex
750 3633 838 3710 parte
864 3647 973 3694 rerum
997 3629 1164 3703 scitorum,
1195 3637 1291 3711 prout
1314 3636 1394 3693 sunt
1413 3629 1465 3692 vel
1491 3647 1553 3693 non
1573 3638 1641 3692 sunt
1709 3680 1710 3683 ,

532 3736 710 3820 operabiles
728 3736 769 3801 ab
784 3736 855 3820 ipso
873 3736 1013 3814 sciente;
1035 3743 1086 3801 2.⁰
1103 3739 1246 3817 exparte
1259 3736 1359 3815 neodi,
1375 3746 1475 3819 prout
1488 3737 1640 3822 objectum
1709 3752 1711 3815 ;

532 3841 619 3907 inse
644 3843 779 3925 quidem
804 3843 966 3928 operabile
991 3842 1136 3927 respicit,
1161 3844 1220 3909 sed
1244 3862 1309 3910 non
1330 3843 1479 3928 respiciat
1497 3840 1638 3928 operabili
1709 3828 1711 3849 '

533 3949 648 4016 modo:
670 3949 724 4038 3.⁰
745 3951 868 4017 ratione
876 3950 959 4038 finis
977 3959 1074 4034 prout
1093 3950 1259 4018 ordinetur
1274 3952 1325 4019 vel
1346 3971 1414 4018 non
1428 3951 1592 4018 ordinetur
1607 3948 1640 4012 ad

532 4053 632 4121 finem
649 4057 845 4141 operationis
865 4055 929 4143 (3).

339 4180 470 4297 &mim
597 4162 638 4256 γ)
656 4161 765 4230 Tertio
784 4163 931 4248 sequitur
949 4164 1036 4231 aliud
1054 4165 1244 4232 discrimen:
1266 4185 1341 4232 nam
1357 4167 1502 4252 cognitio
1516 4165 1640 4253 praetia

330 4267 509 4372 mffi'g’ejgi
532 4271 635 4337 tendit
668 4272 699 4338 in
732 4272 897 4357 objectum
931 4273 1033 4338 modo
1064 4272 1299 4358 compositivo,
1335 4274 1391 4358 qui
1415 4283 1467 4341 est
1497 4274 1583 4340 utilis
1607 4271 1639 4334 ud

342 4397 364 4442 io
375 4395 494 4454 objectum:

533 4465 784 4478 ——0-1—

567 4539 608 4610 (1)
645 4537 678 4597 S.
690 4539 806 4605 Thous„
821 4539 856 4596 de
872 4539 1013 4606 Veritate,
1029 4560 1058 4612 q.
1072 4561 1097 4612 3.
1108 4561 1134 4601 a.
1147 4563 1172 4615 3.
1188 4561 1266 4616 corp.

568 4633 608 4693 (a)
644 4626 677 4686 S.
693 4628 810 4696 Tuom„
826 4627 897 4686 ibid.

569 4715 608 4793 (3)
646 4716 680 4775 S.
696 4716 815 4790 Thnm..
834 4737 844 4775 1
863 4737 892 4789 p.
908 4737 937 4790 q.
957 4735 1004 4791 14,
1018 4738 1045 4777 a.
1065 4720 1107 4778 16.
