3492 5525
454 557 458 568 Ι
543 488 601 554 324
729 468 858 537 Loorcx
879 468 1130 535 Minox-Drso.
1153 483 1201 554 3.⁸
1222 470 1301 536 cn».
1326 482 1397 540 ιω

341 2074 427 2125 Forma.

986 559 1623 591 .-.-.....-.-—.—.-.-..——-ss.

502 658 612 724 altera.
644 658 682 723 Et
704 657 853 741 proxima
880 656 1013 740 quidem
1041 664 1121 725 sunt
1141 657 1385 741 propositiones
1404 667 1482 735 tres,
1504 672 1624 739 nempe

501 749 586 832 otnae
597 764 772 857 praemissae
783 776 816 832 et
825 764 1003 840 conclusio,
1016 782 1091 831 nam
1107 784 1148 831 ex
1158 765 1209 831 his
1219 767 1368 850 proxime
1384 765 1546 833 conflatur
1557 762 1624 850 syl·

502 872 686 963 logisticum
697 873 901 939 arteiactum.
911 870 954 939 lta
964 870 1079 951 Mauri,
1092 871 1237 959 Arriaga,
1250 872 1297 940 De
1308 873 1501 949 Benedictis,
1513 870 1625 937 Lossa-

501 980 555 1055 da,
570 978 718 1057 Goudin‚
732 978 869 1055 Roselli,
885 978 1110 1063 Dupasquier,
1123 978 1406 1049 Conimbricenses
1425 981 1541 1063 aliique
1557 976 1622 1065 (ι);

501 1097 579 1153 sunt
595 1086 806 1155 nihilominus
819 1106 936 1173 graves
951 1097 1100 1154 auctores
1114 1085 1178 1175 (2),
1195 1090 1252 1172 qui
1265 1088 1347 1156 duas
1361 1088 1532 1155 dumtaxat
1543 1104 1625 1170 prce·

502 1194 618 1260 missas
641 1205 760 1260 vocant
783 1193 967 1279 proximam
986 1194 1168 1281 syllogismi
1189 1196 1371 1264 materiam.
1388 1195 1497 1267 Quam
1524 1193 1622 1259 etiarn

499 1301 695 1369 sententiam
709 1310 901 1384 sequantur,
918 1320 1052 1389 necesse
1066 1314 1129 1378 est,
1144 1302 1202 1378 illi,
1222 1304 1278 1387 qui
1300 1313 1422 1389 negant
1444 1301 1625 1369 conclusio·

502 1428 577 1474 nem
588 1428 660 1475 esse
672 1416 797 1493 partem
808 1408 993 1497 syllogismi
1010 1409 1236 1487 essentialem,
1253 1410 1626 1495 arbitranturquesyllo-

499 1514 646 1601 gismurn
658 1516 702 1583 ita
716 1517 846 1583 duabus
869 1516 1046 1601 praemissis
1067 1516 1209 1594 absolvi,
1231 1528 1267 1584 ut
1283 1518 1454 1584 ‘conclusio
1469 1534 1535 1582 non
1550 1533 1625 1600 pars

499 1625 558 1690 sed
576 1623 651 1691 sinis
679 1623 720 1690 sit
748 1625 921 1693 dumtaxat
950 1633 982 1689 et
1013 1625 1149 1691 effectus
1181 1624 1375 1711 syllogismi.
1409 1624 1532 1691 Verum
1556 1624 1624 1689 haec

499 1730 645 1797 doctrina
661 1730 695 1795 in
710 1731 828 1817 logica
840 1732 951 1815 Maiori
970 1732 1178 1798 contutanda·
1188 1740 1251 1799 est.

566 1837 698 1905 Materia
706 1857 784 1904 vero
794 1846 919 1904 remota
934 1830 1011 1905 sunt
1024 1846 1095 1905 tres·
1102 1839 1242 1917 termini,
1259 1858 1300 1905 ex
1311 1838 1431 1923 quibus
1440 1840 1626 1905 coalescunt

500 1945 738 2030 propositiones
755 1945 985 2032 syllogismum
997 1945 1144 2029 proxime
1156 1946 1404 2013 constituentes.

550 2070 622 2139 ¹5¹·
669 2052 786 2120 Forma
804 2053 944 2136 denique
963 2052 1143 2139 syllogismi
1162 2062 1213 2119 est
1231 2062 1316 2119 certa
1326 2052 1494 2137 dispositio
1514 2050 1627 2119 termi-

500 2175 618 2227 norum
637 2180 675 2227 ac
684 2159 956 2245 propositionum,
971 2180 1011 2225 ex
1023 2178 1087 2245 qua
1107 2161 1286 2229 necessario
1305 2170 1401 2245 atque
1421 2158 1626 2226 infallibiliter

373 2356 378 2367 Ι
499 2268 579 2333 lluat
596 2267 771 2333 conclusio:
798 2275 831 2331 et
839 2267 961 2351 duplex
970 2267 1172 2352 est,duplici
1183 2269 1385 2352 respondens
1397 2268 1539 2334 materiae
1550 2284 1625 2350 pro-

310 3163 460 3222 natarum

316 3237 450 3298 spuatur:

499 2375 597 2442 ximae
616 2392 734 2459 nempe
753 2394 789 2440 ac
807 2385 954 2443 remote.
976 2376 1086 2443 Altera
1104 2375 1192 2443 enim
1213 2386 1264 2443 est
1283 2385 1370 2442 certa
1394 2374 1563 2459 dispositio
1591 2384 1624 2439 et

499 2481 702 2566 complicatio
720 2482 934 2549 terminorum
964 2483 995 2549 in
1017 2483 1206 2568 premissis,
1234 2502 1308 2567 quae
1328 2483 1443 2551 dicitur
1453 2482 1568 2567 figura;
1591 2491 1624 2547 et

500 2592 598 2655 altera
617 2590 859 2675 praemissarum
879 2590 1022 2674 ipsarum
1052 2600 1159 2657 certus
1178 2591 1258 2658 ordo
1286 2600 1319 2656 et
1337 2599 1519 2665 structura,
1550 2608 1624 2673 quae
1737 2618 1738 2671 l

500 2697 590 2765 Modi
606 2715 728 2766 nomen
747 2698 881 2783 accepit.
903 2698 940 2764 Et
964 2700 1104 2783 perlecta
1129 2700 1231 2770 iorma
1255 2698 1436 2785 syllogismi
1460 2716 1501 2764 ex
1518 2696 1623 2782 figura
1737 2696 1738 2725 l

499 2815 534 2870 et
551 2805 652 2872 modo
669 2814 817 2882 constat,
840 2825 906 2872 non
921 2824 1015 2873 secus
1029 2825 1066 2872 ac
1084 2806 1316 2890 «pulchritudo
1335 2806 1479 2890 corporis
1489 2805 1623 2900 humani

499 2932 541 2979 ex
566 2913 791 2979 convenientia
818 2914 1043 2980 membrorum
1063 2922 1096 2979 et
1123 2915 1264 2997 quadarn
1285 2913 1400 2980 coloris
1425 2913 1620 2988 suavitatem

500 3020 758 3104 inquitFonseca
779 3019 844 3108 (3)

567 3128 682 3212 figura
699 3146 778 3213 ergo
795 3137 847 3194 est
864 3137 1086 3195 extremorum
1105 3148 1180 3194 cum
1202 3089 1310 3196 medio
1329 3136 1403 3213 apta
1422 3129 1462 3194 ad
1492 3129 1624 3194 conclu·

499 3235 645 3303 ciendum
671 3235 849 3302 collocatio.
869 3234 963 3302 Tunc
980 3254 1076 3320 porro
1096 3236 1155 3301 erit
1178 3244 1273 3320 apta,
1294 3255 1370 3304 curn
1392 3236 1494 3320 major
1512 3236 1624 3302 termi-

500 3361 564 3409 nus
581 3343 665 3409 sitin
676 3362 757 3419 una,
771 3343 878 3409 minor
890 3343 922 3410 in
937 3345 1036 3410 altera
1048 3345 1290 3428 premissarum
1307 3363 1366 3410 seu
1379 3343 1620 3427 sumptionum,

500 3461 532 3516 et
550 3460 686 3534 uterque
714 3450 747 3515 in
765 3451 994 3528 conclusione,
1025 3451 1153 3520 medius
1171 3471 1249 3518 vero
1276 3453 1379 3519 semel
1403 3452 1561 3537 jungatur
1588 3451 1619 3518 in

499 3557 675 3642 praemissis
694 3577 770 3625 cum
791 3557 904 3644 majori
923 3578 960 3624 ac
978 3560 1080 3626 semel
1099 3579 1175 3626 cum
1202 3559 1333 3638 minori,
1359 3566 1393 3626 at
1416 3563 1621 3644 nequaquam
1735 3625 1736 3662 ἦ

499 3664 739 3734 conclusionem
765 3665 980 3751 ingrediatur.

563 3772 662 3844 Quod
689 3781 799 3839 autem
820 3792 942 3841 nomen
962 3773 1071 3859 ipsum
1091 3773 1226 3850 attinet,
1254 3775 1414 3842 sciendum
1431 3778 1494 3849 est,
1517 3773 1624 3859 inquit

497 3879 693 3965 Angelicus,
706 3879 815 3966 figura
828 3881 956 3964 proprie
973 3881 1168 3964 reperitur
1154 3901 1189 3946 ιιι
1209 3882 1443 3958 mathematicis,
1465 3885 1622 3948 ίιιιιιιιιιιι-

491 3987 577 4070 priva
590 3991 693 4054 ouum
706 3988 740 4054 ιἰι
755 3989 947 4074 syllogismo:
955 3992 986 4055 el
994 3989 1048 4055 hoc
1057 3989 1101 4055 ad
1113 3989 1352 4057 similitudinem
1356 3991 1472 4077 figurae
1480 3973 1622 4074 nungu-

496 4096 587 4164 loris.
604 4095 679 4163 Nan
691 4096 775 4163 sr'cut
791 4097 968 4182 triangulus
984 4101 1032 4164 est
1047 4098 1166 4164 clausio
1183 4098 1280 4165 trium
1298 4098 1453 4165 lineorum
1468 4098 1503 4164 in
1523 4099 1623 4164 tribus
1734 4131 1735 4138 ι

530 4313 571 4375 (ι)
608 4307 671 4370 err.
686 4311 805 4371 Auctor.
816 4311 926 4371 Summ.
937 4320 989 4370 tot
1007 4311 1108 4388 Logic.
1122 4311 1229 4379 Arist..
1241 4311 1356 4372 tract.8
1365 4330 1447 4383 ,cap
1462 4330 1498 4385 43
1508 4307 1622 4381 Joan.a
1734 4293 1735 4310 Χ

495 4395 529 4459 S
541 4397 664 4471 Thema,
673 4399 828 4467 Summul..
841 4400 891 4459 lib.
906 4421 930 4469 3,
943 4421 1005 4474 cap.
1017 4401 1275 4474 43111ustrolaones
1286 4399 1471 4461 aasummut
1478 4413 1582 4474 quaest
1592 4401 1621 4468 8

495 4510 522 4548 a.
538 4510 564 4562 33
585 4487 788 4562 Complutens.
809 4489 965 4566 Summrd„
982 4491 1033 4550 lib.
1052 4513 1076 4560 3,
1093 4512 1156 4564 cap
1174 4513 1199 4563 3.

529 4578 571 4650 (a)
607 4573 641 4636 S.
656 4573 762 4637 Thom.
778 4579 888 4652 Opuoc.
903 4579 940 4637 dc
955 4581 1073 4639 Natura
1086 4579 1285 4656 Syllogism.
1276 4580 1376 4651 mitior
1399 4579 1528 4640 Fonseca
1548 4575 1621 4640 inst.
1733 4637 1734 4650 ,

493 4669 625 4737 dialect,
639 4667 690 4728 lib.
704 4668 739 4739 6,
751 4689 814 4742 cap.
832 4689 880 4739 ως
899 4667 993 4728 Tolet.
1008 4669 1165 4730 Introduct.
1181 4669 1231 4730 lib.
1246 4689 1281 4744 4,
1296 4689 1360 4744 cap.
1382 4692 1408 4746 3.

528 4761 570 4830 (3)
605 4757 678 4818 Insl.
693 4758 800 4819 diclec.
814 4759 864 4819 lib.
880 4759 909 4831 6,
926 4780 988 4838 cap.
1008 4779 1037 4820 rr
1055 4759 1149 4822 initio.
