3492 5525
362 1635 481 1693 Obiectem

580 467 640 531 paz
695 448 821 514 merca
835 451 1067 525 Maron-Lm.
1084 467 1156 530 μ’,
1171 450 1263 517 Drse.
1277 464 1323 535 4·
1337 448 1416 515 Can.
1438 462 1515 513 n·-

540 634 790 717 compreltendit
806 634 942 720 insuper
963 634 1123 720 quidquid
1139 636 1181 701 de
1205 634 1260 701 tali
1287 634 1434 719 subjecto
1452 630 1667 717 praedicatur.

542 738 735 822 Subiectum
748 743 909 819 oeientiae,
924 744 951 811 si
964 754 1172 827 comparetur
1183 744 1225 809 ad
1239 742 1371 811 babitus
1385 740 1607 826 particulares
1621 736 1666 799 vel

541 848 584 913 ad
600 848 745 933 singulas
768 861 902 918 actuum
928 852 1068 935 species,
1096 850 1249 917 coincidit
1274 868 1351 915 cum
1377 850 1510 933 objecto
1543 842 1664 909 formali

539 956 643 1040 quod·
659 955 687 1021 si
705 976 784 1024 vero
801 959 844 1023 ad
860 960 1031 1025 scientiam
1046 960 1198 1033 totalem,
1216 959 1348 1025 recurrit
1359 976 1438 1023 cum
1456 954 1593 1021 ratione
1611 952 1663 1015 ior·

542 1062 694 1130 malinii
709 1084 788 1149 qua,
808 1084 868 1131 seu
886 1085 963 1132 cum
984 1066 1106 1131 ratione
1123 1065 1293 1131 communi
1311 1063 1429 1150 objecti
1447 1062 1483 1127 in
1509 1078 1592 1126 esse
1610 1057 1660 1129 rei,

540 1186 617 1253 quae
635 1172 716 1237 ratio
732 1190 864 1258 semper
881 1182 931 1241 est
948 1172 1115 1259 generice,
1135 1174 1219 1240 utin
1238 1172 1457 1259 Metaphysica
1468 1168 1560 1237 raab
1571 1164 1657 1235 entis.

541 1276 574 1345 in
586 1276 695 1346 Ertaia
705 1298 826 1347 morum
838 1280 996 1355 honestas,
1011 1282 1044 1347 in
1061 1280 1178 1366 logica
1189 1280 1338 1345 rectitrrdo
1348 1278 1566 1363 intelligendi.
1581 1272 1659 1348 Qu*

540 1394 673 1469 propter
693 1387 736 1455 ab
762 1390 935 1455 Aristotele
952 1398 986 1453 et
1003 1387 1044 1454 D.
1063 1388 1191 1455 Thoma
1214 1388 1379 1472 objectum
1399 1388 1538 1453 formale
1564 1388 1656 1453 totius

539 1495 868 1581 scientiaeappellatur
876 1496 1157 1583 Genmsubjcctrrm
1164 1504 1197 1562 et
1206 1497 1371 1581 objectum
1380 1492 1654 1581 adommim).

607 1603 678 1671 Aria
705 1613 756 1671 est
773 1604 890 1671 divisio
908 1604 1024 1689 objecti
1048 1605 1081 1671 in
1106 1605 1270 1688 objectum
1288 1602 1502 1669 otlribmr‘rmis
1519 1614 1556 1671 et
1574 1603 1654 1685 obje

333 1706 513 1753 ’ΜΝ
538 1721 628 1779 ctum
648 1712 844 1779 ambutant.
864 1711 1039 1793 Obiectum
1058 1710 1276 1778 attributionis
1293 1712 1391 1777 etiam
1406 1712 1494 1776 varie
1507 1714 1595 1779 solet
1607 1729 1655 1776 ex-

358 1779 498 1827 attributum.

365 3792 485 3849 Obietum

539 1820 664 1906 plicari;
683 1819 864 1887 secundum
885 1819 1133 1904 probabiliorem
1153 1828 1264 1885 tamen
1284 1820 1480 1885 sententiam
1501 1821 1583 1887 illud
1597 1831 1651 1893 est,

538 1930 633 2015 cujus
647 1928 808 2013 praecipue
819 1926 996 1994 intenditur
1007 1928 1149 2013 cognitio
1165 1936 1335 2011 tamquam
1350 1926 1426 1993 smis
1440 1928 1542 1993 totius
1556 1928 1652 1995 scien

538 2034 609 2112 tiae,
623 2036 679 2103 -ad
697 2054 797 2118 quern
824 2034 960 2121 proinde
979 2034 1081 2101 finem
1110 2034 1235 2117 reliqua
1252 2036 1364 2100 omnia
1391 2036 1538 2118 quodam
1559 2036 1651 2101 modo

514 2166 520 2173 ·
539 2145 738 2210 referuntur:
758 2144 896 2227 ideoque
914 2141 1020 2209 vocari
1039 2142 1123 2209 solet
1141 2161 1198 2227 per
1215 2141 1477 2209 antonomasiam
1490 2144 1650 2226 warner

541 2252 592 2318 vel
609 2252 781 2340 sub'ccbm
793 2250 986 2333 principale,
1007 2250 1058 2315 vel
1072 2250 1243 2337 subjectum
1260 2250 1366 2331 primo
1387 2250 1553 2315 martum.
1573 2250 1649 2315 Talis

539 2370 592 2427 est
609 2360 697 2426 Deus
713 2360 747 2425 in
765 2358 962 2445 Theologia‚
982 2367 1015 2423 et
1032 2358 1279 2433 Demonstrabo,
1303 2366 1340 2423 ut
1357 2358 1472 2423 multis
1488 2362 1602 2442 piacet,
1619 2358 1647 2423 in

542 2466 672 2552 logica.
691 2464 868 2553 Objectum
892 2484 970 2532 vero
998 2466 1191 2533 attributum
1210 2477 1276 2541 est,
1306 2466 1396 2549 quod
1422 2466 1464 2531 ad
1490 2466 1645 2551 objectum

539 2574 761 2643 attributionis
779 2575 931 2649 refertur,
960 2592 1018 2639 seu
1037 2572 1126 2656 quod
1144 2590 1185 2637 ex
1203 2572 1268 2639 tine
1288 2573 1440 2657 primario
1468 2592 1535 2639 non
1552 2574 1645 2639 intere

539 2682 626 2749 ditur
643 2693 775 2769 propter
792 2701 827 2749 se
845 2682 879 2749 in
899 2678 1048 2756 scientia,
1069 2678 1128 2747 sed
1146 2678 1178 2745 in
1197 2679 1311 2747 ordine
1325 2682 1367 2747 ad
1381 2680 1468 2746 allud
1487 2681 1643 2747 dumurat

538 2789 719 2879 tractatur(
744 2788 770 2880 ).

606 2899 694 2966 Alias
713 2898 890 2966 divisiones
908 2896 1025 2982 objecti
1043 2895 1227 2962 omittimus
1254 2897 1307 2962 vel
1334 2897 1411 2980 quia
1432 2897 1523 2964 facile
1545 2915 1597 2980 per
1611 2915 1640 2962 se

539 3007 779 3095 intelliguntur,
800 3006 852 3072 vel
870 3005 947 3090 quia
968 3003 1176 3072 commodius
1201 3001 1352 3088 explicari
1380 3013 1550 3089 poterunt,
1576 3023 1638 3070 cum

540 3116 713 3184 necessitas
731 3123 858 3181 ocurret
875 3110 940 3202 (3).

606 3231 709 3292 Nunc
721 3228 892 3308 quaeritur
906 3230 1015 3288 utrum
1038 3218 1202 3306 objectum
1218 3217 1360 3286 scientie
1379 3219 1497 3286 debeat
1516 3239 1582 3287 esse
1594 3239 1641 3286 ne·

539 3332 736 3407 cessarium,
756 3341 916 3397 aeternum
941 3347 1000 3395 seu
1024 3338 1238 3412 perpetuum,
1265 3327 1464 3405 universale,
1491 3329 1640 3415 ingenera-

539 3439 620 3516 bile,
650 3448 683 3504 et
707 3437 950 3523 incorruptibile
973 3443 1144 3518 unumque
1173 3453 1229 3518 per
1252 3454 1299 3501 se.
1330 3435 1367 3502 Et
1393 3437 1530 3520 quaestio
1555 3437 1641 3522 potis

539 3549 661 3615 simum
681 3547 835 3614 statuitur
852 3546 893 3611 de
911 3542 1052 3612 scientiis
1070 3541 1236 3609 totalibus.

585 3758 663 3829 261.
710 3765 905 3830 Pnonosrrro
933 3775 976 3829 ι.·
994 3767 1175 3845 objectum
1201 3765 1358 3828 scientiae
1374 3757 1460 3849 {aare
1480 3768 1640 3831 debetne

340 3865 438 3912 acieotln
448 3863 514 3910 debet
539 3876 743 3940 mnrium·

403 3951 452 3982 erre

349 4007 506 4054 neceesarium.

608 3979 645 4046 lit
664 3981 834 4064 probatur,
855 3977 931 4063 quia
952 3994 1060 4044 rerum
1076 3993 1113 4041 ac
1132 3975 1377 4060 praedicatorum
1397 3980 1437 4045 ad
1457 3982 1574 4047 illamm
1592 4000 1637 4045 na·

438 4114 442 4122 ·
541 4097 649 4153 turam
663 4085 880 4171 spectantium
896 4084 1110 4164 conexiones,
1132 4085 1320 4149 necessariae
1335 4098 1424 4152 sunt.
1446 4088 1543 4173 Atqui
1553 4090 1637 4155 scien·

541 4195 596 4262 tia
614 4205 717 4282 agunt
735 4195 777 4262 de
795 4193 982 4283 hujusmodi
1001 4191 1235 4260 conexionibus
1253 4195 1436 4265 dumtaxat.
1458 4200 1573 4284 Ergo...

578 4377 619 4447 (r)
655 4373 795 4441 Lossada,
820 4373 873 4431 loc.
895 4370 1079 4443 oup.eit.n.
1098 4369 1219 4445 17.Clr.
1242 4372 1380 4442 Fonseca,
1406 4375 1456 4434 lib.
1481 4397 1506 4434 a.
1532 4377 1633 4448 Metabi

542 4485 606 4538 αι)-
623 4486 650 4538 r.
665 4484 694 4536 q·
714 4485 737 4534 ι,
750 4476 819 4522 wet-
836 4485 862 4535 s·
1239 4515 1244 4524 .

578 4556 620 4626 (a)
656 4553 796 4623 Leueade,
809 4552 863 4610 loc.
879 4572 951 4625 nup.
967 4552 1028 4624 cit.;
1043 4553 1114 4611 Ant.
1130 4550 1236 4624 Mayr„
1252 4552 1309 4626 Op.
1325 4565 1354 4612 et
1365 4553 1419 4614 loe.
1431 4557 1481 4616 cit.
1497 4578 1525 4617 n.
1540 4557 1589 4628 adp

580 4650 621 4719 (ς)
657 4643 732 4702 Vide
746 4641 886 4712 Laeta,
901 4643 1016 4720 Legae..
1032 4652 1116 4701 treet.
1134 4662 1158 4700 r.
1173 4639 1249 4714 disp.
1264 4661 1291 4700 a.
1310 4663 1373 4716 eap.
1403 4665 1428 4714 ις
1451 4647 1545 4720 Mayr.
1558 4645 1634 4704 Phile

543 4735 626 4810 sopit.
642 4735 760 4806 Periit„
776 4744 849 4804 part
870 4752 894 4791 r.
909 4730 984 4804 disp.
1003 4754 1026 4789 r.
1042 4751 1072 4803 q.
1088 4751 1115 4790 a.
1130 4751 1156 4789 a.
1176 4752 1199 4789 r.
