3492 5525
553 422 615 487 490
675 406 800 471 Locren
812 406 1040 480 Maron-lau.
1061 420 1129 481 rau,
1145 407 1236 471 ὓπερ.
1254 419 1297 471 a·
1313 406 1390 470 Cae.
1407 420 1483 473 alu

505 588 716 676 facultatibus
743 589 959 674 cognoscilr'ur's
975 589 1040 657 esse
1064 590 1269 665 credendum,
1288 606 1384 674 quon
1408 588 1465 674 qni
1486 589 1555 657 illr‘s
1569 609 1640 656 cre-

513 700 630 773 dendo,
660 712 886 783 nonnunquam
904 696 1053 782 sollilru,
1083 697 1364 780 quemadmodum
1383 697 1480 767 docet
1503 696 1541 763 S.
1567 698 1639 764 Au-

514 805 667 893 gustinus
685 801 748 893 (r).
823 807 827 834 “

582 912 634 979 Ad
663 911 887 997 probationem
908 912 1041 984 Minoris
1064 912 1265 997 respondeo,
1288 912 1506 997 distinguendo
1531 913 1639 982 Mino·
1726 931 1727 942 ¹

515 1040 597 1088 rem.
619 1018 849 1104 Scepticisrnus
869 1019 966 1087 docet
979 1020 1199 1087 cohibendum
1218 1020 1336 1087 esseio
1351 1022 1507 1091 omnibus
1525 1040 1639 1089 assen-

484 1146 487 1155 ’
515 1147 608 1205 sum,
631 1128 675 1195 ita
693 1135 803 1195 tamen
833 1138 869 1195 ut
888 1147 946 1212 per
964 1128 1169 1197 intrinsecam
1188 1137 1222 1197 et
1248 1128 1486 1197 ineluctabilem
1509 1140 1640 1197 contra-

514 1236 689 1303 dictionem
711 1236 823 1302 multis
842 1234 1052 1311 assentiatur,
1072 1254 1176 1314 conc„
1194 1254 1306 1314 secus,
1322 1255 1390 1320 neg.

582 1343 633 1410 Ad
654 1360 721 1411 rem
741 1342 777 1411 S.
799 1342 1021 1429 Augustinus:
1043 1342 1116 1410 Non
1134 1346 1236 1423 solun
1257 1348 1335 1426 puto
1351 1363 1422 1413 eum
1437 1364 1563 1422 errore,
1582 1348 1641 1431 qui

506 1452 628 1539 solsom
640 1451 724 1517 mom
735 1451 890 1537 seqnitur,
903 1453 960 1519 sed
967 1452 1059 1517 eriam
1067 1470 1152 1529 enm,
1167 1452 1339 1536 quiveram
1350 1454 1562 1539 nonsean'tur
1571 1452 1638 1542 (2).

516 1559 615 1643 idque
634 1559 787 1644 deinceps
803 1560 937 1643 pulchre
956 1567 1054 1642 atque
1073 1560 1242 1644 eleganter
1257 1562 1412 1645 exemplo
1429 1562 1582 1629 declarat.

559 1673 638 1749 obj.
667 1675 718 1749 4.⁰
764 1666 893 1733 Sufficit
923 1684 1048 1733 errores
1078 1685 1211 1742 cavere,
1240 1687 1316 1734 cunr
1354 1668 1473 1735 veritas
1500 1670 1639 1738 obtineri

517 1793 583 1841 non
603 1784 723 1859 potest.
745 1773 846 1858 Atqui
866 1793 979 1859 reapse
1006 1772 1144 1849 obtineri
1167 1776 1285 1843 veritas
1303 1776 1428 1860 nequit.
1453 1778 1537 1845 Nam
1556 1781 1639 1867 ratio

517 1892 628 1949 nostra
635 1883 780 1951 ,tallibilis
796 1890 857 1949 est.

582 1997 687 2073 Reep.
703 2010 775 2075 neg.
797 1990 930 2069 Minor„
946 2002 979 2060 et
994 1990 1219 2077 probationem
1233 1992 1407 2077 distingne:
1421 1994 1454 2061 in
1467 1994 1638 2071 omnibus,
1727 1983 1728 1992 '

516 2114 600 2181 neg.;
619 2097 651 2165 in
671 2098 851 2182 aliquibus,
870 2119 959 2167 conc.

560 2210 638 2289 ooj.
660 2206 713 2274 §.⁰
760 2206 854 2292 Saepe
873 2209 954 2275 dum
975 2226 1045 2275 rem
1066 2226 1128 2274 nos
1145 2226 1222 2274 vere
1237 2208 1417 2293 percepisse
1430 2210 1641 2293 putabamus,

515 2312 640 2398 decepti
661 2314 794 2382 luimus.
813 2315 900 2402 ‘Ergo
919 2336 1092 2401 nunquam
1109 2317 1188 2383 certi
1207 2334 1280 2385 esse
1303 2334 1482 2401 possumus
1500 2318 1542 2385 de
1559 2320 1644 2387 veri·

515 2420 591 2489 tatis
608 2423 824 2489 assecutione.

582 2536 687 2615 Resp.
708 2550 781 2615 nego
799 2531 1083 2615 consequentiam.
1103 2531 1187 2599 Nam
1210 2532 1400 2618 contingere
1428 2532 1543 2617 utique
1568 2546 1645 2621 pot·

517 2646 566 2705 est
584 2637 776 2722 aliquando,
798 2647 835 2705 ut
854 2658 913 2724 per
930 2640 1081 2707 accidens
1100 2640 1175 2725 quis
1193 2641 1346 2723 fallatur,
1360 2640 1553 2709 existimans
1572 2662 1643 2713 cern

516 2756 605 2814 certo
624 2748 769 2831 quodam
789 2747 890 2814 modo
904 2766 996 2830 esse;
1017 2747 1087 2815 sive
1101 2746 1134 2814 id
1153 2747 1282 2814 eveniat
1301 2747 1347 2814 ob
1359 2746 1579 2836 ignorantiam
1598 2752 1646 2817 la·

518 2855 617 2923 tentis
635 2855 771 2940 alicujus
794 2855 996 2941 exceptionis
1015 2857 1048 2923 in
1069 2856 1199 2942 legibus
1218 2857 1363 2944 physicis
1386 2860 1453 2923 aut·
1465 2861 1646 2927 moralibus

520 2965 629 3040 sactae,
650 2964 719 3031 sive
747 2964 790 3031 ob
818 2963 1166 3041 inconsiderationem,
1186 2964 1256 3032 sive
1279 2964 1322 3032 ob
1341 2967 1519 3034 affectuum
1537 2967 1647 3036 illece-

518 3073 610 3148 bras,
630 3091 705 3156 quae
724 3073 850 3155 obiecta
872 3072 936 3138 sub
961 3071 1127 3157 apparenti
1148 3073 1289 3156 quadarn
1308 3073 1451 3142 claritate
1473 3094 1644 3159 perperam

520 3188 764 3266 representem.
782 3179 948 3266 Ejusmodi
967 3188 1077 3246 autern
1099 3197 1205 3246 causae
1223 3179 1423 3264 deceptionis
1442 3181 1475 3248 in
1494 3182 1644 3265 plurimis

520 3289 588 3354 aliis
612 3288 853 3373 cognitionibus
872 3287 1050 3355 meridiana
1068 3288 1140 3355 luce
1156 3276 1431 3356 manifestioribus
1455 3289 1564 3358 locum
1585 3294 1643 3358 ba-

520 3397 596 3462 bere
615 3404 795 3480 nequeunt.
812 3396 886 3461 Non
904 3409 955 3464 est
969 3413 1050 3481 ergo
1063 3395 1136 3462 ideo
1152 3395 1300 3480 neganda
1315 3397 1449 3464 facultas
1465 3415 1644 3482 assequen-

521 3505 552 3570 di
581 3503 769 3581 veritatem,
799 3504 856 3570 sed
875 3512 969 3570 caute
996 3521 1125 3588 semper
1152 3504 1412 3588 procedendum,
1443 3503 1647 3594 ubicumque

521 3612 634 3679 subest
653 3611 785 3695 aliquod
799 3610 915 3678 erroris
931 3611 1128 3696 periculum.

565 3727 674 3805 oine.
696 3719 750 3788 6.⁰
800 3718 1012 3803 Cognitiones
1031 3731 1150 3788 nostrae
1169 3719 1310 3786 relativae
1324 3729 1403 3788 suot
1416 3721 1644 3791 essentialiter:

524 3829 692 3904 nimirum,
712 3827 902 3912 exprimunt
920 3826 1046 3911 objecta
1072 3827 1255 3894 secundum
1274 3829 1366 3912 quod
1382 3837 1472 3897 certo
1494 3831 1641 3918 quodam

524 3938 624 4006 modo
653 3954 714 4001 nos
742 3933 901 4001 afficiunt.
923 3934 1024 4016 Atqui
1052 3934 1214 4019 ejusmodi
1241 3935 1447 4021 cognitiones
1474 3949 1648 4026 nequeunt

523 4050 639 4113 reterre
659 4043 719 4110 nisi
738 4039 960 4127 apparentiam
981 4059 1106 4117 rerum,
1128 4061 1194 4110 non
1213 4061 1291 4109 vero
1319 4043 1425 4128 ipsam
1450 4044 1647 4130 objectivam

524 4155 714 4224 realitatem.
731 4149 813 4236 Ergo
829 4151 945 4216 saltem
960 4149 1000 4215 de
1019 4151 1078 4216 hac
1097 4146 1174 4216 nihil
1192 4152 1271 4220 certi
1290 4171 1308 4216 a
1323 4151 1418 4219 nobis
1435 4151 1509 4233 sciri
1524 4163 1647 4237 potest.

591 4264 796 4343 Respondeo
817 4263 865 4324 r.⁰
885 4256 1102 4340 retorquendo
1120 4269 1366 4343 argumentum.
1382 4257 1467 4336 Quia
1484 4259 1511 4327 si
1532 4281 1649 4331 verum

525 4379 575 4437 est
593 4371 656 4436 hoc
674 4366 893 4451 scepticorum
918 4373 1169 4449 argumentum,
1190 4384 1257 4436 non
1285 4366 1394 4435 minus
1424 4365 1541 4453 probat
1566 4371 1654 4438 hanc

527 4543 779 4561 --—--¹

563 4621 605 4692 (r)
641 4619 711 4680 Luc.
727 4635 820 4690 nuper
834 4615 884 4676 cit.
899 4617 944 4676 De
958 4614 1050 4675 cion.
1068 4614 1136 4686 Der',
1152 4615 1204 4675 lib.
1224 4637 1267 4690 19,
1280 4637 1305 4677 c.
1324 4616 1365 4678 ιθ.

569 4711 610 4786 (el
646 4707 756 4770 Contra
773 4705 901 4766 academ.
917 4704 968 4776 tib,
985 4726 1011 4778 3.
1026 4725 1050 4765 c.
1070 4724 1112 4778 ις.
