3492 5525
215 458 335 524 Anrrc.
354 474 412 523 υ·
425 458 569 524 80000.
587 476 830 527 uxnouromus
847 476 891 523 ur
905 476 951 523 nx
964 474 1119 533 ouurQurs
1140 468 1196 539 345

916 564 1237 581 m

521 906 722 993 entur
750 904 826 992 ur.
1076 1030 1078 1035 Ι

126 1090 233 1154 DE
255 1090 718 1172 QUIBUSDAM
743 1089 1213 1156 SYLLOGISMI

468 1261 878 1329 SPEOIEBUS.

180 1503 346 1571 Hactenus
364 1504 561 1590 explicatum
580 1513 631 1573 est
643 1504 816 1571 artificium
831 1503 1017 1592 syllogismi
1032 1502 1231 1585 communis;

110 1619 213 1677 restat
231 1629 337 1687 nunc,
357 1620 394 1678 ut
409 1613 569 1696 quasdam
588 1613 667 1681 alias
680 1615 778 1699 hujus
791 1611 1084 1699 argumentationis
1098 1611 1235 1679 varieta-

109 1726 162 1785 tes
180 1719 321 1785 breviter
338 1720 550 1806 attingamus,
567 1740 603 1787 ac
617 1720 812 1788 nominatim
827 1720 1061 1808 syllogismum
1074 1720 1236 1803 exposito·

108 1825 210 1903 rium,
226 1834 259 1891 et
273 1845 314 1893 ex
327 1826 476 1895 terminis
490 1828 648 1914 obliquis,
663 1830 841 1907 modalem,
857 1836 956 1913 atque
969 1826 1231 1915 hypotheticum.

494 2092 796 2177 ARTICULUS
819 2094 849 2169 I.
924 2166 927 2175 .

150 2262 226 2326 De
247 2260 515 2343 syllogismo
531 2261 811 2343 expositorio
828 2265 876 2327 et
896 2279 955 2328 ex
977 2261 1187 2343 obliquis.

157 2472 235 2544 160.
281 2477 499 2559 Expositorircs
516 2476 632 2543 dicitur
649 2476 864 2598 syllogismus
882 2478 952 2553 ille,
973 2476 1029 2561 qui
1049 2476 1159 2543 medlo
1172 2485 1233 2543 ter
1283 2498 1388 2617 ⁰³¹3„
1364 2508 1412 2545 00

101 2692 188 2769 sint,
208 2691 279 2758 sive
298 2710 366 2757 000
384 2712 419 2760 v.
439 2711 488 2778 g.:
501 2694 643 2759 Socrates
654 2695 702 2757 est
713 2692 924 2776 philosophus.
940 2690 1004 2756 Sed
1017 2692 1066 2757 bic
1085 2692 1172 2757 homo
1185 2660 1295 2758 est

100 2802 262 2868 Socrates
282 2803 361 2884 Ergo
379 2800 428 2866 lic
446 2801 534 2866 bomo
550 2801 825 2883 estplilosoplus;
838 2800 1059 2867 Socratcsnon
1077 2804 1126 2866 est
1141 2799 1231 2866 Cice-
1325 2837 1327 2840 -

101 2927 152 2974 ro.
174 2907 243 2974 Sed
256 2908 307 2972 ln'c
323 2912 430 2973 orator
442 2912 491 2973 est
501 2907 623 2974 Cicero.
638 2909 722 2992 Ergo
737 2908 788 2973 bic
804 2912 912 2974 orator
928 2925 992 2972 non
1009 2911 1057 2973 est
1072 2909 1229 2995 Socratas,-

89 3017 201 3100 judas
233 3015 396 3082 lscarures
433 3015 569 3082 tradidit
590 3016 711 3099 jesum.
743 3014 807 3080 Sed
837 3017 941 3100 Judas
969 3015 1130 3082 iscariotes
1157 3015 1231 3100 suit

99 3124 286 3206 Apostolus..
307 3124 390 3207 Ergo
407 3141 491 3189 unus
506 3141 547 3190 cx
563 3124 722 3206 Apostolis
738 3123 875 3189 tradidit
881 3123 1001 3206 Jesum.
1015 3122 1050 3189 Si
1065 3141 1143 3190 vero
1159 3141 1229 3188 me-

99 3232 179 3298 dius
199 3231 360 3297 terminus
377 3239 508 3297 nonest
526 3231 717 3317 singularis,
737 3232 954 3318 syllogismus
973 3250 1040 3298 non
1060 3239 1110 3297 est
1128 3249 1228 3316 expo·

98 3340 250 3406 sitorius.
270 3338 366 3406 Ratio
384 3357 481 3424 porro
499 3340 597 3425 hujus
615 3339 843 3423 appellationis
855 3348 925 3415 est,
941 3348 1014 3406 tum
1030 3339 1106 3422 quia
1121 3340 1229 3423 hujus-
1274 3339 1418 3424 empturi

9 3444 10 3466 ¹
98 3447 195 3513 modi
214 3444 428 3533 syllogismus
447 3465 516 3511 rem
534 3463 644 3512 coram
664 3447 767 3512 oculis
786 3447 880 3531 quasi
903 3447 1042 3530 exponit·
1055 3455 1128 3512 tum
1151 3447 1229 3529 quia
1263 3421 1418 3470 ‘⁸p⁰”'⁰''“'‘

9 3574 10 3615 r
96 3557 187 3623 sicut
215 3571 411 3619 communes
437 3554 567 3619 termini
596 3572 654 3638 per
672 3553 915 3620 individuorum
941 3572 978 3619 ac
996 3553 1225 3639 singularium,

9 3660 10 3729 ἶ
95 3663 165 3730 sub
183 3661 247 3728 illis
265 3668 510 3737 contentorum,
528 3661 809 3728 enumerationem
829 3669 1057 3746 exponuntur,
1070 3659 1114 3726 ita
1128 3661 1226 3726 etiam

9 3802 10 3837 ;
95 3769 319 3858 syllogismus
330 3768 372 3834 de
382 3767 532 3835 terminis
545 3769 780 3836 communibus
794 3769 914 3853 exponi
929 3776 1040 3855 potest
1058 3787 1116 3854 per
1127 3769 1228 3855 syllo-

95 3879 252 3964 gismum
271 3876 313 3941 de
331 3875 481 3942 terminis
498 3875 720 3961 singularibus
738 3874 768 3965 (r
777 3874 802 3964 ).

167 3983 219 4048 De
234 3983 432 4069 syllogismo
446 3984 645 4068 expositorio
660 3986 730 4052 haec
741 3992 911 4069 tamquam
926 3983 1114 4070 peculiaria,
1127 3981 1229 4049 omis·
1281 3997 1346 4044 000
1347 3996 1402 4041 00

93 4092 144 4160 sis
166 4090 424 4167 communibus,
445 4091 549 4157 notari
568 4099 723 4176 possunt:
750 4111 778 4160 l.
782 4093 905 4177 ‘quod
924 4091 1096 4157 manifeste
1118 4089 1229 4156 inniti·
1267 4078 1353 4125 Μ
1294 4067 1415 4186 Ι,

94 4210 149 4266 tur
168 4199 204 4265 in
229 4197 393 4284 principiis
416 4197 594 4267 identitatis
618 4219 656 4264 ac
679 4199 921 4284 discrepantiae,
943 4218 985 4266 ex
1008 4198 1128 4280 quibus
1153 4215 1227 4280 pro·
1253 4207 1376 4270 00000

94 4311 198 4374 batur
216 4305 406 4373 immediate
424 4305 466 4372 ad
480 4324 728 4392 quamcumque
744 4308 880 4374 tandem
899 4306 1039 4392 figuram
1054 4305 1223 4389 pertineat:
1288 4293 1336 4336 ⁹⁰⁸¹
1304 4277 1386 4324 Μ

126 4579 172 4641 (r)
212 4572 316 4643 Quare
329 4571 365 4632 P.
382 4573 490 4633 Petrus
503 4565 633 4634 Fonseoa
647 4575 716 4642 (lib.
731 4575 760 4645 6,
775 4594 838 4647 cap.
853 4573 1001 4631 081000.
1017 4569 1156 4639 dialect.)
1168 4581 1225 4626 ter·

91 4663 169 4722 tium
184 4661 308 4764 modum
317 4660 451 4736 mignet
459 4663 604 4738 probandi
613 4664 801 4739 syllogismos
812 4661 1010 4735 imperfectos,
1021 4657 1160 4718 nimirum
1173 4675 1225 4728 per

89 4762 319 4826 expositionem.
