3492 5525
585 413 642 480 52⁰
669 426 671 431 ·
696 397 819 463 Locren
834 397 1065 472 Maron-Lm.
1086 411 1154 471 nv,
1171 396 1264 459 Drsr.
1281 408 1329 459 a·
1342 395 1423 459 Can.
1441 404 1512 477 3³³⁰*

519 639 523 647 .
610 584 719 649 Motus
739 583 909 649 absolutus
928 591 978 648 est
997 588 1109 647 motus
1128 580 1221 647 realis
1244 588 1280 671 et
1305 598 1403 646 verus
1430 578 1566 663 alicujus
1591 597 1670 644 cor-

544 692 649 775 poris:
671 691 824 757 relativus
842 695 953 756 autem
972 697 1021 755 est
1047 686 1185 755 mutatio
1208 687 1408 772 positionum
1437 707 1474 752 ac
1501 685 1668 755 distantiae

544 798 688 883 corporis
717 797 851 884 alicujus
880 806 1030 881 respectu
1062 794 1206 863 alterius.
1237 793 1347 871 Quare
1372 794 1441 862 fieri
1469 802 1594 879 potest,
1627 803 1667 858 ut

536 924 663 990 corpus
688 904 820 989 aliquod
846 905 993 989 quiescat
1018 903 1185 979 absolute,
1211 912 1245 968 et
1268 914 1440 969 moveatur
1466 902 1615 976 relative,
1636 900 1666 965 si

545 1016 684 1081 alterum
703 1032 824 1098 corpus
842 1013 992 1079 absolute
1016 1021 1199 1079 moveatur.
1221 1012 1260 1077 Et
1285 1013 1346 1077 hoc
1370 1010 1483 1077 accidit
1508 1008 1541 1075 in
1566 1006 1667 1075 solari

547 1128 657 1199 motu,
682 1122 738 1205 qui
765 1120 859 1187 nobis
889 1129 1032 1205 apparet.
1058 1119 1198 1185 Evidens
1223 1127 1272 1185 est
1297 1119 1365 1185 dari
1390 1118 1474 1183 inter
1498 1119 1601 1184 solem
1627 1136 1668 1181 ac

516 1223 520 1235 ’
546 1240 665 1297 terram
691 1227 884 1295 variationes
903 1227 935 1293 in
960 1226 1083 1293 mutuis
1102 1225 1311 1293 relationibus
1330 1226 1500 1300 localibus,
1524 1225 1668 1308 ideoque

486 1405 490 1414 ,
548 1337 681 1403 evidens
706 1344 757 1402 est
780 1344 891 1401 motus
910 1334 1063 1401 relativus
1081 1334 1171 1400 solis.
1200 1331 1245 1399 Ex
1272 1332 1433 1399 evidentia
1461 1352 1538 1398 vero
1566 1334 1667 1417 hujus

538 1454 661 1511 'motus
680 1442 801 1509 relativi
822 1445 936 1526 nequit
947 1441 1055 1509 inferri
1070 1441 1237 1507 evidenter
1256 1449 1367 1508 motus
1381 1442 1562 1507 absolutus.
1579 1439 1668 1515 Quia

548 1552 672 1617 eaedem
695 1551 887 1619 variationes
912 1551 945 1615 in
974 1550 1183 1615 relationibus
1210 1548 1362 1615 localibus
1381 1548 1537 1625 existent,
1558 1555 1669 1613 stante

548 1668 648 1735 terra,
665 1668 697 1724 et
710 1666 865 1725 movente
880 1677 916 1723 se
930 1659 998 1724 sole
1012 1657 1053 1722 ab
1066 1656 1200 1723 Oriente
1215 1675 1329 1722 versus
1343 1656 1573 1730 Occidentem,
1587 1657 1668 1724 acsi

548 1776 655 1833 stante
675 1768 759 1841 sole,
776 1774 858 1831 terra
879 1776 1048 1831 moveatur
1062 1765 1103 1829 ab
1116 1763 1294 1830 Occidente
1309 1782 1423 1830 versus
1437 1762 1619 1830 Orientem.

593 1880 701 1955 Obiic.
723 1873 775 1943 3.⁰
822 1872 854 1939 st
873 1872 1025 1938 baculum
1045 1871 1108 1938 sub
1122 1890 1207 1956 aqua
1224 1872 1453 1956 immergatur,
1470 1871 1603 1936 evidens
1618 1881 1667 1937 est

549 1982 627 2051 illud
641 1999 713 2047 esse
728 1982 878 2045 tractum.
895 1980 994 2063 Atqui
1013 1980 1083 2045 lraec
1101 1992 1150 2046 est
1170 1998 1259 2044 mera
1277 1979 1385 2045 illusio
1402 1978 1522 2063 optica.
1537 1979 1666 2063 Ergo...

616 2094 720 2172 Resp.
740 2107 813 2172 neg.
833 2088 948 2172 Major.
978 2089 1029 2153 vel
1047 2087 1122 2152 dr'st.
1150 2086 1206 2153 Est
1229 2086 1364 2152 evidens
1392 2085 1554 2152 evidentia
1577 2106 1666 2161 vera,

548 2216 633 2281 aeg„
663 2194 842 2280 apparenti,
876 2198 977 2259 trans.
1007 2192 1080 2261 Non
1099 2192 1188 2259 enim
1208 2202 1315 2277 potest
1338 2212 1410 2283 esse
1430 2212 1505 2260 vere
1531 2194 1668 2259 evidens

550 2304 729 2389 objectum,
758 2303 849 2386 quod
878 2301 1033 2388 potentiae
1061 2320 1127 2369 non
1155 2309 1207 2367 est
1232 2301 1291 2367 rite
1318 2299 1517 2385 applicatum
1536 2296 1670 2386 propter

550 2410 821 2497 impedimentum
845 2409 977 2493 aliquod
996 2416 1146 2493 exparte
1165 2408 1265 2475 medii
1282 2409 1438 2493 interjecti
1457 2410 1612 2476 existens.
1634 2410 1667 2475 ln

550 2520 609 2585 hac
628 2536 707 2603 ergo
725 2518 860 2601 aliisque
884 2516 1045 2583 similibus
1070 2516 1277 2583 illusionibus
1307 2516 1438 2599 opticis,
1458 2515 1593 2583 evidens
1620 2528 1668 2583 est

550 2634 677 2693 tantum
693 2625 877 2707 apparentia
893 2628 926 2690 et
940 2624 1011 2689 veri
1030 2624 1216 2689 similitudo.
1245 2622 1383 2690 Evidens
1409 2643 1505 2708 porro
1529 2642 1595 2691 non
1619 2635 1669 2691 est

551 2754 620 2802 rem
650 2752 779 2819 semper
807 2734 905 2799 talem
927 2750 1012 2810 esse,
1042 2731 1147 2816 qualis
1165 2742 1310 2816 apparet,
1342 2750 1449 2817 neque
1466 2751 1553 2810 eam,
1574 2735 1669 2819 cujus

550 2842 633 2929 gerit
652 2841 910 2908 similitudinem.

596 2967 651 3034 77.
702 2950 1009 3018 Communem
1037 2965 1287 3015 rnorosrrroven
1313 2955 1428 3032 objicit
1450 2951 1588 3016 Balmes.
1617 2952 1669 3015 llla

552 3067 601 3124 est
619 3058 754 3123 evidens
770 3057 960 3140 propositio,
980 3059 1074 3142 cujus
1089 3057 1298 3150 praedicatum
1314 3057 1454 3122 cernitur
1465 3058 1622 3122 contineri
1637 3061 1670 3124 in

552 3167 623 3232 idea
640 3164 788 3250 subjecti.
812 3165 911 3246 Atqui
926 3166 996 3230 haec
1021 3164 1211 3249 propositio:
1234 3165 1327 3244 Quod
1341 3165 1466 3230 evitans
1484 3169 1542 3256 est,
1561 3184 1670 3232 aarum

552 3277 607 3348 est,
630 3291 695 3339 non
711 3280 761 3337 est
777 3271 953 3356 ejusmodi.
974 3271 1057 3355 Ergo
1076 3271 1211 3337 evidens
1230 3290 1297 3337 non
1316 3269 1395 3358 est(
1421 3269 1445 3358 ).

619 3387 724 3463 Resp.
758 3387 805 3446 r.⁰
822 3380 984 3463 distinguo
1001 3381 1171 3465 Majorem.
1192 3377 1313 3456 Etiam,
1333 3398 1433 3456 conc„
1455 3382 1577 3457 solum,
1597 3401 1668 3465 neg.

621 3487 787 3554 Diminuta
805 3487 892 3552 enim
908 3495 959 3552 est
972 3488 1025 3553 illa
1042 3485 1213 3552 evidentiae
1229 3485 1331 3562 notio,
1347 3505 1422 3569 quae
1436 3506 1503 3552 non
1517 3490 1669 3555 convenit

554 3597 723 3663 evidentiae
743 3595 888 3683 physicae
920 3615 957 3661 ac
982 3595 1108 3671 morali,
1133 3594 1192 3660 sed
1211 3596 1319 3660 solum
1346 3595 1590 3681 metaphysicae;
1611 3616 1669 3661 nec

554 3701 643 3769 omni
677 3703 923 3789 metaphysica,
951 3703 1009 3768 sed
1037 3702 1142 3768 alicui.
1174 3700 1299 3766 Revera
1325 3701 1358 3767 in
1396 3701 1669 3786 propositionibus

555 3811 713 3897 negativis
732 3812 772 3876 de
797 3811 931 3878 materia
948 3809 1154 3904 impossibili,
1177 3811 1383 3894 predicatum
1407 3829 1471 3875 non
1486 3809 1669 3878 continetur

554 3921 585 3986 in
602 3919 672 3985 iden
690 3917 838 4002 subjecti,
860 3918 918 3983 sed
934 3927 1093 4002 repugnat
1112 3919 1232 3994 eidem,
1253 3926 1290 3983 ut
1301 3936 1376 3983 curn
1392 3918 1480 3983 dico:
1496 3919 1596 3983 Homo
1609 3939 1668 3984 nort

552 4032 722 4112 esteqraus.
749 4027 905 4093 Praeterea
932 4025 1171 4110 distinguendae
1189 4036 1267 4092 sunt
1296 4026 1533 4109 propositiones
1565 4045 1674 4092 enun-

553 4135 671 4201 tiantes
694 4131 909 4217 quidditatem
930 4133 987 4208 rei,
1008 4133 1049 4200 ab
1067 4134 1154 4211 aliis,
1179 4152 1254 4216 quae
1282 4132 1454 4200 enuntiant
1476 4133 1581 4198 solam
1605 4134 1669 4198 exi·

553 4241 721 4310 stentiam.
739 4240 772 4306 ln
793 4239 905 4325 primis
928 4243 1037 4308 locum
1058 4241 1155 4307 babet
1168 4240 1317 4307 Balmesii
1331 4239 1490 4317 definitio,
1507 4259 1574 4306 non
1594 4260 1669 4306 vero

553 4351 586 4416 in
612 4348 775 4415 secundis.
806 4347 859 4412 Sic
883 4346 1025 4414 ⁴evidens
1057 4358 1107 4414 est
1136 4347 1254 4414 animae
1282 4367 1366 4414 meae
1391 4347 1575 4424 existentia,
1596 4365 1669 4431 quae

553 4468 664 4526 tamen
694 4473 759 4521 non
788 4455 973 4522 continetur
991 4455 1024 4522 in
1054 4457 1124 4542 ejus
1142 4455 1226 4523 idea.
1256 4457 1396 4521 Etcum
1425 4453 1569 4539 primum
1598 4455 1669 4538 quis

590 4693 630 4755 (r)
667 4687 734 4746 Luc.
750 4686 799 4745 cit.
873 4716 877 4725 ·
