3492 5525
248 480 362 544 Annio.
378 494 440 563 4¹¹·
452 478 644 557 Quamnam
658 498 708 544 sn
722 497 899 558 oeJucrun
914 496 1079 547 scra-:nnn
1125 492 1186 561 925

1012 585 1224 602 μ

98 658 233 743 physica
250 658 302 724 vel
326 658 489 743 objectum
509 630 726 743 Philosophiae
750 660 915 737 naturalis,
936 660 1115 738 sedidem,
1136 660 1228 743 quod

99 766 205 849 prius,
226 786 262 833 ac
281 784 415 851 prorsus
429 766 642 833 immutatum
659 766 838 856 remanet(
863 765 890 855 ).

144 879 248 941 Dices
275 882 326 943 ³.⁰
371 872 521 940 Scientiae
549 875 696 957 practicae
721 884 801 941 sunt
832 875 915 941 circa
946 875 1170 961 contingentia
1196 874 1229 942 in

98 990 261 1064 quantum
281 982 367 1059 talia,
389 989 423 1047 et
440 990 552 1049 taimen
566 993 644 1049 sunt
662 1002 737 1049 vere
752 983 914 1059 scientiae,
936 1003 1011 1049 nam
1031 982 1163 1049 scientia
1182 982 1232 1050 di·

97 1088 166 1155 vidi
184 1089 405 1155 communiter
422 1091 507 1155 solet
523 1108 599 1156 cum
620 1087 792 1157 Aristotele
805 1088 869 1178 (a),
892 1090 925 1156 in
943 1090 1173 1175 speculativam
1195 1098 1228 1155 et

98 1197 288 1281 practicam,
311 1208 349 1263 ut
366 1198 516 1282 superius
534 1198 689 1265 vidimus.
711 1198 795 1284 Ergo
814 1208 924 1284 potest
943 1198 1078 1265 scientia
1097 1216 1169 1267 esse
1187 1198 1227 1265 de

98 1304 368 1390 contingentibus
386 1324 446 1371 seu
466 1324 532 1370 non
553 1306 755 1372 necessariis.

146 1420 251 1496 Resp.
281 1420 329 1481 1.⁰
373 1411 457 1477 Cum
477 1414 642 1497 objectum
665 1413 873 1479 scientiarum
894 1412 1011 1480 dicitur
1028 1432 1101 1479 esse
1122 1430 1233 1479 neces-

100 1521 240 1596 sarium,
259 1538 448 1587 sermonem
468 1524 540 1586 esse
560 1522 600 1586 de
620 1519 761 1587 scientiis
780 1520 1006 1605 speculativis,
1032 1531 1068 1587 ut
1097 1520 1233 1587 babetur

101 1648 144 1693 ex
163 1630 333 1695 Aristotele
345 1625 410 1716 (3).
430 1628 516 1709 Quae
530 1628 772 1712 contingentium
785 1629 922 1713 cognitio
939 1648 1002 1694 non
1012 1631 1113 1711 polest
1125 1628 1233 1695 babere

102 1736 322 1802 certitudinem
339 1736 484 1801 ananus
496 1738 691 1819 repellentem
701 1736 896 1820 salsitatem,
917 1735 1028 1802 scribit
1042 1735 1231 1821 Angelicus,

103 1847 173 1918 ideo
190 1848 342 1929 quantum
358 1847 402 1909 ad
416 1846 515 1909 solam
537 1843 743 1927 cognitionem
758 1844 925 1926 pertinet·
935 1843 1148 1929 contingentia
1161 1852 1235 1926 pre-

103 1951 319 2017 termiltunlur
334 1952 374 2017 ab
400 1953 575 2027 intellectu,
599 1951 656 2035 qui
673 1950 838 2033 perficitur
851 1958 912 2033 per
927 1951 1134 2035 cognitionem
1151 1950 1235 2016 veri-

104 2060 191 2125 tatis.
211 2060 379 2125 Estautem
392 2060 480 2124 utilis
493 2060 739 2144 contingentium
751 2058 898 2143 cognitio,
911 2062 1081 2125 secundum
1093 2060 1178 2145 guod
1190 2062 1238 2125 est

102 2166 256 2232 directim
275 2167 419 2234 lamna
434 2167 637 2249 operationis,
664 2184 734 2252 qua
758 2167 843 2233 circa
856 2166 1067 2251 contingentia
1083 2169 1148 2233 est:
1166 2167 1235 2233 idea

101 2274 314 2357 contingentia
331 2274 442 2339 divisit
453 2279 593 2340 tractans
605 2277 644 2339 de
661 2273 922 2340 intellectualibus
936 2274 1114 2353 uirtutibun
1134 2277 1234 2341 salum
1336 2268 1339 2275 '

101 2384 274 2447 secundum
290 2383 375 2466 quod
390 2382 601 2469 subjeciuntur
618 2382 761 2455 bumana
787 2381 972 2463 operationi.
1000 2380 1089 2447 Unde
1115 2386 1146 2447 et
1160 2384 1235 2447 sala

102 2489 242 2555 scientie
254 2490 406 2570 procrea
423 2493 501 2555 sunt
520 2490 604 2555 eirca
632 2489 855 2573 contingentia,
881 2488 915 2553 in
942 2492 1093 2573 quantum
1115 2489 1236 2555 contin-

101 2596 211 2679 gentia
228 2600 312 2672 sunt,
341 2597 461 2663 scilicet
475 2597 510 2662 in
524 2597 732 2679 particulari·
757 2596 895 2661 scienda
916 2600 1019 2661 autem
1039 2596 1235 2679 speculativa

104 2723 171 2770 nan
196 2707 274 2772 sunt
293 2703 379 2771 eirca
407 2704 629 2790 emtingentia,
653 2704 721 2772 nisi
740 2706 912 2771 secundum
943 2704 1079 2772 rationes
1107 2702 1235 2771 uniuer-

103 2814 188 2878 sales
205 2809 268 2900 (4).

152 2927 257 3004 Reep.
278 2927 328 2987 2.⁰
375 2920 694 3005 Addiposset,ipsas
708 2919 862 3004 practices
877 2919 1025 2988 scientias
1052 2920 1233 2987 secundum

106 3029 271 3111 propriam
291 3029 462 3093 formalem
476 3028 651 3104 rationem,
666 3027 913 3109 quodammodo
933 3027 1130 3094 necessarias
1150 3045 1232 3103 esse,

105 3136 184 3219 quia
216 3135 339 3201 habent
368 3135 524 3219 judicium
561 3134 726 3226 infallibile
755 3135 851 3220 circa·
868 3135 1080 3201 directionem
1112 3143 1233 3201 rectam

105 3261 262 3327 operum,
281 3261 368 3326 quae,
388 3243 414 3308 si
433 3242 514 3308 stant
533 3261 573 3308 eo
592 3251 705 3327 pacto,
725 3243 794 3326 quo
806 3243 930 3309 dictant
948 3242 1111 3328 praedictae
1127 3243 1234 3310 scien-

105 3351 178 3426 tiae,
200 3368 266 3416 non
286 3359 425 3434 possunt
444 3369 510 3416 non
530 3361 615 3417 recte
632 3348 702 3416 fieri
722 3369 779 3434 per
797 3369 832 3416 se
852 3351 1036 3435 quuendo.

153 3464 255 3526 Dices
274 3458 328 3541 4.⁰
376 3457 517 3524 Scientia
540 3457 598 3524 Dei
617 3458 851 3542 perfectissima
869 3467 936 3535 est,
970 3467 1002 3524 et
1021 3458 1235 3526 nihilominus

82 3651 86 3661 Ι
107 3577 258 3634 versatur
275 3565 358 3631 circa
375 3565 610 3650 contingentia.
630 3566 714 3650 Ergo
734 3563 832 3631 etiam
849 3577 958 3632 nostra
978 3565 1110 3632 scientia
1125 3574 1233 3649 potest

107 3691 182 3739 esse
201 3673 242 3739 de
260 3673 541 3757 contingentibus.

177 3785 282 3863 Resp.
302 3779 380 3847 diat.
400 3779 622 3846 antecedentis
640 3787 716 3844 ιω
741 3789 825 3863 part.
850 3778 991 3848 Scientia
1009 3779 1066 3848 Dei
1085 3789 1233 3848 versatur

107 3887 191 3953 circa
208 3886 444 3973 contingentia,
465 3895 562 3971 prout
579 3885 655 3952 talia
672 3895 763 3963 sunt,
785 3906 905 3972 nempe
918 3888 1067 3957 nondum
1083 3887 1237 3954 determi-

108 4004 185 4062 nata
203 4006 236 4062 et
257 3994 422 4079 possibilia
439 3995 531 4060 aliter
547 4013 583 4060 se
601 3993 720 4061 babere
732 3992 784 4060 hic
795 4002 828 4061 et
847 4013 935 4062 nunc
952 4013 1040 4081 neg..
1057 4007 1153 4080 prout
1164 3999 1234 4083 jam

145 4317 188 4388 (r)
224 4313 286 4375 Clr.
298 4314 447 4374 benedict.
463 4313 591 4382 Pereira,
605 4312 659 4372 loc.
673 4314 734 4383 cita
750 4313 917 4386 Alamanni,
930 4315 1039 4375 Summ.
1052 4317 1235 4394 Philomela..

114 4418 152 4466 :.·
163 4418 249 4477 part..
266 4425 299 4474 o.
317 4425 363 4478 29,
379 4417 434 4462 ort.
449 4424 480 4474 2,
496 4403 532 4460 nd
548 4413 607 4476 3.·-

148 4502 188 4562 (2)
224 4494 290 4554 Lib.
306 4514 322 4553 a
338 4494 478 4568 Metapin,
495 4506 565 4551 text.
582 4514 608 4564 33
623 4491 674 4551 lib.
688 4494 708 4550 6
722 4493 898 4570 Matrinius,
915 4493 1009 4554 initio.

148 4591 205 4664 (3),
224 4587 364 4653 Ettricor„
380 4585 431 4643 lib.
446 4586 474 4652 6,
488 4603 550 4656 cap.
566 4604 598 4655 3,
616 4602 693 4641 vers.
709 4583 760 4641 lio.
777 4582 843 4643 Csr.
869 4607 893 4642 ι.
914 4583 947 4644 8.
959 4585 1077 4658 Thom.‚
1093 4586 1133 4647 ib.
1147 4601 1176 4646 et
1197 4598 1241 4662 3.·

112 4675 212 4736 Cantr.
231 4675 328 4745 Gemi,
339 4695 364 4735 c.
380 4691 427 4747 75,
441 4673 547 4731 Adnue
559 4672 619 4730 brec
630 4681 677 4730 eat
694 4673 871 4743 differentia.

149 4771 189 4839 (4)
226 4763 259 4826 S.
269 4764 386 4832 Thom,
401 4762 433 4822 in
446 4761 497 4822 lib.
510 4763 572 4821 6.'¹
592 4761 735 4833 Eitea„
750 4762 817 4823 lect.
831 4785 858 4838 3.
