3492 5525
559 508 619 572 4¹0
680 493 804 558 Locren
819 495 1049 570 Maron-Lus.
1068 508 1136 572 r.¹¹⁸,
1153 493 1290 566 Dioni:
1305 496 1383 560 Cae.
1403 511 1475 560 ιω
1541 481 1556 513 ”

586 681 693 760 obite.
716 684 766 747 αθ
788 677 916 747 Veritas
934 688 985 746 est
1003 681 1157 765 perfectio
1170 690 1276 750 actus.
1290 681 1375 767 Ergo
1389 681 1487 750 debet
1504 681 1549 750 iili
1563 700 1641 749 esse

519 781 707 880 intrinseca.

585 897 691 976 Reep.
719 893 794 962 dist.
824 896 972 961 anteced.
993 893 1120 962 Veritas
1146 894 1307 973 radicetis,
1335 914 1410 981 quae
1434 896 1581 964 consistit
1604 896 1641 962 in

519 997 682 1084 exigentia
699 1002 936 1069 conformitatis
954 1021 1031 1068 cum
1048 1003 1190 1090 objecto,
1209 1003 1315 1088 qualis
1333 1005 1490 1089 reperitur
1514 1003 1546 1070 in
1566 1003 1644 1088 qui·

518 1105 658 1173 busdam
678 1108 818 1195 actibus,
841 1109 1072 1177 canaverias
1090 1112 1234 1178 formalis
1251 1112 1387 1179 actualis
1404 1110 1643 1220 ‘Q

517 1231 594 1280 curn
613 1213 681 1290 iiio,
709 1217 841 1285 subdiri.
863 1217 1067 1301 inadaequate
1085 1227 1230 1302 sumpta,
1248 1239 1336 1286 conc.
1356 1220 1526 1303 adaequate
1547 1237 1644 1285 surn-

519 1330 586 1406 pta,
604 1341 688 1408 neg.;
706 1323 783 1407 quia
802 1325 864 1394 hoc
883 1324 983 1392 modo
996 1335 1129 1411 sumpta
1147 1326 1303 1412 importat
1320 1337 1354 1396 et
1371 1336 1482 1394 actum
1501 1337 1534 1394 et
1548 1327 1643 1413 obie-

518 1438 609 1496 ctum
629 1429 726 1497 iliius.

585 1537 624 1605 Et
641 1538 788 1606 similiter
801 1537 876 1606 dist.
893 1557 1027 1624 conseq.

584 1642 683 1722 Quod
707 1646 839 1712 actualis
861 1647 1078 1715 conformatio
1095 1656 1189 1716 actus
1206 1667 1282 1716 curn
1296 1649 1437 1733 obiecto,
1458 1668 1560 1734 quam
1578 1649 1644 1716 im·

518 1762 624 1838 portat
644 1753 787 1820 formalis
804 1755 936 1831 veritas,
958 1755 1034 1822 ninii
1056 1755 1268 1823 intrinsecum
1292 1774 1392 1842 super
1416 1758 1523 1842 ipsam
1547 1768 1645 1826 actus

518 1861 687 1929 entitatem
709 1861 823 1941 addat,
844 1869 934 1946 patet
951 1863 984 1930 in
1003 1863 1192 1931 veritatibus
1211 1865 1494 1951 contingentibus,
1517 1865 1551 1932 in
1571 1867 1646 1951 qui-

518 1970 584 2036 bus
602 1970 717 2037 eadem
746 1979 839 2036 actus
867 1971 1002 2048 entitas,
1022 1991 1056 2039 v.
1076 1992 1112 2057 g.
1139 1957 1367 2055 representare
1383 1973 1471 2041 Petri
1491 1973 1642 2051 sedentis,

518 2077 615 2144 habet
647 2079 699 2145 vel
737 2095 802 2144 non
835 2077 934 2148 habet
966 2079 1228 2146 conformitatem
1262 2080 1450 2166 praedictam
1473 2084 1526 2148 vel
1558 2081 1646 2147 veri-

517 2191 619 2251 tatem
640 2186 749 2252 sofum
776 2204 817 2254 ex
835 2187 916 2262 hoc,
945 2187 1035 2269 quod
1063 2186 1228 2275 objectum
1246 2187 1291 2254 ita
1311 2189 1372 2265 sit,
1397 2190 1448 2256 vei
1468 2208 1534 2256 non
1554 2189 1598 2255 sit
1621 2211 1643 2256 a

519 2301 610 2379 parte
629 2294 686 2360 rei.
837 2365 847 2384 ,
1046 2371 1050 2377 ,
1274 2354 1279 2364 .
1533 2365 1537 2372 ,
1633 2361 1637 2369 .

585 2407 736 2471 necabis
754 2409 804 2469 1.⁰
827 2402 931 2470 Actus
945 2420 1043 2468 verus
1060 2401 1242 2470 secundum
1258 2422 1295 2470 se
1314 2403 1484 2488 perfectior
1497 2413 1546 2470 est
1563 2413 1644 2471 actu

519 2509 612 2584 faiso,
641 2508 802 2593 siquidem
826 2510 943 2576 meiius
960 2519 1010 2575 est
1030 2510 1150 2576 habere
1177 2523 1286 2578 actum
1306 2529 1439 2588 verum,
1459 2495 1559 2596 q'uam
1579 2513 1641 2576 fal-

519 2633 607 2697 sum;
629 2626 661 2681 et
684 2617 867 2684 intellectus
896 2634 1030 2702 quoque
1061 2627 1136 2685 actu
1166 2636 1243 2684 vero
1273 2618 1453 2704 perficitur,
1485 2637 1552 2685 non
1579 2638 1643 2685 au·

413 2727 415 2732 ’
519 2732 586 2792 tem
608 2726 701 2793 falso.

585 2838 691 2917 Reap.
717 2832 792 2897 dut.
812 2842 882 2901 ant.
904 2832 1006 2901 nctus
1024 2852 1122 2901 verus
1140 2833 1274 2902 veritate
1296 2834 1437 2913 radicati,
1465 2854 1669 2913 conam-

520 2938 611 3007 ritate
639 2941 778 3015 formali,
802 2960 871 3025 neg.
901 2943 953 3007 vei
979 2940 1128 3017 subdita,
1153 2941 1340 3019 intrinsece,
1370 2960 1454 3027 neg„
1484 2941 1646 3010 extrinse—

518 3065 567 3123 ce,
587 3066 675 3114 conc.

586 3154 813 3223 Probationem
842 3154 940 3223 simili
967 3156 1067 3223 modo
1084 3156 1252 3241 distinguo.
1281 3158 1314 3225 id
1331 3157 1420 3223 enirn
1451 3150 1566 3224 verum
1588 3169 1644 3226 est

519 3262 560 3329 de
579 3263 705 3332 radicali
720 3264 867 3347 veritate;
884 3265 926 3331 de
941 3258 1076 3356 veritate
1093 3274 1204 3331 autem
1225 3266 1349 3331 formali
1362 3284 1430 3332 non
1444 3275 1495 3332 est
1507 3284 1642 3341 verum,

519 3370 608 3454 quod
636 3372 818 3438 secundum
843 3380 950 3440 totum
975 3372 1071 3448 iilud,
1096 3372 1186 3457 quod
1208 3374 1378 3458 adaequate
1400 3374 1571 3459 importat,
1598 3374 1644 3439 sit

519 3482 675 3569 perfectio
694 3478 867 3547 intrinseca
886 3480 1083 3548 intellectus.

585 3589 701 3673 Neque
726 3605 822 3673 porro
842 3596 1003 3675 repugnat
1019 3586 1243 3673 cognitionem
1263 3606 1393 3666 veram,
1411 3588 1440 3655 si
1458 3586 1502 3655 sit
1519 3588 1646 3655 contin-

520 3706 638 3784 genter
655 3714 747 3774 vera,
769 3712 835 3763 non
861 3714 935 3762 esse
963 3696 1120 3782 majorem
1140 3696 1374 3781 perfectionem
1405 3695 1573 3783 physicam
1592 3696 1646 3763 in-

520 3806 687 3883 tellectus,
708 3822 808 3890 quam
829 3784 975 3889 cognitio
995 3804 1222 3888 contingenter
1238 3804 1334 3879 falsa,
1355 3802 1433 3888 quia
1452 3800 1644 3890 hujusmodi

520 3913 664 4001 cognitio
681 3931 721 3979 ex
737 3932 770 3979 se
789 3930 855 3977 non
875 3921 926 3979 est
943 3911 1177 3987 determinata,
1192 3912 1251 3978 sed
1269 3910 1457 3979 indifferens
1471 3912 1512 3977 ad
1525 3912 1646 3978 verita-

521 4030 590 4088 tem
603 4023 655 4087 vei
675 4020 862 4102 falsitatem;
884 4018 1120 4085 determinatur
1133 4027 1245 4085 autem
1260 4020 1302 4085 ad
1319 4020 1508 4085 alterutram
1522 4016 1647 4085 extrin-

520 4149 594 4199 sece
613 4147 654 4197 ex
672 4130 812 4216 objecto.
828 4126 1041 4212 Quamquam
1059 4128 1204 4214 cognitio
1222 4126 1403 4193 necessario
1419 4145 1495 4193 vera
1513 4128 1556 4193 sit
1572 4146 1647 4193 ma·

517 4239 570 4324 jor
598 4238 752 4323 perfectio
779 4236 980 4311 intellectus,
1009 4244 1179 4320 propterea
1205 4235 1297 4319 quod
1321 4234 1474 4303 excludat
1497 4234 1646 4303 falsitatis

521 4346 746 4431 capacitatem.

567 4453 600 4519 in
620 4452 729 4538 aliquo
747 4461 859 4518 tamen
878 4468 979 4517 sensu
997 4459 1108 4535 potest
1129 4451 1227 4517 etiarn
1251 4449 1399 4536 cognitio
1416 4450 1650 4536 contingenter

523 4580 601 4627 vera
619 4579 690 4628 esse
710 4560 814 4647 maior
836 4558 990 4645 perfectio
1014 4558 1214 4634 intellectus,
1240 4575 1377 4644 nempe:
1402 4558 1453 4625 r.⁰
1474 4560 1646 4643 arpative,

525 4669 601 4752 quia
619 4668 725 4754 arguit
742 4668 945 4735 intellectum
963 4664 1251 4751 perspicaciorem,
1265 4666 1446 4752 generatim
1463 4668 1647 4751 loquendo.

525 4774 723 4854 Generatim,
750 4775 902 4860 inquam,
932 4776 1100 4860 Ιοφιιηάο,
1127 4774 1203 4859 quia
1230 4774 1405 4859 aliquando
1433 4775 1651 4859 perspicacior
