3492 5525
548 428 609 513 498
661 431 785 497 Loorca
800 429 1035 506 Minore-Lite²
1054 445 1122 509 ψ,
1139 430 1230 495 Drse.
1248 444 1292 494 x·
1306 418 1385 494 Car.
1404 443 1475 493 mm

508 612 688 678 satisfacere
702 612 834 690 nesciat,
854 611 914 679 nisi
930 614 970 678 ad
984 610 1094 678 Fidem
1110 610 1341 697 confugiendo,
1358 609 1450 694 quod
1464 618 1517 674 est
1528 609 1628 674 etiam
1731 560 1733 616 Ε

507 729 656 807 apertum
671 720 804 805 signum
820 722 952 805 majoris
968 720 1195 787 certitudinis»
1214 718 1230 804 (
1251 716 1281 806 ).

571 826 636 893 Sed
651 829 720 893 nee
733 829 775 896 ad
793 828 979 914 theologos
992 835 1157 912 spectant.
1225 834 1229 837 ’

552 985 607 1055 62.
656 984 925 1097 frumentea·
971 993 1163 1066 eertitudo,
1183 993 1263 1055 licet
1279 992 1391 1072 quoad
1411 1001 1546 1097 partem
1571 1010 1631 1053 ne·

507 1102 673 1179 estivam,
699 1121 762 1166 seu
780 1103 1014 1164 exclusionem
1032 1100 1240 1173 formidinis,
1262 1101 1431 1163 consistat
1452 1101 1489 1161 in
1506 1099 1631 1197 indivi-

507 1207 614 1282 sibili,
643 1196 758 1289 quoad
775 1218 909 1287 partem
934 1218 1051 1271 umen
1075 1208 1259 1286 positivam
1282 1208 1398 1269 varios
1418 1206 1546 1284 gradus
1573 1207 1631 1267 ad·

507 1314 625 1377 mittit.
1191 1307 1195 1313 ’

552 1476 720 1540 Probatur
731 1476 843 1556 prima
853 1491 948 1555 para.
997 1470 1166 1541 certitudo
1180 1468 1289 1553 quoad
1305 1479 1429 1554 partem
1442 1468 1628 1555 negativam
1731 1551 1733 1578 ι

507 1579 653 1645 continet
671 1580 805 1645 totalem
827 1580 924 1645 dubii
950 1598 987 1643 ac
1015 1577 1198 1644 formidinis
1216 1577 1453 1644 exclusionem.
1476 1577 1578 1662 Atqui
1596 1577 1629 1643 in
1731 1589 1733 1598 ’

506 1687 694 1752 exclusione
709 1686 800 1752 totali
816 1685 997 1759 formidinis
1013 1704 1078 1752 non
1094 1686 1189 1751 datur
1202 1685 1365 1770 graduum
1376 1685 1528 1751 varietas.
1544 1686 1628 1750 Nam

507 1794 534 1861 si
553 1794 677 1877 quevis
695 1792 872 1870 certitudo,
894 1795 947 1858 vel
965 1792 1095 1870 infima,
1120 1801 1224 1858 totam
1252 1794 1385 1876 expellit
1403 1791 1628 1870 formidinem,

506 1919 573 1967 non
593 1909 741 1967 remanet
759 1902 824 1966 ulla
846 1900 1006 1978 formido,
1027 1918 1102 1983 quae
1122 1918 1179 1985 per
1203 1899 1299 1966 aliam
1319 1900 1478 1985 maiorem
1498 1900 1630 1965 certitu·

507 2008 617 2093 dinem
637 2004 847 2096 excutiatur(
874 2005 898 2095 ).

552 2121 719 2183 Probatur
744 2123 852 2183 altera
876 2131 970 2199 pars.
1024 2123 1070 2179 r.⁰
1097 2130 1144 2181 ex
1167 2115 1362 2200 precedenti
1391 2114 1627 2199 propositione.

506 2220 592 2299 Qtia
609 2224 635 2289 si
653 2222 813 2290 certitudo
833 2222 1084 2307 proportionalis
1107 2232 1157 2288 est
1176 2232 1249 2289 turn
1276 2222 1463 2307 perfectioni
1488 2222 1628 2307 subjecti

506 2330 733 2416 intelligentis,
753 2341 826 2396 tum
846 2330 975 2414 objecto
994 2325 1145 2406 formali,
1175 2348 1317 2396 crescere
1341 2338 1398 2395 aut
1417 2330 1521 2397 minui
1539 2342 1629 2395 certe
1731 2361 1733 2414 ÷

508 2447 614 2522 potest
633 2456 674 2505 ex
691 2440 845 2505 alterutro
863 2438 979 2522 capite.
998 2437 1070 2501 Dari
1090 2456 1169 2523 ergo
1188 2436 1414 2521 proculdubio
1433 2446 1575 2521 possunt
1593 2436 1628 2501 in
1731 2426 1733 2515 ἓ

505 2546 699 2612 certitudine
717 2544 836 2613 diversi
856 2545 989 2631 gradus
1261 2540 1270 2551 ‘

551 2660 601 2718 2.0
646 2652 801 2718 Praeterea
814 2653 900 2717 idem
917 2663 1005 2738 patet
1019 2654 1233 2736 experientia:
1256 2651 1403 2735 Quisque
1420 2652 1506 2717 enim
1528 2667 1628 2737 expe·
1731 2735 1733 2744 Ι

506 2760 586 2827 titur
605 2780 639 2828 se
660 2781 726 2827 non
751 2760 864 2826 eadem
885 2759 1047 2830 firmitatis
1065 2770 1098 2827 et
1117 2760 1312 2827 adhaesionis
1336 2760 1524 2828 intensitate
1543 2763 1631 2848 judi-

505 2870 551 2935 cia
572 2870 640 2936 haec
660 2879 745 2935 certa
765 2870 989 2955 pronuntiare:
1012 2870 1103 2936 Nihil
1114 2872 1218 2953 potest
1230 2870 1327 2934 simul
1341 2888 1407 2935 esse
1420 2872 1528 2962 elnon
1546 2876 1630 2950 esse:
1731 2935 1733 2967 r

505 2976 641 3045 Animus
663 2977 816 3044 humanus
837 2981 886 3046 est
903 2977 1097 3060 spiritualim·
1116 2978 1197 3061 Ignis
1212 2978 1382 3058 conciunt·
1405 2977 1523 3043 Exisfr'f
1541 2977 1628 3044 Con·
1731 2973 1733 2995 '

503 3084 732 3168 stantinopolis.

865 3293 1164 3371 ARTICULUS
1187 3295 1258 3370 IV.

548 3441 714 3512 Utrum
733 3445 957 3508 certitudo
976 3446 1300 3528 metaphysica,
1323 3446 1514 3528 physica
1533 3454 1580 3510 et

659 3551 845 3615 moralis
864 3553 1018 3632 speeie
1035 3553 1254 3618 differant
1267 3556 1385 3617 inter
1403 3567 1466 3618 se.

415 3766 426 3797 e
547 3721 602 3812 63.
651 3733 741 3794 Note
761 3747 809 3796 r.⁰
831 3727 881 3793 Ne
895 3738 992 3813 putes
1006 3730 1145 3796 otiosam
1162 3731 1246 3796 hanc
1259 3746 1331 3795 esse
1348 3729 1623 3798 controversiam.

335 3839 380 3868 ¹¹²⁸
391 3823 454 3868 ⁵⁰⁰¹*
502 3832 663 3906 Quamvis
681 3835 769 3900 enirn
788 3853 829 3902 ex
849 3845 1016 3920 postrema
1033 3837 1245 3920 praecedentis
1260 3838 1384 3904 articuli
1400 3838 1625 3924 propositione
1731 3822 1733 3901 ἱ

501 3940 579 4008 iilud
597 3952 837 4026 consequatur,
860 3952 927 4010 tres
945 3944 1024 4011 istas
1045 3945 1255 4012 certitudines
1276 3946 1380 4030 gradu
1400 3946 1511 4030 aliquo
1538 3946 1626 4014 inter
1731 3936 1733 4009 ἑ

501 4065 536 4114 se
555 4048 692 4128 differre,
714 4051 825 4134 nequit
844 4061 956 4118 tamen
976 4051 1059 4118 illico
1078 4052 1202 4131 inferri,
1223 4053 1286 4129 iliis
1300 4053 1437 4120 totidem
1450 4054 1624 4121 distinctas
1731 4056 1733 4142 j

499 4155 624 4240 species
643 4157 808 4231 constitui,
829 4159 903 4226 Non
918 4160 1006 4226 enim
1022 4162 1131 4227 omnis
1146 4161 1311 4245 graduum
1325 4160 1495 4228 diversitas
1515 4171 1625 4229 mutat
1731 4144 1733 4174 ⁵

499 4261 659 4348 speciem,
689 4264 747 4330 sed
774 4266 858 4332 intra
884 4269 1035 4334 eamdem
1063 4269 1206 4352 speciem
1234 4268 1313 4334 varii
1327 4269 1481 4336 -existere
1499 4271 1644 4355 gradus'

500 4381 651 4454 possunt.

503 4545 753 4560 Ἥ

532 4623 573 4694 (ι)
611 4620 710 4694 Suam,
725 4625 760 4681 de
774 4623 853 4694 Fide,
868 4623 944 4697 disp.
955 4627 983 4697 6,
998 4639 1071 4686 tect.
1090 4649 1116 4700 3,
1133 4648 1163 4687 n.
1185 4645 1227 4697 14.

533 4715 573 4781 (a)
610 4709 672 4772 cir.
689 4711 790 4786 Suum,
806 4713 859 4775 loc.
876 4714 926 4776 eit.
940 4735 970 4781 rt.
984 4715 1013 4775 8.
