3492 5525
294 458 410 523 Anne.
431 456 553 525 1.an
569 474 783 535 rcuomnrn,
801 476 1133 536 nua10,susrrcrour
1173 474 1233 544 457

150 642 204 705 tat
225 643 381 708 sci'entiae
408 645 653 724 privationem,
680 642 755 707 dum
780 640 901 708 scilicet
918 642 1018 708 alterii
1039 644 1124 709 deest
1144 640 1274 708 semnir'a

149 766 275 827 rorum,
291 766 360 833 que
376 752 467 830 aptus
483 748 576 815 nattes
589 753 636 815 est
647 746 754 835 scire(
778 747 803 838 ).

221 855 273 920 ab
295 874 402 922 errore
420 866 530 923 autem
550 857 673 933 differt,
698 856 775 942 quia
796 876 902 935 error,
930 867 967 924 ut
993 875 1092 941 supra
1114 856 1269 934 vidimus,
1307 859 1459 907 atam.

148 970 203 1030 est
231 974 322 1030 actus
352 962 530 1049 positivus,
563 966 718 1031 nimirum
743 964 903 1052 judicium
934 965 1062 1051 objecto
1086 947 1270 1033 dissonum.

148 1070 260 1147 Quare
283 1090 371 1138 error
398 1072 557 1139 contrarie
580 1073 757 1159 opponitur
784 1070 929 1150 veritati,
957 1073 1138 1159 ignorantia
1160 1082 1270 1139 autem

148 1179 308 1265 privative
322 1176 387 1267 (2).
1415 1244 1421 1257 ,

196 1304 252 1373 35.
298 1293 451 1355 Dubium
482 1296 532 1354 est
560 1287 717 1355 haesitatio
746 1288 867 1355 mentis
885 1290 918 1354 in
939 1298 1088 1355 neutram
1111 1285 1271 1353 contradi·
1297 1306 1469 1363 Quirenarum:

146 1392 266 1460 ctionis
280 1402 403 1479 partem
424 1394 618 1462 inclinantis.
641 1395 767 1481 Duplex
786 1402 848 1461 est:
869 1396 1007 1461 aiterum
1016 1395 1198 1477 positivum,
1216 1414 1269 1460 m-
1315 1414 1396 1470 mm
1405 1425 1446 1459 aa:

142 1502 289 1586 gativum
307 1502 459 1569 aiterum.
481 1502 623 1571 Dubium
649 1506 836 1589 negativum
867 1505 973 1582 adest,
1000 1523 1077 1569 cum
1097 1521 1203 1586 neque
1228 1503 1269 1567 ad
1301 1486 1461 1612 ”ffiffi

144 1628 321 1676 assensum
342 1630 450 1694 neque
466 1611 506 1677 ad
525 1612 713 1679 dissensum
729 1621 861 1697 apparet
880 1612 960 1677 ratio
972 1609 1153 1693 sufficiens,
1168 1628 1269 1694 quare

146 1716 280 1782 videtur
299 1716 331 1782 in
358 1720 575 1804 ignorantiam
596 1719 761 1804 partialem
782 1720 935 1787 recidere.
951 1716 1035 1785 Cum
1051 1718 1137 1784 enim
1158 1718 1270 1802 hujus-

145 1824 241 1889 modi
267 1826 402 1893 dubium
433 1827 586 1904 occurrit,
608 1846 719 1894 revera
749 1846 815 1892 non
835 1826 974 1893 habetur
996 1826 1058 1893 nisi
1082 1826 1163 1892 levis
1180 1845 1270 1909 quae-

142 1934 224 1999 dam
251 1936 368 2020 objecti
401 1933 527 2002 notitia.
556 1935 600 2001 ita
628 1928 817 2003 dubitamus
846 1935 898 2000 vei
928 1931 1049 2020 potius'
1063 1933 1266 2019 ignoramus,

144 2060 230 2109 num
250 2040 418 2133 astrajsint
433 2044 534 2127 paria.

216 2150 358 2218 Dubium
377 2169 456 2218 vero
476 2148 652 2237 positivum
673 2150 776 2226 adest,
797 2169 874 2217 curn
894 2150 968 2217 hinc
995 2150 1069 2216 inde
1089 2148 1191 2215 menti
1210 2148 1268 2215 on

136 2259 300 2346 jiciuntur
318 2259 472 2335 rationes,
490 2258 624 2325 minime
638 2270 749 2324 tamen
765 2277 858 2342 pares
873 2256 1021 2324 assensui
1036 2267 1094 2323 aut
1106 2257 1267 2325 dissensui

141 2368 371 2451 extorquendo
390 2364 454 2455 (3).

215 2470 495 2560 Dubium'potest
523 2492 654 2558 quoque
667 2476 811 2556 prudens
835 2491 925 2551 esse,
953 2475 1004 2539 vei
1028 2474 1208 2557 imprudens
1230 2494 1267 2540 ac
1299 2486 1458 2542 trememtem

140 2586 354 2653 memmium.
376 2583 521 2650 Prudens
540 2590 601 2658 est,
622 2600 699 2647 curn
716 2578 835 2649 adsunt
854 2580 994 2649 rationes
1012 2583 1263 2667 suspensionem
1293 2568 1314 2605 “
1330 2558 1466 2614 ΝΜ·

136 2690 253 2783 judicii
271 2693 459 2759 suadentes.
481 2690 672 2776 imprudens
692 2706 782 2770 vero,
812 2688 839 2756 si
858 2708 954 2756 secus
977 2690 1110 2759 accidat.
1132 2690 1186 2757 Sic
1205 2690 1267 2756 im·

141 2803 321 2888 prudenter
335 2797 409 2884 quis
422 2785 583 2866 dubitaret
596 2798 637 2863 de
651 2797 894 2866 consecratione
907 2799 1033 2876 hostie,
1050 2818 1149 2884 super
1164 2819 1264 2885 quam

140 2912 233 2978 ridet
259 2909 460 2977 sacerdotem
488 2907 671 2974 solemnem
700 2905 954 2973 consecrationis
982 2909 1158 2974 formulam
1192 2927 1266 2993 pro-

139 3019 304 3086 nuntiare:
326 3015 549 3101 imprudenter
567 3012 665 3088 etiam
686 3013 826 3090 dubitat,
848 3033 928 3080 num
948 3011 1134 3099 baptizatus
1154 3035 1267 3082 revera

137 3129 198 3205 sit,
218 3127 273 3210 qui
297 3123 426 3210 parochi
446 3123 496 3189 sui
515 3119 742 3188 testimonium
762 3120 859 3188 habet
879 3122 921 3186 de
936 3123 1066 3207 proprio
1085 3123 1263 3207 baptismo.

188 3231 242 3320 36.
289 3237 445 3317 Suspicio
468 3238 518 3297 est
537 3229 712 3315 propensio
731 3230 882 3312 quaedam
913 3231 1032 3297 mentis
1057 3233 1098 3297 ad
1117 3232 1266 3318 judican-
1323 3257 1434 3313 sunau

136 3347 222 3412 dum
241 3339 304 3429 (4).
332 3339 496 3406 Convenit
524 3337 659 3423 proinde
683 3356 758 3402 curn
782 3337 997 3414 dubitatione,
1022 3339 1097 3423 quia
1126 3348 1265 3425 utraque
1288 3330 1384 3377 “fif‘'
1399 3331 1475 3376 Μὴ·

133 3451 316 3520 carentiam
336 3447 492 3534 importat
505 3445 637 3532 judicii,
667 3445 774 3512 differt
793 3454 903 3512 autem
923 3447 964 3513 ab
983 3465 1032 3523 ea,
1054 3448 1130 3533 quia
1156 3449 1265 3533 suspi-

132 3559 190 3627 cio
215 3557 345 3624 inclinat
364 3556 404 3622 ad
423 3573 523 3621 unam
551 3561 674 3640 partem
701 3553 966 3621 contradictionis
988 3557 1261 3640 amplectendam

131 3714 404 3732 ,W

170 3775 215 3846 (ι)
252 3771 285 3830 S.
300 3769 356 3828 Th.
376 3790 400 3838 1,
416 3789 442 3826 a.
456 3773 560 3841 quaest.
574 3767 621 3840 76,
635 3789 664 3824 a.
680 3784 707 3823 a.
724 3765 785 3825 Cir.
801 3769 835 3824 de
849 3767 941 3836 Maio,
957 3787 986 3840 q.
1004 3791 1029 3842 3,
1046 3789 1071 3826 a.
1089 3791 1115 3843 7.

191 3861 256 3921 ntia
270 3860 357 3920 etiarn
381 3857 485 3917 divisio
503 3855 676 3931 ignorantiae
695 3856 869 3929 proponitur
891 3855 956 3916 aS.
976 3858 1089 3918 Thorna
1102 3860 1164 3928 (lib.
1189 3881 1205 3919 a
1229 3863 1264 3920 de

131 3953 256 4020 Anias..
276 3952 340 4010 lect.
359 3965 401 4019 rr,
417 3967 532 4022 paragr.
548 3948 594 4017 c.)
607 3945 638 4005 in
652 3946 848 4020 ignorantiam
863 3949 1017 4006 secundum
1031 3950 1194 4025 simplicem
1208 3975 1264 4010 ne·

126 4043 283 4121 ,potionem
297 4056 326 4100 et
339 4037 537 4114 ignorantiam
547 4037 701 4096 secundum
710 4045 833 4112 pravam
842 4039 1079 4112 dispositionem,
1090 4056 1177 4113 prout
1187 4042 1264 4101 adsit

128 4153 217 4196 mera
231 4130 394 4205 ignorantia
410 4129 451 4188 rei
465 4129 509 4187 vei
524 4126 690 4201 ignorantia
703 4127 839 4198 adjuncta
854 4148 920 4187 cum
930 4149 1027 4188 errore
1036 4131 1180 4204 opposito.
1196 4132 1261 4192 Cir·

127 4229 168 4286 de
184 4225 282 4293 Maio,
297 4234 402 4296 quaest.
419 4241 445 4294 3,
461 4239 487 4278 a.
503 4239 530 4292 7.

167 4324 213 4388 (2)
250 4313 311 4372 Cir.
328 4311 360 4372 S.
377 4311 433 4370 Th.
449 4319 491 4381 4.⁰
505 4308 582 4367 Dist.
598 4326 642 4381 3⁰·
658 4320 753 4378 quaest
781 4329 804 4376 r,
819 4329 846 4366 a.
866 4328 891 4368 r.
903 4307 941 4367 ad
959 4314 1078 4380 1.¹¹;de
1093 4311 1175 4372 Malo
1188 4333 1217 4386 q.
1233 4334 1261 4388 3,

122 4436 156 4472 a,
173 4431 205 4483 7.
220 4405 322 4464 Recole
336 4399 470 4474 superius
492 4411 591 4457 notata
611 4397 728 4472 (Logic.
752 4397 879 4473 Maiori,
894 4396 969 4472 disp.
988 4421 1012 4457 ι.
1032 4421 1095 4473 rap.
1114 4422 1138 4473 r,
1160 4419 1219 4464 art.
1231 4425 1259 4475 2,

123 4523 158 4562 n.
176 4498 308 4566 6⁸eqq·)

164 4591 211 4659 (3)
249 4581 428 4642 Divisionern
446 4580 521 4638 hane
540 4577 663 4650 explicat
683 4577 843 4650 Augeiicus
864 4577 972 4638 Doctor
992 4579 1023 4638 in
1046 4594 1151 4653 quaest.
1173 4583 1262 4658 14de

129 4677 280 4742 Veritate,
296 4693 324 4732 a.
344 4691 367 4741 r,
383 4669 435 4729 Sic
448 4669 546 4746 igitur
560 4668 729 4726 intellectus
742 4676 842 4726 noster
852 4669 1016 4742 possibilis,
1026 4683 1082 4729 etc.

163 4769 214 4839 (4)
251 4761 314 4822 Cir.
330 4759 363 4820 S.
379 4759 436 4819 Th.
453 4779 480 4818 2.
495 4778 522 4816 a.
539 4777 568 4831 q.
584 4777 610 4828 a,
626 4769 681 4816 art.
701 4777 724 4814 r.
