3492 5525
621 449 696 494 roao
725 431 852 500 Locren
867 431 1098 507 Maron-Lm.
1117 449 1187 510 2³¹⁸,
1204 378 1296 500 Disn.
1313 447 1367 518 4·
1383 435 1546 537 Campum

575 634 611 682 se
629 617 724 684 docet
745 617 933 684 Aristoteles
951 614 1016 706 (r),
1036 630 1068 685 et
1086 635 1162 684 curn
1186 639 1226 684 eo
1249 619 1284 688 S.
1308 620 1466 686 Thomas
1491 618 1548 706 (2).
1571 621 1640 689 tlara

576 731 685 789 autem
706 724 757 789 illa
775 723 972 792 trimembris
989 735 1040 792 est
1058 724 1173 792 divisio
1195 726 1415 794 scientiarum
1435 730 1587 794 dumtaxat
1603 751 1642 812 sp

457 877 460 886 .
574 831 802 908 culativarum,
824 843 859 898 ut
877 842 1005 898 constat
1018 851 1059 898 ex
1077 842 1188 899 mente
1206 834 1412 918 disertisque
1434 835 1534 902 verbis
1549 836 1576 902 S.
1594 837 1640 902 lla·

485 969 489 982 ·
576 957 638 1003 mae
667 947 699 1003 et
726 939 863 1006 aliorum
893 939 1085 1006 Auctorum.
1108 938 1207 1016 Quod
1235 942 1262 1008 si
1291 943 1434 1008 Moralis
1462 945 1537 1008 loret
1559 947 1641 1009 socru

573 1046 787 1130 speculativa,
824 1049 955 1113 mallem
989 1050 1092 1134 ipsam
1123 1050 1387 1115 subaltematam
1424 1051 1525 1116 dicere
1549 1053 1639 1118 scientia

516 1235 520 1254 ι
573 1154 807 1239 psychologiae,
836 1174 911 1238 qum
929 1155 997 1241 agit
1018 1157 1059 1221 de
1086 1157 1211 1222 actibus
1236 1157 1360 1222 animae
1390 1157 1559 1234 rationalis,
1582 1179 1639 1242 quan

573 1271 699 1346 partem
725 1263 871 1347 ejusdem
901 1264 1055 1331 scientia.
1086 1266 1248 1331 Moralitas
1275 1268 1369 1332 enirn
1392 1285 1461 1331 non
1480 1278 1526 1333 est
1543 1267 1641 1349 speciic

572 1368 766 1445 differentia,
791 1371 848 1436 sed
868 1371 1072 1437 accidentalis
1090 1373 1214 1449 adiecta
1238 1391 1339 1457 supra
1360 1374 1524 1458 objectum
1548 1377 1639 1460 Psyche

572 1475 677 1561 logiae.

638 1584 753 1668 Neque
772 1586 868 1650 etiam
890 1587 994 1670 placet
1012 1587 1109 1662 altera
1128 1587 1310 1670 explicatio.
1335 1587 1415 1653 Non
1434 1588 1516 1654 enim
1534 1588 1636 1672 percipio.

569 1691 601 1757 in
621 1710 688 1775 quo
716 1695 756 1759 sit
785 1695 888 1778 major
913 1695 1032 1778 gradus
1060 1695 1282 1762 abstractionis
1307 1716 1326 1760 a
1348 1697 1485 1760 materia
1506 1697 1534 1760 in
1555 1698 1637 1780 objecta

570 1799 711 1885 Logicae,
745 1803 899 1886 quam'in
919 1797 1048 1890 obje'gto
1067 1794 1309 1889 Metaphysic'ae.
1339 1805 1411 1870 Nec
1430 1815 1507 1886 puto
1522 1803 1635 1867 diversunt

569 1909 704 1973 modum
733 1909 958 1974 abstractionis
978 1911 1059 1975 intra
1082 1912 1237 1976 eumdem
1257 1913 1402 1995 gradum
1424 1930 1492 1976 esse
1516 1911 1544 1974 in
1566 1929 1633 1973 cauo.

566 2031 624 2081 cur
643 2016 759 2100 logica
778 2015 939 2100 discrepet
960 2019 1001 2082 ab
1016 2017 1068 2082 illa
1087 2018 1233 2095 scientia,
1250 2039 1326 2102 quae
1343 2019 1490 2104 disputat
1505 2019 1540 2082 de
1552 2019 1634 2080 actibus

567 2124 761 2202 intellectus,
774 2126 831 2191 sed
843 2124 1004 2190 diversam
1021 2126 1178 2194 rationem
1194 2127 1325 2210 obiecti.
1344 2128 1463 2212 logica
1477 2125 1551 2190 enim
1563 2127 1632 2189 solun
1664 2198 1665 2203 η

566 2231 633 2314 agit
650 2233 690 2298 de
710 2232 788 2310 illis,
811 2242 907 2316 prout
927 2243 1004 2300 sunt
1023 2233 1195 2300 artificiose
1214 2234 1395 2320 dirigibiles
1414 2236 1453 2299 ad
1472 2253 1567 2299 verum
1579 2249 1632 2296 asse·
1664 2250 1665 2273 r

566 2340 748 2422 quendum.

632 2447 703 2512 Alia
729 2466 807 2534 ergo
838 2447 999 2514 reddenda
1030 2459 1079 2515 est
1107 2449 1204 2524 ratio,
1233 2469 1290 2515 cur
1321 2438 1440 2534 Logica
1466 2447 1629 2532 praternissr
1664 2500 1665 2533 ἓ

564 2555 705 2621 fueritin
725 2556 905 2621 trimembri
925 2557 976 2620 illa
996 2556 1165 2622 divisione.
1187 2557 1223 2621 Et
1244 2556 1321 2622 mihi
1335 2558 1468 2641 quidem
1483 2555 1567 2639 prima
1580 2551 1627 2614 ratir
1664 2544 1666 2656 l

452 2745 459 2760 .
564 2664 716 2741 occurrit,
738 2666 812 2748 quia
833 2664 948 2748 logica
964 2665 1160 2748 probabilius
1175 2678 1222 2732 est
1237 2665 1374 2731 scientia
1390 2665 1530 2749 practica,
1544 2672 1627 2726 utnor

563 2772 760 2839 videbimus.
781 2770 941 2847 Quamvis
966 2774 1068 2837 lateor
1091 2773 1175 2839 hanc
1195 2792 1260 2838 non
1280 2775 1429 2857 potuisse
1443 2792 1507 2838 esse
1523 2784 1625 2835 connu-

563 2898 638 2945 nem
668 2879 842 2955 rationem,
863 2898 920 2944 cur
937 2898 1054 2946 omnes
1081 2888 1228 2946 auctores
1257 2882 1445 2948 reticuerint
1471 2878 1589 2962 logicam
1606 2870 1624 2933 in
1663 2951 1664 2968 E

562 2986 704 3069 generali
724 2986 776 3051 illa
795 2987 971 3064 divisione,
1002 2987 1077 3072 quia
1097 2989 1192 3053 multi
1211 3007 1324 3055 eorum
1350 2988 1487 3055 arbitrati
1504 2993 1565 3051 sunt
1580 2997 1622 3043 ean
1663 2971 1664 3060 ζ

562 3110 634 3159 esse
659 3093 909 3176 speculativam.
937 3094 997 3159 Alii
1022 3114 1101 3180 ergo
1124 3097 1373 3179 praetermittere
1394 3095 1530 3181 logicam
1552 3098 1622 3173 polit

563 3210 637 3267 runt
658 3201 707 3266 vel
723 3201 797 3284 quia
813 3202 871 3267 <rin
889 3202 941 3266 illa
954 3203 1096 3287 generali
1111 3203 1268 3269 divisione
1289 3203 1514 3288 Philosophia,
1529 3198 1623 3263 Philota

453 3364 457 3373 .
563 3308 616 3394 phi
645 3310 819 3375 voluerunt
838 3309 981 3375 dividere
1009 3312 1241 3377 tantummodo
1272 3312 1440 3377 scientiam
1466 3318 1495 3372 et
1518 3304 1620 3388 Plplosn

562 3415 689 3500 phiam,
709 3428 743 3483 ut
763 3429 882 3482 vocant
897 3419 1027 3493 realem,
1046 3420 1106 3483 hoc
1124 3429 1191 3495 est,
1208 3438 1282 3502 quae
1301 3428 1418 3485 tractat
1430 3432 1523 3503 genus
1535 3405 1619 3491 aliquoi

561 3523 644 3589 entis
663 3524 771 3601 realis,
793 3526 924 3607 qualem
943 3534 1071 3591 constat
1087 3543 1153 3590 non
1172 3544 1244 3591 esse
1258 3526 1434 3613 logicam»
1449 3521 1508 3611 (3),
1522 3519 1560 3584 vel
1574 3513 1619 3596 quir

562 3632 656 3697 multi
687 3630 916 3698 existimarunt
949 3634 1127 3718 «logicam
1161 3644 1323 3701 nontam
1356 3654 1426 3702 esse
1452 3626 1583 3698 scientian
1599 3628 1618 3681 at

561 3748 685 3823 partem
707 3740 936 3823 Philosophiae,
957 3759 1056 3824 quam
1073 3743 1210 3808 modum
1227 3743 1367 3820 sciendi,
1384 3755 1414 3809 et
1433 3750 1465 3805 ut
1482 3739 1517 3802 ita
1532 3736 1613 3811 loquat.
1660 3786 1663 3802 .

561 3846 710 3911 omnium
735 3848 942 3915 scientiarum
960 3857 1216 3934 cunctarumque
1234 3850 1444 3936 Philosophia
1465 3842 1574 3931 partium
1588 3832 1615 3893 il·
1662 3897 1663 3954 3

561 4186 679 4245 moralis
714 4185 903 4258 Philosophia
936 4188 1108 4263 simpliciter
1141 4192 1267 4248 sabatio
1298 4192 1430 4264 practico
1456 4174 1614 4242 denomintilf'
1662 4183 1663 4266 l

560 4275 594 4333 P.
623 4276 707 4344 Joan.
734 4277 818 4347 Bapt.
843 4277 880 4336 de
908 4276 1067 4346 Benedict,
1094 4279 1198 4337 Philus
1220 4281 1314 4355 berig.
1340 4294 1363 4339 t.
1387 4301 1414 4348 ι,
1432 4284 1517 4348 quest·
1537 4275 1611 4336 ΡΜ
1662 4271 1664 4386 p

558 4386 621 4436 cap.
636 4386 665 4439 4,
691 4386 790 4438 parag.
807 4384 832 4423 a.

594 4454 635 4525 (r)
672 4454 736 4513 Lib.
753 4474 778 4512 2.
797 4456 930 4520 Etha'cor.
945 4476 1008 4528 cap.
1024 4477 1050 4526 a,
1066 4458 1160 4517 initio.
1222 4497 1227 4507 ·

595 4544 636 4613 (a)
674 4542 705 4601 ln
721 4543 769 4602 lib.
787 4546 988 4604 2.¹¹¹Ellu'cor.
1004 4548 1068 4605 leet.
1084 4567 1111 4618 a,
1126 4548 1219 4607 initio.
1530 4603 1533 4612 .

594 4633 634 4705 (3)
672 4632 734 4691 Cir.
759 4632 792 4691 S.
813 4634 930 4705 Thom,
946 4635 1055 4707 Opusc.
1080 4638 1116 4695 de
1137 4638 1246 4697 Trr'm't.
1263 4646 1330 4713 sup.
1344 4638 1479 4699 uncum,
1492 4638 1549 4698 <1⁶5⁸
1562 4636 1579 4671 ³¹
1593 4630 1606 4672 ¹¹

559 4721 595 4779 acl
611 4730 671 4780 πθ·
