3492 5525
567 481 626 546 710
687 465 812 531 Lootcn
826 463 1057 538 MnJon-Ltu-
1075 479 1144 540 ψ,
1162 464 1248 527 Dise.
1269 478 1312 527 1.⁸
1325 465 1404 528 Can.
1422 480 1493 547 pum

526 657 576 715 est
594 648 662 733 ipsa
680 647 844 733 cognitio?
856 648 923 714 Cur
943 666 1008 714 non
1024 660 1156 715 vocatur
1175 666 1278 713 unum
1298 648 1503 715 individuum
1519 648 1650 732 objecta

526 758 635 840 plura,
651 775 726 840 quae
745 757 843 823 simui
862 774 927 822 una
941 755 1126 843 cognitione
1144 755 1369 842 attinguntur?

592 864 702 946 itaque
728 865 795 930 duo
824 882 942 949 genera
975 863 1219 949 praedicatorum
1246 864 1478 947 distinguenda
1504 873 1585 929 sunt
1616 864 1649 927 in

526 971 726 1056 cognitione,
755 971 815 1037 alia
841 992 916 1055 quae
933 971 993 1055 ipsi
1012 972 1212 1037 conveniunt
1235 972 1267 1037 in
1296 972 1452 1047 essendo,
1482 970 1544 1035 alia
1572 989 1650 1054 quae

525 1079 724 1144 conveniunt
752 1064 786 1144 in
814 1078 1089 1163 repraesentando.
1120 1079 1156 1145 Et
1188 1079 1356 1164 praedicata
1379 1076 1475 1161 primi
1500 1078 1648 1162 generis,

526 1187 630 1268 qualis
658 1194 708 1251 est
737 1187 944 1271 spiritualitas
971 1187 1180 1272 cognitionis,
1213 1206 1278 1253 non
1306 1186 1487 1252 refunditur
1505 1187 1538 1251 in
1558 1186 1652 1267 obje-

526 1300 614 1369 tum,
644 1294 720 1377 quia
737 1295 799 1360 sub
820 1296 879 1360 hac
898 1295 1021 1360 ratione
1039 1305 1215 1379 conceptus
1235 1314 1300 1360 non
1324 1294 1482 1378 supponit
1509 1313 1571 1377 pro
1590 1295 1653 1359 ou

521 1402 621 1486 jecto.
644 1402 765 1467 Verum
782 1403 965 1485 praedicata,
981 1421 1055 1485 quae
1072 1403 1272 1468 conveniunt
1288 1400 1464 1486 cognitioni
1480 1401 1514 1467 in
1530 1421 1652 1486 reprae·

525 1509 701 1585 sentando,
723 1509 940 1576 retunduntur
964 1510 996 1575 in
1026 1510 1208 1596 objectum,
1237 1509 1312 1592 quia
1340 1510 1403 1575 sub
1432 1511 1492 1573 hac
1521 1511 1651 1576 ratione

524 1624 702 1700 conceptus
721 1616 842 1683 mentis
856 1618 1036 1702 objectivus
1054 1616 1210 1701 supponit
1228 1635 1286 1701 pro
1301 1616 1428 1700 objecto
1446 1614 1460 1702 (
1484 1615 1511 1697 ).

569 1728 645 1806 obj.
663 1731 714 1795 t.⁰
760 1723 793 1789 Si
819 1725 999 1794 universale
1025 1724 1116 1792 fieret
1142 1726 1183 1791 ab
1201 1724 1382 1797 intellectu,
1403 1729 1518 1789 natura
1548 1736 1651 1809 prout

524 1829 624 1895 estin
643 1832 827 1908 intellectu,
848 1833 930 1897 foret
949 1832 1151 1900 universalis.
1180 1831 1279 1915 Atqui
1300 1841 1413 1897 natura
1430 1841 1531 1915 prout
1543 1842 1597 1898 est
1617 1833 1650 1899 in

527 1936 694 2005 intellectu
709 1940 883 2025 singularis
898 1950 960 2005 est.
977 1940 1104 2025 Ergo...

590 2052 706 2113 Minor
726 2053 901 2131 probatur.
913 2049 997 2113 Nam
1017 2055 1142 2123 natura,
1165 2056 1260 2132 prout
1277 2057 1325 2113 est
1345 2047 1377 2112 in
1393 2047 1576 2125 intellectu,
1599 2060 1651 2115 est

523 2153 592 2237 ipse
611 2166 788 2239 conceptus
807 2154 987 2240 objectivus
1007 2155 1202 2222 intellectus,
1225 2155 1409 2238 Conceptus
1427 2162 1540 2220 autem
1561 2159 1652 2242 ejus·

523 2260 629 2337 modi,
652 2269 766 2345 utpote
781 2262 954 2349 physicum
974 2281 1010 2327 ac
1030 2263 1114 2328 reale
1133 2262 1279 2329 accidens
1306 2262 1443 2339 mentis,
1471 2264 1650 2331 verissime

521 2367 692 2453 singularis
710 2379 771 2436 est.
794 2370 920 2454 Ergo...

587 2482 691 2559 Resp.
704 2475 779 2541 dist.
797 2477 915 2542 Minor.
931 2475 1114 2563 Subjective
1129 2487 1227 2558 atque
1242 2476 1407 2541 entitative
1422 2477 1648 2552 considerata,

442 2576 445 2583 ’
519 2582 791 2668 conc.,objective
810 2603 846 2649 ac
866 2568 1144 2669 repraesentative,
1165 2601 1236 2667 neg.
1258 2584 1296 2647 Et
1318 2582 1466 2649 similiter
1483 2585 1650 2669 distinguo

520 2690 758 2774 probationem.

587 2799 663 2863 Haec
681 2806 731 2865 est
747 2797 896 2866 doctrina
913 2797 949 2864 S.
970 2793 1123 2864 Thomie:
1144 2799 1184 2864 Et
1207 2799 1348 2883 quamuis
1374 2800 1413 2864 ab
1436 2799 1507 2882 ipsa
1534 2803 1649 2868 anima

518 2897 650 2986 recipiat
664 2903 809 2993 (natura)
827 2906 979 2971 rationem
1002 2906 1207 2984 universalis,
1229 2909 1331 2972 tamen
1347 2926 1411 2972 nou
1438 2911 1487 2972 est
1511 2908 1548 2972 iu
1579 2911 1647 2992 ipsa

516 3016 686 3079 secuudum
698 3032 787 3078 suam
805 3015 988 3090 essentiam,
1004 3015 1059 3078 sed
1071 3016 1240 3079 secundum
1256 3033 1346 3079 suam
1363 3014 1608 3082 similitudinem
1619 3024 1650 3082 el
1687 3027 1694 3036 ·

514 3121 656 3202 speciem.
681 3123 770 3188 Unde
787 3123 819 3186 et
832 3121 1036 3203 Philosophus
1053 3121 1118 3187 ait:
1136 3121 1228 3204 Lapis
1246 3139 1308 3186 non
1327 3121 1422 3186 estin
1439 3122 1572 3201 anima,
1593 3128 1648 3190 sed

513 3228 629 3309 species
654 3228 781 3310 lapidis.
807 3229 883 3294 Huc
899 3232 1002 3294 aulem
1023 3228 1198 3294 similitudo
1215 3229 1281 3293 sive
1306 3228 1420 3310 species
1443 3230 1589 3297 exulem
1613 3235 1647 3299 iu

513 3336 634 3411 anima,
651 3339 700 3400 est
710 3354 774 3400 uua
787 3353 927 3411 numero,
941 3339 972 3401 el
981 3339 1029 3400 est
1037 3335 1222 3420 singularis.
1235 3335 1312 3424 Ejus
1328 3339 1433 3402 autem
1450 3327 1647 3405 uniuersali-

512 3446 577 3520 tas,
599 3462 662 3508 uon
673 3446 771 3508 estex
783 3443 852 3520 hoc,
871 3445 955 3527 quod
971 3447 1017 3508 cst
1033 3444 1067 3508 iu
1084 3444 1208 3521 anima,
1224 3444 1280 3509 sed
1292 3462 1332 3508 ex
1346 3444 1411 3519 hoc,
1426 3447 1511 3527 quod
1523 3455 1647 3530 compo·

512 3553 606 3616 ratur
623 3553 667 3614 ud
684 3552 783 3616 multu
801 3551 980 3635 singularia
996 3569 1029 3616 se
1047 3550 1190 3616 habeuti'a
1207 3551 1335 3633 opinata
1353 3562 1417 3619 etc.
1436 3549 1503 3639 (2).

557 3662 666 3740 Objic.
692 3665 741 3740 7.⁰
787 3657 974 3724 Secundum
991 3675 1050 3724 nos
1066 3667 1178 3724 natura
1194 3660 1226 3724 in
1241 3678 1277 3724 su
1292 3659 1464 3744 multiplex
1475 3660 1554 3726 ideo
1572 3663 1645 3727 red-

513 3765 600 3831 ditur
619 3765 824 3841 universaiis,
848 3765 924 3847 quia
943 3765 1037 3831 unica
1053 3766 1238 3850 cognitione
1252 3767 1518 3851 apprehenditur.
1537 3769 1643 3854 Atqui

512 3873 574 3937 hoc
593 3871 772 3938 absurdum
793 3882 857 3949 est,
879 3891 974 3939 secus
992 3875 1079 3939 enim
1095 3873 1241 3940 collectio
1256 3873 1397 3958 plurium
1414 3892 1542 3952 rerunt,
1566 3897 1643 3961 quae

511 3977 609 4045 simui
623 3988 932 4063 repraesentarentur
946 3981 979 4046 in
990 3982 1189 4065 cognitione,
1201 3981 1390 4047 universalis
1401 3981 1497 4048 foret.
1508 3983 1640 4070 Ergo...

577 4092 682 4168 Resp.
703 4086 778 4154 dist.
810 4087 1135 4173 Major..Secundunr
1156 4107 1217 4154 nos
1235 4098 1348 4155 natura
1360 4087 1433 4155 ideo
1446 4091 1643 4160 universalis

510 4192 671 4270 redditur,
692 4193 768 4278 quia
792 4195 889 4261 unico
908 4204 981 4261 actu
1012 4197 1132 4261 mentis
1159 4195 1412 4280 apprehenditur
1439 4197 1639 4284 utc‘umque,

512 4385 778 4398 ——m

542 4482 581 4544 (ι)
619 4477 681 4537 etr.
706 4480 816 4540 Anton.
839 4479 934 4553 Mayr.
959 4481 1063 4538 Philus
1085 4481 1191 4554 ῥινῷ..
1215 4492 1288 4554 part.
1316 4501 1340 4550 1,
1363 4501 1393 4540 n.
1419 4500 1482 4556 5¹²³
1505 4482 1639 4545 Lossada

505 4569 610 4644 Logic.
625 4581 709 4627 tract.
725 4588 751 4639 a,
765 4568 842 4640 disp.
854 4589 881 4640 a,
897 4590 961 4641 cap.
978 4591 1003 4641 3,
1022 4590 1051 4628 n.
1071 4591 1110 4628 11.
1348 4603 1354 4615 ·

541 4661 580 4724 (2)
618 4657 650 4714 S.
671 4657 777 4716 Thom.
796 4657 905 4730 Opusc.
931 4670 970 4716 1.⁰
983 4661 1016 4715 de
1036 4658 1269 4719 Universalibus.
1293 4659 1395 4720 Recole
1415 4661 1472 4720 alia
1493 4663 1560 4723 ioco
1584 4687 1639 4726 su-

504 4745 603 4819 perius
617 4746 741 4805 adducto
753 4767 788 4805 ex
801 4747 901 4806 eodem
918 4745 951 4805 S.
963 4747 1098 4806 Doctore.
