3492 5525
428 529 441 563 ί

556 408 634 511 ir44
662 425 791 491 tonici
804 423 1039 501 Messon-Lm.
1055 439 1126 502 ssu,
1142 424 1233 489 Dssn.
1248 426 1295 487 6.·
1308 424 1391 490 Cen.
1407 436 1480 488 ψ

511 613 631 695 eutem,
651 628 740 696 quem
753 610 838 679 ratio
853 611 1078 677 commeando
1094 609 1184 695 facit
1198 612 1232 676 in
1247 612 1376 693 proprio
1392 614 1481 685 nem,
1499 608 1629 693 pertinet

511 720 556 786 ad
568 718 752 785 rationalem
770 718 1015 803 Philosophiam,
1030 721 1121 805 cujus
1134 723 1183 783 est
1196 718 1395 784 considerare
1406 718 1549 783 ordinem
1555 721 1629 797 por·

513 826 591 893 num
607 827 761 893 orationis
772 828 817 893 ad
828 826 979 902 invicem,
1002 830 1034 892 et
1049 826 1191 892 ordinem
1199 826 1428 909 principiorem
1439 826 1484 890 od
1500 824 1629 889 inem

512 936 598 1000 etad
609 935 833 1001 conclusiones.
848 933 937 1002 Ordo
949 938 1053 1000 aretem
1066 934 1226 1000 omnum
1237 933 1491 1000 ootuntonomn
1499 931 1632 1015 pertinet

511 1044 557 1107 od
571 1040 847 1109 considerationem
855 1042 985 1109 morotr's
997 1042 1214 1126 Phinsopnte.
1226 1041 1428 1113 Ordmutem.
1449 1041 1630 1125 quamam

512 1148 830 1235 considrrorrtosacit
842 1150 879 1215 in
896 1150 989 1216 reios
1005 1150 1210 1216 exterioribus
1226 1150 1400 1217 constitistis
1405 1157 1466 1233 per
1481 1149 1631 1216 rotronem

513 1257 695 1333 ternorum,
710 1256 851 1341 pertinet
862 1260 908 1324 od
923 1261 1008 1325 ortes
1024 1258 1217 1325 maneas
1233 1255 1297 1347 (ι).

579 1370 700 1445 Dices,
721 1363 873 1451 Logicam
894 1365 1033 1452 dirigere
1051 1375 1144 1434 actus
1163 1367 1312 1444 udonis,
1332 1386 1396 1433 non
1414 1370 1453 1433 ut
1466 1367 1629 1451 metreta,

514 1470 571 1539 sed
584 1476 622 1538 ut
634 1473 771 1539 mmm
788 1473 939 1561 artificis,
959 1494 1001 1539 ex
1019 1474 1140 1558 quibus
1153 1476 1186 1541 in
1201 1475 1329 1562 objecto
1347 1474 1480 1561 cognito
1499 1475 1632 1540 resultat

513 1578 702 1658 artificium,
723 1582 806 1648 sicut
829 1590 915 1648 artes
935 1580 1065 1649 fabriles
1087 1603 1120 1649 ν.
1146 1602 1181 1669 g.
1207 1582 1352 1669 dirigunt
1371 1584 1514 1649 actiones
1539 1582 1630 1657 fabri,

515 1705 581 1755 non
601 1695 639 1754 ut
652 1689 803 1755 artetacta
821 1689 964 1773 propria,
986 1690 1043 1756 sed
1063 1699 1100 1756 ut
1118 1690 1167 1767 id,
1183 1708 1251 1774 quo
1269 1693 1421 1757 arteiacte
1435 1690 1630 1763 efficiuntur,

514 1814 591 1863 narn
611 1814 668 1881 per
686 1796 908 1881 operationem
933 1796 1064 1864 artificis
1092 1799 1226 1864 resultat
1251 1800 1284 1864 in
1310 1798 1444 1864 materia
1460 1797 1631 1863 artificium

514 1904 692 1971 intentum.
713 1904 751 1970 Et
779 1905 860 1972 ratio
887 1906 986 1990 hujus
1013 1906 1286 1990 interpretationis
1308 1915 1374 1982 est,
1389 1906 1476 1990 „quia
1498 1925 1540 1972 ex
1562 1906 1633 1990 ipso

515 2008 551 2076 S.
571 2010 699 2077 Thema
716 2008 768 2099 (2)
783 2010 901 2097 Logica
914 2021 963 2079 est
978 2012 1019 2077 de
1033 2021 1106 2079 actu
1122 2013 1269 2089 rationis,
1290 2014 1374 2080 sicut
1392 2032 1444 2079 ars
1461 2012 1635 2080 edificate
1713 2079 1715 2109 ᾖ

515 2117 561 2183 ria
578 2118 620 2183 de
638 2126 711 2185 actu
731 2138 861 2186 manus.
880 2119 981 2204 Atqui
998 2140 1051 2186 ars
1074 2121 1278 2187 aediticatoria
1296 2130 1346 2187 est
1367 2121 1408 2187 de
1426 2129 1499 2187 actu
1515 2140 1634 2186 manus

515 2244 582 2292 non
594 2234 763 2311 tamquam
776 2228 817 2292 de
828 2238 897 2294 arte
909 2229 993 2295 tacto
1006 2228 1135 2313 proprio
1147 2230 1223 2295 artis
1237 2228 1463 2304 aedificatoriae,
1477 2228 1538 2294 sed
1552 2238 1634 2293 tam·

515 2352 615 2419 quam
631 2333 672 2400 de
682 2334 807 2402 actione
819 2334 963 2413 artificis,
976 2354 1077 2419 quam
1088 2335 1212 2421 dirigit,
1226 2345 1263 2400 ut
1272 2338 1476 2411 artetactum,
1492 2338 1632 2401 domum

517 2461 651 2527 nempe,
672 2443 802 2508 faciliter
824 2450 857 2507 et
880 2442 1027 2509 ordinate
1051 2452 1229 2511 construat.
1255 2444 1337 2528 Ergo
1365 2444 1442 2509 nihii
1461 2443 1634 2510 coniicitur

515 2570 557 2617 ex
574 2550 763 2617 testimonio
781 2550 817 2617 S.
839 2550 998 2617 Doctoris.

582 2665 687 2742 Resp.
707 2678 775 2743 neg.
796 2670 955 2726 assertum
976 2667 1008 2724 et
1025 2658 1338 2743 interpretationem.
1354 2661 1438 2725 Nam
1459 2661 1636 2746 Angelicus

516 2767 560 2834 ibi
578 2776 760 2853 peractum
786 2785 904 2833 manus
927 2786 994 2833 non
1020 2767 1183 2853 significat
1203 2786 1327 2834 meram
1347 2769 1509 2834 actionem
1529 2780 1636 2836 trans-

517 2885 651 2942 euntem
683 2893 817 2952 manuS,
852 2876 911 2940 sed
941 2876 1049 2960 ipsum
1083 2895 1169 2960 opus
1200 2895 1312 2942 manu·
1335 2879 1474 2954 tactum,
1515 2899 1635 2964 nempe

516 2983 686 3049 artificium
715 2983 848 3050 domus.
872 2983 947 3049 Non
973 2985 1061 3049 enim
1093 2984 1254 3051 actionem
1275 2983 1442 3068 praecisam
1470 2986 1512 3051 ab
1538 3006 1635 3071 opere

517 3091 625 3177 dirigit
651 3108 703 3156 ars
733 3090 868 3168 fabrilis,
898 3091 956 3157 sed
984 3092 1143 3158 actionem
1174 3092 1381 3160 terminatam
1409 3093 1450 3158 ad
1476 3113 1575 3179 opus.
1604 3096 1635 3159 id
1713 3146 1715 3151 .

517 3199 608 3283 quod
635 3200 741 3266 multo
767 3199 971 3265 manifestius
997 3207 1131 3283 apparet
1156 3199 1190 3264 in
1220 3209 1387 3285 postremo
1417 3202 1506 3280 iooo,
1534 3221 1634 3286 quern

518 3305 751 3392 exscripsimus
765 3325 807 3373 ex
821 3306 902 3372 libro
917 3307 1025 3390 primo
1043 3305 1232 3383 Etiicorum,
1247 3307 1281 3372 in
1299 3325 1367 3390 quo
1384 3309 1502 3374 diserte
1520 3310 1637 3376 dicitur
1713 3364 1715 3395 Ι

517 3425 602 3482 artes
615 3415 816 3481 mechanicas
833 3413 990 3499 respicere
1003 3415 1143 3479 ordinem
1156 3415 1258 3496 ipsum
1274 3433 1376 3498 quem
1391 3417 1472 3483 ratio
1487 3419 1637 3484 conside

518 3527 620 3591 raudo
645 3523 720 3590 tacit
745 3523 778 3589 in
803 3523 900 3590 rebus
925 3523 1153 3604 exterioribus3
1174 3523 1321 3606 itemque
1348 3525 1513 3602 ordinem,
1535 3545 1635 3609 quem

518 3631 598 3699 ratio
616 3634 689 3699 tacit
708 3631 740 3696 in
761 3631 891 3714 proprio
913 3639 1004 3705 actu,
1025 3631 1184 3714 pertinere
1207 3631 1249 3696 ad
1272 3631 1436 3716 Logicam.
1459 3633 1536 3698 Non
1558 3653 1636 3718 ergo

518 3743 633 3828 Logica
650 3738 759 3825 dirigit
778 3749 870 3805 actus
892 3738 1074 3805 intellectus
1097 3739 1308 3806 solummodo
1333 3749 1371 3805 ut
1396 3737 1545 3806 aciones
1563 3742 1638 3806 arti-

517 3850 603 3927 ficis,
634 3850 692 3916 sed
722 3855 760 3912 ut
787 3848 954 3928 artetacta3
983 3865 1042 3913 nec
1070 3848 1177 3913 solum
1207 3854 1244 3913 ut
1271 3847 1409 3931 aliquid,
1436 3866 1478 3914 ex
1503 3867 1576 3932 quo
1606 3851 1635 3913 in

516 3959 645 4045 objecto
664 3956 797 4023 resultet
814 3954 1004 4029 artificium,
1024 3955 1083 4020 sed
1100 3963 1137 4019 ut
1156 3955 1291 4038 aliquid,
1313 3956 1403 4040 quod
1428 3957 1461 4022 in
1486 3974 1524 4022 se
1552 3957 1637 4024 ordi-

518 4065 663 4133 nandum
683 4073 715 4130 et
733 4071 820 4130 recte
838 4063 1021 4129 iaciendum
1036 4063 1069 4128 in
1084 4063 1192 4146 seipso
1204 4071 1268 4128 est.

551 4285 592 4349 (t)
622 4279 662 4339 Ι8.
677 4279 795 4348 Thom.‚
810 4277 859 4337 lib.
880 4277 1070 4345 1.·Ettsicor.‚
1087 4277 1153 4335 ieet.
1171 4289 1208 4335 r.·
1219 4275 1314 4335 initio.

551 4371 592 4442 (2)
628 4369 822 4443 Sioutigitur
840 4387 880 4426 ex
898 4367 961 4434 mc,
976 4367 1050 4441 quod
1069 4368 1142 4424 ratio
1166 4369 1201 4424 cte
1216 4377 1283 4425 actu
1305 4386 1409 4426 manus
1431 4371 1635 4437 ratiocinatur.

517 4462 672 4520 adinvento
686 4467 730 4516 est
742 4477 792 4518 ors
804 4457 996 4532 redificotorio
1008 4457 1203 4527 ueisobrilis,
1219 4465 1272 4531 per
1284 4477 1357 4531 qnos
1371 4457 1637 4527 homosociliteret

516 4553 647 4610 ordinate
662 4550 750 4624 hujus
765 4557 848 4606 nctus
863 4568 997 4606 exercere
1015 4555 1122 4621 potest,
1144 4546 1242 4603 eedem
1256 4547 1368 4604 rote'one
1382 4565 1433 4604 ors
1447 4551 1578 4620 quedam
1590 4571 1635 4606 ne·

515 4642 648 4701 cessario
661 4648 713 4706 est,
729 4659 790 4713 qnae
803 4639 843 4696 sit
856 4639 1003 4697 directius
1017 4638 1115 4712 ipsius
1127 4645 1208 4695 octies
1222 4637 1379 4696 rationis..
1395 4634 1429 4695 S.
1439 4637 1510 4710 Th„
1521 4637 1588 4698 Lib.
1602 4648 1637 4696 r.·

516 4733 639 4798 Poster„
654 4730 719 4789 leet.
737 4749 766 4797 r,
781 4727 874 4787 initio.
