3492 5525
517 414 578 497 654
637 416 761 481 Lootca
778 417 1006 492 Meton-Lm.
1025 433 1085 482 au·
1099 418 1190 481 Drsn.
1208 428 1253 481 1.⁸
1268 418 1349 480 (lte.
1365 430 1437 479 aum

477 616 551 680 quae
582 618 685 665 unum
705 600 826 684 aliquid
845 620 920 667 cum
949 600 1033 676 sint,
1060 599 1296 666 communicari
1318 596 1431 665 multis
1455 596 1606 681 possint,

477 717 576 788 atque
603 706 635 773 in
663 708 775 775 multis
797 708 927 793 reperiri
954 727 1013 793 per
1038 707 1263 775 identitatem?
1287 708 1456 791 Negamnt
1487 707 1610 788 plures

476 815 631 896 perfracte
658 817 795 882 existere
813 814 981 901 quidpiam
1002 817 1194 890 universale,
1216 824 1333 900 preter
1350 831 1461 889 voces,
1480 821 1542 878 aut
1561 814 1609 876 ad

314 938 372 982 omn
397 953 428 989 a,
476 939 645 987 summum
675 932 789 1007 praeter
811 933 1004 1009 conceptus:
1029 924 1061 990 hi
1084 931 1243 990 vocantur
1264 922 1459 989 Nominoles.
1489 920 1556 985 Alii
1588 939 1609 982 e

261 1274 361 1321 ilealietre
380 1273 451 1330 rigidi,

278 1598 380 1643 Realistoe
391 1598 434 1643 mi·

323 1671 391 1727 tizan

321 3106 381 3161 Quid

260 3179 437 3224 nominalismus.

278 4269 418 4328 conceptu·-

292 4415 402 4470 Epicurei,

282 4485 412 4539 lleraelitue,

475 1047 633 1095 converso
678 1032 906 1099 existimarunt
942 1032 1199 1116 independenter
1234 1040 1268 1097 et
1298 1030 1527 1096 antecedenter
1560 1028 1609 1092 ad

474 1156 608 1203 omnem
628 1138 810 1205 intellectus
830 1140 932 1205 nostri
951 1139 1173 1224 operationem
1189 1138 1257 1203 dari
1276 1146 1408 1203 naturas
1424 1136 1609 1218 adaequate

473 1264 509 1309 ac
528 1246 704 1312 formaliter
724 1247 931 1313 universales:
953 1261 1095 1330 quorum
1114 1246 1259 1330 opinatio
1276 1236 1451 1313 Realismus
1469 1242 1609 1326 riguus

473 1360 530 1416 aut
547 1357 747 1439 exaggeratus
768 1354 869 1421 audit.
895 1354 958 1419 Atii
984 1355 1119 1420 demum
1149 1352 1291 1420 mediam
1318 1352 1404 1454 inter
1430 1352 1500 1415 ltaec
1527 1350 1608 1415 duo

473 1468 619 1525 extrema
637 1470 750 1529 tenent
779 1462 879 1539 viam,
904 1462 1050 1551 dicentes
1077 1463 1260 1527 universale
1289 1459 1405 1544 parlim
1433 1460 1467 1524 in
1495 1458 1608 1523 rebus

474 1566 553 1651 ipsis
584 1567 733 1645 existere,
763 1568 880 1651 partim
908 1568 940 1634 in
972 1570 1149 1634 intellectu:
1170 1569 1201 1634 hi
1229 1566 1382 1633 nimirum
1402 1560 1607 1633 belismum

474 1676 651 1758 quemdam
667 1676 842 1760 mitigatum
858 1676 1063 1762 profitentur.
1078 1676 1187 1752 Quare
1202 1676 1392 1741 Nominales
1404 1672 1606 1740 existimant

472 1782 664 1849 universalia
683 1802 755 1850 esse
774 1804 863 1849 mera
881 1784 1040 1869 figmenta
1056 1786 1189 1862 mentis,
1204 1802 1345 1868 quorum
1366 1783 1493 1848 nullum
1509 1782 1605 1847 adsit

450 1887 504 1985 ¹in
532 1890 628 1955 rebus
654 1890 731 1975 ipsis
757 1891 1021 1957 fundamentum:
1048 1891 1215 1976 rigidiores
1237 1889 1386 1956 Realistae
1409 1890 1604 1955 universale

469 1999 671 2082 completum
701 2007 733 2064 et
763 2000 941 2082 perfectum
968 2000 1092 2082 absque
1120 1999 1240 2065 mentis
1263 2017 1361 2083 opera
1387 1997 1603 2063 contendunt

468 2102 535 2170 dari
554 2104 586 2170 in
606 2123 712 2171 rerum
734 2116 858 2187 natura3
881 2106 1029 2173 Realistae
1050 2126 1125 2172 vero
1145 2105 1302 2173 moderati
1322 2106 1473 2172 volunta
1493 2105 1602 2171 rebus

468 2212 575 2277 offerri
594 2212 846 2279 fundamentum
867 2223 899 2279 et
918 2214 1101 2289 materiam,
1121 2215 1163 2280 ab
1185 2214 1350 2280 intellectu
1370 2224 1480 2279 autem
1499 2232 1603 2278 com-

468 2318 546 2402 pleri
567 2322 705 2385 formam
726 2321 986 2407 universalitatis.
1007 2323 1080 2406 Age
1098 2340 1176 2387 vero
1195 2322 1422 2405 expendamus
1446 2319 1603 2405 singilla-

467 2429 525 2493 tim
553 2428 613 2494 ltas
638 2448 754 2495 omnes
783 2430 973 2505 sententias,
1001 2438 1038 2495 ut
1064 2429 1150 2496 falsis
1181 2428 1322 2515 rejectis,
1353 2448 1463 2495 veram
1492 2429 1603 2493 stabi-

468 2537 598 2603 liamus.
981 2543 986 2554 ’

845 2730 1146 2806 ARTICULUS
1170 2731 1199 2806 I.

532 2899 792 2982 Exponitun
812 2903 857 2965 et
875 2900 1140 2964 confutatur
1157 2901 1521 2965 nominalismus.

516 3095 587 3164 151·
637 3078 912 3156 Nominalismus,
945 3088 980 3143 ut
1011 3097 1115 3162 nuper
1145 3078 1352 3155 dicebamus,
1378 3087 1428 3144 est
1457 3078 1595 3144 illorum

466 3195 628 3271 systema,
649 3187 705 3269 qui
730 3194 850 3271 negant
874 3187 974 3251 ullam
1000 3205 1071 3252 esse
1097 3194 1252 3251 naturam
1274 3185 1509 3261 universalem,
1530 3187 1595 3251 sed

466 3312 563 3359 voces
578 3294 810 3361 tantummodo
829 3302 886 3358 aut
903 3302 1080 3378 conceptus
1095 3312 1166 3359 esse
1181 3295 1396 3359 universales:
1416 3313 1483 3359 non
1497 3296 1593 3376 quod

465 3418 561 3466 voces
589 3411 621 3466 et
647 3410 827 3485 conceptus
861 3419 927 3466 non
954 3402 1019 3466 sint
1048 3402 1080 3466 in
1113 3420 1172 3466 sua
1205 3401 1339 3488 physica
1372 3401 1507 3467 entitate
1537 3421 1593 3468 res

464 3507 615 3589 quaedam
636 3508 816 3594 singulares
835 3519 934 3592 atque
948 3508 1141 3586 individuae,
1162 3508 1219 3574 sed
1233 3510 1309 3592 quia
1325 3518 1404 3575 sunt
1418 3508 1591 3576 universa-

464 3616 510 3680 les
533 3616 565 3685 in
588 3615 795 3701 significando
819 3633 854 3680 ac
877 3619 1138 3697 repraesentando.
1165 3615 1238 3682 Duo
1268 3626 1406 3700 possunt
1428 3616 1591 3702 distingui

462 3743 581 3808 genera
601 3723 828 3788 nominalium:
850 3742 926 3788 nam
946 3723 1115 3809 rigidiores
1131 3725 1239 3802 solum
1258 3724 1435 3792 admittunt
1452 3726 1591 3790 nomina

463 3831 671 3906 universalia,
706 3840 826 3916 negant
852 3839 1052 3896 autemnon
1081 3832 1182 3896 modo
1206 3849 1275 3910 res,
1296 3833 1353 3896 sed
1378 3831 1467 3916 ipsos
1487 3834 1588 3897 etiam

462 3948 640 4024 conceptus
676 3940 888 4005 universales.
921 3937 986 4003 Sed
1014 3939 1158 4004 mitiores
1189 3941 1275 4005 solas
1306 3959 1356 4005 res
1385 3941 1591 4008 universales

467 4056 643 4132 respuunt,
662 4055 847 4131 agnoscunt
866 4064 946 4111 vero
964 4045 1053 4112 ideas
1076 4047 1287 4114 universales.
1313 4047 1410 4114 Primi
1437 4050 1592 4116 nomina-

462 4155 594 4222 lismum
608 4161 738 4238 purum,
760 4153 894 4221 secundi
912 4153 1107 4237 profitentur
1127 4154 1290 4221 mitiorem
1313 4157 1589 4224 nominalismum

462 4282 520 4330 seu
539 4262 843 4344 conceplualismum.

528 4371 754 4438 Nominalismi
774 4371 900 4437 semina
918 4370 1057 4456 reperies
1076 4371 1159 4437 inter
1176 4372 1330 4456 antiquos
1354 4373 1385 4440 in
1405 4372 1587 4458 Epicureis,

462 4481 534 4563 qui,
561 4489 597 4546 ut
617 4481 711 4545 refert
731 4479 907 4565 Angellcus
925 4479 1061 4557 Doctor,
1088 4476 1140 4566 (t)
1156 4479 1312 4557 dt'cebanf,
1332 4483 1417 4566 quod
1438 4481 1523 4548 nihil
1539 4485 1594 4549 esi

494 4720 536 4786 (ι)
573 4713 682 4787 opusc.
699 4710 792 4786 primo
803 4710 842 4772 de
857 4667 1112 4773 Universaia'bus„
