3492 5525
659 0 894 25 nallkao
925 0 1047 43 “0‘'
1073 0 1316 26 uluunt
1342 0 1612 33 UDJl-'ablo
1641 0 1920 25 mulum
1949 0 2038 25 01⁸
2085 0 2211 26 241.Ὶῦ
2234 0 2387 25 Mle
2438 0 2458 23 Ι
2481 0 2581 44 lq]

420 160 574 208 vere
610 150 676 208 et
722 140 979 227 proprie
1032 141 1384 209 convenire
1420 142 1692 227 objectis
1740 151 1941 227 prout
1977 152 2126 211 ente
2164 143 2430 211 rationis
2485 142 2670 209 inve-

420 249 622 325 stitis,
678 258 746 315 at
802 245 1068 316 rationis
1116 251 1367 330 actibus
1419 250 1677 317 nonnisi
1732 251 2100 333 improprie,
2139 252 2663 334 repraesentativa,

417 356 756 423 causaliter
790 366 903 424 aut
935 357 1229 439 vialitcr;
1266 357 1434 425 sicut
1461 358 1744 425 hominis
1772 358 1995 445 imago
2024 358 2284 426 nonnisi
2313 377 2669 444 repraesen-

417 464 619 532 tative
653 464 889 533 dicitur
924 464 1163 542 homo,
1204 474 1272 532 et
1307 466 1474 532 actio
1528 465 1906 533 aedificantis
1943 467 2203 534 nonnisi
2261 467 2514 533 vialiter
2552 476 2670 533 aut

418 573 758 639 causaliter
812 574 1104 640 continet
1157 572 1499 641 artificium
1555 575 1762 669 domi.
1825 575 1976 641 Haec
2024 574 2149 642 illi:
2210 574 2454 659 quibus
2510 574 2667 641 nihil

420 682 896 768 repugnantius
930 682 1244 750 doctrinae
1281 681 1362 750 D.
1403 680 1676 749 Thomae
1712 690 1779 748 et
1829 681 2198 750 Aristotelis
2255 702 2462 768 nuper
2516 684 2672 749 alle-

416 798 610 875 gatae,
653 808 906 857 necnon
945 789 1435 856 definitionibus
1475 789 1655 856 modi
1684 789 1929 874 sciendi
1956 800 2024 859 et
2051 792 2192 878 ejus
2218 791 2666 876 specierum...

418 897 722 982 Seposito
758 896 1040 981 partium
1071 896 1324 974 studit),
1363 897 1704 965 considera
1732 906 1955 965 utrum
1985 898 2148 983 lapis
2175 918 2243 965 v.
2272 919 2345 986 g.
2377 898 2664 982 quadam

417 1005 587 1072 entis
623 1005 858 1072 umbra
894 1006 1168 1072 faedatus
1206 1007 1344 1083 vel,
1386 1005 1440 1073 si
1481 1005 1724 1084 mavis,
1768 1016 2070 1082 ornatus,
2111 1025 2265 1073 vere
2302 1014 2369 1073 et
2407 1006 2666 1091 proprie

416 1113 502 1179 sit
538 1113 744 1180 oratio
781 1114 986 1200 ignoti
1045 1114 1554 1191 manifestativa,
1595 1122 1709 1179 aut
1753 1114 2084 1198 explicans
2134 1114 2483 1180 essentiam
2545 1114 2659 1191 rei,

417 1228 531 1288 aut
566 1220 914 1287 affirmatio
951 1222 1054 1286 vel
1094 1220 1354 1307 negatio
1391 1228 1503 1286 aut
1541 1220 1975 1299 ratiocinatio,
2034 1221 2400 1289 secundum
2459 1240 2661 1306 quam

416 1329 697 1404 scimus,
740 1329 805 1394 in
845 1337 1168 1412 quantum
1207 1328 1420 1413 ipsam
1459 1328 1803 1395 habemus.
1844 1328 1984 1394 Hoc
2023 1330 2312 1412 profecto
2362 1346 2496 1395 non
2546 1329 2670 1395 mi-

417 1455 546 1505 nus
580 1436 863 1503 absurde
900 1435 1173 1513 dixeriS,
1212 1455 1412 1519 quam
1450 1436 1632 1520 quod
1676 1437 1741 1502 in
1796 1435 2235 1502 Grammatica
2281 1455 2415 1503 non
2445 1455 2662 1516 voceS,

416 1545 534 1612 sed
571 1545 826 1623 obiecta
878 1543 1251 1611 fictionibus
1286 1544 1530 1620 obsita,
1581 1544 1712 1610 sint
1770 1562 2017 1621 nomen,
2076 1545 2366 1623 verbum,
2405 1545 2669 1627 partici-

407 1654 620 1736 pium,
679 1652 923 1733 oratio,·
976 1654 1080 1718 vel
1144 1652 1209 1716 in
1268 1652 1526 1719 Poetica
1579 1650 1711 1718 sint
1760 1659 1870 1734 pes
1940 1654 2264 1734 dactylus,
2331 1655 2661 1736 spondeus,

415 1762 702 1836 choreus,
746 1769 855 1826 aut
891 1778 1111 1825 versus
1144 1758 1471 1841 sapphicus
1488 1810 1504 1836 ,
1541 1758 1862 1845 jambicus
1895 1767 2068 1825 etc.»
2105 1756 2233 1847 (1).

554 1869 802 1953 «Apud
844 1869 1022 1952 ipsos
1069 1866 1442 1932 Thomistas
1478 1866 1760 1948 definitio
1781 1867 2119 1952 formalis,
2153 1868 2497 1950 propositio
2516 1869 2665 1954 sor-

416 1976 634 2054 malis‚
692 1975 1090 2059 syllogismus
1109 1973 1411 2057 formalis
1439 1985 1595 2039 sunt
1623 1981 1807 2039 actus
1838 1972 2204 2042 intellectus
2221 2023 2238 2051 ,
2265 1993 2417 2040 nam
2450 1976 2663 2042 inten-

417 2084 628 2151 tiones
665 2084 732 2148 in
760 2083 1018 2169 objecto
1045 2080 1240 2157 fictae,
1280 2077 1500 2147 solum
1534 2080 1838 2147 dicuntur
1867 2082 2265 2166 syllogismus
2298 2083 2655 2172 offlectivus,

414 2191 696 2278 definitio
747 2190 1044 2279 objectiva
1113 2196 1239 2256 etc.
1289 2187 1630 2271 Numquid
1694 2188 1986 2254 similiter
2049 2190 2213 2255 actio
2279 2190 2657 2259 aedificantis

414 2298 750 2365 vocabitur
793 2295 1108 2380 palatium
1144 2296 1454 2379 formale,
1505 2302 1617 2360 aut
1664 2295 1888 2380 imago
1917 2282 2215 2363 'Caesaris
2263 2296 2484 2364 Caesar
2511 2300 2658 2385 fin·

415 2405 674 2472 malis?›)

547 2513 796 2580 «Certe
832 2512 1087 2577 Scholae
1115 2529 1242 2577 usu
1260 2510 1597 2578 tritissimo
1623 2509 1917 2576 additum
1930 2511 2230 2597 fhrmah's
2268 2530 2402 2579 non
2425 2512 2658 2579 alienat

415 2621 854 2709 significatum
886 2618 1202 2695 nominiS,
1247 2620 1362 2684 sed
1401 2618 1726 2703 propriam
1757 2617 2057 2704 designat
2083 2620 2554 2705 acceptionem,
2586 2630 2659 2689 ut

414 2749 567 2797 cum
608 2730 839 2797 dicitur
869 2729 1200 2813 objectum
1222 2727 1535 2812 formale,
1576 2726 2076 2793 constitutivum
2112 2730 2428 2812 formale,
2486 2730 2659 2797 calor

395 2838 730 2925 sentiatis,
772 2847 898 2904 etc.
942 2835 1152 2902 Immo
1197 2835 1250 2902 si
1292 2835 1463 2900 calor
1492 2834 1665 2900 idem
1714 2833 2030 2901 diceretur
2046 2836 2380 2922 formalis,
2425 2837 2657 2904 simul·

415 2964 545 3030 que
583 2964 742 3030 pure
805 2944 999 3008 vialis
1053 2950 1164 3007 aut
1216 2942 1523 3018 causalis,
1565 2943 1904 3008 manifesta
1961 2945 2124 3009 foret
2183 2943 2535 3028 implicatio
2587 2945 2655 3011 in

413 3052 735 3120 terminis,
776 3054 895 3118 Par
923 3051 1118 3135 igitur
1142 3048 1490 3132 implicatio
1517 3057 1648 3125 est,
1679 3050 1838 3115 dum
1872 3048 2135 3116 rationis
2172 3063 2356 3118 actus
2388 3062 2658 3118 vocatur

413 3161 708 3229 definitio
727 3159 1057 3246 formalis,
1089 3156 1419 3241 simulque
1448 3176 1608 3241 pure
1635 3157 1973 3224 causaliter
2002 3166 2116 3225 aut
2145 3158 2392 3225 vialiter
2417 3178 2659 3227 conve-

415 3271 552 3336 nire
589 3269 710 3352 ipsi
748 3266 984 3333 dicitur
1023 3283 1265 3331 nomen
1301 3265 1623 3351 definitio»
1661 3261 1823 3351 (2).⁴

502 3383 705 3444 Prob.
750 3374 856 3446 3.ο
952 3375 1158 3441 Actus
1208 3372 1558 3441 voluntatis
1613 3373 1975 3440 secundum
2026 3376 2339 3441 moralem
2401 3361 2661 3442 rectitu-

411 3487 633 3552 dinem
672 3482 794 3550 sibi
833 3480 1160 3568 propriam
1198 3488 1356 3547 sunt
1393 3482 1662 3546 formale
1690 3481 2020 3568 objectum
2068 3483 2329 3550 Moralis
2368 3483 2658 3550 Philoso-

412 3594 607 3678 phiae.
642 3592 812 3676 Ergo
860 3590 1095 3674 pariter
1132 3595 1318 3655 actus
1356 3589 1725 3655 intellectus
1769 3591 2132 3657 secundum
2161 3591 2495 3676 proprium
2534 3592 2655 3659 sibi
2704 3621 2709 3626 ·

412 3699 757 3767 artificium
790 3705 947 3764 sunt
978 3697 1250 3762 formale
1278 3695 1611 3781 objectum
1637 3697 1915 3782 Logicae.

551 3803 1040 3889 Consequentia
1109 3811 1286 3886 patet
1358 3811 1503 3868 tum
1570 3821 1654 3868 ex
1726 3805 1921 3871 simili
1995 3806 2196 3872 modo
2269 3807 2657 3892 procedendi

410 3916 754 3999 utriusque
811 3910 1134 3987 scientiae,
1182 3918 1327 3975 tum
1377 3930 1460 3977 ex
1496 3913 1877 3978 auctoritate
1913 3911 1979 3980 S.
2021 3913 2296 3980 Thomae
2331 3915 2651 3994 docentiS,
2735 3975 2742 3984 .

480 4171 560 4239 (τ’)
640 4167 916 4231 Losssadfl.
952 4167 1056 4223 isse.
1088 4167 1208 4231 cit..
1244 4184 1364 4231 1:312.
1400 4187 1452 4235 Ἰ,
1488 4183 1544 4219 n.
1580 4187 1668 4231 ’ζ’-ξ*

480 4267 560 4319 {2}
640 4255 912 4319 Lffiffiadn.
952 4255 1052 4311 ine.
1084 4251 1204 4319 cit...
1239 4275 1360 4323 cap.
1396 4275 1448 4323 ἲ.
1484 4275 1540 4307 n.
1580 4275 1660 4320 ῃ.
