3492 5525
550 460 588 527 52
958 444 1181 510 innnonucrro

1411 552 1626 567 *uu-—

500 635 567 702 est.
583 626 640 709 qui
654 632 741 691 certa
755 624 911 691 methodo
922 623 1122 709 theologicas
1137 631 1170 691 et
1184 624 1427 708 philosophicas
1437 623 1626 709 disciplinas

500 734 697 809 tractabant,
715 718 834 817 nempe
849 743 924 817 apte
936 730 1123 798 definiendo
1137 732 1322 799 secundum
1333 733 1437 817 logica
1448 745 1623 818 precepta,

500 848 533 906 et
548 840 580 906 in
595 852 702 925 partes
725 839 960 907 convenientes
975 838 1144 905 materiam
1166 839 1409 916 distribuendo,
1427 840 1622 908 sententiam

500 949 531 1013 in
547 948 663 1031 quavis
682 948 864 1032 quaestione
887 946 1064 1013 tenendam
1085 945 1255 1031 perspicua
1278 946 1499 1031 propositione
1518 965 1625 1013 enun-

500 1057 630 1132 tiando,
646 1075 683 1121 ac
693 1056 783 1121 brevi
799 1064 832 1121 et
845 1072 983 1120 nervosa
997 1055 1285 1140 argumentatione
1300 1055 1343 1119 ad
1361 1056 1502 1121 sormam
1523 1055 1625 1141 syllo-

499 1164 648 1247 gisticarn
658 1148 1106 1238 exacta,demonstrando,ac
1116 1163 1456 1246 demumargumenta
1465 1162 1625 1227 contraria

499 1269 700 1354 dissipando.
716 1268 835 1336 Praeter
855 1269 939 1335 hanc
955 1270 1124 1353 peculiaris
1139 1269 1288 1335 methodi
1304 1270 1442 1334 sormam
1462 1268 1535 1334 duae
1554 1270 1625 1333 ailae

501 1388 587 1443 notae
606 1377 832 1444 scholasticam
843 1376 1085 1460 Philosophiam
1101 1375 1327 1461 distinguunt:
1349 1376 1398 1440 1.⁰
1412 1376 1501 1458 quod
1512 1374 1626 1442 arctis-

499 1484 581 1551 sime
596 1502 744 1551 connoxa
764 1493 814 1549 est
828 1502 905 1552 cum
922 1482 1119 1565 TheoLogia,
1136 1502 1255 1569 quam,
1282 1485 1371 1551 velut
1386 1484 1499 1548 ancilla
1521 1483 1625 1552 dorni·

501 1609 577 1656 narn
597 1602 777 1667 reveretur,
798 1592 893 1674 eique
912 1591 1030 1668 servit,
1046 1590 1265 1659 instrumenta
1289 1602 1322 1657 et
1341 1592 1479 1657 modurn
1500 1590 1624 1657 sciendi

500 1699 713 1783 suppeditans
740 1719 777 1764 ac
806 1697 965 1782 plurimos
994 1699 1170 1764 enucleans
1198 1710 1395 1782 conceptus,
1423 1697 1544 1781 quibus
1571 1698 1625 1762 illa

501 1806 602 1873 utitur
625 1806 665 1871 ad
684 1804 896 1873 scientificam
912 1805 1100 1874 divinorum
1119 1806 1316 1889 dogmatum
1333 1804 1573 1889 expositionem
1591 1818 1623 1869 et

499 1912 782 1981 confirmationem
812 1912 1056 1998 perficiendam.
1084 1920 1135 1979 2.⁰
1156 1912 1298 1981 Maxima
1323 1932 1398 1997 pars
1420 1911 1623 1979 scholasticae

499 2020 655 2089 doctrinae
690 2021 722 2086 in
757 2020 965 2105 Philosophia
990 2040 1033 2087 ex
1062 2020 1270 2104 peripatetica
1298 2019 1483 2085 Aristotelis
1511 2019 1623 2085 schola

500 2129 614 2197 hausta
634 2137 696 2197 est.
718 2127 804 2195 Licet
819 2128 907 2195 enim
928 2128 1172 2211 pluresPatres
1194 2137 1295 2209 atque
1311 2124 1623 2208 ecclesiastici-scri-

500 2246 609 2319 ptores
625 2236 767 2319 priorum
781 2236 978 2303 saeculorum
995 2235 1101 2324 magis
1115 2234 1322 2301 adhaeserunt
1338 2234 1480 2309 Platoni,
1496 2242 1529 2297 at
1543 2252 1622 2298 mox

500 2342 661 2426 paulisper
671 2343 861 2409 Aristoteles
875 2342 970 2427 caepit
986 2341 1140 2426 praeierri,
1157 2362 1193 2407 ac
1208 2342 1342 2406 tandem
1354 2339 1567 2426 triumphavit
1582 2341 1622 2405 de

501 2449 656 2535 Magistro
670 2468 731 2515 suo
746 2450 830 2515 inter
855 2449 1050 2515 christianos
1069 2448 1241 2515 Doctores:
1261 2448 1412 2516 viderunt
1429 2448 1550 2532 quippe
1572 2468 1621 2513 sa-

499 2556 662 2640 gacissimi
684 2558 741 2621 viri
758 2560 925 2622 nerninem
945 2558 1033 2641 apud
1046 2556 1198 2639 antiquos
1213 2555 1374 2641 Stagiritae
1395 2574 1506 2639 parem
1522 2554 1622 2621 luisse

499 2663 531 2728 in
547 2663 676 2747 Logica‚
695 2665 928 2747 neminemque
944 2676 1012 2729 tam
1028 2666 1167 2748 perfecte
1180 2663 1365 2729 universam
1381 2662 1619 2746 Philosophiam
1736 2737 1737 2740 Ἴ

500 2791 570 2837 esse
585 2772 617 2836 in
630 2773 697 2838 suis
710 2771 865 2855 operibus
878 2773 1112 2856 complexum,
1128 2770 1237 2846 Quare
1253 2762 1494 2856 peripateticam
1520 2769 1622 2836 Scho-

500 2880 599 2960 lastici
624 2879 812 2964 Philosophi
836 2880 1018 2945 doctrinam
1044 2880 1146 2944 iecere
1170 2889 1283 2959 suam3
1316 2887 1487 2963 purgatam
1509 2867 1621 2944 tamen
1735 2876 1736 2879 ’

499 2986 589 3051 omni
611 2985 842 3054 enorisnaevo
857 2987 1043 3053 secundum
1063 2985 1208 3050 divinam
1224 2987 1456 3053 revelationem
1472 2992 1504 3050 et
1517 2985 1622 3050 Eccle-
1735 2978 1736 2987 ’

498 3093 553 3158 siae
564 3091 1089 3179 magisterium,etauctametiam
1099 3093 1406 3177 atquecompletam
1418 3093 1619 3168 veritatibus,

499 3218 582 3283 quas
603 3202 635 3267 in
655 3200 725 3272 aliis
748 3199 869 3266 scholis
894 3202 1034 3284 reperire
1059 3208 1249 3284 potuerunt.
1265 3199 1525 3266 Scholasticorum
1545 3201 1623 3266 insi·

498 3325 597 3392 gnem
623 3308 944 3374 commendationem
966 3308 1066 3373 habes
1090 3307 1122 3374 in
1150 3307 1276 3374 Litteris
1297 3307 1470 3393 encyclicis
1492 3308 1624 3374 AEterni

498 3415 605 3480 Patris
619 3413 701 3482 Smi.
719 3413 848 3479 Domini
864 3414 973 3480 Nostri
989 3414 1105 3480 Leonis
1119 3412 1210 3501 Xlli(
1236 3412 1261 3501 ).

568 3520 732 3587 Caeterum
753 3521 913 3605 triplicem
930 3524 1025 3606 juvat
1039 3521 1241 3606 distinguere
1260 3521 1477 3606 Philosophiae
1494 3522 1620 3588 schola-

498 3627 586 3695 sticae
618 3636 767 3695 aetatem:
797 3629 900 3713 prima
930 3628 1015 3694 illius
1044 3630 1134 3695 velut
1162 3628 1414 3696 adolescentiam
1444 3648 1550 3713 usque
1578 3629 1619 3693 ad

498 3753 561 3800 saec
573 3735 637 3804 Xlll
648 3753 656 3816 3
669 3737 769 3802 altera
778 3736 965 3821 juventutis
977 3737 1076 3802 robur
1088 3753 1195 3819 usque
1209 3736 1249 3801 ad
1263 3755 1327 3802 saee
1341 3735 1425 3813 xlv,
1443 3754 1563 3821 nempe
1577 3738 1619 3801 ab

498 3841 633 3907 Alberto
647 3842 693 3907 M.
712 3843 873 3925 usquead
889 3843 1080 3910 Durandum
1094 3861 1113 3908 a
1126 3841 1246 3908 Sancto
1265 3844 1432 3910 Portiano:
1455 3844 1549 3910 tertia
1561 3845 1619 3910 de·

498 3967 590 4015 mum
616 3957 783 4016 senectam
807 3969 872 4035 prae
891 3969 928 4016 se
943 3952 1004 4016 lert
1018 3969 1125 4034 usque
1139 3951 1181 4015 ad
1200 3950 1346 4016 medium
1359 3970 1435 4019 saec.
1454 3949 1527 4020 XV.

416 4137 421 4151 ι
545 4075 597 4142 54.
645 4057 678 4123 ln
699 4057 800 4142 prima
821 4068 932 4134 aetate,
963 4059 1032 4124 sive
1052 4058 1173 4124 scholis
1193 4059 1227 4124 in
1251 4057 1398 4142 pluribus
1418 4057 1554 4124 urbibus
1574 4059 1615 4124 ad

497 4165 685 4249 exemplum
705 4165 816 4230 scholae
831 4166 997 4248 palatinae,
1021 4165 1073 4230 cui
1090 4166 1266 4231 Alcuinum
1285 4165 1421 4248 Carolus
1442 4164 1488 4230 M.
1502 4167 1621 4251 praele-

495 4269 539 4335 cit
558 4271 590 4335 in
606 4288 667 4336 suo
680 4272 813 4355 palatio,
826 4271 1029 4348 instauratis,
1045 4273 1116 4338 sive
1130 4273 1199 4339 aliis
1214 4274 1368 4358 quaejam
1383 4272 1458 4339 inde
1473 4291 1492 4338 a
1507 4273 1620 4339 Casio·

495 4376 564 4441 dori
607 4387 756 4462 ternpore
788 4379 820 4444 in
849 4379 1004 4446 caenobiis
1036 4378 1262 4465 reiigiosorum
1300 4379 1477 4457 florebant,
1512 4381 1619 4465 prima

374 4495 378 4506 ·
496 4485 627 4550 exordia
663 4485 862 4551 scholasticae
900 4486 1150 4571 philosophandi
1179 4488 1292 4553 iormae
1328 4487 1493 4573 assignare
1521 4489 1616 4571 velis3

498 4639 777 4652 t————

529 4714 570 4789 (ι)
608 4715 714 4790 Parag.
731 4717 847 4778 Exinde
859 4717 960 4776 medice
973 4719 1070 4778 aetatis
1081 4721 1229 4781 Doctores.
