3492 5525
536 420 597 505 830
658 424 781 491 Locren
796 424 1024 498 MaJoa-Lru.
1043 441 1113 501 am,
1131 410 1219 489 ursa.
1234 439 1278 508 3.·
1293 425 1373 489 Cae.
1392 440 1460 488 ψ

562 614 666 692 Resp.
687 612 787 676 trans.
807 608 935 694 Major„
955 604 1026 692 neg!
1051 608 1170 673 Minor.
1189 609 1274 674 Nam
1295 608 1371 672 licet
1387 616 1481 673 actus
1504 605 1624 691 aliquis

495 714 725 784 enuntiationis
754 716 909 785 efficiatur
931 735 1007 783 curn
1037 734 1197 783 concursu
1227 714 1359 783 habitus
1387 715 1620 793 conclusionis,

494 824 659 891 conclusio
686 825 828 891 formalis
856 843 967 890 revera
999 842 1064 891 non
1089 832 1198 907 potest
1224 841 1309 899 esse,
1331 822 1391 889 nisi
1418 823 1462 889 sit
1484 824 1622 889 effectus

495 932 671 1014 discursus3
690 952 749 999 nec
762 914 877 999 eadem
892 930 1042 1019 specifica
1053 930 1220 997 conclusio
1232 949 1308 998 cum
1323 931 1383 997 alia
1399 931 1478 998 olim
1493 931 1616 1007 habita,

496 1038 611 1107 nisiex
629 1040 744 1108 iisdem
763 1038 949 1126 praemissis,
969 1060 1006 1107 ac
1024 1040 1087 1116 illa,
1105 1038 1281 1106 derivetur.

848 1337 1151 1415 ARTICULUS
1173 1340 1245 1414 IV.

596 1526 761 1593 Utrum
780 1524 839 1589 ad
857 1524 1146 1590 inferendam
1174 1524 1514 1593 conclusionem

536 1653 796 1719 necessario
823 1653 1092 1733 requiratur
1126 1651 1301 1731 praevia
1327 1654 1486 1717 notitia
1513 1653 1570 1718 de

779 1777 981 1843 bonitate
998 1777 1346 1873 consequentiae.

536 2026 614 2095 2²3·
663 2006 748 2075 Ante
784 2008 895 2073 omnia
924 2008 1107 2074 notandum
1135 2016 1186 2075 est
1212 2007 1299 2074 aliud
1332 2026 1410 2087 esse,
1442 2010 1610 2077 veritatem

491 2116 709 2184 conclusionis
727 2116 778 2181 vel
797 2114 1043 2199 consequentis,
1063 2123 1096 2180 et
1113 2114 1200 2181 aliud
1218 2115 1394 2183 illationem
1413 2119 1467 2184 vel
1485 2117 1611 2184 bonita-

490 2232 558 2290 tem
578 2224 831 2308 consequentia.
853 2224 964 2289 Potest
983 2223 1104 2307 qnippe
1123 2240 1237 2289 verum
1256 2241 1328 2290 esse
1345 2242 1565 2308 consequens,
1577 2236 1609 2291 et

492 2351 558 2398 non
578 2330 671 2416 sequi
689 2350 730 2397 ex
745 2329 933 2415 praemissis,
950 2349 1010 2396 nec
1024 2330 1173 2396 connecti
1188 2348 1264 2396 cum
1279 2329 1353 2407 illis,
1370 2332 1607 2415 quamviscom

492 2440 666 2526 praemissae
685 2448 761 2507 sunt
789 2458 875 2504 verae
897 2447 1049 2522 recteque
1067 2438 1244 2522 disposita,
1275 2456 1446 2525 nunquam
1470 2449 1535 2507 stet
1553 2461 1610 2507 ve-

491 2550 566 2616 ritas
585 2547 801 2615 conclusionis
816 2548 939 2629 absque
953 2545 1095 2611 illatione
1114 2565 1150 2612 ac
1164 2546 1250 2613 bona
1264 2550 1509 2631 consequentia.
1526 2548 1607 2616 Hinc

489 2676 567 2742 ergo
586 2656 695 2723 existit
712 2653 925 2729 dubium-an
943 2650 1049 2737 colligi
1063 2671 1105 2721 ex
1121 2654 1294 2737 praemissis
1312 2655 1478 2723 conclusio
1493 2667 1603 2740 queat,

490 2765 568 2850 quin
588 2763 797 2850 perspiciatur
815 2762 915 2829 illatio
932 2779 991 2828 seu
1006 2760 1168 2828 connexio
1180 2764 1421 2846 praemissarum
1436 2784 1514 2834 curn
1528 2784 1606 2833 con·

488 2873 633 2941 elusione
651 2891 710 2938 seu
725 2870 858 2938 veritate
877 2869 973 2936 illata.

555 2981 682 3065 Duplex
700 2987 749 3046 est
771 2978 870 3045 illatio
889 2995 948 3044 seu
966 2977 1216 3061 consequentia,
1237 2980 1335 3045 altera
1357 2979 1524 3066 objectiva,
1540 2983 1605 3054 for·

375 3143 435 3190 tent
487 3090 579 3156 malis
607 3089 717 3154 altera.
737 3085 909 3171 Objectiva
931 3085 1077 3151 consistit
1101 3085 1133 3150 in
1161 3086 1365 3152 connexione
1387 3088 1603 3172 objectorum,

452 3174 458 3187 ⁸
486 3197 518 3263 vi
537 3197 630 3281 cujus
649 3195 762 3278 nequit
781 3193 944 3279 objectum
964 3194 1205 3279 praemissarum
1224 3211 1298 3260 esse
1316 3213 1449 3270 verum,
1469 3195 1549 3279 quin
1564 3197 1605 3262 sit

486 3305 582 3373 etiam
612 3321 725 3369 verum
751 3301 968 3367 conclusionis
995 3301 1177 3387 objectum;
1204 3300 1348 3368 formalis
1371 3303 1478 3386 posita
1501 3305 1605 3370 estin

487 3423 573 3480 recta
591 3410 803 3496 dispositione
821 3409 1037 3475 terminorum
1062 3407 1247 3476 formalium
1265 3409 1449 3477 secundum
1480 3411 1605 3495 Lngicae

487 3529 661 3607 praecepta,
677 3527 840 3602 quatenus
855 3517 972 3583 idonea
986 3525 1063 3582 sunt
1080 3517 1122 3582 ad
1136 3525 1220 3583 recte
1243 3517 1509 3586 concludendum
1527 3537 1607 3585 con·

486 3629 751 3710 vincendumquc
773 3625 806 3691 in
833 3642 1041 3709 quacumque
1060 3625 1210 3701 materia,
1233 3625 1285 3690 vel
1305 3624 1331 3691 si
1354 3623 1477 3704 maris,
1505 3625 1605 3693 illatio

486 3735 629 3804 formalis
644 3743 694 3802 est
705 3734 916 3800 conformitas
928 3729 1108 3818 syllogismi
1119 3750 1196 3798 curn
1207 3731 1328 3817 regulis
1342 3732 1483 3819 Logicae.
1497 3733 1605 3800 Prima

485 3846 600 3911 harum
618 3841 925 3924 consequentiarum
949 3847 1033 3906 stare
1052 3849 1163 3922 potest
1181 3840 1251 3907 sine
1270 3841 1430 3918 secunda,
1447 3843 1607 3926 quemad·

485 3954 620 4019 moduni
641 3959 790 4017 notatum
813 3949 914 4014 estin
940 3945 1189 4036 Dialecticalt).
1209 3947 1247 4015 Et
1272 3948 1314 4015 de
1334 3959 1473 4033 utraque
1492 3971 1605 4035 proce·

483 4061 559 4125 dere
585 4067 693 4143 potest
717 4073 861 4142 presens
886 4056 1040 4139 quaestio,
1059 4053 1288 4141 investigando
1314 4075 1451 4141 nempe,
1471 4077 1514 4125 an
1527 4069 1603 4126 ante

482 4166 726 4234 conclusionem
750 4164 866 4230 debeat
885 4181 1014 4248 semper
1036 4162 1187 4247 explicite
1206 4162 1278 4228 ferri
1293 4163 1453 4248 judicium
1474 4167 1544 4232 sive
1562 4169 1603 4233 dc

481 4273 709 4341 conformitate
729 4270 882 4338 ratiocinii
905 4288 980 4337 cunr
1003 4268 1116 4355 logicis
1134 4270 1319 4355 praeceptis,
1340 4272 1409 4338 sive
1427 4275 1546 4340 saltem
1561 4275 1603 4342 de

484 4381 659 4448 necessaria
678 4379 881 4447 connexione
894 4377 1011 4464 objecti
1030 4377 1269 4463 praemissarum
1284 4397 1361 4446 cum
1376 4381 1506 4466 objecto
1524 4401 1605 4451 con·-

481 4491 648 4557 clusionis.

515 4723 556 4798 (ι)
592 4719 667 4781 Vide
682 4718 819 4788 Lossada‚
836 4717 924 4794 Lag„
938 4730 1022 4778 tract.
1036 4718 1066 4786 6,
1079 4718 1158 4792 disp.
1177 4739 1201 4786 r,
1215 4738 1279 4793 cap.
1295 4679 1322 4793 a,
1337 4739 1370 4780 a.
1386 4741 1411 4780 r.
