3492 5525
352 438 356 446 ·
474 522 478 529 Ι
568 442 627 521 982
682 440 1504 522 mininistros-tro.a.==·.Drs¹³·4·⁸CP’-3·²'

596 629 690 695 Adde
707 629 800 711 quod
817 627 920 695 nimis
933 648 1017 715 vaga
1035 627 1163 693 videtur
1181 627 1293 712 regula
1303 624 1538 711 distinguendi
1554 623 1648 689 scien

527 736 590 802 tias
622 754 662 803 ex
692 735 824 822 obJecto
854 735 1038 819 principali,
1071 754 1148 801 curn
1186 752 1254 818 quo
1285 733 1409 818 reliqua
1430 734 1555 799 omnia
1580 751 1649 797 con-

528 843 703 910 nexionem
730 844 888 919 habeant,
914 843 991 927 quia
1019 862 1085 909 non
1103 845 1183 909 satis
1199 831 1315 909 delinit
1331 844 1364 908 in
1390 860 1461 926 quo
1480 841 1645 913 consistat

527 961 561 1018 et
579 960 701 1037 quanta
719 951 902 1036 requiratur
917 950 1140 1017 subordinatio
1158 960 1192 1015 et
1209 950 1370 1016 connexio
1382 950 1598 1036 objectorum
1615 950 1649 1011 ad

527 1060 609 1135 hoc,
629 1068 666 1124 ut
682 1060 725 1127 ab
743 1076 810 1125 una
826 1058 960 1126 scientia
978 1057 1224 1124 considerentur
1241 1056 1304 1145 (r).

415 1210 428 1239 e
454 1208 475 1239 ι.
594 1173 713 1235 Prima
737 1188 823 1235 vero
845 1171 1018 1233 sententia
1039 1167 1071 1231 in
1099 1166 1213 1249 primis
1236 1164 1379 1231 mardme
1396 1163 1650 1231 commendatur

371 1294 378 1306 ·
430 1337 435 1345 .
527 1276 718 1342 auctoritate
735 1274 949 1359 antiquitatis.
1368 1349 1372 1355 ¹

473 1366 480 1379 ’
592 1390 638 1451 Et
652 1388 815 1466 probatur
833 1382 972 1458 ratione,
992 1381 1069 1466 quia
1094 1381 1174 1456 illud
1192 1380 1385 1447 diversificat
1400 1381 1554 1464 speciem
1576 1388 1651 1444 tora

527 1488 610 1575 lium
627 1490 854 1566 scientiarum,
875 1490 964 1573 quod
982 1488 1177 1557 diversificat
1195 1488 1398 1555 scibilitatenr
1429 1490 1649 1573 objectorum.

526 1596 627 1681 Atqui
646 1597 817 1663 abstractio
835 1597 1023 1673 amatoria,
1046 1605 1141 1681 prout
1161 1596 1266 1682 primo
1289 1596 1447 1680 reperitur
1473 1597 1508 1661 in
1539 1594 1651 1680 princi

525 1704 599 1789 piiS,
613 1714 646 1772 et
656 1705 732 1771 inde
745 1704 913 1770 descendit
931 1706 970 1770 ad
990 1704 1220 1771 illuminandas
1234 1703 1453 1770 diversimode
1468 1703 1652 1769 conclusio

525 1832 601 1889 nes,
621 1811 816 1878 diversificat
832 1811 1035 1879 scibilitatem
1055 1812 1272 1897 objectorum.
1292 1811 1417 1895 Ergo...

590 1926 708 1987 Minor
725 1919 896 2003 probatur,
918 1919 995 2003 quia
1014 1920 1091 1985 nihil
1111 1928 1162 1985 est
1179 1918 1305 1995 scibile,
1327 1919 1388 1984 nisi
1406 1938 1467 2003 per
1489 1918 1648 1989 medium,

523 2046 630 2112 eoque
648 2025 821 2113 perfectius
838 2034 890 2092 est
906 2027 1027 2110 aliquid
1045 2027 1259 2112 intelligibile,
1279 2045 1346 2109 quo
1365 2026 1476 2111 magis
1495 2026 1651 2093 abstrahit

524 2155 542 2201 a
570 2135 720 2211 materia,
748 2144 780 2199 et
807 2133 954 2199 similiter
979 2135 1121 2219 cognitio
1148 2154 1188 2199 eo
1215 2145 1265 2200 est
1282 2134 1416 2209 certior,
1442 2152 1517 2216 quo
1540 2148 1593 2201 est
1614 2135 1650 2199 de

523 2243 652 2328 objecto
672 2241 937 2308 immaterialiori.
958 2242 1043 2327 Ergo
1062 2260 1120 2325 pro
1137 2242 1268 2329 diversu
1293 2242 1398 2326 gradu
1428 2240 1651 2307 immateriali-

521 2350 598 2417 tatis
616 2350 667 2416 vel
685 2348 913 2415 abstractionis
937 2369 956 2414 a
979 2349 1128 2425 materia,
1153 2348 1318 2433 objectum
1342 2348 1573 2415 diversimode
1596 2353 1650 2416 sci

523 2459 588 2525 bile
602 2456 780 2523 obtinetur.

590 2565 689 2648 ldque
707 2552 920 2630 confirmatur
937 2582 956 2627 a
975 2563 1160 2647 posteriori,
1181 2562 1256 2646 quia
1281 2582 1392 2629 revera
1411 2566 1647 2652 Merapbysica

522 2671 679 2738 Mathesis
693 2691 730 2737 ac
750 2670 960 2755 Philosophia
975 2672 1129 2737 naturalis
1142 2670 1175 2737 in
1194 2672 1261 2737 suis
1275 2671 1412 2753 objectis
1426 2671 1648 2739 diversimode

520 2780 783 2846 abstrahentibus
801 2800 820 2843 a
838 2779 972 2844 materia
986 2780 1221 2846 diversissimas
1236 2781 1320 2845 inter
1337 2799 1374 2846 se
1390 2781 1538 2848 rationes
1560 2783 1650 2847 intel

522 2888 660 2974 ligibiles
679 2905 745 2972 prae
763 2905 799 2952 se
818 2889 937 2953 terunt.

587 2993 671 3070 Qrae
686 3013 763 3060 cum
781 2993 826 3060 ita
840 2993 922 3070 sint,
943 2995 1114 3060 abstractio
1133 3015 1152 3059 a
1171 2994 1304 3060 materia
1317 2995 1480 3081 objectiva
1501 3007 1646 3082 sumpta,

520 3110 685 3186 quatenus
707 3102 862 3185 importat
881 3103 913 3167 in
933 3102 1060 3188 objecto
1078 3102 1290 3187 capacitatem
1309 3103 1350 3168 ad
1372 3103 1647 3171 abstractionem.

521 3218 605 3276 recte
623 3209 685 3275 dici
703 3210 787 3275 solet
805 3210 885 3274 ratio
904 3209 1047 3275 formalis
1064 3209 1123 3276 sub
1139 3227 1203 3293 qua
1219 3209 1338 3295 objecti
1356 3209 1444 3276 illius
1467 3211 1503 3277 in
1523 3211 1649 3278 ratione

520 3316 656 3391 scibilis,
675 3315 861 3400 diversique
879 3317 1001 3402 gradus
1019 3316 1242 3384 abstractionis
1260 3317 1399 3383 totidem
1419 3318 1570 3384 rationes
1579 3321 1650 3403 sor-

519 3426 615 3490 males
630 3425 690 3490 sub
705 3425 818 3508 quibus
836 3443 894 3508 pro
911 3423 1048 3490 diversis
1066 3425 1207 3490 scientiis
1224 3426 1430 3492 constituunt
1447 3424 1462 3512 (
1488 3425 1515 3510 ).

360 3532 452 3589 osaea
563 3533 642 3617 289.
689 3537 817 3600 contra
846 3541 937 3598 hanc
968 3537 1176 3599 sententiam
1209 3537 1311 3614 objici
1340 3533 1373 3598 in
1408 3534 1526 3617 primis
1550 3538 1647 3610 solet,

304 3602 506 3722 ”ffissffl'
519 3639 611 3722 quod
625 3638 686 3706 iste
700 3638 819 3712 modus
834 3637 1020 3725 assignandi
1035 3638 1194 3705 unitatem
1209 3641 1260 3704 vel
1275 3639 1540 3718 distinctionem,
1561 3647 1650 3710 unde

520 3747 628 3812 unitas
650 3748 702 3812 vel
720 3746 886 3812 distinctio
908 3747 1115 3813 scientiarum
1136 3755 1280 3832 petatur,
1309 3765 1375 3813 non
1395 3749 1439 3814 sit
1455 3753 1651 3818 communis

517 3855 690 3931 omnibus,
721 3873 797 3920 nam
826 3855 936 3920 locum
966 3873 1032 3920 non
1052 3854 1150 3920 habet
1167 3853 1200 3920 in
1227 3852 1344 3940 logica
1372 3865 1405 3920 et
1435 3856 1651 3944 Philosophia

516 3963 642 4030 morali.

586 4075 654 4138 sed
674 4074 877 4161 responderi
896 4077 1004 4155 potest
1023 4069 1160 4134 modurn
1179 4071 1279 4138 istum
1301 4071 1406 4137 valere
1426 4092 1487 4157 pro
1500 4075 1650 4144 scientiis

521 4177 747 4263 speculativis;
762 4176 879 4262 Logica
890 4194 969 4241 vero
981 4184 1014 4240 et
1028 4175 1232 4262 Philosophia
1244 4177 1376 4244 moralis
1389 4180 1541 4264 practica
1553 4195 1648 4250 sunt.

552 4461 593 4532 (1)
631 4460 735 4519 Videri
757 4473 852 4532 potest
876 4461 938 4518 haeo
953 4460 1096 4518 sententia
1110 4459 1203 4519 fusius
1221 4460 1346 4536 refutata
1359 4485 1377 4522 a
1393 4463 1648 4528 conimbricensi-

519 4551 584 4620 bus,
601 4551 654 4609 loc.
675 4551 723 4610 cit.
746 4564 802 4608 art.
821 4571 844 4607 r.
860 4551 959 4609 Sectio
976 4549 1099 4607 articuli
1110 4562 1139 4606 et
1152 4569 1169 4608 a
1184 4550 1289 4619 Joann.
1304 4573 1322 4610 a
1337 4551 1371 4612 S.
1386 4553 1495 4616 Thom.
1519 4559 1575 4618 loc.
1596 4560 1644 4618 eit.

517 4641 591 4699 Dico
601 4641 707 4713 primo.

553 4733 593 4795 (a)
630 4727 720 4786 Plura
733 4726 771 4786 de
783 4726 831 4786 his
845 4727 984 4788 incitatis
998 4727 1183 4790 Auctoribus.
