3492 5525
575 430 635 498 286
763 435 887 500 Loorca
908 431 1161 499 limum-Dim
1183 448 1227 497 a·
1248 432 1327 499 Can.
1353 449 1423 517 aum

601 620 644 685 Ut
669 638 765 703 porro
789 627 1092 706 syncategoremata
1118 618 1344 701 aequivalentia
1367 620 1400 685 in
1425 626 1580 705 promptu
1607 620 1661 683 ha·

534 726 628 803 beas,
646 729 716 792 lraec
728 726 786 793 tibi
799 728 945 793 carmina
964 727 1113 812 praesidio
1132 736 1242 795 erunt:

556 913 635 972 Non
653 911 780 985 omnis,
801 911 942 991 quidam
960 929 1047 983 non;
1069 912 1193 973 Omnis
1210 927 1299 985 non,
1319 911 1418 991 quasi
1436 910 1566 973 nullus.

463 1087 466 1096 ¹
555 1020 635 1079 Non
653 1018 786 1097 nullus,
807 1018 964 1097 quidam3
985 1019 1047 1083 sed
1066 1020 1183 1080 nullus
1201 1036 1288 1091 non,
1309 1020 1402 1081 valet
1419 1018 1548 1080 omnis.

313 2278 375 2335 Quid
392 2279 513 2333 conversio,

555 1126 635 1187 Non
652 1126 788 1205 aliquis,
808 1127 942 1199 nullus;
963 1143 1034 1189 non
1052 1126 1193 1205 quidem
1211 1144 1293 1199 non,
1307 1127 1399 1188 velet
1417 1126 1532 1188 omnis
1544 1114 1610 1207 (r).
1723 1094 1724 1107 ³

600 1262 659 1328 llae
667 1270 779 1329 tamen
791 1265 911 1349 regulae
922 1264 1033 1331 valent
1042 1264 1153 1331 solum
1162 1283 1222 1348 pro
1235 1263 1512 1348 propositionibus
1526 1262 1567 1329 de
1577 1262 1659 1329 sub-

528 1371 617 1455 jecto
634 1369 806 1437 communi
824 1380 858 1437 et
877 1370 910 1435 in
931 1370 1157 1455 suppositione
1177 1372 1264 1437 reali.
1285 1372 1370 1437 Nam
1392 1368 1655 1456 propositionum

531 1476 745 1561 singularium
761 1487 794 1543 et
808 1478 849 1543 de
858 1478 1007 1563 subjecto
1021 1478 1054 1545 in
1065 1477 1291 1563 suppositione
1303 1476 1478 1555 materiali,
1495 1476 1655 1561 simplici,
1723 1535 1724 1571 ,

531 1583 699 1650 collectiva
713 1593 745 1652 et
758 1586 913 1663 confusa,
939 1603 1006 1651 non
1019 1586 1228 1670 assignantur
1245 1585 1508 1669 aequipollentes.
1723 1572 1724 1593 ¹

897 1866 1198 1946 narremus
1220 1867 1287 1941 111.
1326 1846 1331 1855 ’

694 2020 765 2085 De
787 2019 1089 2085 conversione
1107 2019 1486 2102 propositionum.

578 2250 653 2316 132.
699 2230 891 2307 Conversio,
903 2248 962 2297 seu
975 2232 1196 2316 reciprocatio,
1209 2240 1259 2298 est
1268 2231 1366 2305 unius
1380 2228 1610 2315 propositionis
1620 2230 1653 2295 in
1723 2242 1724 2291 t

524 2337 622 2407 aliam
639 2357 697 2423 per
711 2340 928 2405 terminorum
944 2338 1231 2422 transpositionem
1247 2338 1391 2404 formalis
1404 2337 1651 2421 consequentia.
1723 2316 1724 2385 Ῑ

527 2444 740 2531 Exemplum:
761 2446 875 2512 Omnis
894 2446 981 2511 hauto
998 2448 1047 2511 est
1060 2446 1200 2527 animal;
1219 2463 1299 2531 ergo
1317 2445 1446 2529 aliquod
1470 2445 1593 2509 animal
1608 2450 1658 2510 est
1723 2434 1724 2524 J

526 2552 631 2620 hamo:
649 2556 767 2622 Nullus
781 2554 868 2619 borao
885 2556 933 2619 erl
947 2554 1028 2635 lapis
1033 2572 1047 2634 ;
1062 2572 1141 2639 ergo
1156 2555 1263 2619 nullus
1281 2552 1362 2635 lupis
1380 2556 1426 2619 esl
1439 2552 1537 2619 honlo.
1558 2550 1653 2617 Ratio

525 2661 750 2727 conversionis
759 2660 957 2729 tundaturin
969 2660 1136 2727 identitate
1146 2680 1183 2727 ac
1195 2660 1408 2744 discrepantia
1420 2660 1650 2735 terminorum,
1723 2646 1724 2723 i

524 2786 600 2852 quae
613 2769 647 2835 in
666 2770 782 2853 quavis
802 2769 1027 2855 propositione
1041 2770 1250 2846 enuntiatur,
1268 2780 1303 2836 ut
1318 2768 1398 2836 satis
1416 2787 1474 2853 per
1491 2787 1529 2836 se
1547 2777 1650 2853 patet.

592 2875 790 2961 Propositio,
808 2879 902 2963 cujus
917 2886 1064 2943 extrema
1080 2884 1345 2953 commutantur,
1361 2875 1652 2958 diciturconoersa;
1723 2937 1724 2948 ,

524 3003 659 3051 cavero
677 3002 751 3068 quae
764 2983 803 3050 frt
816 3003 859 3050 ex
872 2983 1023 3051 terminis
1037 2983 1270 3062 commutatis,
1286 2987 1480 3052 convertens.

367 3151 419 3181 Μ
444 3151 478 3181 ω
584 3091 714 3175 Triplex
741 3093 825 3157 solet
852 3091 1009 3177 distingui
1034 3093 1221 3168 conversio,
1241 3091 1390 3174 simplex,
1417 3099 1477 3174 per
1506 3091 1651 3158 acodens
1723 3079 1724 3152 l

310 3279 383 3324 '⁶⁰³⁸
406 3295 418 3323 ³
453 3281 537 3334 ⁵⁸¹⁸·
522 3305 557 3369 in
571 3305 729 3382 terminis
746 3315 795 3372 est
804 3306 896 3380 rlla
889 3325 921 3371 m
932 3324 997 3390 qua
1010 3307 1125 3372 eadem
1135 3325 1303 3372 conversae
1318 3305 1483 3390 quantitas
1495 3305 1650 3372 retinetur

523 3410 556 3477 in
572 3413 792 3497 propositione
807 3421 1034 3481 convertente.
1051 3411 1093 3478 V
1109 3433 1159 3500 ga
1175 3411 1393 3480 Nullusbomo
1406 3413 1563 3496 arllupis;
1576 3429 1650 3496 ergo

522 3521 631 3585 nullm
648 3520 729 3602 lapis
745 3524 794 3586 est
808 3520 975 3588 honorat
975 3520 1071 3606 lr'qur's
1089 3521 1176 3588 homo
1193 3526 1242 3589 est
1255 3524 1383 3603 doctum
1412 3539 1493 3607 ergo
1520 3520 1649 3605 alr'qm
1723 3551 1724 3556 ,

521 3629 646 3693 malum
659 3631 708 3693 est
723 3627 822 3694 bomo.

396 3796 408 3826 c
444 3795 472 3826 ο,
589 3734 649 3799 Per
676 3735 835 3812 maidens,
854 3753 922 3818 qua
945 3736 1029 3800 solet
1048 3735 1255 3819 quoquedici
1269 3733 1441 3801 conversio
1459 3733 1642 3817 inparem,

432 3865 445 3894 r
485 3877 497 3908 ι
522 3852 573 3909 est
590 3843 656 3919 illa,
680 3843 715 3908 in
731 3861 797 3925 qua
815 3852 962 3909 mutatur
980 3841 1146 3939 quantitas
1162 3841 1395 3928 propositionis
1418 3859 1589 3908 conversae
1607 3861 1648 3908 ex

363 3209 405 3252 sim
430 3224 487 3291 ex¹
523 3208 558 3264 et
570 3198 947 3280 percontraposa'lionem.
965 3198 1129 3283 Simplex,
1146 3208 1366 3284 quaevocatur
1380 3197 1477 3264 etiarn
1491 3199 1651 3264 menardo

1723 3367 1724 3412 r

524 3950 726 4018 universali
717 3968 750 4017 rn
770 3949 1016 4035 particularem,
1037 3958 1089 4015 ut:
1113 3948 1226 4016 Omnis
1245 3951 1332 4016 bomo
1348 3953 1397 4016 est
1415 3947 1550 4032 animal
1568 3968 1647 4035 ergo

519 4059 651 4144 aliquod
674 4057 797 4125 animal
821 4062 869 4124 est
896 4057 997 4124 homo:
1024 4056 1144 4124 Nullus
1168 4056 1300 4141 spiritus
1332 4059 1382 4124 ast
1412 4063 1543 4140 carpum
1568 4075 1648 4142 ergo

519 4167 649 4252 aliquod
664 4173 777 4248 carpus
794 4183 858 4231 non
876 4167 925 4230 esi
939 4164 1082 4247 spiritus.

543 4368 596 4442 tr)
632 4361 701 4420 Vid.
713 4359 853 4430 Losseda,
861 4359 916 4418 loc.
925 4359 974 4418 cit.
985 4378 1048 4431 cap
1058 4378 1085 4432 4,
1096 4379 1125 4418 n.
1136 4377 1163 4432 4,
1175 4357 1453 4420 ubiexistimatctrm
1464 4360 1645 4430 Ceramuele,

519 4431 688 4512 Nouamuis
699 4471 758 4509 non
766 4469 830 4508 esse
840 4468 960 4521 prorsus
972 4447 1047 4506 idem
1056 4468 1088 4506 ec
1097 4449 1207 4521 aliquis
1218 4468 1284 4520 non,
1294 4449 1344 4508 sed
1354 4447 1649 4522 aequivalereduobus

519 4543 600 4601 hisce
613 4542 726 4615 aliquis
739 4559 796 4598 eon
805 4551 836 4598 ct
852 4539 963 4613 aliquis
975 4539 1030 4596 sic.
1042 4536 1098 4596 Et
1089 4549 1130 4596 rte
1144 4537 1234 4612 vulgo
1248 4539 1376 4597 solemus
1388 4538 1475 4598 etiem
1485 4537 1649 4614 intelligere

520 4631 629 4705 passim
642 4628 786 4702 ejusmodi
798 4627 1023 4703 propositiones,
1035 4641 1069 4686 ut
1078 4626 1207 4689 assemS
1219 4628 1315 4687 Pauli.
1327 4627 1396 4686 Nora
1405 4648 1502 4688 amnes
1511 4629 1649 4690 obediunt

521 4723 700 4799 Ευακμὶιος
693 4719 743 4780 ·id
757 4731 803 4778 est
816 4719 913 4793 aliqui
924 4718 1065 4778 obediunt
1071 4718 1190 4792 ,aliqui
1201 4737 1257 4776 aare
1275 4719 1426 4778 obediuul.
