3492 5525
492 466 569 529 Car.
595 478 666 546 ψ
688 463 738 528 De
758 482 940 531 evincunt
1174 478 1233 546 507

192 655 303 732 objic.
324 655 374 717 5?
418 648 462 713 Ea
474 647 622 733 specifice
637 664 705 717 non
720 648 889 725 differunt,
904 666 981 733 quae
992 650 1101 715 solum
1116 646 1274 715 extrinse-

146 778 184 823 ce
194 758 278 824 inter
287 770 324 823 se
333 754 606 822 discriminantur.
622 754 725 839 Atqui
738 756 900 825 certitudo
914 753 1149 842 metaphysica,
1162 754 1274 841 physi-

146 885 185 929 ca
209 873 242 929 et
264 864 397 929 moralis
423 865 534 931 solum
560 862 741 930 extrinsece
765 864 1048 939 discriminantur,
1065 881 1190 950 ‘nempe
1216 881 1273 947 per

146 972 297 1038 ordinem
313 971 353 1037 ad
367 971 534 1056 objectum
554 972 705 1047 formale,
722 988 781 1039 seu
794 972 958 1039 motivum
973 970 1271 1055 assensuslirgo...

214 1087 320 1163 Resp.
350 1098 421 1163 neg.
449 1078 568 1146 Minor.
594 1079 679 1143 Nam
708 1078 783 1145 licet
810 1078 946 1145 anobis
970 1097 1027 1163 per
1054 1078 1203 1143 ordinem
1231 1076 1271 1142 ad

145 1186 269 1271 aliquid
284 1188 506 1253 extrinsecum
526 1186 706 1273 declaretur
724 1186 888 1253 distinctio
906 1187 1005 1254 trium
1021 1186 1158 1253 istarum
1178 1187 1273 1251 certi·

145 1294 316 1370 tudinum,
336 1301 381 1358 'at
408 1292 470 1358 illae
499 1310 563 1359 non
594 1293 774 1359 extrinsece
802 1294 976 1361 dumtaxat
1006 1292 1268 1379 distinguuntur,

144 1402 203 1467 sed
222 1402 404 1467 secundum
432 1401 639 1467 intrinsecam
664 1400 897 1485 perfectionem
925 1402 1026 1467 modo
1042 1402 1111 1484 jam
1130 1400 1272 1486 explica·

143 1518 179 1575 to
196 1506 259 1598 (r).
283 1508 367 1575 Cum
388 1508 475 1573 enim
497 1509 662 1593 obiectum
682 1510 817 1575 formale
836 1528 896 1576 seu
921 1510 1085 1576 motivum
1103 1508 1220 1575 influat
1238 1509 1270 1576 in

143 1634 336 1693 assensum,
359 1634 490 1683 necesse
519 1625 569 1682 est
588 1616 821 1701 perfectionem
846 1617 1051 1683 entitativam
1079 1627 1173 1685 actus
1191 1618 1271 1683 certi

42 1762 44 1767 ·
144 1725 421 1810 proportionalem
440 1742 512 1791 esse
531 1723 591 1808 ipsi
611 1726 739 1809 objecto
757 1722 820 1813 (a).

189 1838 300 1914 Obiic.
321 1831 375 1899 ⁶.⁰
422 1830 621 1916 Negationes
640 1852 676 1899 ac
702 1832 901 1917 privationes
917 1833 1026 1916 specie
1055 1833 1185 1899 differre
1215 1852 1272 1899 ne·

143 1949 286 2024 queunt.
308 1939 409 2022 Atqui
427 1939 586 2006 certitudo
611 1940 819 2025 negationem
839 1941 1012 2024 importat,
1038 1940 1187 2009 videlicet
1209 1940 1273 2007 im·

144 2046 400 2131 possibilitatem
420 2047 575 2131 oppositi.
596 2048 738 2134 Ergo...

188 2161 295 2239 Resp.
309 2153 384 2221 dist.
401 2154 492 2240 Maj.:
513 2156 695 2221 secundum
710 2174 764 2233 se,
780 2159 897 2240 trans.;
915 2156 1038 2223 ratione
1048 2156 1099 2223 sui
1113 2156 1269 2241 oppositi,

142 2281 212 2345 neg.
229 2261 284 2328 Sic
301 2262 427 2333 caecitas
451 2269 484 2327 et
502 2261 644 2329 surditas
667 2262 818 2349 specifice
841 2262 1044 2350 discrepant,
1067 2283 1133 2329 non
1152 2282 1271 2330 secun-

141 2369 223 2435 dum
245 2371 350 2435 solam
366 2370 525 2435 rationem
542 2370 743 2456 negationis,
764 2372 822 2439 sed
837 2372 1020 2439 secundum
1036 2370 1193 2457 positivas
1207 2372 1271 2437 for·

142 2496 233 2553 mas,
255 2475 378 2560 quibus
397 2476 526 2561 privant
545 2473 609 2563 (3).
814 2560 816 2565 Ι

209 2584 296 2652 Dist.
325 2584 423 2649 etiam
442 2584 563 2649 Minor.
586 2584 755 2651 Certitudo
783 2588 888 2652 solam
909 2586 1118 2671 negationem
1148 2584 1270 2671 impor-

140 2700 206 2769 tat,
228 2710 315 2776 neg.;
335 2692 541 2776 negationem
562 2692 660 2757 simul
679 2710 755 2758 cum
780 2692 919 2778 positiva
938 2694 1134 2778 perfectione
1158 2694 1271 2782 cogni·

139 2800 259 2876 tionis,
283 2809 398 2866 natura
416 2817 476 2865 sua
495 2799 685 2878 infallibilis,
705 2821 794 2868 conc.
815 2797 879 2888 (4).

552 3135 752 3220 CAPUT
783 3135 856 3221 lll.

425 3319 527 3382 DE
551 3320 984 3410 ΕνῑῡΕΝΤΙᾼ.

204 3544 357 3622 Quaestio
379 3543 460 3610 circa
484 3543 680 3610 evidentiam
700 3543 814 3611 intime
833 3556 985 3612 conserta
1011 3554 1062 3614 est
1079 3565 1156 3614 cum
1175 3567 1266 3633 quae-
1338 3564 1428 3620 Quat.

134 3655 245 3722 stione
264 3652 350 3718 circa
368 3649 605 3716 certitudinem.
627 3649 837 3734 Quamquam
857 3653 945 3718 enim
966 3653 1068 3738 possit
1081 3673 1154 3722 esse
1171 3659 1266 3724 certi·
1278 3637 1483 3752 “³¹:1³2ffld‘*
1567 3633 1570 3640 Ι

134 3762 220 3828 tudo
239 3759 365 3842 absque
385 3758 562 3833 evidentia,
580 3767 614 3824 ut
629 3758 742 3825 accidit
756 3759 787 3830 in
804 3769 879 3826 actu
894 3759 980 3826 Fidei
996 3764 1262 3848 supernaturalis,
1312 3778 1449 3824 emitterre.

134 3889 213 3953 quae
233 3865 467 3933 obscuritatem
492 3865 588 3932 habet
614 3862 682 3952 (5l;
705 3884 770 3932 non
794 3877 907 3934 tamen
932 3878 1040 3953 potest
1063 3890 1081 3935 e
1105 3889 1265 3938 converso

134 3974 304 4042 evidentia
323 3991 395 4038 esse
414 3974 537 4056 absque
554 3974 758 4040 certitudine.
779 3975 888 4059 Atque
907 3979 976 4043 haec
994 3996 1091 4044 causa
1110 3979 1188 4055 fuit,
1205 3998 1263 4046 cur

134 4083 258 4149 ethnici
273 4079 475 4164 Philosophi,
489 4080 544 4163 qui
560 4079 644 4146 Fidei
655 4080 773 4148 divinae
785 4081 898 4149 notitia
911 4084 1183 4162 destituebantur,
1197 4105 1263 4152 non

133 4191 233 4256 aliam
246 4187 476 4255 certitudinem
493 4201 706 4273 agnoscerent
719 4199 833 4275 praeter
844 4211 930 4268 eam,
947 4209 1020 4277 quae
1034 4194 1261 4280 cognitionum

170 4406 213 4474 (ι)
252 4401 523 4474 Superius,n.65.

168 4497 210 4565 (a)
248 4493 327 4549 Vide
342 4511 431 4562 supra
447 4511 476 4548 n.
494 4510 536 4563 55.

170 4589 213 4658 (3)
252 4581 358 4640 Conir.
375 4580 409 4638 S.
425 4579 530 4639 Thom.
551 4603 560 4640 r
579 4603 606 4654 p.
625 4603 653 4655 q.
673 4605 714 4654 ιι,
729 4597 785 4644 art.
800 4603 819 4660 4
832 4585 869 4644 ad
888 4596 945 4643 r.··

168 4681 211 4747 (4)
248 4671 328 4729 Vide
342 4669 479 4742 superius
491 4671 583 4740 dicta,
601 4691 633 4732 n.
646 4674 690 4732 62.

171 4769 213 4836 (ς)
252 4759 539 4834 Videsttpran.53.
