3492 5525
552 467 610 536 254
741 455 864 518 Locrcx
884 453 1136 518 Minoa-Drap.
1161 457 1305 521 2.⁸CA1³.
1330 471 1402 520 aum

450 677 515 778 e
573 642 609 705 ⁸

296 793 368 946 ΛΨ
404 807 438 929 a}
474 735 556 885 ,s
867 795 1166 870 narremus
1188 795 1259 870 ru.

218 933 336 1108 de
351 899 409 1066 tsi&
423 920 525 1108 ὥθ’
553 963 811 1028 Divisiones
834 964 1161 1044 propositionis
1178 965 1354 1030 ratione
1377 964 1576 1030 unitatis

229 1177 235 1186 .
310 1079 360 1185 ai
403 1093 421 1136 ³

166 1195 209 1284 v*
261 1209 300 1266 s
320 1213 379 1268 (Μ
394 1214 467 1258 mm„
557 1194 588 1240 ιι
596 1194 629 1262 3.
676 1176 790 1242 Unitas
809 1175 1037 1260 propositionis
1060 1185 1110 1242 est
1127 1176 1276 1242 indivisio
1299 1177 1331 1244 in
1352 1179 1461 1264 plures
1478 1175 1621 1260 proposi-

66 1277 160 1414 wp‘
201 1269 250 1364 stt·
311 1286 474 1342 tutulum·
505 1283 624 1351 tiones.
649 1284 732 1350 Nam
761 1285 835 1350 licet
861 1285 1018 1350 coalescat
1042 1282 1220 1367 propositio
1247 1304 1287 1350 ex
1315 1284 1410 1350 variis
1438 1284 1618 1358 clementis,
1732 1313 1733 1378 j

114 1427 140 1483 ὀ
163 1356 198 1418 ‘³'
505 1391 580 1458 iacit
592 1400 704 1457 tamen
720 1409 823 1458 unum
839 1392 1027 1456 arteiactum
1044 1391 1202 1475 logicum,
1219 1409 1367 1469 servans,
1384 1392 1463 1457 dum
1480 1398 1529 1456 est
1542 1409 1618 1464 una,

103 1483 112 1508 ”
504 1499 663 1563 actualem
690 1499 916 1564 indivisionem
943 1497 976 1563 in
1003 1499 1124 1582 plures.
1154 1497 1224 1579 Jam
1250 1518 1329 1565 vero
1355 1497 1488 1565 actualis
1514 1499 1618 1565 unitas

503 1623 561 1670 seu
580 1604 728 1672 indivisio
748 1605 976 1690 propositionis
995 1602 1041 1670 ex'
1053 1605 1171 1688 duplici
1186 1607 1289 1690 capite
1304 1606 1464 1690 procedit,
1477 1607 1529 1672 vel
1544 1606 1619 1687 quia

502 1713 641 1796 simplex
651 1722 701 1779 est
717 1714 799 1797 ipsa,
819 1715 958 1796 ideoque
971 1713 1175 1779 indivisibiles
1193 1715 1224 1779 in
1242 1715 1351 1798 piures
1369 1713 1615 1798 propositiones,
1691 1789 1695 1796 ,

502 1820 554 1884 vel
573 1820 648 1903 quia
666 1819 738 1886 iicet
756 1820 937 1904 composita
956 1821 997 1887 sit
1015 1819 1048 1885 in
1063 1839 1099 1886 se
1113 1840 1153 1886 ex
1168 1819 1314 1906 pluribus
1330 1819 1616 1905 propositionibus,

502 2041 557 2098 net
575 2031 697 2121 unita(
722 2031 748 2120 ).
1733 2119 1734 2124 ἵ

568 2139 675 2224 ltaque
696 2140 873 2226 propositio
889 2142 1012 2208 ratione
1031 2141 1164 2208 unitatis
1181 2140 1335 2208 dividitur
1349 2143 1381 2208 in
1399 2142 1568 2224 simplicem
1585 2151 1619 2208 et

354 2232 359 2242 ’
425 2304 431 2314 ,
499 2249 713 2329 compositam,
733 2266 791 2314 seu
810 2250 1016 2333 complexam
1036 2251 1086 2315 vel
1112 2250 1328 2336 conjunctione
1344 2267 1451 2316 unam.
1480 2249 1518 2314 Et
1540 2249 1619 2314 sim-

499 2356 574 2437 plex
587 2356 859 2422 communissime
879 2365 1011 2422 vocatur
1025 2357 1122 2421 etiarn
1137 2356 1323 2439 categorica,
1344 2357 1524 2441 composita
1540 2375 1618 2421 vero

498 2462 687 2542 hypothetica
713 2459 776 2550 (2).
806 2462 951 2546 Simplex
978 2465 1029 2528 vel
1055 2465 1234 2548 categorica
1262 2473 1329 2538 est,
1357 2481 1430 2547 quae
1456 2482 1554 2528 unum
1578 2465 1619 2528 de

497 2567 792 2654 unosignise'cat(3)
810 2588 870 2635 seu
889 2571 1053 2647 enuntiat,
1078 2571 1148 2636 sive
1173 2569 1252 2635 illud
1267 2588 1370 2635 unum
1393 2570 1435 2636 sit
1457 2571 1617 2638 terminus

444 2714 462 2773 '.
497 2674 647 2759 simplex,
668 2677 736 2742 sive
763 2678 969 2762 complexus:
1005 2678 1056 2742 vei
1086 2679 1220 2743 tortasse
1250 2676 1385 2755 clarius,
1410 2663 1484 2763 quie
1516 2695 1614 2743 unam

495 2791 623 2849 tantum
638 2784 735 2850 habet
748 2786 899 2869 copulam
913 2786 1139 2870 principalem;
1153 2806 1186 2853 v.
1203 2804 1238 2871 g.
1256 2786 1341 2851 Deus
1357 2788 1404 2863 est
1414 2786 1612 2853 immortalis.

529 3037 570 3100 (1)
607 3032 669 3091 Csr.
685 3032 719 3091 S.
734 3033 839 3092 Thom.
859 3032 901 3092 ib.
916 3033 981 3093 lect.
995 3034 1023 3104 8,
1040 3032 1133 3093 initio.

530 3123 571 3190 (a)
606 3121 671 3180 Non
687 3142 733 3181 me
749 3122 833 3189 latet,
856 3135 984 3195 spectata
997 3121 1076 3181 vocis
1095 3122 1223 3197 origine,
1241 3142 1299 3181 non
1313 3142 1376 3181 esse
1392 3123 1467 3182 idem
1480 3122 1613 3197 proposi·
1696 3184 1703 3201 ,

494 3210 601 3269 tionem
616 3212 778 3285 simplicem
792 3225 823 3270 et
835 3214 1046 3288 categoricam,
1063 3232 1115 3270 nec
1127 3214 1313 3286 compositam
1336 3224 1365 3271 et
1386 3214 1611 3289 hypotheticam.

493 3300 662 3375 Categorics
676 3301 753 3361 enim
768 3300 844 3359 idem
857 3321 894 3359 ex
911 3320 943 3359 se
957 3313 1055 3371 sonat,
1066 3315 1153 3374 atque
1167 3302 1299 3359 absolate
1312 3302 1517 3377 praedicativa,
1531 3303 1613 3360 etsie

491 3389 648 3462 opponitur
660 3389 860 3450 conditionali:
877 3390 955 3449 unde
968 3390 1056 3464 vulgo
1069 3390 1206 3449 dicuntur
1218 3393 1383 3469 categorice
1398 3390 1478 3463 loqui
1489 3390 1545 3457 illi,
1561 3391 1611 3463 qui

491 3478 629 3538 sineulla
647 3480 803 3553 hypothesi
825 3493 877 3538 aut
901 3480 1066 3538 conditione
1089 3480 1199 3553 aliquid
1222 3480 1386 3538 enuntiant.
1412 3480 1450 3540 Et
1471 3481 1609 3552 quoniam

490 3583 614 3640 possunt
632 3589 695 3629 esse
720 3568 929 3642 propositiones
949 3567 1090 3641 ejusmodi
1112 3569 1251 3629 absolutae
1278 3583 1341 3628 tum
1364 3568 1523 3641 simplices,
1546 3583 1608 3628 tum

489 3660 669 3731 compositae,
685 3673 782 3732 posset
796 3658 955 3731 propositio
969 3660 1154 3736 categorica,
1168 3672 1285 3731 sumpta
1301 3672 1387 3730 prout
1400 3674 1485 3718 sonat
1501 3678 1610 3719 meun-

489 3748 560 3806 dum
574 3748 653 3807 vocis
666 3761 796 3822 etymon,
811 3747 957 3808 subdividi
982 3748 1012 3807 in
1033 3749 1196 3822 simplicem
1211 3760 1241 3807 et
1254 3750 1450 3823 compositam.
1477 3748 1605 3821 itemque

489 3838 648 3910 propositio
672 3839 871 3913 hypothetica,
896 3852 997 3911 utpote
1023 3838 1099 3897 idem
1123 3858 1232 3899 sonans
1263 3838 1378 3897 ratione
1413 3836 1550 3911 originis,
1574 3858 1607 3895 ac

488 3927 709 3999 conditionalis,
719 3947 780 3987 non
791 3941 868 3987 esset
881 3926 1084 3987 contundenda
1099 3948 1150 4001 per
1164 3947 1195 3987 se
1208 3946 1274 3987 cum
1288 3926 1436 3999 complexa
1455 3944 1506 3985 seu
1524 3947 1608 3993 com-

488 4016 595 4087 posita,
610 4016 847 4090 quandoquidem
859 4037 918 4075 non
935 4036 1035 4075 omnes
1049 4017 1216 4088 compositae
1241 4029 1312 4074 sunt
1325 4016 1545 4073 conditionales.
1569 4015 1606 4072 Et
1630 4088 1644 4103 μ

487 4106 542 4163 hoc
549 4106 634 4165 modo
643 4106 804 4178 loquuntur
813 4126 869 4165 non
883 4106 967 4178 pauci
978 4106 1038 4164 ΛΑ.
1048 4104 1125 4164 Vide
1136 4104 1285 4177 lequierdo
1295 4104 1341 4171 (in
1352 4106 1458 4175 Pharo,
1469 4105 1543 4177 disp.
1562 4126 1603 4178 19,

486 4210 590 4265 quaest.
609 4215 639 4265 1,
654 4216 684 4253 n.
700 4197 745 4268 4).
761 4192 823 4252 Cfr.
845 4194 879 4252 P.
895 4194 1006 4253 Anton.
1023 4192 1118 4267 Mayr.
1133 4194 1303 4265 (summat,
1318 4206 1426 4266 quaest.
1438 4212 1469 4263 a,
1489 4208 1545 4252 art.
1569 4200 1603 4262 ι).

486 4283 684 4343 Nihilominus
698 4283 936 4343 communissima
949 4284 1024 4343 ratio
1042 4283 1179 4355 loquendi
1197 4297 1328 4342 veterum
1344 4302 1396 4355 pro
1405 4282 1504 4341 eodem
1518 4282 1606 4342 habet

486 4373 646 4445 simplicem
667 4386 697 4433 et
718 4372 922 4447 categoricam,
938 4387 966 4432 et
993 4372 1210 4447 hypotheticam
1231 4371 1493 4445 compositamque:
1513 4390 1604 4444 quare

486 4461 518 4521 in
540 4461 699 4533 quaestione
727 4462 765 4520 de
790 4481 875 4533 voce,
898 4462 1092 4543 communiori
1120 4462 1187 4520 usui
1217 4483 1250 4520 ae
1271 4462 1412 4533 majorum
1438 4460 1603 4521 auctoritati

485 4551 624 4611 standum
652 4551 750 4625 potius
764 4572 828 4611 esse
851 4550 1004 4623 duximus,
1033 4570 1122 4625 quam
1150 4550 1341 4625 etymologiae.
1369 4550 1429 4609 Clr.
1461 4550 1600 4623 Lossadr,

484 4640 561 4713 aap.
581 4663 609 4716 7,
624 4662 687 4716 cap.
706 4660 735 4715 s.
753 4662 783 4701 n.
797 4662 824 4699 2·

519 4736 562 4806 (ς)
597 4730 630 4791 S.
650 4732 706 4792 Th,
720 4732 775 4791 loe.
789 4730 840 4791 cit.
855 4732 921 4791 leet.
935 4732 969 4803 8,
984 4750 1102 4805 paragr.
1117 4730 1145 4789 d.
