3492 5525
236 462 355 525 Anne.
372 476 435 525 2.¹¹⁸
446 460 632 527 vimen-ns
648 480 864 527 racunrnrnn
877 481 1106 531 coenoscrnrv.
1141 463 1195 547 585

111 648 218 713 virtus
238 650 329 713 utens
350 665 486 731 organo,
507 648 564 712 sed
583 665 623 712 en
639 651 730 729 porte
752 649 979 730 compositumis
1002 648 1237 716 intervenientis

109 754 200 821 circa
216 754 443 842 definitionem,
463 757 537 821 dum
555 757 607 820 vel
617 754 757 839 definitio
774 756 870 821 nnius
888 756 936 823 rei
948 758 1094 842 estfolsa
1107 760 1145 823 de
1157 758 1234 835 alio,

108 863 197 928 sicut
211 862 352 948 definitio
368 861 482 929 circuli
497 864 535 929 de
554 863 734 946 triangulo,·
750 865 801 928 vel
817 866 894 929 dum
907 865 1016 948 aliqua
1033 864 1175 951 definitio
1190 864 1255 931 rst'

109 972 147 1035 in
160 971 287 1056 sesolsa
299 970 462 1052 implicans
474 970 721 1052 compositionum
733 970 987 1052 impossibilium,
1002 975 1042 1037 ut
1056 972 1086 1037 si
1101 972 1237 1055 accipia-

110 1083 167 1144 tur
188 1080 251 1145 buc
276 1077 470 1165 uldcfinitio
495 1078 630 1167 alrocjns
654 1078 720 1144 rei:
744 1084 885 1147 Animal
911 1085 1074 1147 rationale
1092 1088 1233 1147 alatum.

114 1188 207 1253 Unde
223 1186 259 1251 in
276 1187 365 1253 rebus
386 1186 589 1267 simplicibus,
609 1186 643 1250 in
662 1205 795 1270 quarum
812 1186 1044 1273 definitionibcs
1057 1187 1236 1270 compositio

110 1294 372 1360 intervenirenon
381 1296 494 1375 potest,
510 1312 574 1359 non
578 1299 743 1375 possumus
751 1294 865 1375 decepi
875 1296 930 1359 sed
937 1293 1096 1378 deficimus
1105 1296 1140 1361 in
1155 1298 1237 1360 lota-

111 1403 186 1469 liter
196 1422 260 1471 non
273 1403 469 1485 attingendo,
484 1402 568 1467 sicut
578 1401 697 1467 dicitur
710 1400 744 1465 in
762 1418 814 1485 9.0
830 1401 968 1484 Metopb.
985 1404 1082 1486 (text.
1098 1400 1183 1489 22)(
1207 1399 1231 1489 ).

179 1509 217 1574 Et
235 1508 320 1575 alibi:
347 1510 521 1575 Intellectus
543 1508 711 1590 dupliciter
725 1510 828 1592 accipi
840 1513 954 1592 potest.
978 1508 1048 1575 Uno
1065 1513 1169 1587 nudo,
1187 1529 1235 1575 se-

109 1620 248 1684 cundum
265 1620 348 1703 qnod
363 1636 396 1682 se
410 1616 500 1686 babel
509 1619 554 1681 ud
566 1616 620 1683 boc
635 1620 771 1693 mnium,
787 1637 882 1703 aquo
895 1614 1125 1700 primo‘nomen
1138 1617 1235 1700 impo-

109 1727 205 1792 situm
215 1724 302 1809 fnit,
321 1728 353 1791 ct
367 1724 413 1790 sic
430 1721 567 1790 dicimur
578 1724 706 1806 proprie
728 1708 925 1810 intelligere,
943 1745 1014 1791 cnm
1031 1726 1234 1808 approbandi·

111 1854 182 1900 mus
199 1832 403 1918 quidditalem
419 1850 542 1909 rernm,
562 1834 613 1897 vel
634 1850 706 1899 cum
723 1833 930 1922 intelligimus
946 1833 1022 1909 illa,
1042 1852 1111 1917 ouo
1126 1833 1233 1908 statim

110 1948 185 2009 nota
203 1946 280 2007 sunt
286 1940 465 2016 intellectui,
481 1941 564 2006 notis
577 1958 684 2006 rerum
697 1940 937 2025 qnidditalibus,
951 1940 1034 2007 sicut
1044 1940 1233 2024 suntprima

104 2049 282 2134 principia,
301 2068 370 2133 quae
386 2047 612 2133 cognoscimus,
641 2067 711 2115 cum
734 2048 881 2113 terminos
898 2049 1131 2133 cognoscimus:
1149 2050 1232 2114 unde

109 2162 141 2223 et
162 2158 334 2223 intellectus
354 2155 585 2237 principiorum
605 2154 735 2221 dicitur.
756 2153 823 2243 (En
844 2156 889 2232 id,
915 2156 1004 2239 quod
1026 2156 1229 2231 recentiores,

110 2263 355 2349 intelligentiam
385 2258 537 2350 vocant.)
563 2263 732 2344 Quidditos
749 2267 852 2329 auum
870 2264 918 2328 rei
935 2268 982 2330 est
998 2264 1126 2346 proprie
1149 2264 1233 2352 obje-

108 2378 193 2439 ctum
212 2372 395 2437 intellectus.
413 2372 503 2438 Unde
514 2370 598 2437 sicut
611 2389 720 2437 sensns
733 2370 927 2437 sensibilium
943 2372 1141 2454 propriorum
1154 2392 1232 2437 sem-

102 2489 163 2563 per
179 2483 227 2546 est
240 2497 349 2553 verres,
365 2477 410 2543 ito
428 2481 460 2543 el
473 2478 644 2543 intellectas
658 2478 692 2543 in
710 2481 920 2562 cognoscendo
933 2481 1017 2564 quod
1033 2480 1179 2564 quidest,
1195 2483 1251 2546 ut·

107 2589 227 2655 dicitur
242 2587 277 2652 in
295 2594 347 2671 3.⁰
365 2588 403 2651 de
420 2585 540 2651 Animo
554 2586 649 2671 (text.
672 2586 759 2653 Com.
778 2587 856 2670 26.)
875 2586 939 2652 Sed
955 2589 1056 2652 tomen
1074 2595 1131 2671 per
1147 2589 1231 2653 acci-

106 2700 184 2764 dens
191 2698 293 2778 potest
303 2694 348 2762 ibi
363 2693 489 2773 salsitas
506 2693 663 2772 accidere,
684 2693 887 2779 inquantum
900 2694 1045 2759 videlicet
1060 2695 1230 2762 intellectus

97 2808 184 2891 falso
202 2804 358 2886 componit
367 2805 399 2868 et
414 2801 549 2884 dividit,·
562 2805 646 2887 quod
657 2803 812 2887 contingit
821 2803 1007 2889 dupliciter:
1019 2806 1071 2869 vel
1083 2803 1117 2868 in
1129 2822 1230 2888 quau·

108 2918 174 2980 tum
207 2911 416 2997 definitionem
442 2910 525 2974 euim
553 2910 648 2976 unius
675 2910 821 2976 attribuit
845 2912 955 2987 alteri,
984 2915 1023 2976 ut
1043 2911 1073 2976 si
1098 2911 1232 2977 Animal

108 3021 260 3087 rationale
288 3019 416 3084 mortale
440 3018 612 3100 conciperet
636 3017 730 3104 quusi
755 3017 965 3102 delinitioncm
988 3018 1075 3084 asini
1077 3040 1091 3101 ;
1118 3021 1170 3084 uel
1195 3019 1230 3083 iu

107 3132 260 3214 quantum
272 3126 436 3214 conjungit
443 3130 549 3208 parles
566 3125 758 3211 definitionis
774 3126 981 3202 adinvicem,
997 3135 1069 3210 quae·
1078 3126 1232 3213 conjungi

108 3256 170 3302 non
185 3239 331 3318 possunt,
352 3238 388 3299 ut
403 3234 433 3298 si
453 3233 628 3315 conciperet
646 3233 738 3316 quasi
759 3232 970 3319 definitionem
996 3233 1082 3299 asim
1097 3235 1232 3301 Animal

107 3344 291 3410 irrationale
318 3343 507 3418 immortale,
533 3341 595 3406 bec
619 3340 711 3406 mim
728 3343 775 3406 est
790 3341 899 3426 salsa:
917 3346 1066 3424 Aliquod
1088 3347 1229 3408 Animal

106 3457 304 3519 irrationale
316 3464 370 3517 est
384 3455 590 3516 immortale.
602 3450 639 3514 Et
648 3449 693 3514 sic
702 3451 789 3530 potet
796 3497 805 3524 ,
815 3450 900 3532 quod
909 3447 1048 3533 definitio
1057 3468 1120 3514 non
1129 3453 1232 3531 potest

105 3579 170 3626 esse
180 3560 286 3645 faba,
305 3558 370 3623 nisi
387 3557 421 3622 in
439 3559 592 3642 quantum
618 3555 759 3638 implicat
772 3555 1008 3639 affirmationem
1017 3556 1160 3641 salsam:
1180 3556 1227 3623 bic

103 3670 207 3732 ouum
223 3667 339 3748 duplex
356 3666 465 3730 nudus
483 3663 625 3746 tangitur
641 3663 676 3728 in
693 3662 748 3748 5.⁰
763 3663 1002 3744 Metopbysicor.

171 3773 323 3840 Similiter
341 3791 396 3837 nec
413 3772 449 3836 in
462 3771 576 3853 onmis
585 3769 754 3852 principiis
772 3772 940 3836 ullomodo
952 3771 1118 3853 decipitur.
1136 3771 1227 3838 Unde

100 3885 202 3964 patet,
221 3879 348 3964 quodsi
364 3878 534 3945 intellectus
551 3877 725 3960 accipiatur
741 3881 913 3944 secundum
930 3878 1020 3945 illam
1036 3878 1188 3945 acteonem
1204 3898 1227 3945 o

84 3985 165 4074 'qua
183 4007 293 4054 nomen
311 3986 483 4052 intellectus
496 3985 680 4068 imponitur,
699 4005 761 4051 non
775 3987 867 4051 estin
882 3986 1038 4052 intellectu
1041 3987 1180 4074 falsitas.

170 4095 247 4162 Alio
264 4096 353 4162 modo
374 4097 478 4176 potest
495 4093 596 4178 accipi
617 4093 790 4160 intellectus
811 4088 1029 4176 communiter,
1056 4099 1227 4162 secundum

101 4207 185 4289 qrrod
201 4204 245 4269 ad
260 4221 365 4268 omnes
377 4203 569 4283 operationes
586 4221 618 4268 se
636 4199 788 4278 extendit,
804 4205 836 4268 et
850 4203 896 4268 sic
918 4203 1146 4284 comprehendit
1160 4204 1226 4285 opi-

102 4312 226 4377 nionem
242 4313 276 4375 et
285 4310 570 4390 ratiocinationum
587 4314 619 4375 et
629 4311 675 4375 sic
693 4310 726 4374 in
736 4307 903 4376 'intellectu
919 4314 967 4375 est
976 4311 1121 4396 salsitas,
1141 4331 1238 4381 nun·.

101 4438 196 4504 oseam
207 4421 308 4484 tamen
327 4418 359 4483 si
369 4417 520 4502 reclefiot
532 4418 677 4485 resolutio
691 4418 725 4482 in
739 4419 844 4501 prima
854 4417 1011 4501 principia
1024 4415 1088 4505 (2).

137 4670 177 4742 (ι)
217 4691 227 4727 ι
246 4690 273 4741 p.
290 4691 319 4741 q.
334 4670 382 4742 85,
396 4687 424 4726 e.
439 4669 466 4727 6.

137 4765 177 4827 (2)
213 4763 257 4820 De
274 4761 378 4828 Verit.,
393 4779 422 4831 q.
443 4781 464 4827 r,
481 4779 508 4817 a.
528 4779 569 4816 12.
593 4759 655 4818 Cir.
673 4779 683 4817 1
700 4779 731 4832 p.
746 4779 775 4831 q.
795 4781 837 4832 17,
852 4781 880 4820 a.
897 4782 912 4832 3
930 4760 967 4819 sd
979 4770 1039 4819 2.''¹¹
