<?xml version="1.0" encoding="UTF-8"?>
<!DOCTYPE html PUBLIC "-//W3C//DTD XHTML 1.0 Transitional//EN"
    "http://www.w3.org/TR/xhtml1/DTD/xhtml1-transitional.dtd">
<html xmlns="http://www.w3.org/1999/xhtml" xml:lang="en" lang="en">
 <head>
  <title>
</title>
<meta http-equiv="Content-Type" content="text/html;charset=utf-8" />
  <meta name='ocr-system' content='tesseract 3.04.00' />
  <meta name='ocr-capabilities' content='ocr_page ocr_carea ocr_par ocr_line ocrx_word'/>
</head>
<body>
  <div class='ocr_page' id='page_1' title='image "./institutionesph00urrgoog/institutionesph00urrgoog_0672.png"; bbox 0 0 3492 5525; ppageno 0'>
   <div class='ocr_carea' id='block_1_1' title="bbox 515 410 1421 538">
    <p class='ocr_par' dir='ltr' id='par_1_1' title="bbox 515 410 1421 538">
     <span class='ocr_line' id='line_1_1' title="bbox 515 410 1421 538; baseline 0.019 -25"><span class='ocrx_word' id='word_1_1' title='bbox 515 450 575 535; x_wconf 80' lang='lat'>652</span> <span class='ocrx_word' id='word_1_2' title='bbox 649 452 778 521; x_wconf 79' lang='lat' dir='ltr'>Loutca</span> <span class='ocrx_word' id='word_1_3' title='bbox 792 458 1021 533; x_wconf 81' lang='lat' dir='ltr'>MnJoa-Ltu.</span> <span class='ocrx_word' id='word_1_4' title='bbox 1037 410 1108 538; x_wconf 40' lang='grc' dir='ltr'>ιω,</span> <span class='ocrx_word' id='word_1_5' title='bbox 1126 462 1217 527; x_wconf 74' lang='lat' dir='ltr'>Drse.</span> <span class='ocrx_word' id='word_1_6' title='bbox 1236 477 1280 528; x_wconf 79' lang='grc' dir='ltr'>ι.·</span> <span class='ocrx_word' id='word_1_7' title='bbox 1294 465 1375 529; x_wconf 75' lang='lat' dir='ltr'>Cae.</span> <span class='ocrx_word' id='word_1_8' title='bbox 1393 486 1421 531; x_wconf 84' lang='lat' dir='ltr'>a.</span> 
     </span>
    </p>
   </div>
   <div class='ocr_carea' id='block_1_2' title="bbox 284 636 1613 4388">
    <p class='ocr_par' dir='ltr' id='par_1_2' title="bbox 476 636 1611 828">
     <span class='ocr_line' id='line_1_2' title="bbox 476 636 1611 734; baseline 0.014 -35"><span class='ocrx_word' id='word_1_9' title='bbox 476 636 559 703; x_wconf 91' lang='lat' dir='ltr'>tialis</span> <span class='ocrx_word' id='word_1_10' title='bbox 578 648 610 703; x_wconf 91' lang='lat' dir='ltr'>et</span> <span class='ocrx_word' id='word_1_11' title='bbox 628 638 846 707; x_wconf 85' lang='lat' dir='ltr'>individualis.</span> <span class='ocrx_word' id='word_1_12' title='bbox 869 642 951 728; x_wconf 87' lang='lat' dir='ltr'>Ergo</span> <span class='ocrx_word' id='word_1_13' title='bbox 971 642 1163 711; x_wconf 89' lang='lat' dir='ltr'>universalis</span> <span class='ocrx_word' id='word_1_14' title='bbox 1189 647 1314 723; x_wconf 90' lang='lat' dir='ltr'>unitas,</span> <span class='ocrx_word' id='word_1_15' title='bbox 1334 667 1409 732; x_wconf 88' lang='lat' dir='ltr'>quae</span> <span class='ocrx_word' id='word_1_16' title='bbox 1432 659 1611 734; x_wconf 87' lang='lat' dir='ltr'>tanquam</span> 
     </span>
     <span class='ocr_line' id='line_1_3' title="bbox 476 744 1262 828; baseline 0.019 -20"><span class='ocrx_word' id='word_1_17' title='bbox 476 744 517 809; x_wconf 87' lang='lat' dir='ltr'>ab</span> <span class='ocrx_word' id='word_1_18' title='bbox 537 744 587 812; x_wconf 83' lang='lat' dir='ltr'>ltis</span> <span class='ocrx_word' id='word_1_19' title='bbox 607 745 755 813; x_wconf 88' lang='lat' dir='ltr'>distincta</span> <span class='ocrx_word' id='word_1_20' title='bbox 773 750 977 828; x_wconf 80' lang='lat' dir='ltr'>obtruditur,</span> <span class='ocrx_word' id='word_1_21' title='bbox 997 751 1180 819; x_wconf 87' lang='lat' dir='ltr'>chimaerica</span> <span class='ocrx_word' id='word_1_22' title='bbox 1198 762 1262 823; x_wconf 88' lang='lat' dir='ltr'>est.</span> 
     </span>
    </p>

    <p class='ocr_par' dir='ltr' id='par_1_3' title="bbox 474 855 1613 1807">
     <span class='ocr_line' id='line_1_4' title="bbox 543 855 1613 946; baseline 0.01 -26"><span class='ocrx_word' id='word_1_23' title='bbox 543 860 648 938; x_wconf 81' lang='lat' dir='ltr'>Resp.</span> <span class='ocrx_word' id='word_1_24' title='bbox 671 855 752 922; x_wconf 66' lang='lat' dir='ltr'>dr&#39;st:</span> <span class='ocrx_word' id='word_1_25' title='bbox 775 869 858 939; x_wconf 89' lang='lat' dir='ltr'>ant.;</span> <span class='ocrx_word' id='word_1_26' title='bbox 880 859 973 926; x_wconf 85' lang='lat' dir='ltr'>realis</span> <span class='ocrx_word' id='word_1_27' title='bbox 995 870 1028 926; x_wconf 89' lang='lat' dir='ltr'>et</span> <span class='ocrx_word' id='word_1_28' title='bbox 1054 861 1278 946; x_wconf 85' lang='lat' dir='ltr'>independens</span> <span class='ocrx_word' id='word_1_29' title='bbox 1301 883 1319 929; x_wconf 93' lang='lat' dir='ltr'>a</span> <span class='ocrx_word' id='word_1_30' title='bbox 1344 865 1465 931; x_wconf 90' lang='lat' dir='ltr'>mentis</span> <span class='ocrx_word' id='word_1_31' title='bbox 1492 866 1613 931; x_wconf 89' lang='lat' dir='ltr'>consi·</span> 
     </span>
     <span class='ocr_line' id='line_1_5' title="bbox 475 960 1613 1052; baseline 0.012 -27"><span class='ocrx_word' id='word_1_32' title='bbox 475 960 657 1037; x_wconf 91' lang='lat' dir='ltr'>deratione,</span> <span class='ocrx_word' id='word_1_33' title='bbox 676 982 778 1042; x_wconf 65' lang='lat' dir='ltr'>coam,</span> <span class='ocrx_word' id='word_1_34' title='bbox 798 965 824 1032; x_wconf 92' lang='lat' dir='ltr'>si</span> <span class='ocrx_word' id='word_1_35' title='bbox 839 984 892 1033; x_wconf 90' lang='lat' dir='ltr'>res</span> <span class='ocrx_word' id='word_1_36' title='bbox 902 976 1066 1051; x_wconf 88' lang='lat' dir='ltr'>spectetur</span> <span class='ocrx_word' id='word_1_37' title='bbox 1083 969 1305 1052; x_wconf 84' lang='lat' dir='ltr'>dependenter</span> <span class='ocrx_word' id='word_1_38' title='bbox 1318 990 1336 1035; x_wconf 93' lang='lat' dir='ltr'>a</span> <span class='ocrx_word' id='word_1_39' title='bbox 1351 972 1472 1038; x_wconf 89' lang='lat' dir='ltr'>mentis</span> <span class='ocrx_word' id='word_1_40' title='bbox 1490 974 1613 1039; x_wconf 89' lang='lat' dir='ltr'>consi·</span> 
     </span>
     <span class='ocr_line' id='line_1_6' title="bbox 475 1068 1611 1163; baseline 0.011 -31"><span class='ocrx_word' id='word_1_41' title='bbox 475 1068 656 1147; x_wconf 87' lang='lat' dir='ltr'>deratione,</span> <span class='ocrx_word' id='word_1_42' title='bbox 677 1090 748 1155; x_wconf 83' lang='lat' dir='ltr'>neg.</span> <span class='ocrx_word' id='word_1_43' title='bbox 769 1070 1060 1149; x_wconf 86' lang='lat' dir='ltr'>Quemadmodum</span> <span class='ocrx_word' id='word_1_44' title='bbox 1072 1075 1177 1152; x_wconf 90' lang='lat' dir='ltr'>enim,</span> <span class='ocrx_word' id='word_1_45' title='bbox 1191 1077 1263 1144; x_wconf 88' lang='lat' dir='ltr'>licet</span> <span class='ocrx_word' id='word_1_46' title='bbox 1276 1099 1293 1143; x_wconf 95' lang='lat' dir='ltr'>a</span> <span class='ocrx_word' id='word_1_47' title='bbox 1308 1088 1398 1163; x_wconf 89' lang='lat' dir='ltr'>parte</span> <span class='ocrx_word' id='word_1_48' title='bbox 1411 1080 1456 1145; x_wconf 91' lang='lat' dir='ltr'>rei</span> <span class='ocrx_word' id='word_1_49' title='bbox 1469 1098 1539 1145; x_wconf 89' lang='lat' dir='ltr'>non</span> <span class='ocrx_word' id='word_1_50' title='bbox 1557 1080 1611 1146; x_wconf 87' lang='lat' dir='ltr'>sit</span> 
     </span>
     <span class='ocr_line' id='line_1_7' title="bbox 477 1176 1611 1272; baseline 0.011 -31"><span class='ocrx_word' id='word_1_51' title='bbox 477 1176 536 1242; x_wconf 92' lang='lat' dir='ltr'>nisi</span> <span class='ocrx_word' id='word_1_52' title='bbox 548 1186 605 1243; x_wconf 93' lang='lat' dir='ltr'>aut</span> <span class='ocrx_word' id='word_1_53' title='bbox 619 1178 737 1243; x_wconf 89' lang='lat' dir='ltr'>animal</span> <span class='ocrx_word' id='word_1_54' title='bbox 758 1180 911 1246; x_wconf 81' lang='lat' dir='ltr'>rationale</span> <span class='ocrx_word' id='word_1_55' title='bbox 926 1192 982 1248; x_wconf 92' lang='lat' dir='ltr'>aut</span> <span class='ocrx_word' id='word_1_56' title='bbox 996 1183 1195 1262; x_wconf 78' lang='lat' dir='ltr'>irrationale,</span> <span class='ocrx_word' id='word_1_57' title='bbox 1212 1196 1262 1251; x_wconf 89' lang='lat' dir='ltr'>est</span> <span class='ocrx_word' id='word_1_58' title='bbox 1276 1195 1387 1253; x_wconf 89' lang='lat' dir='ltr'>tamen</span> <span class='ocrx_word' id='word_1_59' title='bbox 1404 1206 1461 1272; x_wconf 91' lang='lat' dir='ltr'>per</span> <span class='ocrx_word' id='word_1_60' title='bbox 1476 1186 1611 1254; x_wconf 87' lang='lat' dir='ltr'>mentis</span> 
     </span>
     <span class='ocr_line' id='line_1_8' title="bbox 474 1284 1606 1379; baseline 0.009 -29"><span class='ocrx_word' id='word_1_61' title='bbox 474 1284 766 1352; x_wconf 85' lang='lat' dir='ltr'>considerationem</span> <span class='ocrx_word' id='word_1_62' title='bbox 796 1288 883 1354; x_wconf 92' lang='lat' dir='ltr'>aliud</span> <span class='ocrx_word' id='word_1_63' title='bbox 910 1288 1030 1355; x_wconf 88' lang='lat' dir='ltr'>animal</span> <span class='ocrx_word' id='word_1_64' title='bbox 1058 1310 1116 1357; x_wconf 89' lang='lat' dir='ltr'>seu</span> <span class='ocrx_word' id='word_1_65' title='bbox 1144 1294 1228 1358; x_wconf 83' lang='lat' dir='ltr'>ratio·</span> <span class='ocrx_word' id='word_1_66' title='bbox 1252 1294 1402 1379; x_wconf 90' lang='lat' dir='ltr'>generica</span> <span class='ocrx_word' id='word_1_67' title='bbox 1430 1295 1606 1370; x_wconf 89' lang='lat' dir='ltr'>animalis,</span> 
     </span>
     <span class='ocr_line' id='line_1_9' title="bbox 474 1394 1611 1485; baseline 0.009 -26"><span class='ocrx_word' id='word_1_68' title='bbox 474 1394 564 1475; x_wconf 81' lang='lat' dir='ltr'>quod</span> <span class='ocrx_word' id='word_1_69' title='bbox 593 1412 699 1477; x_wconf 89' lang='lat' dir='ltr'>neque</span> <span class='ocrx_word' id='word_1_70' title='bbox 726 1404 776 1461; x_wconf 89' lang='lat' dir='ltr'>est</span> <span class='ocrx_word' id='word_1_71' title='bbox 803 1398 959 1463; x_wconf 88' lang='lat' dir='ltr'>rationale</span> <span class='ocrx_word' id='word_1_72' title='bbox 985 1417 1044 1464; x_wconf 88' lang='lat' dir='ltr'>nec</span> <span class='ocrx_word' id='word_1_73' title='bbox 1071 1399 1269 1477; x_wconf 86' lang='lat' dir='ltr'>irrationale,</span> <span class='ocrx_word' id='word_1_74' title='bbox 1300 1402 1359 1468; x_wconf 89' lang='lat' dir='ltr'>sed</span> <span class='ocrx_word' id='word_1_75' title='bbox 1387 1403 1429 1467; x_wconf 92' lang='lat' dir='ltr'>ab</span> <span class='ocrx_word' id='word_1_76' title='bbox 1455 1412 1611 1485; x_wconf 87' lang='lat' dir='ltr'>utroque</span> 
     </span>
     <span class='ocr_line' id='line_1_10' title="bbox 474 1480 1607 1591; baseline 0.01 -27"><span class='ocrx_word' id='word_1_77' title='bbox 474 1480 676 1584; x_wconf 70' lang='lat' dir='ltr'>praescindit3</span> <span class='ocrx_word' id='word_1_78' title='bbox 709 1502 753 1568; x_wconf 92' lang='lat' dir='ltr'>ita</span> <span class='ocrx_word' id='word_1_79' title='bbox 786 1521 851 1569; x_wconf 94' lang='lat' dir='ltr'>non</span> <span class='ocrx_word' id='word_1_80' title='bbox 881 1515 1041 1591; x_wconf 83' lang='lat' dir='ltr'>repugnat</span> <span class='ocrx_word' id='word_1_81' title='bbox 1069 1525 1126 1589; x_wconf 89' lang='lat' dir='ltr'>per</span> <span class='ocrx_word' id='word_1_82' title='bbox 1153 1507 1274 1573; x_wconf 91' lang='lat' dir='ltr'>mentis</span> <span class='ocrx_word' id='word_1_83' title='bbox 1301 1508 1607 1575; x_wconf 85' lang='lat' dir='ltr'>considerationem</span> 
     </span>
     <span class='ocr_line' id='line_1_11' title="bbox 474 1610 1607 1699; baseline 0.007 -26"><span class='ocrx_word' id='word_1_84' title='bbox 474 1626 547 1674; x_wconf 89' lang='lat' dir='ltr'>esse</span> <span class='ocrx_word' id='word_1_85' title='bbox 566 1610 707 1693; x_wconf 90' lang='lat' dir='ltr'>aliquam</span> <span class='ocrx_word' id='word_1_86' title='bbox 723 1610 901 1688; x_wconf 88' lang='lat' dir='ltr'>unitatem,</span> <span class='ocrx_word' id='word_1_87' title='bbox 917 1632 991 1696; x_wconf 87' lang='lat' dir='ltr'>quae</span> <span class='ocrx_word' id='word_1_88' title='bbox 1003 1631 1069 1679; x_wconf 92' lang='lat' dir='ltr'>non</span> <span class='ocrx_word' id='word_1_89' title='bbox 1080 1613 1121 1679; x_wconf 94' lang='lat' dir='ltr'>sit</span> <span class='ocrx_word' id='word_1_90' title='bbox 1134 1614 1354 1691; x_wconf 90' lang='lat' dir='ltr'>individualis,</span> <span class='ocrx_word' id='word_1_91' title='bbox 1367 1635 1474 1699; x_wconf 90' lang='lat' dir='ltr'>neque</span> <span class='ocrx_word' id='word_1_92' title='bbox 1486 1617 1607 1683; x_wconf 87' lang='lat' dir='ltr'>solum</span> 
     </span>
     <span class='ocr_line' id='line_1_12' title="bbox 475 1716 1340 1807; baseline 0.009 -26"><span class='ocrx_word' id='word_1_93' title='bbox 475 1716 634 1786; x_wconf 77' lang='lat' dir='ltr'>formalis:</span> <span class='ocrx_word' id='word_1_94' title='bbox 656 1728 688 1784; x_wconf 88' lang='lat' dir='ltr'>et</span> <span class='ocrx_word' id='word_1_95' title='bbox 707 1718 778 1783; x_wconf 86' lang='lat' dir='ltr'>ltaec</span> <span class='ocrx_word' id='word_1_96' title='bbox 795 1730 844 1785; x_wconf 90' lang='lat' dir='ltr'>est</span> <span class='ocrx_word' id='word_1_97' title='bbox 865 1718 973 1785; x_wconf 90' lang='lat' dir='ltr'>unitas</span> <span class='ocrx_word' id='word_1_98' title='bbox 992 1721 1181 1787; x_wconf 88' lang='lat' dir='ltr'>universalis</span> <span class='ocrx_word' id='word_1_99' title='bbox 1200 1723 1340 1807; x_wconf 89' lang='lat' dir='ltr'>propria.</span> 
     </span>
    </p>

    <p class='ocr_par' dir='ltr' id='par_1_4' title="bbox 284 1824 1609 2234">
     <span class='ocr_line' id='line_1_13' title="bbox 284 1824 1609 1914; baseline 0.004 -22"><span class='ocrx_word' id='word_1_100' title='bbox 284 1862 335 1905; x_wconf 68' lang='lat' dir='ltr'>que</span> <span class='ocrx_word' id='word_1_101' title='bbox 346 1857 433 1893; x_wconf 64' lang='lat' dir='ltr'>vocatur</span> <span class='ocrx_word' id='word_1_102' title='bbox 541 1824 686 1890; x_wconf 89' lang='lat' dir='ltr'>Vocatur</span> <span class='ocrx_word' id='word_1_103' title='bbox 705 1844 802 1909; x_wconf 87' lang='lat' dir='ltr'>porro</span> <span class='ocrx_word' id='word_1_104' title='bbox 821 1826 929 1893; x_wconf 86' lang='lat' dir='ltr'>unitas</span> <span class='ocrx_word' id='word_1_105' title='bbox 948 1828 1017 1914; x_wconf 83' lang='lat' dir='ltr'>ltaec</span> <span class='ocrx_word' id='word_1_106' title='bbox 1029 1828 1241 1910; x_wconf 70' lang='lat' dir='ltr'>praecisionis,</span> <span class='ocrx_word' id='word_1_107' title='bbox 1258 1831 1339 1913; x_wconf 91' lang='lat' dir='ltr'>·quia</span> <span class='ocrx_word' id='word_1_108' title='bbox 1352 1832 1526 1896; x_wconf 85' lang='lat' dir='ltr'>convenire</span> <span class='ocrx_word' id='word_1_109' title='bbox 1540 1850 1609 1897; x_wconf 87' lang='lat' dir='ltr'>rte-</span> 
     </span>
     <span class='ocr_line' id='line_1_14' title="bbox 290 1920 1609 2045; baseline 0.007 -49"><span class='ocrx_word' id='word_1_110' title='bbox 290 1920 432 2045; x_wconf 46' lang='lat' dir='ltr'>prgcffim</span> <span class='ocrx_word' id='word_1_111' title='bbox 452 1932 545 2041; x_wconf 36' lang='lat' dir='ltr'>&#39;quit</span> <span class='ocrx_word' id='word_1_112' title='bbox 564 1932 624 1997; x_wconf 90' lang='lat' dir='ltr'>nisi</span> <span class='ocrx_word' id='word_1_113' title='bbox 646 1943 786 2010; x_wconf 86' lang='lat' dir='ltr'>naturae,</span> <span class='ocrx_word' id='word_1_114' title='bbox 808 1935 848 2000; x_wconf 90' lang='lat' dir='ltr'>ab</span> <span class='ocrx_word' id='word_1_115' title='bbox 867 1935 1146 2003; x_wconf 88' lang='lat' dir='ltr'>individuantibus</span> <span class='ocrx_word' id='word_1_116' title='bbox 1162 1938 1248 2003; x_wconf 91' lang='lat' dir='ltr'>notis</span> <span class='ocrx_word' id='word_1_117' title='bbox 1267 1938 1423 2021; x_wconf 85' lang='lat' dir='ltr'>praecisae,</span> <span class='ocrx_word' id='word_1_118' title='bbox 1441 1958 1518 2003; x_wconf 93' lang='lat' dir='ltr'>cum</span> <span class='ocrx_word' id='word_1_119' title='bbox 1535 1939 1609 2005; x_wconf 85' lang='lat' dir='ltr'>illae</span> 
     </span>
     <span class='ocr_line' id='line_1_15' title="bbox 420 2034 1609 2127; baseline 0.003 -22"><span class='ocrx_word' id='word_1_120' title='bbox 420 2034 425 2044; x_wconf 88' lang='lat'>&#39;</span> <span class='ocrx_word' id='word_1_121' title='bbox 475 2048 560 2105; x_wconf 89' lang='lat' dir='ltr'>notae</span> <span class='ocrx_word' id='word_1_122' title='bbox 583 2041 908 2115; x_wconf 89' lang='lat' dir='ltr'>communicabilitati</span> <span class='ocrx_word' id='word_1_123' title='bbox 933 2052 1128 2127; x_wconf 84' lang='lat' dir='ltr'>repugnent.</span> <span class='ocrx_word' id='word_1_124' title='bbox 1159 2045 1276 2121; x_wconf 81' lang='lat' dir='ltr'>Utrum</span> <span class='ocrx_word' id='word_1_125' title='bbox 1302 2056 1411 2111; x_wconf 89' lang='lat' dir='ltr'>autem</span> <span class='ocrx_word' id='word_1_126' title='bbox 1436 2046 1530 2112; x_wconf 87' lang='lat' dir='ltr'>realis</span> <span class='ocrx_word' id='word_1_127' title='bbox 1554 2045 1609 2111; x_wconf 89' lang='lat' dir='ltr'>sit</span> 
     </span>
     <span class='ocr_line' id='line_1_16' title="bbox 474 2147 1609 2234; baseline 0.004 -22"><span class='ocrx_word' id='word_1_128' title='bbox 474 2147 542 2213; x_wconf 87' lang='lat' dir='ltr'>haec</span> <span class='ocrx_word' id='word_1_129' title='bbox 571 2147 695 2226; x_wconf 91' lang='lat' dir='ltr'>unitas,</span> <span class='ocrx_word' id='word_1_130' title='bbox 728 2168 768 2215; x_wconf 93' lang='lat' dir='ltr'>an</span> <span class='ocrx_word' id='word_1_131' title='bbox 799 2150 908 2216; x_wconf 93' lang='lat' dir='ltr'>solum</span> <span class='ocrx_word' id='word_1_132' title='bbox 942 2150 1090 2227; x_wconf 75' lang='lat' dir='ltr'>rationis„</span> <span class='ocrx_word' id='word_1_133' title='bbox 1118 2147 1257 2234; x_wconf 73' lang='lat' dir='ltr'>questio</span> <span class='ocrx_word' id='word_1_134' title='bbox 1292 2161 1342 2218; x_wconf 90' lang='lat' dir='ltr'>est</span> <span class='ocrx_word' id='word_1_135' title='bbox 1365 2152 1498 2219; x_wconf 81' lang='lat' dir='ltr'>interius</span> <span class='ocrx_word' id='word_1_136' title='bbox 1532 2155 1609 2220; x_wconf 91' lang='lat' dir='ltr'>sol-</span> 
     </span>
    </p>

    <p class='ocr_par' dir='ltr' id='par_1_5' title="bbox 284 2255 1606 4388">
     <span class='ocr_line' id='line_1_17' title="bbox 473 2255 592 2323; baseline 0.034 -4"><span class='ocrx_word' id='word_1_137' title='bbox 473 2255 592 2323; x_wconf 89' lang='lat' dir='ltr'>venda.</span> 
     </span>
     <span class='ocr_line' id='line_1_18' title="bbox 284 2360 1604 2451; baseline 0.005 -23"><span class='ocrx_word' id='word_1_138' title='bbox 284 2383 429 2438; x_wconf 76' lang='lat' dir='ltr'>comparatur</span> <span class='ocrx_word' id='word_1_139' title='bbox 540 2360 640 2429; x_wconf 87' lang='lat' dir='ltr'>Vides</span> <span class='ocrx_word' id='word_1_140' title='bbox 672 2364 762 2440; x_wconf 87' lang='lat' dir='ltr'>hinc,</span> <span class='ocrx_word' id='word_1_141' title='bbox 797 2365 966 2448; x_wconf 90' lang='lat' dir='ltr'>quomodo</span> <span class='ocrx_word' id='word_1_142' title='bbox 998 2366 1138 2432; x_wconf 91' lang='lat' dir='ltr'>invicem</span> <span class='ocrx_word' id='word_1_143' title='bbox 1171 2375 1417 2451; x_wconf 89' lang='lat' dir='ltr'>comparentur,</span> <span class='ocrx_word' id='word_1_144' title='bbox 1445 2368 1604 2451; x_wconf 89' lang='lat' dir='ltr'>quidque</span> 
     </span>
     <span class='ocr_line' id='line_1_19' title="bbox 294 2464 1606 2570; baseline 0.005 -36"><span class='ocrx_word' id='word_1_145' title='bbox 294 2465 422 2570; x_wconf 56' lang='lat' dir='ltr'>„affin</span> <span class='ocrx_word' id='word_1_146' title='bbox 461 2464 622 2537; x_wconf 77' lang='lat' dir='ltr'>&#39;differant</span> <span class='ocrx_word' id='word_1_147' title='bbox 655 2482 721 2537; x_wconf 89' lang='lat' dir='ltr'>tres</span> <span class='ocrx_word' id='word_1_148' title='bbox 755 2473 805 2537; x_wconf 87' lang='lat' dir='ltr'>hae</span> <span class='ocrx_word' id='word_1_149' title='bbox 838 2473 990 2538; x_wconf 88' lang='lat' dir='ltr'>unitates.</span> <span class='ocrx_word' id='word_1_150' title='bbox 1026 2471 1109 2538; x_wconf 89' lang='lat' dir='ltr'>Nam</span> <span class='ocrx_word' id='word_1_151' title='bbox 1147 2473 1452 2561; x_wconf 79' lang='lat' dir='ltr'>individualisnpn</span> <span class='ocrx_word' id='word_1_152' title='bbox 1486 2476 1606 2541; x_wconf 89' lang='lat' dir='ltr'>solum</span> 
     </span>
     <span class='ocr_line' id='line_1_20' title="bbox 298 2578 1605 2667; baseline 0.005 -25"><span class='ocrx_word' id='word_1_153' title='bbox 298 2596 414 2642; x_wconf 68' lang='lat' dir='ltr'>cuman..</span> <span class='ocrx_word' id='word_1_154' title='bbox 472 2578 615 2662; x_wconf 90' lang='lat' dir='ltr'>implicat</span> <span class='ocrx_word' id='word_1_155' title='bbox 644 2580 802 2645; x_wconf 86' lang='lat' dir='ltr'>actualem</span> <span class='ocrx_word' id='word_1_156' title='bbox 835 2578 1084 2655; x_wconf 90' lang='lat' dir='ltr'>indivisionem,</span> <span class='ocrx_word' id='word_1_157' title='bbox 1119 2582 1178 2646; x_wconf 92' lang='lat' dir='ltr'>sed</span> <span class='ocrx_word' id='word_1_158' title='bbox 1211 2582 1308 2649; x_wconf 89' lang='lat' dir='ltr'>etiam</span> <span class='ocrx_word' id='word_1_159' title='bbox 1344 2582 1605 2667; x_wconf 84' lang='lat' dir='ltr'>repugnantiam</span> 
     </span>
     <span class='ocr_line' id='line_1_21' title="bbox 470 2685 1602 2772; baseline 0.004 -21"><span class='ocrx_word' id='word_1_160' title='bbox 470 2704 547 2751; x_wconf 91' lang='lat' dir='ltr'>curn</span> <span class='ocrx_word' id='word_1_161' title='bbox 567 2685 725 2753; x_wconf 91' lang='lat' dir='ltr'>divisione</span> <span class='ocrx_word' id='word_1_162' title='bbox 742 2688 774 2751; x_wconf 95' lang='lat' dir='ltr'>in</span> <span class='ocrx_word' id='word_1_163' title='bbox 788 2688 896 2772; x_wconf 87' lang='lat' dir='ltr'>plura,</span> <span class='ocrx_word' id='word_1_164' title='bbox 913 2690 1009 2772; x_wconf 92' lang='lat' dir='ltr'>quale</span> <span class='ocrx_word' id='word_1_165' title='bbox 1028 2698 1078 2754; x_wconf 90' lang='lat' dir='ltr'>est</span> <span class='ocrx_word' id='word_1_166' title='bbox 1096 2688 1205 2772; x_wconf 91' lang='lat' dir='ltr'>ipsum</span> <span class='ocrx_word' id='word_1_167' title='bbox 1222 2689 1442 2762; x_wconf 83' lang='lat' dir='ltr'>individuum,</span> <span class='ocrx_word' id='word_1_168' title='bbox 1459 2691 1502 2755; x_wconf 77' lang='lat' dir='ltr'>At</span> <span class='ocrx_word' id='word_1_169' title='bbox 1515 2708 1602 2755; x_wconf 88' lang='lat' dir='ltr'>vero</span> 
     </span>
     <span class='ocr_line' id='line_1_22' title="bbox 471 2794 1602 2880; baseline 0.003 -21"><span class='ocrx_word' id='word_1_170' title='bbox 471 2794 678 2870; x_wconf 88' lang='lat' dir='ltr'>universalis,</span> <span class='ocrx_word' id='word_1_171' title='bbox 701 2813 913 2871; x_wconf 89' lang='lat' dir='ltr'>econverso,</span> <span class='ocrx_word' id='word_1_172' title='bbox 942 2796 985 2861; x_wconf 91' lang='lat' dir='ltr'>ita</span> <span class='ocrx_word' id='word_1_173' title='bbox 1004 2796 1158 2880; x_wconf 87' lang='lat' dir='ltr'>importat</span> <span class='ocrx_word' id='word_1_174' title='bbox 1169 2797 1399 2864; x_wconf 89' lang='lat' dir='ltr'>indivisionem</span> <span class='ocrx_word' id='word_1_175' title='bbox 1419 2799 1602 2874; x_wconf 87' lang='lat' dir='ltr'>actualem,</span> 
     </span>
     <span class='ocr_line' id='line_1_23' title="bbox 434 2902 1603 2990; baseline 0.003 -22"><span class='ocrx_word' id='word_1_176' title='bbox 434 2979 439 2990; x_wconf 33' lang='grc' dir='ltr'>Ι</span> <span class='ocrx_word' id='word_1_177' title='bbox 470 2912 508 2968; x_wconf 92' lang='lat' dir='ltr'>ut</span> <span class='ocrx_word' id='word_1_178' title='bbox 527 2912 636 2968; x_wconf 91' lang='lat' dir='ltr'>tamen</span> <span class='ocrx_word' id='word_1_179' title='bbox 661 2905 805 2986; x_wconf 89' lang='lat' dir='ltr'>postulet</span> <span class='ocrx_word' id='word_1_180' title='bbox 823 2902 1190 2969; x_wconf 88' lang='lat' dir='ltr'>communicabilitatem</span> <span class='ocrx_word' id='word_1_181' title='bbox 1209 2923 1267 2970; x_wconf 90' lang='lat' dir='ltr'>seu</span> <span class='ocrx_word' id='word_1_182' title='bbox 1287 2904 1543 2971; x_wconf 89' lang='lat' dir='ltr'>divisibilitatem</span> <span class='ocrx_word' id='word_1_183' title='bbox 1564 2907 1603 2972; x_wconf 89' lang='lat' dir='ltr'>in</span> 
     </span>
     <span class='ocr_line' id='line_1_24' title="bbox 472 3011 1605 3095; baseline 0.004 -21"><span class='ocrx_word' id='word_1_184' title='bbox 472 3012 564 3095; x_wconf 89' lang='lat' dir='ltr'>plura</span> <span class='ocrx_word' id='word_1_185' title='bbox 582 3011 672 3085; x_wconf 86' lang='lat' dir='ltr'>talia,</span> <span class='ocrx_word' id='word_1_186' title='bbox 695 3019 731 3075; x_wconf 90' lang='lat' dir='ltr'>ut</span> <span class='ocrx_word' id='word_1_187' title='bbox 749 3011 878 3094; x_wconf 83' lang='lat' dir='ltr'>singula</span> <span class='ocrx_word' id='word_1_188' title='bbox 898 3011 950 3074; x_wconf 87' lang='lat' dir='ltr'>illa</span> <span class='ocrx_word' id='word_1_189' title='bbox 968 3011 1158 3078; x_wconf 91' lang='lat' dir='ltr'>contineant</span> <span class='ocrx_word' id='word_1_190' title='bbox 1176 3020 1279 3077; x_wconf 89' lang='lat' dir='ltr'>totam</span> <span class='ocrx_word' id='word_1_191' title='bbox 1296 3021 1445 3078; x_wconf 88' lang='lat' dir='ltr'>naturam</span> <span class='ocrx_word' id='word_1_192' title='bbox 1465 3013 1605 3079; x_wconf 82' lang='lat' dir='ltr'>univer-</span> 
     </span>
     <span class='ocr_line' id='line_1_25' title="bbox 472 3118 1600 3204; baseline 0.003 -21"><span class='ocrx_word' id='word_1_193' title='bbox 472 3119 572 3183; x_wconf 90' lang='lat' dir='ltr'>salem</span> <span class='ocrx_word' id='word_1_194' title='bbox 594 3118 776 3183; x_wconf 90' lang='lat' dir='ltr'>secundum</span> <span class='ocrx_word' id='word_1_195' title='bbox 800 3119 870 3202; x_wconf 88' lang='lat' dir='ltr'>ejus</span> <span class='ocrx_word' id='word_1_196' title='bbox 893 3119 1221 3202; x_wconf 87' lang='lat' dir='ltr'>comprehensionem</span> <span class='ocrx_word' id='word_1_197' title='bbox 1246 3129 1345 3204; x_wconf 87' lang='lat' dir='ltr'>atque</span> <span class='ocrx_word' id='word_1_198' title='bbox 1364 3120 1600 3187; x_wconf 90' lang='lat' dir='ltr'>actualitatem.</span> 
     </span>
     <span class='ocr_line' id='line_1_26' title="bbox 472 3225 1599 3312; baseline 0.002 -20"><span class='ocrx_word' id='word_1_199' title='bbox 472 3225 584 3292; x_wconf 83' lang='lat' dir='ltr'>Unitas</span> <span class='ocrx_word' id='word_1_200' title='bbox 603 3225 744 3308; x_wconf 89' lang='lat' dir='ltr'>denique</span> <span class='ocrx_word' id='word_1_201' title='bbox 764 3225 908 3291; x_wconf 81' lang='lat' dir='ltr'>formalis</span> <span class='ocrx_word' id='word_1_202' title='bbox 932 3226 1078 3291; x_wconf 89' lang='lat' dir='ltr'>medium</span> <span class='ocrx_word' id='word_1_203' title='bbox 1105 3226 1283 3310; x_wconf 90' lang='lat' dir='ltr'>quemdam</span> <span class='ocrx_word' id='word_1_204' title='bbox 1308 3229 1415 3292; x_wconf 91' lang='lat' dir='ltr'>locum</span> <span class='ocrx_word' id='word_1_205' title='bbox 1445 3239 1599 3312; x_wconf 90' lang='lat' dir='ltr'>occupat,</span> 
     </span>
     <span class='ocr_line' id='line_1_27' title="bbox 472 3332 1602 3419; baseline 0.003 -20"><span class='ocrx_word' id='word_1_206' title='bbox 472 3333 548 3418; x_wconf 92' lang='lat' dir='ltr'>quia</span> <span class='ocrx_word' id='word_1_207' title='bbox 573 3353 646 3397; x_wconf 89' lang='lat' dir='ltr'>eam</span> <span class='ocrx_word' id='word_1_208' title='bbox 675 3333 773 3415; x_wconf 87' lang='lat' dir='ltr'>habet</span> <span class='ocrx_word' id='word_1_209' title='bbox 797 3332 1025 3400; x_wconf 89' lang='lat' dir='ltr'>indivisionem</span> <span class='ocrx_word' id='word_1_210' title='bbox 1044 3336 1204 3401; x_wconf 89' lang='lat' dir='ltr'>actualem</span> <span class='ocrx_word' id='word_1_211' title='bbox 1225 3334 1256 3399; x_wconf 94' lang='lat' dir='ltr'>in</span> <span class='ocrx_word' id='word_1_212' title='bbox 1275 3353 1329 3410; x_wconf 93' lang='lat' dir='ltr'>se,</span> <span class='ocrx_word' id='word_1_213' title='bbox 1354 3344 1392 3400; x_wconf 92' lang='lat' dir='ltr'>ut</span> <span class='ocrx_word' id='word_1_214' title='bbox 1417 3354 1476 3401; x_wconf 92' lang='lat' dir='ltr'>nec</span> <span class='ocrx_word' id='word_1_215' title='bbox 1500 3355 1602 3419; x_wconf 84' lang='lat' dir='ltr'>repu-</span> 
     </span>
     <span class='ocr_line' id='line_1_28' title="bbox 473 3432 1601 3526; baseline 0 -20"><span class='ocrx_word' id='word_1_216' title='bbox 473 3449 552 3526; x_wconf 88' lang='lat' dir='ltr'>gnet</span> <span class='ocrx_word' id='word_1_217' title='bbox 575 3439 723 3506; x_wconf 88' lang='lat' dir='ltr'>divisioni</span> <span class='ocrx_word' id='word_1_218' title='bbox 748 3448 781 3505; x_wconf 92' lang='lat' dir='ltr'>et</span> <span class='ocrx_word' id='word_1_219' title='bbox 803 3440 1141 3516; x_wconf 88' lang='lat' dir='ltr'>communicabilitati,</span> <span class='ocrx_word' id='word_1_220' title='bbox 1167 3441 1250 3520; x_wconf 89' lang='lat' dir='ltr'>sicut</span> <span class='ocrx_word' id='word_1_221' title='bbox 1274 3432 1467 3522; x_wconf 86' lang='lat' dir='ltr'>numeralis,</span> <span class='ocrx_word' id='word_1_222' title='bbox 1491 3462 1601 3526; x_wconf 90' lang='lat' dir='ltr'>neque</span> 
     </span>
     <span class='ocr_line' id='line_1_29' title="bbox 473 3546 1603 3634; baseline 0.004 -22"><span class='ocrx_word' id='word_1_223' title='bbox 473 3547 559 3613; x_wconf 91' lang='lat' dir='ltr'>illam</span> <span class='ocrx_word' id='word_1_224' title='bbox 577 3548 734 3630; x_wconf 83' lang='lat' dir='ltr'>requirat,</span> <span class='ocrx_word' id='word_1_225' title='bbox 751 3548 833 3612; x_wconf 89' lang='lat' dir='ltr'>sicut</span> <span class='ocrx_word' id='word_1_226' title='bbox 849 3549 957 3614; x_wconf 90' lang='lat' dir='ltr'>unitas</span> <span class='ocrx_word' id='word_1_227' title='bbox 972 3546 1138 3632; x_wconf 83' lang='lat' dir='ltr'>praecisiva</span> <span class='ocrx_word' id='word_1_228' title='bbox 1157 3567 1216 3614; x_wconf 90' lang='lat' dir='ltr'>seu</span> <span class='ocrx_word' id='word_1_229' title='bbox 1230 3548 1438 3633; x_wconf 81' lang='lat' dir='ltr'>universalis,</span> <span class='ocrx_word' id='word_1_230' title='bbox 1455 3551 1512 3615; x_wconf 87' lang='lat' dir='ltr'>sed</span> <span class='ocrx_word' id='word_1_231' title='bbox 1526 3569 1603 3634; x_wconf 85' lang='lat' dir='ltr'>per-</span> 
     </span>
     <span class='ocr_line' id='line_1_30' title="bbox 361 3653 1597 3738; baseline 0.002 -17"><span class='ocrx_word' id='word_1_232' title='bbox 361 3677 365 3686; x_wconf 93' lang='lat'><em>·</em></span> <span class='ocrx_word' id='word_1_233' title='bbox 382 3693 386 3698; x_wconf 91' lang='lat'>-</span> <span class='ocrx_word' id='word_1_234' title='bbox 472 3658 552 3721; x_wconf 82' lang='lat' dir='ltr'>tecte</span> <span class='ocrx_word' id='word_1_235' title='bbox 572 3653 765 3738; x_wconf 87' lang='lat' dir='ltr'>praescindat</span> <span class='ocrx_word' id='word_1_236' title='bbox 784 3674 803 3719; x_wconf 92' lang='lat' dir='ltr'>a</span> <span class='ocrx_word' id='word_1_237' title='bbox 820 3655 1154 3722; x_wconf 89' lang='lat' dir='ltr'>communicabilitate</span> <span class='ocrx_word' id='word_1_238' title='bbox 1169 3665 1201 3721; x_wconf 89' lang='lat' dir='ltr'>et</span> <span class='ocrx_word' id='word_1_239' title='bbox 1215 3655 1597 3725; x_wconf 86' lang='lat' dir='ltr'>incommunicabilitate.</span> 
     </span>
     <span class='ocr_line' id='line_1_31' title="bbox 472 3760 1601 3845; baseline 0.002 -16"><span class='ocrx_word' id='word_1_240' title='bbox 472 3762 564 3829; x_wconf 83' lang='lat' dir='ltr'>Unde</span> <span class='ocrx_word' id='word_1_241' title='bbox 582 3762 636 3839; x_wconf 80' lang='lat' dir='ltr'>lit,</span> <span class='ocrx_word' id='word_1_242' title='bbox 658 3769 695 3827; x_wconf 93' lang='lat' dir='ltr'>ut</span> <span class='ocrx_word' id='word_1_243' title='bbox 713 3762 821 3827; x_wconf 90' lang='lat' dir='ltr'>unitas</span> <span class='ocrx_word' id='word_1_244' title='bbox 839 3761 983 3827; x_wconf 88' lang='lat' dir='ltr'>lormalis</span> <span class='ocrx_word' id='word_1_245' title='bbox 1004 3760 1179 3845; x_wconf 85' lang='lat' dir='ltr'>reperiatur</span> <span class='ocrx_word' id='word_1_246' title='bbox 1189 3771 1221 3827; x_wconf 89' lang='lat' dir='ltr'>et</span> <span class='ocrx_word' id='word_1_247' title='bbox 1235 3761 1268 3828; x_wconf 92' lang='lat' dir='ltr'>in</span> <span class='ocrx_word' id='word_1_248' title='bbox 1280 3772 1395 3830; x_wconf 84' lang='lat' dir='ltr'>natura</span> <span class='ocrx_word' id='word_1_249' title='bbox 1410 3763 1601 3831; x_wconf 91' lang='lat' dir='ltr'>individuali</span> 
     </span>
     <span class='ocr_line' id='line_1_32' title="bbox 473 3867 1598 3954; baseline 0.004 -21"><span class='ocrx_word' id='word_1_250' title='bbox 473 3880 505 3936; x_wconf 90' lang='lat' dir='ltr'>et</span> <span class='ocrx_word' id='word_1_251' title='bbox 524 3870 556 3934; x_wconf 92' lang='lat' dir='ltr'>in</span> <span class='ocrx_word' id='word_1_252' title='bbox 576 3867 761 3936; x_wconf 86' lang='lat' dir='ltr'>universali.</span> <span class='ocrx_word' id='word_1_253' title='bbox 782 3867 930 3934; x_wconf 89' lang='lat' dir='ltr'>Unitates</span> <span class='ocrx_word' id='word_1_254' title='bbox 950 3887 1028 3954; x_wconf 87' lang='lat' dir='ltr'>ergo</span> <span class='ocrx_word' id='word_1_255' title='bbox 1047 3870 1097 3934; x_wconf 85' lang='lat' dir='ltr'>hae</span> <span class='ocrx_word' id='word_1_256' title='bbox 1120 3889 1238 3936; x_wconf 90' lang='lat' dir='ltr'>omnes</span> <span class='ocrx_word' id='word_1_257' title='bbox 1260 3870 1293 3936; x_wconf 92' lang='lat' dir='ltr'>in</span> <span class='ocrx_word' id='word_1_258' title='bbox 1317 3890 1358 3936; x_wconf 91' lang='lat' dir='ltr'>eo</span> <span class='ocrx_word' id='word_1_259' title='bbox 1380 3871 1598 3949; x_wconf 89' lang='lat' dir='ltr'>conveniunt,</span> 
     </span>
     <span class='ocr_line' id='line_1_33' title="bbox 395 3977 1601 4064; baseline 0.003 -22"><span class='ocrx_word' id='word_1_260' title='bbox 395 4051 400 4062; x_wconf 28' lang='lat'><strong>¹</strong></span> <span class='ocrx_word' id='word_1_261' title='bbox 473 3979 561 4062; x_wconf 92' lang='lat' dir='ltr'>quod</span> <span class='ocrx_word' id='word_1_262' title='bbox 582 3979 739 4043; x_wconf 86' lang='lat' dir='ltr'>actualem</span> <span class='ocrx_word' id='word_1_263' title='bbox 760 3977 988 4042; x_wconf 87' lang='lat' dir='ltr'>indivisionem</span> <span class='ocrx_word' id='word_1_264' title='bbox 1007 3977 1189 4060; x_wconf 80' lang='lat' dir='ltr'>includant3</span> <span class='ocrx_word' id='word_1_265' title='bbox 1206 3979 1361 4045; x_wconf 78' lang='lat' dir='ltr'>differunt</span> <span class='ocrx_word' id='word_1_266' title='bbox 1376 3984 1504 4055; x_wconf 87' lang='lat' dir='ltr'>autem,</span> <span class='ocrx_word' id='word_1_267' title='bbox 1520 3981 1601 4064; x_wconf 84' lang='lat' dir='ltr'>quia</span> 
     </span>
     <span class='ocr_line' id='line_1_34' title="bbox 474 4085 1602 4172; baseline 0.003 -21"><span class='ocrx_word' id='word_1_268' title='bbox 474 4085 601 4151; x_wconf 79' lang='lat' dir='ltr'>formali</span> <span class='ocrx_word' id='word_1_269' title='bbox 630 4085 744 4151; x_wconf 90' lang='lat' dir='ltr'>unitati</span> <span class='ocrx_word' id='word_1_270' title='bbox 777 4102 835 4150; x_wconf 92' lang='lat' dir='ltr'>seu</span> <span class='ocrx_word' id='word_1_271' title='bbox 868 4086 983 4150; x_wconf 89' lang='lat' dir='ltr'>actuali</span> <span class='ocrx_word' id='word_1_272' title='bbox 1015 4085 1167 4151; x_wconf 87' lang='lat' dir='ltr'>essentiae</span> <span class='ocrx_word' id='word_1_273' title='bbox 1195 4086 1381 4153; x_wconf 91' lang='lat' dir='ltr'>indivisioni</span> <span class='ocrx_word' id='word_1_274' title='bbox 1410 4089 1602 4172; x_wconf 85' lang='lat' dir='ltr'>superaddit</span> 
     </span>
     <span class='ocr_line' id='line_1_35' title="bbox 474 4191 1602 4270; baseline 0.004 -13"><span class='ocrx_word' id='word_1_275' title='bbox 474 4191 875 4258; x_wconf 91' lang='lat' dir='ltr'>incommunicabilitatem</span> <span class='ocrx_word' id='word_1_276' title='bbox 906 4192 1013 4258; x_wconf 89' lang='lat' dir='ltr'>unitas</span> <span class='ocrx_word' id='word_1_277' title='bbox 1045 4191 1269 4270; x_wconf 89' lang='lat' dir='ltr'>individualis,</span> <span class='ocrx_word' id='word_1_278' title='bbox 1301 4195 1493 4261; x_wconf 87' lang='lat' dir='ltr'>universalis</span> <span class='ocrx_word' id='word_1_279' title='bbox 1520 4215 1602 4261; x_wconf 89' lang='lat' dir='ltr'>vero</span> 
     </span>
     <span class='ocr_line' id='line_1_36' title="bbox 473 4287 1602 4388; baseline 0.005 -23"><span class='ocrx_word' id='word_1_280' title='bbox 473 4287 844 4372; x_wconf 84' lang='lat' dir='ltr'>communicabilitatem</span> <span class='ocrx_word' id='word_1_281' title='bbox 873 4298 939 4388; x_wconf 88' lang='grc' dir='ltr'><strong>(ι).</strong></span> <span class='ocrx_word' id='word_1_282' title='bbox 977 4301 1022 4366; x_wconf 88' lang='lat' dir='ltr'>lta</span> <span class='ocrx_word' id='word_1_283' title='bbox 1057 4303 1155 4368; x_wconf 89' lang='lat' dir='ltr'>etiam</span> <span class='ocrx_word' id='word_1_284' title='bbox 1192 4300 1312 4367; x_wconf 89' lang='lat' dir='ltr'>animal</span> <span class='ocrx_word' id='word_1_285' title='bbox 1348 4303 1531 4385; x_wconf 83' lang='lat' dir='ltr'>secundum</span> <span class='ocrx_word' id='word_1_286' title='bbox 1563 4323 1602 4371; x_wconf 89' lang='lat' dir='ltr'>se</span> 
     </span>
    </p>
   </div>
   <div class='ocr_carea' id='block_1_3' title="bbox 474 4406 1604 4495">
    <p class='ocr_par' dir='ltr' id='par_1_6' title="bbox 474 4406 1604 4495">
     <span class='ocr_line' id='line_1_37' title="bbox 474 4406 1604 4495; baseline 0.005 -23"><span class='ocrx_word' id='word_1_287' title='bbox 474 4427 507 4474; x_wconf 89' lang='lat' dir='ltr'>v.</span> <span class='ocrx_word' id='word_1_288' title='bbox 530 4427 566 4492; x_wconf 86' lang='lat' dir='ltr'>g.</span> <span class='ocrx_word' id='word_1_289' title='bbox 587 4406 773 4492; x_wconf 87' lang='lat' dir='ltr'>praescindit</span> <span class='ocrx_word' id='word_1_290' title='bbox 792 4429 809 4472; x_wconf 88' lang='lat' dir='ltr'>a</span> <span class='ocrx_word' id='word_1_291' title='bbox 829 4408 975 4474; x_wconf 88' lang='lat' dir='ltr'>rationali</span> <span class='ocrx_word' id='word_1_292' title='bbox 998 4409 1050 4474; x_wconf 89' lang='lat' dir='ltr'>vel</span> <span class='ocrx_word' id='word_1_293' title='bbox 1068 4408 1253 4475; x_wconf 85' lang='lat' dir='ltr'>irrationali.</span> <span class='ocrx_word' id='word_1_294' title='bbox 1274 4408 1340 4476; x_wconf 85' lang='lat' dir='ltr'>Sed</span> <span class='ocrx_word' id='word_1_295' title='bbox 1353 4409 1491 4486; x_wconf 89' lang='lat' dir='ltr'>animal,</span> <span class='ocrx_word' id='word_1_296' title='bbox 1507 4413 1604 4495; x_wconf 86' lang='lat' dir='ltr'>quod</span> 
     </span>
    </p>
   </div>
   <div class='ocr_carea' id='block_1_4' title="bbox 476 4655 1603 4818">
    <p class='ocr_par' dir='ltr' id='par_1_7' title="bbox 476 4655 1603 4818">
     <span class='ocr_line' id='line_1_38' title="bbox 510 4655 1603 4729; baseline 0.008 -16"><span class='ocrx_word' id='word_1_297' title='bbox 510 4660 551 4724; x_wconf 91' lang='grc' dir='ltr'>(ι)</span> <span class='ocrx_word' id='word_1_298' title='bbox 588 4655 663 4714; x_wconf 86' lang='lat' dir='ltr'>Vide</span> <span class='ocrx_word' id='word_1_299' title='bbox 677 4655 777 4727; x_wconf 66' lang='lat' dir='ltr'>Suam,</span> <span class='ocrx_word' id='word_1_300' title='bbox 792 4657 867 4729; x_wconf 82' lang='lat' dir='ltr'>disp.</span> <span class='ocrx_word' id='word_1_301' title='bbox 885 4657 913 4715; x_wconf 87' lang='lat'>6.</span> <span class='ocrx_word' id='word_1_302' title='bbox 933 4656 1073 4729; x_wconf 71' lang='lat' dir='ltr'>Metapa,</span> <span class='ocrx_word' id='word_1_303' title='bbox 1089 4668 1158 4716; x_wconf 85' lang='lat' dir='ltr'>sect.</span> <span class='ocrx_word' id='word_1_304' title='bbox 1173 4676 1202 4725; x_wconf 83' lang='lat' dir='ltr'>a,</span> <span class='ocrx_word' id='word_1_305' title='bbox 1217 4677 1250 4718; x_wconf 88' lang='grc' dir='ltr'>ιι.</span> <span class='ocrx_word' id='word_1_306' title='bbox 1268 4657 1603 4727; x_wconf 76' lang='lat' dir='ltr'>11,12;Conimbr.loc.</span> 
     </span>
     <span class='ocr_line' id='line_1_39' title="bbox 476 4744 742 4818; baseline 0 -14"><span class='ocrx_word' id='word_1_307' title='bbox 476 4744 536 4815; x_wconf 75' lang='lat' dir='ltr'>cit,</span> <span class='ocrx_word' id='word_1_308' title='bbox 553 4765 583 4818; x_wconf 92' lang='lat' dir='ltr'>q.</span> <span class='ocrx_word' id='word_1_309' title='bbox 599 4767 625 4815; x_wconf 83' lang='lat' dir='ltr'>a,</span> <span class='ocrx_word' id='word_1_310' title='bbox 643 4758 697 4804; x_wconf 88' lang='lat' dir='ltr'>art.</span> <span class='ocrx_word' id='word_1_311' title='bbox 717 4766 742 4804; x_wconf 89' lang='lat'>2.</span> 
     </span>
    </p>
   </div>
   <div class='ocr_carea' id='block_1_5' title="bbox 0 0 1750 5525">
    <p class='ocr_par' dir='ltr' id='par_1_8' title="bbox 0 0 1750 5525">
     <span class='ocr_line' id='line_1_40' title="bbox 0 0 1750 5525; baseline 0 0"><span class='ocrx_word' id='word_1_312' title='bbox 0 0 1750 5525; x_wconf 95' lang='lat' dir='ltr'> </span> 
     </span>
    </p>
   </div>
  </div>
 </body>
</html>
