3492 5525
539 474 597 539 734
653 460 777 524 Lootct
792 456 1040 534 innon-Lm,
1058 457 1220 521 2.¹¹·D1sr>.
1242 470 1282 520 r.·
1298 457 1378 519 Che.
1395 469 1468 538 4⁰⁰¹

564 641 617 707 Ob
632 643 816 729 oppositam
837 653 946 710 autem
964 641 1122 708 rationem
1143 648 1248 725 patet,
1271 658 1338 706 non
1359 657 1456 724 posse
1470 647 1625 705 concreta

497 748 653 832 abjectiva
673 749 834 835 praedicari
849 752 890 816 de
904 748 1091 825 abstractis,
1108 767 1182 832 quae
1198 739 1274 814 nor't·
1287 748 1353 814 sint
1376 764 1492 813 eorum
1513 746 1627 829 subje-

497 865 675 940 ctazquare
686 868 771 925 recta
783 877 848 924 non
859 867 908 925 est
919 860 987 923 hec
997 855 1198 940 praedicatio:
1212 857 1332 922 Albedo
1342 859 1393 921 est
1401 851 1569 940 colorata(
1595 851 1622 940 ).
1721 924 1723 929 ,

437 989 442 1002 ·
564 965 672 1049 Excipi
687 965 794 1032 solent
808 966 960 1050 quaedani
974 965 1217 1049 praedicationes
1239 964 1272 1028 in
1284 962 1623 1048 generequantitatis‚
1721 1010 1722 1021 ,

498 1082 534 1138 ut
552 1090 585 1136 v.
602 1091 636 1156 g.
656 1073 750 1138 Linea
767 1076 815 1139 est
828 1076 964 1157 quanm
980 1072 1156 1157 superficies
1172 1075 1219 1137 est
1230 1075 1364 1155 quanta,
1384 1072 1490 1136 imrno
1507 1068 1622 1135 etiarn:

498 1179 665 1260 Qualitas
683 1183 730 1245 est
741 1185 871 1265 quanto.

567 1285 671 1370 Cujus
690 1288 733 1352 rei
754 1288 834 1353 ratio
852 1306 924 1354 esse
945 1295 1053 1372 potest
1070 1286 1238 1370 peculiaris
1257 1285 1400 1351 conditio
1415 1283 1623 1368 quantitatis,

498 1392 574 1475 quia
591 1395 754 1476 quantitas
773 1412 838 1460 non
858 1395 965 1461 solum
980 1403 1031 1462 est
1045 1393 1139 1472 ratio,
1154 1393 1197 1460 ob
1212 1411 1312 1476 quarn
1322 1391 1382 1458 alia
1395 1391 1480 1458 frunt
1490 1401 1628 1458 extensa

499 1508 532 1564 et
550 1499 735 1577 divisibilia,
759 1503 816 1567 sed
841 1502 939 1566 etiarn
959 1501 1028 1587 ipsa
1047 1503 1080 1568 in
1100 1521 1135 1566 se
1153 1509 1288 1567 extensa
1306 1512 1356 1568 est
1376 1519 1414 1566 ac
1439 1500 1624 1580 divisibilis3

500 1619 606 1690 neque
626 1608 714 1674 enim
730 1609 800 1692 ipsa
813 1618 921 1692 potest
932 1609 1025 1674 aliam
1043 1629 1111 1675 rem
1128 1610 1318 1684 extendere,
1340 1608 1401 1674 nisi
1412 1607 1511 1673 simul
1525 1611 1629 1673 coex-

499 1713 649 1780 tendatur
667 1715 728 1792 illi,
750 1724 782 1781 et
802 1735 879 1782 suas
899 1717 1044 1800 proprias
1056 1729 1171 1801 ,partes
1195 1716 1310 1782 habeat
1328 1715 1627 1800 correspondentes

499 1821 645 1906 partibus
664 1823 713 1888 sui
733 1822 869 1908 subjecti
889 1820 954 1911 (ι).

567 1929 660 1996 Plura
674 1930 714 1994 de
728 1931 787 1996 hac
800 1931 933 1996 materia
947 1931 1048 1997 videri
1062 1940 1203 2014 possunt
1216 1933 1302 2016 apud
1316 1931 1432 1999 citatos
1449 1933 1624 1998 Auctores.

863 2265 1164 2342 ARTICULUS
1187 2264 1253 2342 ΙΙΙ.

568 2461 837 2542 Quoruptex
862 2426 1123 2525 univ-ersele
1140 2477 1225 2524 seu
1250 2461 1553 2541 praedioeblle.

328 2713 358 2744 η
375 2699 407 2742 re·
424 2696 462 2747 rt·
552 2669 624 2739 161.
673 2671 887 2746 Praedicabilia
917 2691 989 2739 esse
1025 2673 1187 2756 quinque,
1215 2691 1330 2757 genus,
1357 2674 1503 2756 speciem,
1533 2675 1631 2758 diffe-

368 2772 374 2783 ’
502 2782 650 2858 renttbm,
665 2782 829 2864 proprium
850 2794 884 2849 et
895 2780 1040 2847 accidens
1051 2782 1195 2848 diximus
1217 2782 1251 2847 in
1274 2780 1392 2867 logica
1406 2781 1541 2859 Minori,
1562 2786 1628 2850 hu-

393 2958 396 2967 ,
498 2890 617 2973 jusque
632 2889 798 2955 divisionis
809 2898 842 2954 et
859 2889 1016 2954 rationem
1030 2888 1216 2966 attulimus,
1230 2898 1263 2954 et
1277 2890 1443 2965 rnernhra,
1459 2900 1627 2973 quantum

407 2985 410 2994 ⁴
501 2998 580 3065 satis
599 3007 667 3064 erat
685 2994 856 3084 tyronibus
875 2995 1110 3082 Philosophiae,
1130 2998 1366 3065 declaravimus
1383 2995 1445 3085 (3).
1460 2998 1555 3065 Nunc
1577 3018 1629 3063 re-

501 3107 627 3189 liquum
654 3114 704 3171 est
731 3106 770 3170 ad
799 3106 897 3190 hujus
924 3105 1108 3189 argumenti
1136 3106 1177 3170 de
1204 3104 1443 3171 universalibus
1476 3108 1626 3190 comple-

502 3222 670 3288 mentum,
691 3224 727 3280 ut
746 3212 904 3297 quasdam
924 3210 1002 3278 alias
1020 3212 1233 3279 abstrusiores
1252 3212 1451 3295 quaestiones
1470 3233 1489 3278 a
1507 3213 1624 3297 priscis
1713 3236 1718 3245 ·

501 3322 705 3405 Philosophis
732 3320 842 3405 agitari
873 3321 1001 3396 solitas,
1031 3320 1214 3388 indicemus
1239 3321 1367 3405 potius,
1392 3339 1494 3405 quarn
1521 3340 1627 3405 expo

501 3447 632 3497 namus.

567 3536 603 3605 Et
622 3538 654 3602 in
674 3536 803 3622 primis,
833 3547 944 3603 utrum
963 3536 1023 3601 alia
1042 3536 1234 3602 universalia
1253 3536 1373 3602 dentur
1391 3544 1508 3620 praeter
1525 3538 1622 3622 quin·

480 3732 483 3739 A
501 3662 566 3730 que
583 3645 750 3730 praedicta,
771 3654 869 3726 atque
888 3644 970 3710 adeo
989 3653 1099 3711 utrum
1111 3643 1276 3711 sufficiens
1293 3646 1336 3713 sit
1350 3644 1403 3709 illa
1419 3644 1554 3723 divisio,
1570 3649 1626 3711 vel

501 3754 599 3821 etiam
625 3764 735 3819 utrum
756 3752 932 3827 redundet,
952 3753 1052 3819 videri
1079 3760 1186 3837 potest
1205 3753 1292 3837 apud
1320 3752 1482 3818 Eximiurn
1502 3752 1626 3820 Docto-

502 3882 570 3930 rem
589 3858 658 3950 (4),
679 3858 886 3925 Dominicum
901 3859 982 3926 Soto
996 3856 1064 3947 (5),
1082 3860 1336 3944 Complutenses
1350 3856 1419 3948 (6),
1438 3860 1626 3929 Conintbri

506 4034 758 4052 —————-¹·

537 4118 577 4181 (r)
614 4110 690 4168 Vide
705 4108 831 4179 Rhodes,
849 4108 954 4166 Phitos
966 4110 1104 4184 peripat..
1117 4108 1167 4167 lib.
1185 4130 1209 4178 r,
1224 4108 1303 4187 disp.
1319 4128 1345 4180 3,
1359 4122 1465 4182 quaest.
1478 4132 1502 4183 t,
1512 4128 1584 4171 sect.
1597 4133 1623 4183 2,

502 4222 619 4277 paragr.
640 4218 668 4269 a,
685 4201 757 4260 Dico
774 4210 815 4272 3.·

536 4296 578 4360 (a)
613 4289 690 4349 Vide
711 4288 811 4358 Suae,
831 4288 907 4362 disp.
928 4288 1057 4363 Metnph.
1072 4308 1123 4362 40,
1141 4300 1211 4348 sect.
1230 4310 1254 4349 t.
1270 4308 1302 4349 n.
1321 4290 1361 4361 6.3
1383 4288 1625 4364 Condercum,

502 4384 619 4458 Logia,
635 4380 712 4454 disp.
727 4401 756 4453 4,
771 4393 875 4450 quest.
890 4398 918 4451 4.
930 4398 960 4436 n.
974 4397 1021 4451 4⁰·

538 4476 579 4543 (3)
615 4472 719 4543 ungu.
737 4470 857 4539 Minor,
873 4467 949 4539 disp.
968 4488 993 4535 1,
1008 4487 1072 4547 cap.
1084 4488 1113 4541 -3,
1131 4480 1187 4526 art.
1201 4489 1229 4527 a.

433 4560 437 4569 “
537 4565 579 4635 (4)
616 4559 699 4632 Disp.
710 4560 738 4617 6.
755 4559 897 4633 Metapin,
912 4570 981 4616 sect.
992 4558 1021 4615 8.
1046 4557 1049 4561 ⁴

537 4656 578 4724 (ς)
613 4650 658 4709 De
672 4648 909 4717 Universalibus,
924 4661 1029 4719 quest.
1046 4666 1071 4720 ς.

538 4741 578 4811 (6)
614 4740 729 4819 Logic„
744 4738 820 4812 disp.
834 4758 861 4811 4,
876 4757 905 4810 q.
917 4738 946 4795 6.
