3492 5525
543 447 603 532 358
735 448 862 513 Locrca
883 432 1130 512 MruonssDrsr’.
1155 458 1199 529 3.·
1220 445 1299 511 Cnr’.
1322 462 1395 530 4¹¹¹*

502 637 574 702 solo
587 633 781 721 syllogismo
807 647 886 699 usos
906 650 977 697 esse
996 627 1058 719 (1).
1085 628 1264 705 Qromodo
1288 630 1377 696 enim
1401 632 1473 697 solo
1492 630 1634 717 syllogi-

501 762 577 810 smo
592 743 639 808 uti
659 748 851 826 potuerunt,
869 740 926 825 qui
941 739 1044 823 prima
1063 740 1132 822 ipsa
1147 729 1300 822 principia
1314 738 1446 805 nonnisi
1464 738 1633 805 inductio-

503 869 543 915 ne
561 850 667 934 colligi
688 868 785 933 posse
798 844 1057 914 arbitrabantur?
1075 844 1158 922 Quae
1176 846 1321 913 doctrina
1336 866 1401 912 non
1421 846 1463 911 de
1480 848 1632 929 comple-

501 969 535 1024 ta
553 958 741 1024 inductione
759 958 817 1023 sed
840 957 882 1021 de
900 955 1098 1037 incompleta
1126 954 1308 1019 necessario
1332 954 1542 1039 intelligenda
1561 961 1628 1029 e'st,

503 1075 539 1131 ut
557 1064 636 1131 satis
656 1083 714 1149 per
730 1084 767 1129 se
785 1072 886 1149 patet.
912 1060 1092 1128 Fatendum
1116 1070 1165 1127 est
1183 1071 1311 1137 tamen,
1332 1082 1408 1127 cum
1436 1061 1629 1127 Scholastici

465 1253 470 1261 Ι
503 1170 773 1240 communissime
806 1171 966 1237 docebant
996 1168 1184 1234 inductione
1217 1168 1371 1253 principia
1397 1159 1521 1253 colligi,
1553 1188 1629 1233 eam

437 1352 466 1420 ‘l

459 1454 467 1477 i

325 3222 447 3278 eomplera

294 3293 477 3341 inductiouiaria·

502 1281 682 1348 intellexise
707 1279 949 1354 inductionem,
979 1295 1053 1360 quae
1073 1294 1138 1342 non
1164 1276 1230 1342 veri
1250 1278 1391 1343 nominis
1418 1286 1632 1361 argumenta-

502 1383 630 1479 tionem,
655 1389 851 1463 involveret,
883 1386 940 1453 sed
969 1386 1202 1450 manuduceret
1234 1384 1405 1452 dumtaxat
1429 1372 1630 1470 juvaretque

501 1468 525 1477 .-

504 1498 704 1563 intellectum
724 1497 765 1560 ad
774 1495 896 1560 mellus
912 1494 1153 1578 percipiendam
1174 1491 1241 1557 vim
1260 1490 1492 1572 terminorum;
1509 1510 1631 1575 quem·
1716 1490 1717 1493 ’

502 1605 682 1670 admodum
701 1604 776 1669 alibi
789 1603 896 1668 iusius
914 1601 1158 1685 explicabimus.

570 1711 663 1778 Adde
682 1711 772 1794 quod
792 1710 982 1775 Aristoteles
1003 1718 1036 1773 et
1054 1708 1240 1774 inductione
1259 1708 1457 1791 quandoque
1477 1691 1631 1791 probavit

502 1817 626 1901 aliquas
645 1819 841 1885 assertiones
864 1813 934 1903 (2),·
959 1826 991 1881 et
1010 1834 1076 1881 non
1099 1818 1201 1881 semel
1222 1815 1453 1902 syllogismum
1473 1825 1506 1880 et
1532 1815 1631 1880 indu-

501 1928 643 2021 ctionem
664 1925 837 2010 proposuit
855 1933 1024 2006 tamquam
1045 1923 1127 1989 duas
1145 1922 1313 1992 distinctas
1336 1921 1630 2015 argumentationis

502 2034 626 2118 species
645 2030 709 2120 (3).
730 2032 839 2107 Quare
855 2030 932 2097 nihil
954 2031 1090 2105 mirum,
1111 2030 1137 2097 si
1157 2030 1207 2095 alii
1224 2031 1434 2105 recentiores,
1452 2040 1488 2095 ut
1503 2030 1631 2095 llamil-
1716 2032 1717 2035 ’

501 2150 577 2217 ton,
599 2140 798 2217 Ravaisson,
821 2140 948 2217 Mallet,
969 2138 1102 2213 Martin,
1133 2126 1399 2221 Trendeleltburg
1424 2134 1573 2225 aliique(
1601 2135 1627 2224 ),
1716 2224 1717 2231 ἵ

502 2249 675 2315 manifesta
693 2248 827 2313 veritate
850 2245 1007 2322 convicti,
1029 2266 1046 2311 a
1066 2245 1178 2313 Reidio
1204 2248 1339 2330 ejusque
1365 2245 1495 2311 asseclis
1514 2247 1546 2311 in
1567 2248 1629 2313 hac

502 2366 591 2443 parte
610 2356 813 2423 dissentiant.
1560 2434 1564 2443 ,

551 2481 623 2547 ¹70·
667 2466 739 2545 Jam
769 2462 927 2547 quoniam
946 2470 1014 2526 tam
1034 2462 1186 2544 frequens
1207 2470 1241 2526 et
1260 2462 1458 2527 necessarius
1477 2470 1527 2527 est
1546 2480 1630 2528 usus

502 2571 699 2638 inductionis
717 2572 751 2636 in
770 2568 933 2645 scientiis,
959 2588 1067 2653 operae
1092 2569 1231 2661 pretium
1251 2578 1301 2634 est
1324 2570 1494 2633 ostendere
1522 2570 1630 2653 legiti-
1716 2614 1717 2617 κ

502 2700 591 2745 marn
611 2679 758 2765 ejusdem
783 2679 851 2743 virn
876 2677 1105 2743 concludendi.
1132 2677 1237 2741 Prima
1262 2676 1348 2742 enim
1373 2678 1478 2741 fronte
1497 2674 1629 2741 videtur
1716 2686 1717 2733 ἐ

502 2788 640 2854 absurde
659 2787 766 2853 inferri
785 2787 967 2852 universale
986 2805 1027 2850 ex
1054 2785 1271 2869 singularibus
1294 2796 1350 2850 aut
1369 2785 1473 2868 magis
1496 2785 1630 2850 univer·
1716 2787 1717 2850 l

500 2897 568 2960 sale
586 2914 627 2959 ex
645 2896 755 2960 minus
786 2893 1037 2959 universalibus.
1067 2891 1287 2961 Nihilominus
1312 2900 1447 2975 utraque
1466 2891 1625 2967 inductio,

500 3004 664 3086 completa
686 3011 720 3067 et
742 3003 958 3085 incompleta,
986 3003 1013 3067 si
1042 3000 1101 3066 rite
1128 3000 1337 3077 adhibeatur,
1367 3009 1417 3066 cst
1448 2999 1628 3066 rectissima
1716 3089 1717 3100 ἵ

501 3109 794 3195 argumentationis
812 3111 929 3174 forma.

568 3218 605 3282 Et
621 3212 728 3300 primo
741 3217 875 3301 quidem
890 3218 930 3283 de
945 3217 1107 3300 completa
1124 3217 1251 3282 nullum
1267 3212 1402 3280 dubium
1417 3231 1487 3278 esse
1503 3223 1626 3296 potest.
1716 3195 1717 3236 r

501 3325 708 3391 Manifestum
729 3325 816 3390 enim
836 3332 903 3400 est,
921 3322 1080 3408 quidquid
1099 3323 1140 3388 de
1158 3322 1295 3407 singulis
1307 3321 1515 3410 ¹interioribus
1533 3340 1630 3387 com·

421 3512 424 3516 g
500 3435 588 3518 plete
607 3431 804 3498 enumeratis
823 3432 1030 3515 praedicatur,
1052 3430 1294 3516 praedicandum
1314 3448 1386 3494 esse
1405 3429 1445 3492 de
1464 3428 1629 3496 universis

500 3539 704 3636 distributive
717 3538 870 3622 sumptis.
889 3537 932 3604 V.
947 3559 981 3623 g.
1002 3539 1028 3604 si
1044 3538 1268 3620 experimento
1281 3535 1464 3619 comperisti
1476 3521 1630 3620 singulo·

502 3667 575 3715 rum
607 3665 765 3714 sensuum
793 3644 926 3712 actibus'
952 3645 1165 3731 proprietates
1195 3662 1364 3728 corporeas
1391 3642 1525 3726 percipi,
1549 3644 1628 3728 jure

502 3755 620 3820 merito
643 3755 820 3820 concludes
846 3753 990 3820 omnibus
1017 3751 1257 3820 sensationibus
1280 3749 1431 3835 cognosci
1451 3767 1629 3833 corporeas

444 3935 448 3943 '
537 3940 577 4002 (1)
613 3933 691 3990 Vide
712 3933 791 4005 apud
817 3930 910 4001 Caiet.
935 3929 1057 3988 Sansev.
1081 3931 1221 3998 Hiemem,
1244 3929 1360 3986 Philos.
1384 3928 1503 3992 christ„
1519 3927 1580 3984 vol.
1601 3951 1627 3998 r,

500 4025 604 4101 Logic.
621 4023 703 4081 Pars.
721 4042 745 4090 r,
761 4041 824 4092 cap.
841 4042 873 4094 3,
888 4033 943 4079 art.
958 4043 985 4093 3,
1001 4041 1030 4078 n.
1050 4021 1109 4094 156,
1125 4019 1155 4078 in
1171 4032 1229 4078 not.
1246 4039 1272 4076 2.

536 4118 577 4181 (a)
614 4111 690 4171 Vide
703 4132 732 4170 v.
748 4132 779 4185 g.
795 4111 844 4169 lib.
864 4119 921 4168 1.'²¹²
936 4112 1096 4168 Posterior.
1112 4130 1175 4181 cap.
1193 4130 1203 4167 1
1221 4107 1315 4167 initio.
1331 4107 1393 4166 Cir.
1406 4107 1444 4166 ib.
1463 4103 1497 4164 S.
1513 4105 1626 4167 Thom.

500 4203 568 4261 lect.
588 4223 612 4260 r.

535 4296 577 4365 (3)
613 4290 689 4349 Vide
701 4289 793 4350 Arist.
807 4288 856 4347 lib.
871 4312 882 4347 1
900 4289 1044 4363 Topicor.‚
1059 4309 1122 4362 cap.
1139 4309 1170 4348 ro
1180 4288 1228 4354 (al.
1245 4291 1298 4356 ra);
1310 4287 1358 4344 lib.
1372 4306 1388 4343 2
1401 4285 1499 4342 Prior.
1511 4305 1577 4357 cap.
1591 4308 1626 4360 ²3

500 4383 549 4450 (al.
565 4403 590 4440 c.
605 4402 640 4454 27
662 4382 782 4453 v0129)3
803 4379 852 4439 lib.
881 4381 1090 4438 eretoricor.
1114 4400 1138 4437 c.
1164 4399 1191 4448 23
1206 4377 1255 4436 lib.
1281 4383 1318 4434 r.‘
1331 4375 1488 4434 Posterior.
1512 4395 1579 4446 cap.
1601 4399 1626 4446 r,

501 4485 569 4532 text.
589 4479 663 4530 r.⁰et
675 4483 718 4543 4.·
728 4471 804 4528 Vide
813 4470 903 4527 etiam
912 4470 1065 4528 Albertum
1076 4469 1117 4527 M.
1133 4469 1183 4527 lib.
1197 4490 1208 4526 r
1223 4468 1369 4543 Toparon,
1381 4479 1461 4524 tract„
1475 4487 1501 4538 3,
1517 4485 1584 4536 cap.
1595 4487 1626 4541 43

500 4562 533 4621 S.
549 4562 655 4621 Thom.
670 4561 721 4619 lib.
740 4571 778 4618 1.·
791 4561 951 4618 Posterior.
969 4561 1144 4633 analyticor.
1161 4559 1224 4626 lect,
1243 4579 1266 4614 r.
1282 4571 1309 4614 et
1324 4577 1350 4628 33
1365 4553 1481 4614 etScot.
1497 4554 1529 4611 in
1544 4555 1597 4616 lib.
1610 4577 1627 4614 2

500 4653 611 4721 Prion,
626 4670 656 4721 q.
671 4650 699 4719 8,
713 4669 743 4707 n.
760 4663 815 4722 5et
827 4648 856 4718 ὃς
871 4663 901 4706 et
914 4648 986 4706 alios
1001 4648 1173 4720 interpretes
1191 4646 1310 4705 Aristot.
1334 4644 1364 4704 in
1380 4642 1524 4716 praedictis
1539 4643 1625 4704 locis.

534 4745 575 4812 (4)
612 4740 701 4811 Apud
716 4737 912 4798 Sauseverino
925 4738 978 4797 loc.
994 4737 1047 4796 clt.
