3492 5525
241 412 359 475 Anrrc.
379 408 653 474 1.=·Dcscnrrr10
669 426 889 478 racuurrrun
902 427 1095 476 coonoscrr.
1135 415 1189 496 5br

105 514 963 549 -ῇ--Ἳ-

102 592 271 677 propriam
291 594 404 659 sedem
426 594 620 659 reservanda
633 594 692 673 sit;
714 591 925 660 nihilominus
944 594 1042 660 etiam
1057 595 1174 680 logica
1191 595 1234 659 de

102 700 235 765 illarum
255 702 369 768 saltem
396 701 569 769 veracitate
588 700 683 767 silere
706 700 837 785 nequit,
866 700 893 767 si
914 702 1052 768 nefarios
1069 701 1149 769 velit
1165 720 1235 767 sce·

102 808 271 891 pticorum
295 817 433 875 conatus
455 800 653 884 retundere,
674 807 730 891 qui
750 809 905 875 humanae
931 810 1052 876 mentis
1076 808 1117 875 ad
1141 827 1233 876 veras

103 915 315 1001 cognitiones
334 915 529 983 hauriendas
544 916 743 983 habilitatem
760 925 817 982 aut
836 916 1030 995 inficiantes,
1051 926 1108 983 aut
1121 916 1154 982 in
1174 916 1236 981 du·
1313 996 1315 999 y

102 1022 200 1089 bium
230 1034 436 1101 revocantes,
472 1043 606 1090 omnem
638 1023 739 1090 vitam
771 1024 1025 1091 intellectualem
1051 1022 1235 1091 interimere

105 1131 276 1209 nituntur,
293 1131 527 1216 scientiamque
545 1149 681 1197 omnem
700 1132 940 1217 impossibilem
961 1133 1113 1198 reddunt.

543 1449 743 1537 cneur
773 1451 803 1536 1.
907 1381 913 1391 ⁴

264 1633 367 1696 DE
403 1632 673 1695 MEDIIS
712 1634 1080 1698 INTERNIS

505 1780 845 1847 COGNOSCENDI.
894 1818 901 1839 .

575 1914 776 1927 —ssn-

576 1934 775 1945 m

499 2104 799 2180 ARTICULUS
821 2106 860 2181 1:

314 2291 479 2357 Brevis
498 2292 745 2373 descriptio
761 2291 1034 2356 facultatum

464 2401 890 2477 cognoscitiverum.

167 2648 241 2697 100.
288 2628 432 2715 Duplicis
452 2628 572 2695 ordinis
592 2639 670 2697 sunt
689 2630 722 2696 in
741 2631 876 2697 homine
895 2629 1050 2716 potentiae
1071 2627 1243 2715 cognosci·
1280 2714 1284 2733 Ι

110 2739 210 2816 tivae,
232 2736 402 2804 sensitivre
411 2746 444 2803 et
463 2734 697 2826 intellectiva(
725 2735 750 2827 ).
1267 2818 1298 2854 s

184 2845 308 2912 Sensus
324 2846 505 2930 generatim
527 2845 663 2914 describi
683 2855 793 2931 potest
804 2848 948 2929 potentia
973 2849 1024 2912 vel
1033 2848 1174 2934 facultas
1191 2862 1245 2910 or·
1276 2867 1434 2926 onam.

108 2953 246 3040 gam'ca,
259 2959 425 3038 perquam
441 2953 556 3039 objecta
569 2961 715 3036 corporea
730 2954 959 3038 percellimur.

186 3061 307 3126 Dicitur
321 3061 460 3143 potentia
474 3061 639 3156 orgam'ca,
661 3061 692 3126 in
713 3080 780 3145 quo
795 3061 949 3128 convenit
962 3079 1081 3127 sensus
1095 3079 1172 3127 cum
1187 3079 1247 3144 po-

111 3165 454 3253 tentiisvegetativis,
475 3187 512 3232 ac
526 3167 633 3254 diflert
657 3168 698 3235 ab
717 3169 899 3249 intellectu3
926 3187 1001 3235 nam
1022 3179 1055 3234 et
1073 3168 1246 3234 insiderin

113 3295 261 3362 organo,
279 3283 311 3339 et
330 3293 387 3359 per
405 3292 567 3359 organum
588 3284 717 3342 exercet
739 3287 848 3342 actum
871 3294 984 3343 suum.
1006 3275 1173 3360 Organum
1190 3293 1247 3340 au·
1269 3301 1450 3358 Quidmanum.

113 3395 187 3450 tem
218 3382 333 3448 dicitur
360 3401 434 3467 pars
463 3383 514 3447 vel
543 3384 730 3449 membrum
759 3384 904 3468 corporis
933 3384 974 3448 ad
1002 3383 1144 3465 aliquam
1172 3381 1247 3447 vitae
1311 3401 1316 3408 ·

114 3488 321 3558 functionem
341 3489 559 3566 destinatum,
580 3502 617 3558 ut
631 3493 746 3558 oculus
760 3493 801 3557 ad
821 3491 1000 3565 visionem,
1019 3484 1075 3555 cor
1089 3490 1129 3554 ad
1148 3507 1248 3574 gene-

115 3597 259 3666 randum
288 3596 616 3681 distribuendumque
653 3599 860 3684 sanguinem.
897 3599 935 3662 Et
969 3615 1149 3684 organum,
1180 3614 1247 3680 quo

115 3703 326 3774 sensationes
345 3716 562 3788 peraguntur,
587 3707 752 3789 proprium
774 3723 896 3771 nornen
919 3705 1052 3771 sortitur
1069 3702 1156 3789 apud
1175 3701 1250 3769 Plri-

69 3830 77 3847 ·
116 3815 279 3896 losophos
296 3812 430 3878 sensorii
446 3813 497 3876 vel
510 3813 682 3892 sensilerii,
704 3831 907 3898 quamquam
927 3812 1108 3896 saepissime
1122 3810 1250 3896 generi·
1293 3828 1436 3876 samonum.

116 3941 161 3989 co
181 3920 341 3987 vocabulo
362 3928 569 4005 nuncupatur
589 3919 778 4005 simpliciter
794 3939 961 4005 organum.

192 4028 331 4095 Additur
356 4028 473 4094 deinde
498 4029 531 4094 in
555 4028 762 4105 delinitione,
791 4047 927 4096 sensum
954 4047 1026 4095 esse
1054 4027 1248 4112 potentiam,

112 4146 178 4222 per
202 4153 296 4220 quam
322 4135 440 4224 objecta
461 4144 608 4220 corporea
622 4137 858 4219 percrbiuntur,
885 4147 921 4203 ut
940 4136 1160 4221 distinguatur
1176 4142 1249 4200 tum

118 4268 139 4312 a
161 4243 316 4328 potentiis
331 4242 537 4329 vegetativis,
557 4244 743 4328 appetitivis
756 4253 789 4309 et
801 4243 1022 4320 locomotivis,
1044 4261 1118 4326 quae
1136 4260 1251 4328 appre-

120 4350 270 4420 hensivae
285 4365 343 4416 seu
356 4350 588 4436 cognoscitivae
608 4370 675 4418 non
689 4360 786 4429 sunt,
800 4361 873 4418 tum
893 4351 991 4417 etiam
1008 4351 1050 4416 ab
1068 4350 1249 4426 intellectu,

120 4461 221 4546 cujus
238 4465 328 4525 actus
356 4476 423 4524 non
453 4459 493 4524 ad
516 4458 644 4544 objecta
661 4460 833 4528 dumtaxat
861 4477 1016 4544 corporea
1035 4457 1249 4544 restringitur,

126 4633 569 4760 miserentibus
583 4687 617 4752 S.
628 4686 766 4764 Thomas,
781 4692 924 4766 opusculo
931 4693 967 4752 de
975 4691 1124 4753 Potantiis
1137 4691 1252 4750 anima.

1129 4816 1131 4819 .
1156 4788 1195 4871 3⁶
