3492 5525
332 1263 399 1307 immo
410 1273 432 1307 ct

328 1334 432 1380 moralem
481 1351 485 1361 .

302 1405 454 1451 certitudinem
480 1458 485 1467 Ι

298 1476 320 1519 in
331 1474 467 1531 quibuadum

323 1544 440 1603 adjunctis.

531 436 595 519 b3a
650 437 774 501 Locren
789 435 1030 511 timon-Ltus
1043 450 1111 512 ψ,
1128 432 1218 499 Drs'e.
1235 450 1280 519 4:
1294 436 1372 499 Cae.
1390 423 1460 497 alum

495 604 697 673 declaranda.
718 604 834 689 Neque
850 602 939 669 enim
959 610 1122 687 repugnat
1137 621 1254 670 omnes
1282 603 1432 668 homines
1454 601 1489 669 in
1509 621 1545 667 re
1563 601 1625 665 ali·

495 730 562 797 qua
578 728 700 787 errare,
721 721 757 779 ut
776 722 923 779 errarunt
942 729 999 796 per
1021 713 1114 797 plura
1131 712 1250 777 saecula
1266 709 1348 777 circa
1360 718 1497 776 motum
1522 709 1620 787 solis,

495 820 689 904 antipodum
713 818 1027 904 impossibilitatem,
1055 817 1251 885 soliditatem
1279 802 1460 894 coelorum,
1489 818 1622 901 aliaque

496 928 527 995 id
545 946 663 1013 genus.
685 927 905 999 Nihilominus
926 937 1017 995 tanta
1029 935 1233 1011 estsemper
1250 925 1379 1013 generis
1398 926 1534 993 humani
1560 945 1621 990 au·

494 1035 640 1111 ctoritas,
662 1044 698 1103 ut
717 1036 758 1101 ab
776 1036 848 1121 eius
865 1034 1038 1103 universali
1057 1052 1235 1111 consensu,
1253 1034 1314 1101 nisi
1329 1033 1469 1100 rationes
1484 1034 1621 1099 eviden-

494 1151 545 1211 tes
564 1142 802 1228 diligenterque
821 1162 990 1227 perpensae
1013 1162 1074 1209 nos
1096 1152 1233 1227 cogant,
1255 1142 1405 1208 recedere.
1421 1160 1488 1207 non
1507 1143 1617 1207 liceat.

562 1256 729 1319 Probatur
754 1258 806 1319 ι·
828 1274 921 1334 pars.
943 1249 1016 1317 Dari
1035 1260 1165 1333 queunt
1175 1249 1294 1335 judicia
1321 1250 1473 1333 quaedam
1503 1251 1622 1333 hujus-

496 1358 584 1423 modi
607 1358 797 1425 communia
823 1348 1067 1423 et'universalia
1094 1376 1185 1441 quae:
1206 1358 1239 1441 α)
1265 1357 1567 1425 diuturna'iuerint
1584 1366 1620 1424 et

494 1466 693 1542 constantia,
710 1466 789 1549 quin
804 1466 965 1532 obliterari
982 1484 1128 1549 unquam
1143 1464 1308 1553 potuerint
1322 1466 1393 1548 ipso
1408 1466 1619 1531 scientiarum

495 1591 688 1659 progressu,
708 1575 766 1641 sed
786 1575 895 1659 potius
919 1572 1120 1653 confirmari3
1150 1570 1190 1660 β)
1219 1592 1278 1639 nec
1301 1571 1436 1657 proinde
1455 1572 1620 1656 profluere

494 1681 623 1764 possint
640 1700 681 1747 ex
700 1681 881 1766 ignorantia
895 1699 1068 1747 causarum
1084 1680 1297 1757 naturalium,
1318 1679 1526 1765 praeJudiciis,
1545 1700 1622 1746 mo-

495 1806 567 1855 rom
586 1791 783 1873 corruptela,
803 1788 1033 1873 superstitione
1054 1792 1104 1855 vel
1125 1808 1165 1854 ex
1183 1790 1252 1855 aliis
1272 1789 1382 1855 minus
1400 1790 1547 1854 honestis
1566 1808 1620 1855 ra-

493 1894 635 1977 dicibus3
655 1894 696 1987 γ)
716 1916 774 1963 nec
790 1906 974 1981 repugnent
987 1896 1057 1992 aliis
1071 1898 1166 1962 certis
1180 1895 1312 1962 rationis
1331 1894 1510 1980 principiis3
1530 1890 1570 1981 δ)
1584 1904 1620 1960 et

494 2004 534 2069 ad
555 2004 654 2071 vitam
673 2014 706 2070 et
727 2022 835 2069 mores
855 2011 940 2069 recte
956 2003 1175 2072 instituendos
1194 2002 1281 2069 haud
1299 2020 1414 2088 parum
1433 2004 1618 2071 conferant.

495 2111 594 2195 Atqui
615 2110 813 2197 judicialis
831 2111 1074 2178 conditionibus
1093 2111 1238 2195 praedita,
1259 2112 1397 2177 salsitate
1415 2112 1539 2195 turpari
1560 2130 1620 2176 ne·

493 2227 632 2304 queunt.
662 2220 745 2305 Ergo
764 2238 882 2287 sensus
900 2220 1086 2286 communis
1107 2220 1140 2283 in
1160 2218 1356 2302 quibusdam
1381 2217 1541 2304 adjunctis
1561 2218 1619 2285 str-

495 2348 583 2395 mam
604 2331 706 2394 iacere
725 2330 810 2395 valet
825 2326 938 2394 fidem.

562 2442 678 2513 Minor
696 2444 844 2510 constat,
863 2435 940 2519 quia
955 2436 1144 2521 hujusmodi
1159 2434 1280 2518 judicia
1299 2452 1430 2499 manare
1446 2445 1619 2527 nequeunt

495 2543 556 2610 nisi
575 2564 616 2611 ex
636 2562 718 2628 puro
733 2544 865 2609 rationis
880 2543 1005 2608 lumine
1019 2543 1084 2618 vel,
1097 2562 1138 2607 ex
1151 2541 1312 2627 primitiva
1323 2541 1465 2625 quadarn
1480 2544 1616 2608 humani

483 2652 623 2738 ‚generis
637 2650 824 2728 traditione,
845 2650 970 2734 quaein
990 2668 1107 2715 omnes
1126 2649 1279 2732 deinceps
1297 2656 1414 2733 gentes
1429 2667 1504 2714 sese
1521 2649 1620 2714 diliu-

494 2760 587 2826 derit.
610 2757 643 2825 si
663 2746 750 2824 enim
770 2759 906 2824 eilectus
925 2758 1111 2824 communis
1130 2766 1162 2823 et
1180 2767 1336 2823 constans
1354 2775 1486 2824 causam
1512 2757 1620 2823 vindi-

493 2876 545 2933 cat
571 2885 783 2932 communem
815 2874 848 2930 et
870 2875 1094 2942 constantem,
1125 2865 1290 2949 persuasio
1309 2864 1409 2931 etiam
1426 2866 1618 2930 communis

494 2974 642 3038 omnium
670 2975 725 3038 uni
753 2974 921 3038 communi
949 2971 1104 3063 principio
1130 2973 1296 3038 referenda
1321 2983 1384 3042 est,
1406 2971 1449 3036 At
1465 2971 1505 3066 ,in
1526 2982 1617 3038 tanta

495 3080 664 3147 nationum
686 3080 839 3146 varietate
854 3100 891 3145 ac
909 3079 1111 3154 diversitate,
1133 3078 1273 3144 exclusis
1292 3079 1501 3164 praejudiciiS,
1521 3081 1619 3164 igno-

495 3189 596 3256 rantia
625 3200 658 3256 et
686 3187 810 3254 caeteris
841 3187 926 3253 vitiis
957 3195 1097 3262 naturae,
1133 3187 1211 3251 nibil
1238 3204 1411 3284 remanere
1440 3194 1552 3269 potest
1583 3187 1616 3252 in

494 3297 648 3362 omnibus
666 3313 845 3360 commune
869 3303 986 3378 praeter
1005 3295 1118 3359 lumen
1146 3293 1254 3377 ipsum
1285 3292 1418 3359 rationis
1443 3301 1501 3358 aut
1518 3294 1618 3360 tradi-

494 3403 618 3469 tionem
638 3402 779 3487 aliquam
800 3403 913 3487 primis
931 3401 1116 3466 auctoribus
1133 3399 1264 3485 generis
1277 3399 1412 3466 humani
1431 3401 1563 3468 factam.

556 3512 625 3592 lam
646 3512 757 3576 lumen
777 3509 910 3576 rationis
930 3509 1076 3573 naturale
1094 3515 1192 3573 verax
1214 3516 1281 3582 est,
1303 3490 1486 3573 nec'errare
1506 3517 1616 3592 potest

493 3619 526 3684 in
536 3617 663 3702 judiciis
682 3616 896 3690 immediatis,
914 3634 973 3683 nec
992 3615 1024 3680 in
1042 3614 1191 3680 mediatis
1207 3614 1355 3680 facillima
1371 3614 1617 3682 ratiocinatione

493 3725 654 3792 deductis.
683 3725 750 3790 Nec
776 3722 907 3789 traditio
935 3722 1033 3788 etiam
1061 3721 1268 3807 hujusmodi,
1298 3722 1360 3788 nisi
1385 3739 1462 3786 vera
1485 3722 1614 3800 fuisset,

494 3832 667 3898 falsitatem
685 3849 779 3896 suam
800 3831 839 3896 ab
859 3831 1008 3896 omnium
1025 3829 1198 3894 hominurn
1217 3830 1321 3894 oculis
1339 3828 1538 3895 abscondere
1558 3851 1618 3914 po-

493 3941 622 4007 tuisset.
638 3938 819 4005 Dicendum
835 3957 914 4024 ergo
929 3946 979 4004 est
991 3955 1130 4004 sensum
1146 3945 1269 4003 naturae
1284 3955 1497 4023 communem
1516 3957 1616 4022 posse

493 4048 525 4115 in
544 4047 742 4132 quibusdam
758 4048 919 4132 adjunctis
937 4047 1095 4110 moralem
1114 4043 1249 4130 gignere
1267 4044 1509 4111 certitudinem.

560 4155 666 4222 llabes
691 4154 745 4220 hic¹
768 4155 862 4219 aliam
888 4171 1008 4220 novam
1032 4151 1316 4217 confirmationem
1339 4153 1463 4218 traditae
1482 4173 1500 4218 a
1520 4156 1616 4221 nobis

492 4263 641 4347 superius
673 4263 846 4338 doctrinae,
880 4259 964 4326 circa
991 4260 1137 4325 valorem
1164 4257 1399 4343 probabilitatis
1424 4261 1615 4328 extrinseca

492 4378 589 4454 atque
613 4369 827 4444 auctoritatis,
858 4367 1047 4452 praecisione
1069 4369 1192 4432 factaa
1220 4359 1381 4432 rationum
1410 4367 1614 4436 internarum

493 4479 779 4563 propriarumque,
805 4477 925 4561 quibus
948 4475 1065 4540 veritas
1090 4475 1236 4554 fulcitur,
1266 4475 1561 4565 consideratione(
1588 4477 1613 4566 ).

528 4715 567 4778 (1)
604 4710 681 4769 Vide
695 4730 783 4783 supra
798 4729 826 4768 n.
840 4727 879 4782 40
892 4719 922 4766 et
936 4727 963 4764 n.
988 4725 1048 4778 130,
1065 4706 1273 4779 Corollariam.
