3492 5525
303 461 418 523 Anno.
437 475 496 522 υ·
510 458 677 536 Quonooo
693 478 831 524 nxlsnnn
847 460 1062 524 Unrvensnnn
1142 477 1198 541 7⁰1

113 628 253 709 attribui
270 644 399 709 intenlio
416 644 679 720 universalitatis,
702 644 767 709 nisi
782 648 953 711 secundum
976 646 1140 728 essequod
1156 644 1246 709 habet

114 752 156 817 in
186 750 292 817 onium
314 756 347 817 et
368 752 539 817 intellectu.
564 750 618 817 Sic
643 770 717 835 ergo
738 754 838 817 solum
866 755 916 817 est
944 770 1042 817 unum
1059 755 1098 817 de
1121 751 1241 828 multis,

109 863 217 941 prout
240 858 429 943 intelligitru
449 862 566 941 prater
587 859 745 941 principia
773 858 1026 936 indiuiduantia‚
1062 862 1114 924 vel
1143 876 1244 923 unum

115 966 157 1030 in
177 966 300 1043 maltis,
315 971 351 1032 ut
366 965 540 1033 indiuiduis
558 969 610 1031 vel
627 966 840 1053 inferioribus,
862 986 931 1052 qua
948 962 1153 1049 insuperiori
1170 971 1247 1032 sunt

116 1070 254 1161 unum(
280 1074 305 1160 ).
945 1077 949 1084 ’

192 1184 284 1248 ltern:
296 1180 377 1247 ¹Alio
390 1183 480 1247 modo
490 1182 608 1247 dicitur
618 1182 795 1248 uniuersale
809 1186 925 1247 natura
936 1183 995 1248 illa
1008 1182 1067 1247 sui
1077 1181 1248 1247 intentione

118 1288 370 1355 universalitatis
382 1289 445 1355 sibi
460 1290 624 1369 attribuam
641 1290 732 1355 etsie
745 1294 872 1372 propter
889 1290 1133 1375 uniformitatem
1145 1288 1249 1354 ratio·

119 1397 176 1461 nis
193 1396 351 1461 inventam
365 1396 399 1461 in
418 1394 597 1473 intentione,
619 1415 687 1481 qum
696 1396 741 1481 fit
751 1400 881 1479 propter
896 1396 1129 1463 renutionema
1150 1399 1250 1461 mote-

119 1502 258 1569 riatibus
274 1503 501 1569 conditionibus
518 1506 550 1568 et
564 1504 652 1568 omni
667 1505 857 1579 diversitate,
887 1510 935 1569 est
951 1522 1050 1569 unum
1071 1505 1105 1569 in
1128 1504 1262 1569 multiss.

119 1611 172 1676 sic
184 1612 266 1707 enim
282 1611 419 1676 homines
431 1614 509 1676 sunt
525 1629 608 1677 unus
626 1612 713 1677 bomo
730 1616 762 1676 et
777 1630 877 1678 unum
893 1612 1026 1678 animal.
1046 1612 1082 1677 ln
1100 1631 1134 1677 re
1151 1611 1250 1695 igimr

121 1717 209 1783 nilil
224 1721 270 1783 esi
286 1736 444 1783 commune
461 1718 583 1800 multis;
594 1720 670 1803 quia
688 1718 842 1803 quidquid
858 1720 948 1789 estin
962 1739 1015 1797 re,
1035 1725 1081 1786 est
1093 1719 1250 1802 singulare

120 1825 185 1891 uni
201 1822 262 1890 soli
277 1826 530 1891 communicabile
535 1845 549 1907 ,·
567 1828 650 1910 quod
668 1830 769 1891 autem
786 1829 946 1919 commune
971 1830 1031 1902 est,
1058 1827 1167 1909 agitur
1191 1832 1250 1907 per

123 1930 348 2017 intellectum(
371 1933 399 2017 ).

195 2040 287 2106 Adde
305 2043 374 2107 haec
393 2041 464 2108 alia.
483 2042 648 2123 Quaeritur
663 2032 778 2122 auum,
794 2046 902 2109 utrum
918 2042 1097 2109 universale
1118 2043 1161 2106 sit
1177 2042 1250 2107 san

121 2149 244 2214 stantia
260 2152 311 2214 od
325 2148 483 2216 accedens.
504 2151 544 2214 Et
554 2156 615 2231 per
632 2149 686 2213 hoc
703 2150 838 2215 solvitur
857 2151 918 2215 ista
934 2150 1082 2235 questio,
1102 2149 1250 2234 quomam

122 2258 277 2339 mouenda
289 2258 328 2319 de
345 2256 534 2333 universati,
559 2259 729 2321 secundum
753 2259 837 2342 quod
854 2258 1048 2334 universale,
1064 2272 1118 2325 est
1136 2262 1250 2324 solum

123 2370 166 2429 in
180 2368 295 2431 anima
313 2372 345 2428 et
361 2375 410 2428 est
425 2366 595 2431 occidens.
610 2364 673 2439 Sed
685 2366 837 2449 quuendo
850 2370 889 2430 de
904 2385 938 2431 re
950 2366 1102 2452 subjecto,
1117 2366 1247 2440 dicitm,

121 2472 211 2555 quod
223 2473 406 2555 quandoque
420 2474 469 2536 est
478 2472 669 2547 substantia,
686 2476 718 2537 et
726 2476 910 2557 quandoque
921 2474 1249 2539 accidens-secundum

120 2578 341 2644 diversitatem
369 2579 596 2647 universalium
620 2590 682 2661 etc.
712 2578 765 2667 (3)
798 2582 874 2647 llaec
902 2581 1036 2665 intelligi
1066 2588 1246 2663 nequeunt,

122 2684 191 2751 nisi
206 2685 353 2751 dicamus
368 2686 549 2753 universale
562 2704 634 2753 esse
649 2696 797 2753 naturam
814 2690 865 2755 vel
882 2688 1040 2755 rationem
1053 2688 1247 2774 objectivans

122 2795 327 2860 relucentem
343 2795 376 2860 in
395 2794 581 2880 cognitione
602 2795 778 2880 praecisiva.

133 2955 139 2962 .
196 2901 291 2967 llem:
312 2904 490 2969 Sedunum
513 2905 561 2968 est
580 2905 820 2980 advertendum,
842 2907 1012 2988 quodcum
1027 2903 1165 2969 dicitur:
1189 2904 1252 2971 Res

122 3010 262 3097 subjecta
281 3009 449 3075 intentioni
465 3013 607 3076 secunda
622 3011 830 3093 predicatur,
851 3030 914 3076 non
932 3015 981 3077 est
997 3011 1247 3095 intelligendum,

122 3119 211 3202 quad
226 3136 277 3182 res
293 3117 351 3184 illa
365 3117 408 3183 ito
422 3118 466 3183 sit
476 3119 613 3202 sabjecta
627 3119 808 3196 intentioni,
828 3121 913 3202 quod
933 3119 978 3183 sit
993 3119 1028 3184 in
1040 3139 1077 3184 ea
1091 3123 1249 3202 tamquam

123 3223 272 3302 accidens
292 3223 326 3289 iu
343 3225 495 3311 subjecto,
519 3225 604 3290 siem
621 3226 788 3311 sulpicium
813 3226 950 3291 scientio
970 3245 1032 3291 non
1057 3225 1176 3290 dicitur
1195 3225 1250 3290 hoe
1310 3271 1315 3278 ·

123 3333 217 3396 moda
229 3331 410 3419 subjectum,
422 3330 596 3398 utscientia
608 3333 651 3398 sit
662 3333 697 3397 in
711 3352 745 3398 eo
759 3339 915 3417 lamqnam
932 3333 967 3398 in
987 3334 1134 3422 subjecto,
1145 3334 1201 3398 sed
1215 3333 1249 3397 in

122 3457 163 3504 eo
176 3442 226 3503 est
235 3442 390 3523 nmquam
405 3439 439 3503 in
452 3441 576 3526 objecto,
592 3440 721 3506 seientia
735 3440 816 3506 enim
835 3459 897 3505 non
911 3440 1000 3505 estin
1013 3439 1127 3516 scibili,
1147 3441 1203 3504 sed
1215 3440 1250 3505 iu

122 3544 253 3613 sciente.
277 3545 367 3611 Unde
377 3547 504 3630 proprie
524 3549 675 3632 loquendo
689 3567 751 3613 nou
765 3548 884 3613 dicimr
897 3547 1081 3635 subjeetum,
1099 3550 1156 3612 sed
1167 3541 1250 3630 obje-

121 3655 210 3719 ctum
223 3651 371 3729 scientio,
388 3653 581 3720 Etsimiliter
593 3673 643 3720 res
657 3655 791 3742 subjecta
810 3657 861 3722 illi
878 3655 1045 3722 intentioni
1057 3674 1120 3720 non
1133 3654 1251 3720 dicitnr

117 3759 249 3843 proprie
265 3759 416 3846 suln'eeta,
435 3763 491 3826 sed
502 3763 617 3853 objecta
635 3759 648 3849 (
673 3761 699 3848 ).

163 4027 204 4095 (s)
242 4025 352 4099 Opusc.
374 4027 417 4086 De
435 4047 522 4086 sensu
538 4036 667 4103 respectu
687 4029 889 4105 singularium
904 4039 932 4087 el
955 4031 1106 4088 intellectu
1120 4038 1252 4104 respectu

121 4119 349 4177 universalium.
369 4118 431 4176 clr.
443 4118 494 4176 lib.
510 4137 536 4176 2.
557 4121 591 4177 de
609 4119 731 4189 Anima,
742 4120 809 4178 lect.
829 4133 949 4191 12‚post
965 4119 1109 4190 medium,
1129 4119 1180 4178 ubi
1194 4119 1252 4178 lere

123 4205 230 4264 iisdem
245 4207 340 4265 verbis
354 4227 400 4265 res
414 4207 583 4278 explicatur.

165 4300 205 4362 (2)
242 4295 351 4368 Opusc.
376 4295 412 4355 de
432 4297 552 4356 Natura
565 4297 692 4374 generis,
707 4319 769 4371 cap.
789 4317 813 4371 ς,
836 4317 911 4356 vers.
934 4297 985 4356 fin.
1002 4297 1064 4358 clr.
1081 4298 1120 4357 ib.
1144 4320 1207 4372 cap.
1223 4319 1251 4372 9,

122 4385 221 4455 initio,
232 4399 263 4444 et
275 4405 326 4458 per
340 4399 434 4445 totum
448 4399 537 4459 caput
550 4407 635 4460 saepe3
647 4387 759 4460 opusc.
783 4396 820 4450 1.⁰
830 4387 866 4446 de
885 4389 1067 4458 Universal„
1082 4407 1169 4462 soepe3
1187 4410 1211 4447 ι.
1222 4409 1252 4462 ρ.

123 4495 157 4547 q.
170 4475 214 4547 76,
228 4487 284 4533 nrt.
300 4495 328 4544 a,
343 4475 381 4533 nd
395 4489 464 4548 4⁰¹⁰

161 4569 202 4636 (3)
240 4563 350 4636 Opusc.
363 4573 404 4624 m·
417 4567 451 4623 de
470 4566 605 4626 Unr'srers.
621 4566 685 4626 cn.
701 4567 811 4640 opusc.
830 4577 888 4627 1.¹¹¹
902 4568 937 4626 de
949 4567 1133 4639 Universae„
1150 4569 1254 4629 Utrum

121 4661 222 4714 aulem
236 4655 277 4712 sil
291 4655 456 4714 substantia
469 4657 519 4714 uel
529 4657 666 4714 occidens
681 4669 735 4716 etc.

162 4743 203 4818 (4)
241 4742 411 4828 Opuso.o.·
424 4747 460 4804 de
475 4747 645 4810 Universal.
