3492 5525
299 475 377 541 Cur.
395 491 464 560 μω
480 475 757 541 Derououunrrn
771 492 881 554 moue
899 496 1025 541 ennom
1040 494 1157 559 cuusrs
1189 473 1248 557 637

159 676 264 741 quarn
284 657 491 735 Averroistae,
512 666 712 744 sequntur,n
733 659 839 743 inquit
855 658 1002 726 Eximius
1016 655 1215 745 Doctorlr),
1232 656 1289 742 qui

161 767 249 831 hanc
264 765 461 833 sententiam
481 766 612 853 egregie
629 767 777 833 declarat*
788 776 887 851 atque
905 767 946 834 ab
966 765 1203 851 objectionibus
1218 764 1291 831 vin·

164 871 251 940 dicat
270 869 334 961 (2).

232 979 269 1044 Et
288 979 319 1046 in
340 978 576 1064 primis‚·quod
594 979 767 1047 difficultas
781 982 999 1067 cognoscendi
1019 998 1086 1047 non
1105 987 1174 1046 tota
1188 998 1224 1045 se
1241 986 1290 1044 te-

162 1098 240 1155 neat
265 1106 305 1153 ex
332 1096 421 1172 parte
439 1086 622 1154 intellectus
649 1090 768 1167 nostri,
789 1088 958 1174 probatur.
980 1088 1061 1154 Cum
1077 1087 1160 1153 enim
1176 1105 1291 1153 uuum·
1325 1157 1328 1162 ,
1416 1085 1420 1095 “

160 1196 304 1279 quodque
320 1194 364 1259 sit
378 1194 592 1279 cognoscibile,
612 1196 647 1261 iu
658 1199 818 1284 ¹parantum
843 1200 892 1262 est
907 1214 963 1262 ans
980 1199 1110 1270 actu...,
1131 1194 1201 1270 itta,
1220 1212 1290 1279 qua

162 1302 277 1367 habent
299 1320 364 1368 esse
390 1302 533 1389 deficiens
559 1304 593 1368 et
614 1302 840 1389 imperfectum,
868 1307 945 1369 sunt
966 1305 1135 1369 saundum
1161 1302 1290 1384 seipsa

156 1416 275 1492 parum
301 1410 536 1493 cognoscibilia,
564 1413 602 1476 ut
627 1416 788 1488 materia,
815 1426 932 1480 motus
956 1415 988 1477 et
1006 1424 1145 1495 tempus
1163 1413 1290 1491 propua

161 1535 229 1581 esse
245 1534 350 1583 earum
368 1518 643 1604 imperfectionem,
659 1522 698 1583 ut
712 1518 836 1585 Boetius
848 1519 931 1584 ar'cit
942 1518 977 1584 in
996 1518 1077 1585 libra
1093 1519 1133 1583 de
1147 1522 1290 1584 Duabus

162 1622 378 1712 natur-120).

230 1738 274 1799 Et
289 1738 513 1800 confirmatur
531 1732 629 1798 etiarn
650 1752 690 1799 ex
714 1734 930 1818 experientia,
958 1752 1034 1800 nam
1054 1732 1215 1816 quasdam
1236 1748 1289 1796 res

162 1838 478 1923 imperitissimus,
494 1849 530 1905 ut
544 1848 623 1907 sunt
640 1840 790 1917 materia,
807 1844 921 1918 uratur,
937 1846 1054 1922 tempas
1069 1850 1148 1915 etc„
1165 1837 1290 1904 difficil-

163 1946 242 2013 lime
274 1948 522 2033 cognoscimus,
557 1966 633 2014 cum
662 1948 787 2031 aliquas
819 1949 897 2014 alias
931 1948 1138 2031 perfectiores
1166 1944 1289 2011 facilius

162 2072 415 2139 cognoscamus.
436 2055 470 2121 ld
489 2074 567 2140 ergo
586 2056 717 2140 signum
738 2065 788 2123 est
800 2056 1024 2123 difficultatem
1040 2054 1073 2120 in
1088 2070 1290 2139 cognoscen-

163 2162 208 2227 do
223 2162 321 2228 etiarn
343 2163 512 2247 provenire
531 2182 572 2229 ex
591 2163 794 2248 objectorum
811 2164 957 2248 ipsorum
973 2160 1230 2246 imperfectione.

233 2270 354 2336 Verum
375 2288 434 2336 nec
453 2268 629 2338 difficultas
655 2272 717 2337 ista
735 2279 804 2338 tota
832 2270 998 2335 reserenda
1022 2279 1073 2335 est
1098 2269 1129 2334 in
1148 2268 1286 2354 objecta,

163 2376 222 2442 sed
241 2378 348 2443 etiam,
367 2374 502 2462 partim,
524 2380 627 2444 immo
646 2378 879 2463 principaliter,
907 2376 1072 2443 derivatur
1099 2396 1141 2441 ex
1165 2374 1290 2441 intelle·

163 2494 237 2551 ctus
265 2484 365 2551 nostri
394 2484 598 2552 limitatione.
627 2486 710 2567 Quia
729 2486 760 2551 si
784 2484 951 2568 difficultas
973 2488 1052 2551 esset
1070 2482 1291 2566 principaliter

161 2610 204 2657 ex
225 2597 316 2674 para
343 2612 465 2671 rerum,
494 2598 674 2677 sequeretur
704 2596 787 2677 quod
813 2594 871 2660 illa
899 2592 1002 2677 magis
1026 2609 1287 2676 cogrosceremus,

162 2705 330 2786 quarunt
352 2702 453 2786 magis
477 2702 697 2786 cognoscibilia
723 2704 895 2769 secuudum
915 2705 1065 2768 natarum
1086 2719 1192 2777 suam,
1221 2717 1291 2784 qua

163 2813 241 2874 sunt
255 2810 390 2876 maxime
414 2811 449 2875 in
466 2814 556 2888 actu,
576 2811 697 2876 scilicet
712 2811 797 2877 entia
821 2810 1043 2876 immaterialia
1060 2814 1092 2875 et
1107 2807 1287 2883 innutrita,

163 2935 233 3000 qua
257 2922 358 2984 tanam
375 2923 453 2984 sunt
474 2919 609 2984 maxima
634 2918 723 2984 nobis
749 2919 871 3002 ignota.
894 2919 985 2986 Unde
1005 2917 1207 3001 annuarum
1230 2919 1289 2992 ast,

163 3027 247 3108 quad
262 3025 430 3109 difficultas
448 3026 564 3092 accidit
580 3027 614 3092 in
636 3026 810 3110 cognitione
828 3026 990 3103 veritatis,
1014 3024 1149 3091 maxiem
1161 3026 1290 3106 propter

162 3132 313 3216 deuotum
330 3133 504 3200 intellectus
522 3133 624 3198 nostri
636 3131 702 3221 (4).

149 3303 157 3324 ,
230 3238 295 3316 Qui
314 3241 459 3306 defectus
478 3249 510 3307 et
531 3241 681 3306 limitatio
701 3241 829 3308 virtutis
849 3241 1053 3308 intellectivae
1073 3247 1193 3306 nostrae
1211 3257 1289 3323 sup-

165 3348 316 3430 ponenda
335 3356 384 3414 est
408 3348 505 3414 etiam
532 3349 564 3413 in
590 3348 894 3433 difficultate'quae
912 3369 954 3414 ex
972 3356 1062 3432 parte
1085 3348 1287 3428 objectorum

165 3473 200 3520 se
219 3464 319 3520 tenet.
343 3456 479 3522 Certum
495 3457 582 3522 enim
597 3463 663 3532 est,
682 3456 813 3541 quodsi
833 3455 1018 3524 intellectus
1036 3457 1203 3521 humanus
1223 3473 1289 3520 non

166 3563 297 3628 haberet
316 3563 486 3629 limitatam
502 3563 676 3640 virtutem,
698 3564 787 3629 facile
800 3576 1016 3649 cognosceret
1030 3562 1191 3646 quidquid
1206 3581 1290 3645 quo·

166 3669 346 3738 modolibet
371 3671 590 3756 cognoscibile
619 3680 687 3749 est,
708 3679 890 3756 utcumque
910 3671 1230 3756 imperfectissimum
1256 3677 1289 3746 et

165 3776 341 3861 potentiale
365 3779 465 3855 toret,
486 3779 770 3862 quemadmodum
794 3779 905 3846 divino
921 3775 1203 3846 intellectuinihil
1223 3775 1290 3841 im·

165 3884 315 3968 pervium
335 3905 407 3952 esse
426 3895 548 3970 potest.
610 3939 616 3982 ;

234 3990 299 4057 Dici
319 4011 397 4077 ergo
418 4002 543 4077 potest,
558 4003 720 4078 quantum
740 3994 856 4060 attinet
869 3994 1031 4061 internam
1053 4011 1193 4069 causam⁴
1205 3981 1295 4058 dimi

164 4098 292 4165 cultatis
312 4097 344 4164 in
363 4103 611 4186 cognoscendo,
635 4101 722 4166 illam
743 4100 843 4168 «oriri
858 4121 899 4168 ex
918 4100 1192 4186 improportione‚
1214 4117 1289 4183 quae

165 4215 216 4271 est
227 4205 313 4273 inter
327 4207 528 4276 intellectum
546 4219 696 4276 nostrum
711 4217 744 4274 et
762 4210 890 4295 objecta
912 4208 1136 4294 intelligibilia.
1164 4210 1289 4291 impro-

199 4491 239 4564 (ι)
278 4492 362 4565 Diep.
377 4493 506 4568 Metapa.
517 4515 546 4566 9,
562 4507 632 4552 secr.
649 4515 675 4567 3,
695 4514 723 4551 n.
736 4513 766 4566 4.

202 4587 243 4649 (a)
282 4581 391 4641 ibidem
406 4601 458 4655 per
472 4593 562 4641 totam
578 4583 697 4642 section.

202 4673 244 4743 (3)
282 4669 316 4729 S.
332 4670 448 4740 Thom„
466 4671 520 4732 loc.
537 4691 610 4745 nup.
625 4671 674 4732 cit.

200 4759 242 4833 (4)
280 4759 311 4820 S.
329 4761 448 4834 Thom..
464 4761 518 4824 loc.
534 4781 605 4844 nup.
621 4762 670 4824 cit.
