3492 5525
566 483 622 548 rso
742 487 865 550 Locren
887 486 1137 550 Minore-Drsn.
1165 500 1206 550 1.·
1229 487 1306 550 Can.
1333 501 1406 568 μω

344 653 484 724 Quoruaiei'
570 687 623 756 53.
671 668 716 734 llt
734 687 829 752 porro
849 687 983 747 noscaS,
1014 670 1184 754 quomodo
1213 671 1338 754 possint
1366 689 1482 736 omnes
1509 671 1650 737 rationes

328 741 488 870 mmm,
523 775 671 861 positivae
683 777 830 842 collocari
846 777 954 860 aliquo
971 778 1070 844 modo
1084 778 1118 842 in
1133 778 1320 862 categoriis,
1336 779 1466 843 adverte
1484 779 1649 862 duplicem

356 884 431 938 tenori
441 883 463 927 u
522 884 715 949 considerari
735 884 853 950 lineam
873 902 932 951 seu
951 885 1067 950 seriem
1094 886 1326 971 categoricam.
1344 887 1488 951 alteram
1516 889 1647 962 recum,

322 952 501 1009 praedicamento:

522 993 736 1070 transversam
753 992 890 1057 alteram
912 1008 970 1057 seu
989 994 1162 1058 lateralem.
1183 990 1281 1058 Recta
1300 992 1385 1058 linea
1403 1001 1453 1058 est
1479 993 1577 1058 series
1601 1011 1652 1057 ra·

522 1097 650 1164 tionum
666 1099 888 1183 essentialium
902 1099 1073 1184 cujuslibet
1083 1085 1336 1183 praedicamenti,
1349 1121 1367 1164 a
1379 1119 1513 1165 summo
1529 1118 1651 1184 genere

522 1225 581 1290 per
598 1224 717 1292 genera
736 1215 769 1271 et
786 1207 912 1290 species
930 1206 1135 1274 subalternas
1159 1207 1362 1273 descendens
1382 1225 1484 1289 usque
1508 1207 1548 1271 ad
1567 1207 1651 1272 indi-

521 1313 636 1378 vidua.
651 1312 704 1378 Sic
715 1312 747 1378 in
768 1314 1021 1398 praedicamento
1040 1313 1361 1380 substantiaelineam
1376 1327 1494 1382 rectam
1505 1314 1650 1380 afficiunt
1728 1381 1729 1390 2

458 1478 466 1497 χ
520 1419 711 1498 substantia,
732 1428 859 1503 comus,
880 1421 1005 1499 vivens,
1029 1421 1168 1499 animat,
1189 1422 1288 1499 homo,
1308 1423 1439 1490 Petrus:
1460 1430 1492 1486 et
1511 1421 1651 1486 rationes
1728 1485 1729 1488 ,

521 1528 562 1594 ad
580 1527 699 1594 lineam
720 1536 838 1593 rectam
865 1529 1065 1613 pertinentes
1088 1529 1215 1613 integre
1237 1529 1485 1612 quodammodo
1508 1537 1540 1594 et
1567 1548 1652 1594 conr-

519 1636 613 1717 pieta
626 1633 734 1722 sunt(
759 1632 784 1723 ).
1335 1625 1338 1630 ’

588 1742 683 1808 Linea
701 1744 927 1809 transversalis
946 1745 996 1808 vel
1017 1743 1155 1810 lateralis
1174 1744 1382 1810 constituitur
1400 1762 1440 1808 ex
1459 1742 1650 1809 differentiis
1728 1791 1729 1798 ,

520 1849 698 1934 oppositis,
720 1868 775 1934 per
799 1869 882 1934 quas
906 1869 1027 1936 genera
1053 1851 1219 1934 superiora
1243 1854 1480 1917 contrahuntur
1505 1870 1541 1916 ac
1567 1851 1651 1916 divi·
1728 1911 1729 1934 ,

519 1959 643 2024 duntur
660 1957 693 2024 in
712 1959 851 2042 species.
871 1957 982 2042 ltaque
996 1959 1029 2024 in
1050 1941 1300 2043 praedicamento
1315 1956 1508 2025 substantiae
1527 1956 1648 2049 lineam

521 2066 686 2131 lateralem
711 2065 856 2132 efficiunt
882 2066 1071 2134 differentiae
1089 2068 1230 2149 corporei
1248 2075 1281 2131 et
1299 2065 1489 2147 incorporei,
1514 2065 1652 2130 animati

483 2253 486 2256 ἦ
519 2185 552 2240 et
577 2192 642 2238 non
666 2173 815 2251 aninmti,
842 2173 999 2239 sensibilis
1024 2182 1057 2238 et
1081 2174 1290 2253 insensibilis,
1315 2173 1482 2240 redeuntis
1504 2184 1536 2240 et
1563 2173 1651 2238 irra-

520 2281 659 2348 tionatis.

584 2405 666 2472 l·linc
693 2406 856 2492 tripliciter
882 2407 1002 2490 aliquid
1020 2407 1167 2472 collocari
1193 2415 1300 2492 potest
1319 2406 1351 2471 in
1379 2406 1647 2490 praedicamento;

315 2586 320 2596 ,
353 2515 419 2596 ‘1¹⁰‘
429 2530 449 2566 e,
516 2512 642 2590 directe,
668 2513 817 2580 indirecte
840 2525 873 2581 et
892 2514 1061 2580 reductive.
1089 2513 1215 2581 Directe
1240 2513 1471 2598 ponuntur'eae
1492 2515 1649 2592 rationes,

314 2601 336 2630 ”¹
403 2601 466 2702 ἵζ’
518 2639 592 2704 quae
619 2640 676 2705 per
701 2641 736 2687 se
760 2631 792 2686 et
819 2624 850 2688 in
876 2623 960 2688 linea
993 2631 1079 2687 recta
1113 2624 1275 2707 pertinent
1299 2623 1338 2686 ad
1354 2622 1650 2706 praedicamentum

517 2728 673 2796 nimirum
692 2728 918 2807 individuum,
945 2732 1036 2814 quod
1062 2740 1112 2796 est
1136 2731 1237 2796 veluti
1266 2729 1352 2795 basis
1383 2729 1648 2815 praedicamenti,

517 2849 551 2905 et
570 2858 607 2903 ea
631 2857 706 2922 quae
725 2839 765 2903 de
781 2838 853 2923 ipso
871 2839 1087 2924 praedicantur
1101 2840 1134 2904 in
1155 2839 1248 2923 quid,
1279 2838 1435 2903 nimirum
1462 2840 1587 2923 species
1614 2848 1652 2905 et

516 2961 654 3032 genera,
666 2964 772 3029 usque
787 2947 828 3011 ad
840 2964 1048 3031 supremum.
1061 2946 1217 3011 lndirecte
1232 2957 1449 3029 ponunturea
1459 2963 1533 3029 quae
1548 2949 1649 3030 perti-

518 3062 597 3118 nent
613 3053 654 3119 ad
669 3053 787 3118 lineam
805 3055 985 3129 lateralem,
998 3062 1030 3119 et
1047 3064 1215 3138 ponuntur
1234 3054 1266 3117 in
1283 3054 1537 3138 praedicamento
1549 3055 1653 3120 ratio·

516 3180 557 3226 ne
571 3161 715 3240 alterius,
731 3161 772 3225 de
787 3162 882 3247 cujus
892 3160 1033 3227 essentia
1048 3172 1137 3227 sunt:
1154 3160 1297 3227 nimirun
1312 3161 1502 3228 differentia
1517 3162 1652 3245 specifi-

515 3257 1651 3353 cae,seuea‚quaepraedicanturdeindividuoinpuatequid.'landem

515 3374 681 3443 reductive
702 3385 872 3460 ponuntur
891 3388 998 3462 partes
1014 3378 1159 3464 physicae
1172 3377 1411 3443 constituentes
1427 3376 1648 3454 individuum,

515 3503 573 3550 seu
583 3504 656 3567 quae
666 3485 706 3550 ad
716 3486 787 3570 ejus
797 3486 1029 3568 complendam
1041 3486 1174 3570 physice
1185 3483 1407 3550 substantiam
1426 3495 1650 3551 concurrunt.

515 3592 625 3676 Atque
643 3594 704 3659 hoe
729 3595 829 3659 modo
856 3591 1026 3659 materiam
1056 3600 1089 3658 et
1118 3594 1275 3667 formam,
1302 3592 1463 3657 unionem
1491 3591 1653 3658 substan-

514 3700 644 3775 tialem,
666 3681 773 3784 partes
791 3700 1010 3784 integrantes,
1039 3710 1071 3765 et
1097 3698 1257 3764 rationem
1278 3700 1456 3785 positivam
1481 3702 1653 3783 suppositi
1726 3736 1727 3743 ,

514 3826 573 3874 seu
593 3825 756 3893 personae,
783 3807 903 3872 docent
930 3806 1146 3891 peripatetici,
1172 3809 1289 3873 saltem
1311 3807 1460 3892 plurimi,
1482 3806 1654 3891 pertinere
1726 3785 1727 3839 T

514 3916 556 3981 ad
580 3916 870 4001 praedicamentum
893 3914 1086 3979 substantiae
1115 3914 1281 3981 reductive
1308 3910 1371 4002 (1).
1397 3913 1482 3980 Sunt
1501 3918 1655 3998 quaedam

514 4022 621 4107 inquit
647 4021 682 4087 S.
711 4024 956 4097 Bonaventura,
982 4040 1052 4109 qua
1073 4026 1151 4088 sunt
1171 4022 1206 4087 in
1225 4040 1336 4107 genere
1364 4044 1505 4105 perse:
1535 4023 1655 4106 altipeta

513 4154 575 4215 per
603 4135 842 4198 reductionem
869 4132 914 4195 ad
931 4130 1012 4195 idem
1029 4148 1140 4213 genus.
1166 4132 1225 4197 llla
1243 4137 1301 4212 per
1317 4148 1349 4194 se
1367 4133 1443 4195 sunt
1464 4130 1498 4195 in
1514 4148 1652 4213 genere,

513 4257 584 4326 quar
596 4238 793 4321 participant
807 4237 972 4303 essentiam
990 4239 1169 4319 completam
1187 4237 1275 4302 iltius
1290 4236 1431 4320 generis,
1453 4240 1490 4302 ut
1510 4244 1656 4321 species

550 4439 590 4501 (1)
627 4432 697 4490 Vid.
712 4430 803 4503 apud.
824 4430 912 4489 Suar.
929 4430 1016 4503 (disp.
1038 4432 1108 4490 Met.
1123 4452 1171 4503 33,
1194 4442 1264 4488 sect.
1285 4451 1313 4500 r,
1335 4450 1397 4488 an.
1423 4430 1478 4503 ις),
1498 4434 1658 4503 quomodo

515 4542 609 4598 genus
630 4535 659 4582 et
674 4520 784 4593 speeies
803 4521 960 4580 exhibeant
975 4520 1087 4593 aliquid
1110 4519 1307 4594 metaphysice
1321 4520 1514 4593 completum,
1531 4534 1563 4579 ut
1578 4540 1658 4593 pos-

513 4614 578 4671 sint
591 4612 700 4670 directe
715 4610 785 4683 poni
797 4610 827 4669 in
842 4611 1076 4683 predicamento.
1728 4640 1729 4681 3

550 4702 593 4773 (a)
630 4701 706 4759 Vide
720 4701 755 4758 P.
772 4699 931 4774 Georgium
951 4699 1078 4769 Rhodes,
1098 4700 1212 4759 Philas.
1225 4700 1373 4774 Peripat,
1386 4698 1438 4758 lib.
1453 4719 1493 4774 4.,
1513 4698 1594 4772 disp.
1621 4720 1655 4776 4¹

514 4805 621 4867 quaest.
636 4813 669 4865 3,
685 4804 757 4851 sect.
776 4811 814 4861 ι.;
828 4790 935 4860 Joann.
951 4811 977 4848 a.
995 4788 1029 4849 S.
1044 4789 1163 4861 Thom,
1178 4790 1306 4867 Lupiae,
1321 4802 1427 4863 quaeet.
1444 4809 1489 4864 14,
1505 4810 1532 4850 a.
1551 4811 1575 4848 r.
1728 4806 1729 4815 ³
