3492 5525
553 480 612 566 482
661 480 785 547 Lootca
799 482 1030 557 hinton-lta.
1051 481 1229 557 1.⁸⁸,Drst›.
1247 495 1292 543 a·
1305 481 1389 545 Gne.
1406 494 1478 547 ιθ·

515 674 576 743 ter,
596 662 654 731 sed
672 664 780 732 solum
807 664 1001 733 extrinsece.
1029 662 1174 748 Utraque
1193 663 1281 729 enim
1305 680 1478 731 assensum
1501 663 1636 730 tirmum

514 773 680 859 importat,
700 773 757 840 sed
773 771 995 858 philosophica
1013 781 1062 837 est
1086 772 1192 858 magis
1209 774 1350 848 exculta,
1371 771 1580 856 proceditque
1595 790 1635 837 ex

514 879 626 966 majori
655 879 829 947 reflexione
856 896 894 946 ac
911 879 1168 947 consideratione
1188 878 1403 956 motivorum‚
1422 879 1545 963 quibus
1563 895 1637 964 pro-

513 986 669 1073 gignitum
705 988 785 1054 dum
816 984 961 1073 vulgaris
981 997 1098 1070 sponte
1130 988 1290 1054 enascitur
1312 986 1437 1071 absque
1469 987 1578 1054 studio
1603 996 1637 1052 et

513 1094 686 1161 scientifica
705 1097 992 1162 fundamentorum
1013 1095 1233 1177 inquisitione,
1255 1096 1329 1161 licet
1349 1114 1415 1161 non
1433 1094 1526 1161 omni
1545 1095 1638 1160 relle-

512 1202 609 1269 xione
628 1212 744 1270 careat.
769 1204 925 1269 Praeterea
955 1201 1177 1287 philosophica
1204 1202 1244 1267 ad
1275 1203 1381 1271 multo
1410 1204 1500 1286 plura
1527 1211 1560 1266 et
1581 1203 1639 1267 ab·

512 1310 666 1377 strusiota
684 1308 809 1397 objecta
824 1328 859 1376 se
876 1310 1022 1376 extendit
1042 1327 1100 1393 pro
1117 1308 1325 1375 scientiarum
1346 1308 1516 1393 multiplici
1536 1309 1638 1374 varie-

512 1425 591 1494 tate,
626 1412 713 1485 unde
746 1418 916 1503 scientifica
953 1432 1085 1500 quoque
1118 1418 1315 1501 appellatur,
1349 1418 1492 1502 vulgatis
1524 1428 1634 1483 autem

513 1525 651 1592 faciliora
666 1536 698 1591 et
708 1526 803 1591 obvia
817 1542 960 1611 quaeque
975 1523 1115 1608 respicit,
1130 1540 1206 1607 quae
1222 1526 1263 1589 ad
1277 1540 1375 1590 usum
1392 1527 1544 1590 humane
1558 1524 1634 1589 vitae

512 1634 688 1719 pertinent.
702 1632 813 1709 Quare
827 1634 926 1698 altera
946 1642 1060 1697 vocata
1077 1639 1127 1697 est
1145 1632 1368 1717 philosophica
1383 1632 1435 1697 vel
1449 1629 1634 1706 scientifica,

512 1740 588 1825 quia
601 1742 730 1826 propria
748 1754 798 1806 est
813 1740 1100 1824 Philosophorum,
1117 1740 1351 1823 scientiamque
1364 1740 1546 1825 ingenerat3
1558 1741 1639 1804 alte-

513 1868 546 1914 ra
565 1848 724 1934 vulgaris,
745 1860 777 1915 et
798 1849 970 1923 naturalis,
991 1847 1067 1931 quia
1089 1848 1278 1913 communis
1300 1848 1457 1913 omnibus
1478 1857 1539 1923 est,
1559 1847 1638 1931 ipsis

512 1955 611 2023 etiam
627 1955 841 2039 Philosophis,
861 1972 938 2022 cum
960 1972 1027 2020 non
1046 1963 1150 2040 agunt
1168 1951 1415 2042 Philosophus(
1442 1951 1466 2042 ).

578 2064 716 2150 Sceptici
735 2082 814 2148 ergo
843 2064 995 2129 videntur
1018 2062 1276 2147 philosophicam
1305 2070 1436 2128 tanturn
1457 2080 1576 2147 negare
1603 2071 1639 2127 et

512 2172 645 2258 aggredi
671 2170 916 2239 certitudinem:
948 2168 1102 2237 naturalis
1130 2170 1219 2235 enim
1239 2186 1275 2235 ac
1301 2170 1444 2254 vulgaris
1462 2179 1551 2238 tanta
1570 2172 1639 2236 evi·

512 2278 620 2346 dentia
640 2285 672 2345 et
691 2278 881 2345 necessitate
900 2277 1041 2344 sentitur
1058 2278 1100 2343 ab
1112 2292 1315 2360 unoquoque
1331 2285 1494 2354 nostrum,
1511 2285 1546 2342 ut
1564 2279 1639 2365 ejus

513 2387 719 2454 existentiam
739 2384 871 2452 inficiari
892 2404 991 2450 nemo
1010 2386 1125 2469 possit.
1147 2385 1217 2451 Huc
1232 2403 1309 2470 ergo
1325 2384 1407 2450 redit
1424 2393 1531 2450 totum
1551 2403 1639 2469 opus

511 2495 744 2580 scepticorum,
773 2504 809 2560 ut
835 2492 1063 2558 certitudinem
1093 2492 1195 2569 illam,
1230 2508 1330 2576 quam
1360 2508 1401 2558 ex
1427 2491 1638 2559 conscientiae

511 2602 699 2669 testimonio
726 2600 911 2685 experimur
933 2618 1063 2675 omnes,
1084 2598 1197 2664 rationi
1218 2599 1355 2665 minime
1375 2608 1634 2666 consentaneam

512 2726 584 2778 esse
603 2710 704 2777 velint
722 2705 786 2798 (a).
806 2706 895 2784 Quin
910 2706 1109 2791 antiquiores
1123 2708 1238 2773 saltem
1254 2705 1385 2792 sceptici
1404 2706 1445 2772 ab
1458 2706 1637 2774 universali

511 2817 713 2908 certitudinis
746 2815 915 2901 naufragio
945 2824 1100 2898 exceptas
1125 2814 1278 2881 videntur
1305 2815 1445 2882 voluisse
1471 2816 1637 2901 propriam

512 2925 734 3002 existentiam,
755 2924 941 2990 affectiones
959 2922 1167 3007 subjectivas,
1185 2922 1419 3007 impressiones
1437 2924 1479 2988 ab
1498 2923 1636 3009 objectis

513 3042 671 3118 receptas,
696 3031 969 3114 existentiamque
987 3031 1122 3115 proinde
1140 3030 1402 3114 apparentiamm
1421 3049 1480 3096 seu
1500 3033 1641 3115 phaeno-

512 3155 685 3208 menorum
697 3137 761 3227 (3),
771 3145 806 3204 et
815 3138 953 3205 dubium
964 3136 1167 3204 restrinxisse
1177 3139 1218 3204 ad
1233 3147 1383 3204 naturam
1394 3146 1429 3203 et
1439 3137 1637 3220 objectivam

513 3268 620 3314 terum
641 3248 833 3314 realitatem.
1306 3295 1318 3307 .
1367 3233 1372 3245 '

579 3355 650 3441 Age
669 3374 747 3440 verq
769 3355 952 3428 videamus,
972 3353 1052 3439 quid
1071 3355 1113 3420 sit
1132 3354 1174 3419 de
1193 3354 1255 3419 hoc
1283 3361 1473 3439 systemate,
1493 3353 1640 3420 scientiae

511 3463 620 3529 omnis
640 3461 785 3539 inimico,
805 3455 1044 3527 definiendum.

559 3641 612 3710 52·
659 3625 855 3691 Pnoeostno
876 3630 922 3688 t.⁸
939 3629 1028 3690 Cum
1043 3643 1096 3701 eo,
1113 3627 1172 3706 qui
1181 3629 1370 3711 perfeetum
1383 3637 1485 3707 atque
1497 3627 1642 3689 univer·
1729 3636 1730 3665 ἐ

510 3738 620 3799 salem
644 3735 824 3815 profitetur
848 3734 1124 3814 scepticiemum,
1154 3735 1249 3796 nulla
1274 3743 1388 3812 potest
1411 3734 1546 3796 institui
1565 3735 1640 3797 dis-

508 3843 653 3922 putatio.

577 4005 760 4066 Probatur:
779 3997 830 4064 hd
849 3998 1025 4066 ineundam
1046 3995 1227 4102 quamlibet
1247 3993 1522 4082 disputationem,
1538 4017 1642 4083 opor-

509 4115 556 4172 tet
574 4106 682 4192 aliqua
701 4114 788 4172 certa
808 4124 992 4191 supponere
1019 4122 1067 4212 ac·
1082 4105 1278 4183 concedere,
1300 4125 1341 4172 ex
1368 4105 1490 4214 quihus
1517 4105 1639 4172 deinde

544 4325 585 4394 (r)
621 4321 698 4378 Vide
715 4319 854 4390 jacobum
870 4318 996 4388 Balnea,
1009 4317 1152 4394 Fiiosofia
1167 4319 1387 4389 Momm,
1402 4330 1475 4378 tom.
1491 4337 1517 4388 r,
1527 4337 1592 4391 cap.
1610 4341 1639 4388 ς.

542 4412 586 4483 (a)
622 4409 686 4470 Cic.
702 4411 830 4480 Belmee,
844 4408 903 4482 Op.
919 4407 968 4468 cit.
979 4427 1007 4468 e.
1021 4429 1046 4468 a.
1065 4428 1096 4468 n.
1117 4426 1159 4468 ro.

544 4507 583 4574 (3)
621 4499 696 4558 Vide
711 4499 840 4560 lllmum.
856 4497 1011 4566 Gonzalez,
1023 4498 1170 4566 Historia,
1185 4511 1257 4556 tom.
1277 4519 1300 4568 a,
1316 4515 1431 4572 paragr.
1443 4517 1489 4571 qt,
1504 4495 1641 4573 discepti-

508 4593 596 4653 ct'amo
606 4591 774 4658 Pindarico,-
788 4587 992 4654 Seoeemrino,
1006 4587 1065 4660 Op.
1076 4587 1137 4658 cin,
1153 4585 1330 4662 Crt'terolog.
1343 4601 1403 4646 art.
1412 4587 1441 4656 6,
1454 4605 1486 4646 n.
1500 4585 1640 4658 11631211-

507 4677 863 4754 mieai,Logica-Critica,
877 4677 955 4737 thes
966 4697 992 4750 33
1002 4677 1128 4748 Belmes,
1144 4677 1237 4736 Filos.
1249 4677 1342 4736 lead
1357 4689 1379 4735 t.
1395 4695 1420 4736 t.
1431 4675 1499 4735 Not.
1509 4693 1640 4750 meopte
1729 4690 1730 4693 ’

505 4788 568 4842 cap.
587 4779 648 4828 πθ·
