3492 5525
328 358 443 423 Anne.
470 372 526 421 1³¹³
547 358 669 422 Urnuu
691 355 814 421 Locren
836 374 889 422 sn
910 373 1117 425 necessarum
1175 356 1251 438 rodo

168 540 296 623 speciali
316 542 373 608 Dei
399 542 550 627 praesidio
575 550 667 626 eget,
696 562 737 607 ne
761 541 953 619 ulciscatur,
975 544 1075 609 homo
1101 541 1289 617 iracundus,
1372 608 1374 611 .

167 648 222 731 qui
243 652 363 715 multas
381 650 421 715 ab
440 649 572 715 inimico
588 650 703 732 accipit
728 649 879 737 injurias,
901 650 927 717 si
946 649 1037 717 facile
1061 650 1163 735 possit
1189 647 1293 715 vindi-

168 765 253 821 ctam
273 775 416 825 sumere.

235 865 376 941 Quando
396 883 476 949 ergo
501 864 674 947 quaeritur,
699 872 811 929 utrum
837 864 956 948 Logica
980 864 1021 929 sit
1048 860 1226 931 necessaria
1252 862 1293 927 ad

165 970 245 1037 alias
272 972 423 1038 scientias
450 971 702 1055 comparandas,
732 990 843 1036 sermo
870 980 979 1055 potest
1009 990 1081 1039 esse
1109 971 1151 1037 de
1178 969 1310 1066 quartis¹

168 1080 284 1144 harum
306 1080 557 1145 necessitatum.
880 1135 882 1143 ,

236 1186 381 1269 Denique
400 1186 524 1271 Logicae
545 1168 719 1253 necessitas
745 1187 882 1272 intelligi
902 1196 1029 1279 potest,
1051 1186 1101 1252 vel
1120 1186 1160 1253 ad
1179 1202 1295 1268 quam-

168 1312 311 1377 cumque
338 1294 504 1359 scientiam
531 1295 628 1359 etiam
657 1295 844 1378 partialem,
868 1294 1001 1377 quando
1022 1313 1139 1378 nempe
1158 1311 1222 1357 una
1242 1292 1305 1359 vel.
1354 1296 1362 1313 ‘

168 1403 269 1466 altera
289 1400 524 1467 demonstratio
544 1402 719 1483 acquiritur
735 1402 776 1467 de
795 1422 906 1467 earum
924 1402 1069 1486 objecto,
1086 1402 1136 1465 vel
1153 1400 1193 1465 ad
1212 1406 1295 1463 tota·

170 1511 255 1586 lem,
287 1508 436 1573 videlicet
454 1510 495 1573 ad
514 1508 726 1591 acquirendas
745 1527 862 1576 omnes
881 1509 1195 1583 demonstrationes,
1219 1524 1293 1589 quae

167 1617 208 1681 de
228 1610 355 1701 objecto
375 1616 613 1701 cujuscumque
631 1616 773 1683 scientiae
792 1618 912 1701 acquiri
933 1618 1070 1683 solenta
1088 1615 1294 1698 Philosophis

170 1725 256 1789 bene
270 1723 380 1808 doctis
393 1723 458 1809 (r).
482 1724 646 1790 Ceterum
665 1725 745 1789 dum
765 1725 805 1789 de
820 1724 959 1812 ,Logicae
987 1724 1178 1791 necessitate
1203 1740 1294 1804 quae-

169 1832 250 1896 ritur
270 1832 432 1915 praecipue
452 1830 586 1916 intelligi
606 1831 703 1897 debet
723 1831 859 1916 Logica,
881 1840 1043 1916 quatenus
1061 1833 1156 1897 docet
1176 1828 1293 1895 modos

167 1937 301 2014 sciendi,
322 1939 565 2015 definitionem,
580 1938 777 2005 divisionem
794 1938 1191 2025 argumentationemque.
1207 1937 1293 2020 Sup

167 2046 275 2131 posita
295 2064 374 2130 ergo
393 2046 536 2112 maxima
556 2046 683 2140 logicae
701 2047 856 2121 utilitate,
877 2046 922 2114 sic
941 2047 982 2112 de
1006 2048 1076 2132 ejus
1102 2046 1292 2113 necessitate

168 2155 335 2221 existimo.

211 2313 296 2400 [319.
349 2316 537 2406 Pnueostrto
575 2324 622 2382 r.⁸
671 2321 797 2399 Logica
827 2321 1022 2382 necessaria
1058 2337 1127 2382 non
1159 2318 1214 2407 est
1248 2318 1292 2381 ad

168 2428 356 2507 quamlibet
374 2428 554 2491 scientiam
570 2430 770 2506 ,imperfecte
789 2429 1053 2507 assequendam.

234 2583 267 2648 ln
287 2585 346 2648 hac
366 2582 587 2668 propositione
605 2583 806 2649 conveniunt
821 2592 971 2650 auctores
996 2583 1149 2649 secundae
1170 2590 1203 2653 et
1227 2591 1291 2648 ter·
1368 2590 1447 2647 lucica

170 2692 223 2756 tiae
241 2691 424 2757 sententiae.
1317 2666 1442 2784 ”⁶⁶⁶3ss
1454 2679 1500 2712 '¹⁰¹¹

236 2805 338 2867 Prob.
363 2807 408 2865 1.⁰
427 2819 467 2865 ex
487 2801 570 2864 facto
589 2797 661 2883 ipso
681 2808 714 2864 et
734 2800 942 2883 experientia.
963 2799 1048 2865 Nam
1072 2809 1146 2865 ante
1167 2798 1292 2864 Aristo·
1333 2774 1483 2892 ‚quamlibet

169 2908 267 2974 telem
296 2906 394 2989 aliqui
415 2905 518 2972 Graeci
538 2898 703 2988 sapientes
721 2907 873 2972 scientias
893 2907 1031 2973 assecuti
1061 2917 1155 2983 sunt,
1176 2907 1291 2972 saltem
1307 2889 1507 3008 ω’ξξῗζζάῗω

169 3016 200 3080 in
216 3024 301 3083 statu
320 3015 527 3097 imperfecto,
550 3025 586 3078 ut
605 3033 646 3078 ex
665 3014 797 3079 historia
817 3030 965 3082 veterum
986 3025 1175 3098 temporum
1195 3023 1293 3097 atque
1344 3023 1470 3079 imperfecto

168 3143 209 3187 ex
234 3123 321 3188 libris
341 3121 511 3187 Platonicis
531 3121 730 3204 perspicitur.
753 3121 854 3206 Atqui
873 3123 1070 3207 syllogistica
1098 3140 1165 3197 ars,
1194 3140 1292 3205 quam
1322 3095 1493 3154 mmm·

169 3229 378 3315 potissimum
398 3241 570 3310 tamquam
592 3246 726 3312 prorsus
751 3230 966 3296 necessariam
987 3232 1153 3312 requirunt
1181 3230 1293 3294 adver·

171 3339 261 3413 sarii,
284 3337 431 3402 nondum
452 3336 584 3401 inventa
603 3345 652 3402 est
671 3348 746 3401 ante
767 3336 994 3417 Aristotelem,
1024 3346 1061 3401 ut
1086 3336 1225 3421 ipsemet
1250 3347 1295 3403 te-

168 3455 273 3511 statur
285 3445 335 3510 his
350 3443 468 3530 uerbis:
485 3443 523 3508 Et
533 3445 573 3506 de
587 3443 756 3509 Rhetoricis
770 3444 894 3526 quidem
907 3447 1001 3509 erant
1012 3445 1110 3510 mulin
1123 3443 1296 3530 etantiqua

167 3553 267 3626 dicto,
288 3553 326 3615 de
338 3549 533 3633 syllogismis
546 3553 650 3614 autem
666 3549 792 3616 omniuo
810 3550 892 3617 nihil
915 3551 1077 3618 habuimus
1097 3553 1188 3634 prius
1205 3551 1297 3636 quic-

168 3678 278 3743 quam,
291 3661 383 3742 ,quod
401 3657 590 3732 diceremus,
605 3675 699 3740 quam
713 3661 796 3740 quod
812 3658 1032 3724 exercitationi
1044 3659 1115 3724 huic
1131 3658 1297 3741 proposita

167 3769 266 3832 multo
279 3769 411 3848 tempore
426 3763 678 3830 insudaverimus
699 3765 713 3850 (
739 3761 763 3850 ).

232 3873 394 3939 Novimus
412 3881 567 3954 praeterea
587 3891 654 3937 non
678 3891 799 3956 paucos
825 3872 950 3957 Logicae
974 3873 1121 3959 ignaros,
1142 3875 1199 3957 qui
1227 3873 1296 3940 aliis

167 3980 310 4048 scientiis
330 3988 451 4046 navant
470 3999 620 4063 operam,
638 3999 757 4063 easque
775 3981 892 4046 saltem
906 3980 1095 4065 imperfecte
1114 3999 1298 4065 assequun.

166 4100 236 4166 tur,
271 4095 307 4152 ut
337 4087 447 4153 videre
474 4097 525 4153 est
559 4087 767 4170 potissimum
799 4089 831 4153 in
864 4087 1120 4168 mathematico,
1153 4089 1296 4174 physicis
1376 4167 1378 4170 ¹

167 4196 277 4263 aliisve
296 4195 482 4291 disciplinis.
506 4194 629 4260 Passim
649 4196 747 4261 etiam
766 4215 899 4262 cernere
918 4206 967 4262 est
987 4197 1096 4280 plures
1113 4197 1213 4262 rudes
1237 4197 1297 4261 ho-

168 4303 273 4369 mines
291 4303 324 4368 in
344 4303 412 4370 suis
433 4301 571 4388 negotiis
594 4303 725 4388 egregie
744 4302 938 4372 ratiocinari.
958 4301 1097 4378 Quoties
1125 4303 1214 4370 enim
1233 4303 1297 4369 hoc

202 4558 242 4620 (ι)
279 4552 342 4611 Cir.
357 4551 499 4617 Lossada‚
513 4551 566 4607 loc.
579 4549 640 4617 cit„
657 4569 687 4609 n.
707 4515 730 4608 1.

201 4647 241 4710 (2)
279 4643 414 4712 Aristot,
428 4641 478 4700 lib.
495 4641 703 4710 2,.Eie'nciror.,
719 4659 782 4714 cup.
801 4640 852 4718 ult.
