3492 5525
270 435 385 498 Annc.
411 448 469 499 rat·
489 434 596 499 Nouo
617 435 843 503 Uurvensaus
863 452 1090 501 superaretur<
1142 433 1201 516 (κη

108 620 190 678 tura
208 612 335 691 divina,
354 616 428 683 licet
454 616 558 685 tribus
586 616 662 685 insit
691 616 840 685 Personis
871 616 1126 702 angustissime
1144 624 1242 700 atque

108 717 289 789 lnetiabilis
302 722 483 801 Trinitatis,
504 723 760 810 singularissima
774 735 841 803 est,
858 724 936 809 quia
949 725 1066 791 eadem
1078 724 1242 808 ipsissima

109 826 320 895 indivisibilis
347 840 446 915 atque
473 830 759 916 inmultiplicabilis
790 844 840 899 est
868 832 902 898 in
929 832 1004 899 illis.
1031 831 1125 898 Unde
1150 829 1243 898 vides

111 952 185 1000 non
203 938 339 1004 omnino
357 956 431 1005 esse
451 938 538 1005 idern
556 941 734 1007 universale
752 949 852 1024 atque
868 958 1046 1015 murana,
1066 937 1143 1023 quia
1158 956 1243 1005 com·
1295 953 1417 1003 nam

109 1060 224 1117 mune,
243 1048 394 1129 waiam
411 1050 459 1113 ast
469 1050 508 1113 de
525 1066 575 1123 se,
588 1068 651 1115 non
662 1048 909 1115 determinatur·
923 1046 1174 1113 communitatem
1191 1048 1243 1111 aa
1277 1025 1437 1143 ffiff

109 1150 266 1228 rationis,
293 1152 377 1219 secut
397 1156 588 1223 universate:
606 1158 639 1221 et
653 1156 721 1221 clleo
743 1156 877 1223 essentia
898 1152 1038 1243 (divina)
1054 1157 1159 1237 potest
1176 1152 1243 1217 dici

111 1260 304 1335 manans,
324 1280 388 1327 non
405 1266 509 1328 autem
526 1264 716 1331 anamais
729 1261 793 1351 (r).

185 1364 332 1449 Denique
346 1368 462 1435 dicitur
472 1370 505 1437 in
520 1370 709 1439 definitione
722 1373 891 1437 seeundum
905 1374 1001 1436 mtam
1012 1368 1238 1446 mirationem,

111 1472 162 1537 ita
187 1473 340 1541 nimirum
365 1485 401 1541 ut
425 1486 538 1545 natura
561 1479 614 1547 illa
632 1483 708 1557 tota,
729 1498 787 1546 seu
814 1479 997 1546 secundum
1017 1485 1122 1545 totam
1145 1494 1240 1544 suant

111 1582 351 1661 actualitatem,
368 1586 420 1650 vel
441 1598 592 1653 notarum
607 1586 955 1672 comprehensionem,
973 1586 1077 1671 possit
1095 1583 1243 1670 pluribus

112 1687 222 1753 inesse
242 1709 298 1773 per
316 1691 532 1759 identitatem.

144 1856 155 1881 ,
185 1797 253 1863 lloc
272 1800 373 1866 modo
386 1809 455 1867 tota
474 1802 554 1869 ratio
568 1805 705 1885 planta,
724 1780 892 1879 animulis,
912 1801 1062 1879 homimis,
1084 1800 1242 1885 reperitur

112 1903 148 1968 in
170 1903 307 1989 singulis
325 1907 500 1975 individuis
519 1910 634 1977 harum
654 1910 851 1994 specierum
878 1912 965 1977 unde
985 1916 1118 1986 natura,
1138 1926 1239 1992 quarn
1279 1895 1283 1915 '

110 2010 268 2094 exprimit
286 2033 352 2081 vox
369 2029 402 2083 et
420 2026 597 2101 conceptus
624 2019 812 2084 com‘munis
832 2020 960 2101 planta,
980 2016 1118 2095 animal,
1138 2016 1238 2093 mmo,

110 2118 190 2183 talis
207 2130 273 2196 est,
291 2131 328 2186 ut
345 2121 514 2191 divisibilis
533 2125 575 2191 sit
594 2125 626 2190 in
645 2127 754 2209 plura,
775 2144 850 2209 quae
869 2124 1058 2212 singillatim
1077 2123 1238 2207 integram

110 2224 201 2292 illius
216 2228 374 2295 rationem
390 2232 595 2314 possideant,
611 2243 728 2316 estque
740 2234 875 2317 proinde
889 2232 1080 2299 universalis
1090 2239 1239 2316 respectu

109 2351 244 2400 eorum.
256 2336 448 2406 Econverso
463 2340 628 2423 quantitas
643 2338 842 2425 bipalmaris,
859 2340 1012 2425 quamvis
1025 2339 1125 2406 dividi
1137 2338 1241 2423 possit

109 2441 147 2505 in
168 2440 262 2509 binos
282 2446 426 2528 palmos,
447 2448 522 2531 quia
536 2457 647 2514 tamen
667 2448 699 2514 in
711 2448 850 2534 singulis
865 2448 982 2533 palmis
992 2465 1059 2514 non
1071 2446 1158 2513 inest
1170 2455 1240 2512 tota

108 2550 281 2631 quantitas
298 2552 351 2619 illa
377 2554 579 2639 bipalmaris,
600 2556 675 2622 ideo
700 2575 766 2623 non
793 2566 843 2624 est
866 2556 1060 2624 universalis
1089 2563 1239 2639 respectu

109 2657 257 2727 illorum.
275 2658 430 2746 ldemque
444 2662 619 2729 dicendum
636 2672 686 2729 est
699 2664 740 2731 de
756 2665 872 2747 quovis
887 2663 1072 2748 composito
1088 2669 1238 2747 respectu

110 2767 276 2850 partium,
295 2769 415 2853 quibus
434 2780 491 2836 aut
513 2767 736 2850 constituitur,
758 2783 815 2839 aut
841 2773 1021 2860 integratur
1043 2769 1108 2860 (2).
1137 2771 1175 2837 Et
1195 2771 1239 2837 ita

109 2873 213 2939 etiam
232 2886 322 2959 patet
340 2876 483 2944 animam
503 2880 700 2956 humanam,
722 2880 796 2946 licet
813 2881 857 2946 sit
875 2889 944 2946 tota
958 2881 991 2946 in
1010 2879 1149 2966 singulis
1168 2897 1240 2964 par·

107 2980 204 3047 tibus
222 2983 383 3068 corporis,
398 2985 616 3074 universalem
632 3006 697 3053 non
711 3007 799 3064 esse,
818 2997 891 3055 tum
907 2989 983 3071 quia
999 3005 1067 3053 non
1081 2986 1168 3054 inest
1181 3006 1239 3071 per
1350 3048 1356 3059 .

108 3089 335 3169 identitatem,
355 3103 427 3160 tum
447 3094 609 3178 quianon
630 3095 862 3180 multiplicatur
881 3097 914 3162 in
932 3095 1062 3162 iisdem.

181 3200 370 3267 Notandum
386 3220 482 3285 porro
497 3211 547 3268 est
566 3203 748 3270 universale
768 3204 904 3271 describi
923 3203 1154 3288 aPnttosopho
1178 3222 1239 3288 po-
1305 3233 1400 3292 cm„

107 3308 180 3373 tius
199 3327 255 3392 per
272 3309 493 3390 aptitudinem,
514 3330 614 3395 quam
643 3330 702 3397 per
728 3321 836 3378 actum
857 3312 989 3378 essendi
1013 3311 1047 3378 in
1074 3312 1236 3395 pluribus.
1252 3307 1453 3425 &ffi-

107 3415 199 3489 Qttia
214 3416 365 3499 quamvis
377 3418 410 3482 in
425 3419 532 3502 aliqua
546 3420 628 3485 torte
644 3438 753 3485 rerunt
768 3423 871 3486 classe
887 3439 953 3485 non
973 3419 1016 3485 sit
1028 3418 1088 3486 nisi
1103 3419 1237 3486 unicum
1305 3451 1397 3495 mr„

107 3521 339 3603 individuum,
361 3524 572 3594 nihilominus
592 3528 619 3593 sl
639 3539 762 3594 naturae
782 3527 825 3592 illi
849 3529 1030 3594 secundum
1050 3545 1170 3593 senon
1190 3547 1240 3592 re·
1290 3611 1294 3620 Ι

108 3641 241 3718 pugnet
259 3651 332 3699 esse
351 3633 599 3717 multiplicatam
618 3635 651 3702 in
670 3637 835 3720 pluribus,
856 3654 923 3703 non
942 3637 1069 3703 desinet
1083 3653 1154 3702 esse
1167 3634 1239 3701 uni·

107 3741 261 3808 versalis.
281 3741 476 3824 Exemplum
497 3743 597 3808 habes
616 3743 648 3808 in
668 3745 741 3809 sole·
755 3754 788 3810 et
807 3745 884 3809 luna
902 3740 966 3831 (3).
1048 3733 1052 3739 ’

176 3849 246 3931 Jam
265 3849 446 3915 universale
460 3849 492 3914 in
510 3850 713 3934 praedicando
728 3869 785 3918 seu
795 3852 998 3933 praedicabile
1006 3850 1151 3918 diximus
1165 3869 1238 3917 esse
1272 3879 1399 3928 um,
1409 3881 1432 3928 ᾗ.

107 3976 211 4024 unum
229 3957 380 4042 quiddam
397 3960 503 4039 aptum
516 3958 690 4040 predicari
705 3961 744 4023 de
761 3960 886 4039 multis,
906 3959 1028 4026 scilicet
1046 3977 1104 4045 per
1121 3958 1238 4026 identi-
1277 3952 1425 4008 ΝΜ·

108 4073 233 4142 tatem,
259 4075 291 4131 et
319 4064 500 4131 secundum
525 4067 678 4164 eamdem
701 4067 975 4152 significationem
998 4087 1035 4134 ac
1061 4069 1235 4138 rationem.

149 4375 190 4436 (r)
226 4368 260 4430 S.
273 4369 329 4428 Th.
349 4378 387 4434 r.·
400 4371 467 4429 aisa.
486 4391 528 4444 19,
544 4391 573 4443 q.
586 4391 614 4444 4,
629 4392 657 4430 a.
671 4391 708 4440 a„
721 4373 757 4432 ad
772 4381 834 4431 a.¹¹

149 4459 190 4562 (a)¹
228 4460 291 4518 Cir.
308 4459 408 4530 Suam,
419 4460 495 4532 disp.
508 4463 527 4518 6
541 4462 718 4536 Metaplays„
733 4475 803 4522 sect.
819 4483 858 4534 2.‚
874 4483 905 4522 n.
920 4483 948 4537 9,
970 4477 1000 4522 et
1013 4462 1089 4523 alios
1100 4464 1240 4538 antiquos

108 4568 259 4712 μείωὲ.
274 4639 331 4699 Th.
346 4648 388 4714 7.·
401 4640 606 4717 Metaplaysic„
617 4641 682 4702 lect.
701 4663 742 4717 ις,
757 4663 872 4716 paragr.
884 4643 911 4702 b.
923 4641 1193 4719 cicumsepsit.
1205 4665 1240 4708 οι

111 4735 155 4792 1.·
166 4729 235 4789 dist.
253 4750 296 4803 ιφ.
311 4749 339 4803 q.
357 4747 385 4804 4.
402 4749 419 4788 a
435 4749 461 4790 a.
479 4731 515 4789 ad
529 4741 590 4790 ad·
1169 4781 1173 4789 .
