3492 5525
252 478 364 542 Anne.
382 492 443 540 2³¹⁸
458 476 644 545 Vanncrras
660 498 880 543 racuutnruu
895 498 1122 546 coonosctrtv.
1160 480 1216 566 587

133 660 268 725 tercedit
288 661 455 735 medium,
481 678 556 726 cum
587 662 723 727 facultas
744 680 948 749 cognoscens
967 671 1002 727 et
1018 664 1183 748 objectum
1203 686 1259 731 co-

130 766 387 853 gnitumintime
402 767 464 841 sibi
479 770 649 852 praesentia
659 772 900 855 conjunctaque
910 769 989 836 sint.
1001 769 1052 835 An
1064 790 1105 837 ex
1116 772 1258 839 acciden-

130 874 185 939 tali
213 876 320 959 aliqua
350 876 537 943 alteratione
575 878 625 941 vel
657 876 901 961 indispositione
940 879 1101 945 facultatis
1133 879 1257 964 ipsius?

131 981 254 1047 Verum
283 982 479 1051 conscientia
500 986 634 1051 facultas
656 984 830 1070 spiritualis
855 994 907 1050 est
933 1004 970 1050 ac
999 986 1254 1069 simplicissima,
1310 1016 1314 1023 ·

130 1109 204 1173 quae
232 1092 456 1159 alterationem
491 1092 523 1156 in
548 1110 605 1157 sua
635 1090 768 1178 physica
800 1094 934 1160 entitate
955 1111 1019 1158 non
1040 1094 1172 1177 patitur.
1204 1095 1255 1161 An

130 1198 271 1280 denique
285 1218 326 1263 ex
345 1196 423 1264 vitio
439 1218 475 1264 ac
489 1199 682 1284 deceptione
696 1200 830 1266 aliarum
848 1201 1069 1285 potentiarum
1085 1205 1256 1287 cognosci-

129 1305 285 1381 uvarum,
306 1324 445 1389 quarum
466 1304 576 1396 actus,
608 1317 644 1372 ut
665 1307 760 1373 nobis
781 1316 959 1392 praesentes
973 1318 1005 1374 et
1031 1319 1068 1375 ut
1087 1310 1257 1377 modifica-

130 1413 235 1479 tiones
266 1415 383 1499 proptii
414 1414 550 1499 subjecti
580 1424 718 1481 testatur
745 1416 962 1482 conscientia?
991 1416 1056 1482 Sed
1085 1436 1192 1500 neque
1214 1438 1255 1485 ex

130 1521 188 1584 hac
208 1530 296 1604 parte
311 1520 456 1587 timenda
479 1534 529 1589 est
553 1522 686 1589 falsitas.
706 1524 790 1588 Nam
811 1522 851 1587 ad
868 1522 1098 1589 conscientiam
1119 1525 1255 1591 minime

128 1638 252 1711 spectat
271 1630 386 1694 referre
406 1630 547 1694 valorem
577 1630 775 1714 objectivum
796 1640 929 1696 actuum
953 1630 1253 1717 cognoscitivorum

130 1736 263 1801 aliarum
291 1737 526 1820 potentiarum,
559 1739 616 1803 sed
644 1738 748 1803 solam
773 1738 975 1819 praesentiam
1009 1739 1119 1803 testari
1146 1740 1256 1805 talium

127 1848 270 1921 actuum,
288 1863 373 1928 quos
392 1846 443 1910 hic
462 1854 494 1909 et
514 1863 601 1910 nunc
620 1844 702 1912 intra
719 1863 779 1911 nos
799 1846 971 1912 habemus.
993 1846 1063 1927 Jam
1079 1865 1170 1924 vero,
1184 1848 1255 1913 sive

129 1952 171 2015 illi
191 1960 281 2018 actus
299 1972 374 2018 vere
390 1972 425 2018 ac
440 1951 578 2019 fideliter
592 1954 717 2038 objecta
737 1972 796 2019 sua
817 1963 1065 2037 repraesentent,
1089 1938 1158 2020 sive
1174 1973 1253 2036 non;

129 2078 243 2124 verum
263 2068 329 2135 est,
350 2062 439 2144 quod
458 2080 476 2125 a
497 2062 591 2127 nobis
608 2062 660 2126 hic
679 2069 712 2125 et
732 2080 819 2127 nunc
838 2061 1021 2137 eliciantur,
1038 2071 1071 2127 et
1088 2061 1155 2127 sint
1173 2062 1255 2129 intra

129 2186 201 2235 nos.
218 2168 300 2252 Ergo
319 2168 533 2243 conscientia,
555 2188 629 2252 quae
651 2170 758 2235 solum
786 2169 882 2235 debet
909 2170 1024 2233 referre
1048 2170 1258 2261 praesentiam

129 2277 289 2361 ejusmodi
318 2288 469 2355 actuum,
492 2276 628 2343 minime
656 2277 830 2362 decipitur,
865 2297 906 2343 ex
934 2257 1081 2360 eoquod
1101 2277 1145 2343 illi
1164 2286 1255 2345 actus

128 2385 197 2449 falsi
211 2384 292 2461 sint,
306 2403 342 2449 ac
358 2403 525 2469 perperam
546 2394 779 2468 repraesentent
790 2403 848 2450 sua
862 2386 990 2470 objecta
1003 2404 1044 2450 ex
1060 2386 1255 2470 deceptione

129 2492 280 2556 nimirum
299 2492 508 2568 facultatum,
521 2512 539 2556 a
554 2492 674 2574 quibus
693 2492 788 2558 eliciti
807 2506 898 2560 sunt.
911 2491 1000 2558 Sicut
1016 2512 1082 2558 non
1097 2502 1148 2559 est
1163 2514 1256 2559 men·

127 2600 206 2674 dax,
227 2609 283 2665 aut
299 2600 468 2665 haereticus
483 2599 552 2674 ille,
569 2600 625 2682 qui
643 2596 740 2665 mere'
752 2600 903 2666 historice
922 2608 1029 2665 narrat
1043 2603 1183 2696 haereses
1199 2604 1253 2667 vel
1273 2640 1279 2649 ·

128 2706 295 2776 mendacia
309 2708 350 2773 ab
368 2708 469 2774 altero
488 2705 638 2796 prolata(
665 2705 690 2796 ).

194 2815 231 2881 Et
249 2816 318 2880 haec
341 2835 437 2881 causa
459 2833 525 2891 est,
551 2835 608 2881 cur
627 2816 910 2900 quemadmodum
930 2818 1254 2885 communiter‘solet
1281 2832 1306 2878 n
1323 2835 1456 2880 comnena

129 2923 243 3000 notari,
272 2925 303 2988 in
323 2923 521 2989 conscientia
554 2924 718 3009 objectum
749 2925 831 2988 reale
858 2935 890 2989 et
910 2943 1069 3008 apparens
1088 2925 1121 2989 in
1147 2943 1250 2990 unum
1314 2908 1424 3022 Ἓξζῗ

127 3031 361 3111 confundatur-3
382 3032 458 3114 quia
483 3051 559 3096 cum
580 3031 747 3115 proprium
772 3031 842 3114 ejus
865 3030 907 3095 sit
926 3031 1061 3114 experiri
1081 3051 1117 3095 ac
1137 3031 1251 3096 testari
1279 3062 1390 3104 apparea,
1405 3066 1456 3095 con-

125 3139 328 3223 cognltiones
343 3139 520 3223 subjective
533 3147 710 3221 spectatas,
732 3157 798 3202 non
817 3137 915 3206 debet
924 3139 1085 3224 judicare,
1104 3157 1183 3204 num
1201 3157 1253 3204 res
1316 3121 1421 3170 ¹⁰⁰⁶⁵¹⁰¹·

125 3245 229 3328 aliqua
251 3245 295 3311 ita
315 3248 394 3312 inse
413 3246 470 3322 sit,
492 3248 549 3312 sed
563 3247 732 3331 quomodo
752 3245 803 3310 hic
828 3254 860 3309 et
876 3264 964 3311 nunc
982 3257 1137 3330 appareat
1157 3247 1249 3322 mihi,

38 3409 41 3426 .
126 3355 177 3419 vel
198 3356 335 3420 reluceat
357 3355 388 3419 in
405 3353 591 3439 cognitione
606 3372 705 3436 quam
725 3353 842 3420 habe0.
864 3353 918 3419 Sic
937 3373 970 3417 v.
990 3373 1025 3439 g.
1046 3363 1190 3438 aegrotus
1211 3375 1251 3420 ex

125 3460 372 3545 indispositione
398 3463 567 3526 oculorum
597 3461 706 3526 omnia
732 3459 844 3528 videns
874 3459 959 3525 flavo
978 3461 1086 3525 colore
1106 3464 1248 3544 perfusa,

126 3569 286 3634 falleretur
300 3568 326 3635 si
342 3570 416 3634 talia
429 3587 499 3634 esse
519 3569 571 3632 illa
586 3568 617 3632 in
634 3567 748 3651 seipsis
758 3567 929 3652 judicaret3
953 3587 1018 3632 non
1032 3578 1142 3633 autem
1163 3570 1250 3634 falle-

126 3688 230 3752 retur,
254 3678 279 3742 si
299 3677 377 3742 falsa
398 3674 458 3742 sibi
473 3694 626 3760 apparere
647 3676 697 3740 hic
721 3684 754 3739 et
774 3694 861 3741 nunc
887 3686 1045 3741 assereret
1073 3673 1137 3763 (2);
1158 3677 1249 3760 quod

125 3787 219 3852 unice
238 3793 362 3868 spectat
381 3785 421 3850 ad
436 3783 681 3849 conscientiam.

192 3893 279 3968 Haec,
302 3901 337 3957 ut
365 3891 472 3968 vides,
495 3892 630 3957 dicenda
649 3901 727 3957 sunt
754 3892 794 3956 de
822 3899 897 3957 actu
925 3891 1133 3957 conscientiae
1158 3893 1247 3958 inse
1275 3926 1452 3976 mmmm„

123 4010 281 4084 spectato,
312 4001 405 4085 cujus
433 3983 564 4067 tuemur
589 3999 807 4066 veracitatem.
835 4001 952 4082 Neque
982 4018 1060 4064 vero
1086 4019 1161 4066 cum
1195 4001 1246 4067 his
1274 4004 1451 4056 ⁶¹r¹0t³¹³⁶¹³¹⁶·

46 4093 49 4102 Α
124 4118 266 4194 pugnat,
283 4109 372 4193 quod
387 4110 469 4173 circa
481 4117 629 4173 naturam
646 4107 853 4173 affectionum
871 4108 1141 4191 internorumque
1157 4110 1247 4193 phae-
1266 4083 1466 4206 quffissssffl,

125 4234 361 4290 nummorum,
379 4235 452 4300 quae
467 4214 662 4281 conscientia
677 4214 866 4280 fidelissime
877 4224 1015 4281 testatur
1026 4265 1034 4291 ,
1047 4215 1127 4281 ratio
1139 4217 1246 4300 possit
1300 4218 1425 4270 ‘altstidi

124 4326 208 4401 falli,
231 4343 401 4408 perperam
421 4324 535 4389 eadem
555 4305 782 4407 interpretans.
804 4321 888 4398 Quae
905 4342 1002 4389 causa
1031 4332 1098 4401 est,
1119 4342 1178 4390 cur
1205 4325 1246 4390 de
1293 4290 1436 4345 ‘'¹³⁰¹'⁰‘⁰⁸¹'

158 4601 199 4660 (ι)
236 4593 311 4653 Vide
325 4593 500 4668 Angelicum
512 4593 675 4660 Ductorem,
696 4612 705 4649 r
719 4611 747 4663 p.
757 4611 786 4663 q.
806 4613 848 4664 17,
861 4610 888 4649 a.
900 4612 915 4648 2
932 4592 968 4650 ad
987 4603 1062 4662 r.·¹¹¹;
1075 4594 1149 4652 etde
1162 4595 1248 4653 Veri·

125 4695 197 4754 lale,
212 4697 317 4757 quaest.
337 4706 360 4753 r,
376 4705 402 4741 a.
422 4705 462 4742 tt.
1272 4745 1276 4752 Ι

158 4775 199 4844 (2)
236 4773 298 4833 Csr.
316 4775 411 4846 Jacob.
429 4773 552 4842 Balmes,
568 4776 687 4844 Filosos.
697 4775 836 4844 fundam,
848 4769 898 4832 lib.
916 4793 1012 4848 t‚cap.
1026 4791 1068 4846 15,
1085 4794 1113 4831 n.
1132 4774 1192 4848 148.
