<?xml version="1.0" encoding="UTF-8"?>
<!DOCTYPE html PUBLIC "-//W3C//DTD XHTML 1.0 Transitional//EN"
    "http://www.w3.org/TR/xhtml1/DTD/xhtml1-transitional.dtd">
<html xmlns="http://www.w3.org/1999/xhtml" xml:lang="en" lang="en">
 <head>
  <title>
</title>
<meta http-equiv="Content-Type" content="text/html;charset=utf-8" />
  <meta name='ocr-system' content='tesseract 3.04.00' />
  <meta name='ocr-capabilities' content='ocr_page ocr_carea ocr_par ocr_line ocrx_word'/>
</head>
<body>
  <div class='ocr_page' id='page_1' title='image "./institutionesph00urrgoog_0941.png"; bbox 0 0 3492 5525; ppageno 0'>
   <div class='ocr_carea' id='block_1_1' title="bbox 270 431 1195 536">
    <p class='ocr_par' dir='ltr' id='par_1_1' title="bbox 270 431 1195 536">
     <span class='ocr_line' id='line_1_1' title="bbox 270 431 1195 536; baseline -0.001 -23"><span class='ocrx_word' id='word_1_1' title='bbox 270 431 386 515; x_wconf 72' lang='lat' dir='ltr'>Asrrc.</span> <span class='ocrx_word' id='word_1_2' title='bbox 401 462 463 536; x_wconf 64' lang='lat'>4³¹⁸</span> <span class='ocrx_word' id='word_1_3' title='bbox 474 451 666 530; x_wconf 76' lang='lat' dir='ltr'>Qununuan</span> <span class='ocrx_word' id='word_1_4' title='bbox 682 468 731 515; x_wconf 83' lang='lat' dir='ltr'>srr</span> <span class='ocrx_word' id='word_1_5' title='bbox 743 468 920 525; x_wconf 70' lang='lat' dir='ltr'>ossecrunr</span> <span class='ocrx_word' id='word_1_6' title='bbox 936 467 1094 515; x_wconf 72' lang='lat' dir='ltr'>seranna:</span> <span class='ocrx_word' id='word_1_7' title='bbox 1139 467 1195 531; x_wconf 82' lang='lat' dir='ltr'>par</span> 
     </span>
    </p>
   </div>
   <div class='ocr_carea' id='block_1_2' title="bbox 74 632 1454 3859">
    <p class='ocr_par' dir='ltr' id='par_1_2' title="bbox 74 632 1454 3859">
     <span class='ocr_line' id='line_1_2' title="bbox 113 632 1239 721; baseline -0.002 -20"><span class='ocrx_word' id='word_1_8' title='bbox 113 635 261 721; x_wconf 85' lang='lat' dir='ltr'><strong>jusmodi</strong></span> <span class='ocrx_word' id='word_1_9' title='bbox 280 634 360 703; x_wconf 91' lang='lat' dir='ltr'>ratio</span> <span class='ocrx_word' id='word_1_10' title='bbox 381 632 455 701; x_wconf 92' lang='lat' dir='ltr'>licet</span> <span class='ocrx_word' id='word_1_11' title='bbox 472 634 627 720; x_wconf 84' lang='lat' dir='ltr'>implicite</span> <span class='ocrx_word' id='word_1_12' title='bbox 650 632 828 701; x_wconf 82' lang='lat' dir='ltr'>imbibatur</span> <span class='ocrx_word' id='word_1_13' title='bbox 848 635 885 701; x_wconf 93' lang='lat' dir='ltr'>in</span> <span class='ocrx_word' id='word_1_14' title='bbox 905 635 997 702; x_wconf 92' lang='lat' dir='ltr'>omni</span> <span class='ocrx_word' id='word_1_15' title='bbox 1020 634 1151 721; x_wconf 85' lang='lat' dir='ltr'>objecto</span> <span class='ocrx_word' id='word_1_16' title='bbox 1174 636 1239 699; x_wconf 87' lang='lat' dir='ltr'>lor-</span> 
     </span>
     <span class='ocr_line' id='line_1_3' title="bbox 118 742 1241 829; baseline -0.002 -20"><span class='ocrx_word' id='word_1_17' title='bbox 118 744 213 823; x_wconf 89' lang='lat' dir='ltr'>mali,</span> <span class='ocrx_word' id='word_1_18' title='bbox 233 754 345 811; x_wconf 88' lang='lat' dir='ltr'>tamen</span> <span class='ocrx_word' id='word_1_19' title='bbox 363 742 512 829; x_wconf 86' lang='lat' dir='ltr'>explicite</span> <span class='ocrx_word' id='word_1_20' title='bbox 531 761 703 828; x_wconf 88' lang='lat' dir='ltr'>nunquam</span> <span class='ocrx_word' id='word_1_21' title='bbox 726 742 897 828; x_wconf 81' lang='lat' dir='ltr'>attingitur</span> <span class='ocrx_word' id='word_1_22' title='bbox 923 762 943 808; x_wconf 82' lang='lat' dir='ltr'>a</span> <span class='ocrx_word' id='word_1_23' title='bbox 962 743 1116 828; x_wconf 88' lang='lat' dir='ltr'>potentiis</span> <span class='ocrx_word' id='word_1_24' title='bbox 1136 750 1241 808; x_wconf 90' lang='lat' dir='ltr'>mate·</span> 
     </span>
     <span class='ocr_line' id='line_1_4' title="bbox 118 849 1239 935; baseline 0.001 -19"><span class='ocrx_word' id='word_1_25' title='bbox 118 851 266 927; x_wconf 91' lang='lat' dir='ltr'>rialibus,</span> <span class='ocrx_word' id='word_1_26' title='bbox 296 862 434 935; x_wconf 79' lang='lat' dir='ltr'>utque</span> <span class='ocrx_word' id='word_1_27' title='bbox 463 851 582 917; x_wconf 90' lang='lat' dir='ltr'>rellecti</span> <span class='ocrx_word' id='word_1_28' title='bbox 612 868 710 935; x_wconf 91' lang='lat' dir='ltr'>supra</span> <span class='ocrx_word' id='word_1_29' title='bbox 736 849 931 934; x_wconf 88' lang='lat' dir='ltr'>semetipsas</span> <span class='ocrx_word' id='word_1_30' title='bbox 960 858 1147 934; x_wconf 89' lang='lat' dir='ltr'>nequeunt,</span> <span class='ocrx_word' id='word_1_31' title='bbox 1178 867 1239 917; x_wconf 88' lang='lat' dir='ltr'>nec</span> 
     </span>
     <span class='ocr_line' id='line_1_5' title="bbox 116 957 1240 1043; baseline -0.001 -19"><span class='ocrx_word' id='word_1_32' title='bbox 116 976 298 1043; x_wconf 79' lang='lat' dir='ltr'>semper-a</span> <span class='ocrx_word' id='word_1_33' title='bbox 334 958 489 1043; x_wconf 83' lang='lat' dir='ltr'>potentiis</span> <span class='ocrx_word' id='word_1_34' title='bbox 520 958 759 1043; x_wconf 80' lang='lat' dir='ltr'>spiritualibus,</span> <span class='ocrx_word' id='word_1_35' title='bbox 793 968 829 1025; x_wconf 93' lang='lat' dir='ltr'>ut</span> <span class='ocrx_word' id='word_1_36' title='bbox 862 958 988 1025; x_wconf 86' lang='lat' dir='ltr'>notavit</span> <span class='ocrx_word' id='word_1_37' title='bbox 1020 957 1059 1023; x_wconf 90' lang='lat' dir='ltr'>D.</span> <span class='ocrx_word' id='word_1_38' title='bbox 1093 957 1240 1024; x_wconf 86' lang='lat' dir='ltr'><strong>Thomas</strong></span> 
     </span>
     <span class='ocr_line' id='line_1_6' title="bbox 117 1062 722 1154; baseline -0.007 0"><span class='ocrx_word' id='word_1_39' title='bbox 117 1063 149 1154; x_wconf 87' lang='lat'>(1</span> <span class='ocrx_word' id='word_1_40' title='bbox 170 1086 202 1151; x_wconf 78' lang='lat' dir='ltr'>n·</span> <span class='ocrx_word' id='word_1_41' title='bbox 223 1085 258 1149; x_wconf 79' lang='lat' dir='ltr'>n·</span> <span class='ocrx_word' id='word_1_42' title='bbox 284 1062 340 1141; x_wconf 62' lang='lat'>¹62</span> <span class='ocrx_word' id='word_1_43' title='bbox 361 1086 391 1134; x_wconf 74' lang='lat' dir='ltr'>a·</span> <span class='ocrx_word' id='word_1_44' title='bbox 412 1084 431 1153; x_wconf 77' lang='lat'><em>3</em></span> <span class='ocrx_word' id='word_1_45' title='bbox 452 1065 492 1131; x_wconf 68' lang='lat' dir='ltr'>ad</span> <span class='ocrx_word' id='word_1_46' title='bbox 517 1063 672 1154; x_wconf 59' lang='lat' dir='ltr'>amis(</span> <span class='ocrx_word' id='word_1_47' title='bbox 696 1064 722 1150; x_wconf 87' lang='lat'>)·</span> 
     </span>
     <span class='ocr_line' id='line_1_7' title="bbox 184 1172 1238 1259; baseline -0.001 -21"><span class='ocrx_word' id='word_1_48' title='bbox 184 1172 248 1240; x_wconf 82' lang='lat' dir='ltr'>Alii</span> <span class='ocrx_word' id='word_1_49' title='bbox 279 1174 370 1240; x_wconf 89' lang='lat' dir='ltr'>aliter</span> <span class='ocrx_word' id='word_1_50' title='bbox 401 1174 563 1259; x_wconf 86' lang='lat' dir='ltr'>explicant</span> <span class='ocrx_word' id='word_1_51' title='bbox 596 1172 791 1240; x_wconf 89' lang='lat' dir='ltr'>divisionem</span> <span class='ocrx_word' id='word_1_52' title='bbox 822 1175 921 1250; x_wconf 86' lang='lat' dir='ltr'>banc,</span> <span class='ocrx_word' id='word_1_53' title='bbox 955 1172 1101 1240; x_wconf 89' lang='lat' dir='ltr'>dicentes</span> <span class='ocrx_word' id='word_1_54' title='bbox 1134 1173 1238 1239; x_wconf 90' lang='lat' dir='ltr'>solam</span> 
     </span>
     <span class='ocr_line' id='line_1_8' title="bbox 121 1280 1238 1367; baseline -0.002 -20"><span class='ocrx_word' id='word_1_55' title='bbox 121 1280 279 1347; x_wconf 87' lang='lat' dir='ltr'>rationem</span> <span class='ocrx_word' id='word_1_56' title='bbox 298 1283 433 1347; x_wconf 81' lang='lat' dir='ltr'>formale</span> <span class='ocrx_word' id='word_1_57' title='bbox 455 1282 513 1347; x_wconf 82' lang='lat' dir='ltr'>sub</span> <span class='ocrx_word' id='word_1_58' title='bbox 533 1300 596 1366; x_wconf 80' lang='lat' dir='ltr'>pua</span> <span class='ocrx_word' id='word_1_59' title='bbox 622 1282 750 1366; x_wconf 81' lang='lat' dir='ltr'>proprie</span> <span class='ocrx_word' id='word_1_60' title='bbox 768 1280 941 1350; x_wconf 88' lang='lat' dir='ltr'>dicendam</span> <span class='ocrx_word' id='word_1_61' title='bbox 971 1299 1043 1348; x_wconf 90' lang='lat' dir='ltr'>esse</span> <span class='ocrx_word' id='word_1_62' title='bbox 1073 1280 1238 1367; x_wconf 81' lang='lat' dir='ltr'>objectum</span> 
     </span>
     <span class='ocr_line' id='line_1_9' title="bbox 117 1388 1240 1474; baseline -0.002 -21"><span class='ocrx_word' id='word_1_63' title='bbox 117 1390 268 1465; x_wconf 81' lang='lat' dir='ltr'>formale,</span> <span class='ocrx_word' id='word_1_64' title='bbox 291 1408 362 1455; x_wconf 86' lang='lat' dir='ltr'>eam</span> <span class='ocrx_word' id='word_1_65' title='bbox 383 1408 478 1465; x_wconf 92' lang='lat' dir='ltr'>vero,</span> <span class='ocrx_word' id='word_1_66' title='bbox 498 1407 598 1473; x_wconf 86' lang='lat' dir='ltr'>quam</span> <span class='ocrx_word' id='word_1_67' title='bbox 615 1408 676 1455; x_wconf 91' lang='lat' dir='ltr'>nos</span> <span class='ocrx_word' id='word_1_68' title='bbox 692 1389 850 1455; x_wconf 86' lang='lat' dir='ltr'>rationem</span> <span class='ocrx_word' id='word_1_69' title='bbox 866 1390 1036 1455; x_wconf 75' lang='lat' dir='ltr'>formalem</span> <span class='ocrx_word' id='word_1_70' title='bbox 1050 1406 1120 1474; x_wconf 73' lang='lat' dir='ltr'>qua</span> <span class='ocrx_word' id='word_1_71' title='bbox 1134 1388 1240 1473; x_wconf 87' lang='lat' dir='ltr'>appel·</span> 
     </span>
     <span class='ocr_line' id='line_1_10' title="bbox 118 1496 1241 1583; baseline -0.003 -19"><span class='ocrx_word' id='word_1_72' title='bbox 118 1496 277 1575; x_wconf 85' lang='lat' dir='ltr'>lavimus,</span> <span class='ocrx_word' id='word_1_73' title='bbox 298 1496 468 1563; x_wconf 86' lang='lat' dir='ltr'>dicendam</span> <span class='ocrx_word' id='word_1_74' title='bbox 488 1515 561 1563; x_wconf 88' lang='lat' dir='ltr'>esse</span> <span class='ocrx_word' id='word_1_75' title='bbox 578 1496 745 1583; x_wconf 90' lang='lat' dir='ltr'>objectum</span> <span class='ocrx_word' id='word_1_76' title='bbox 763 1497 927 1563; x_wconf 88' lang='lat' dir='ltr'>materiale</span> <span class='ocrx_word' id='word_1_77' title='bbox 946 1497 1112 1581; x_wconf 89' lang='lat' dir='ltr'>proprium</span> <span class='ocrx_word' id='word_1_78' title='bbox 1131 1504 1164 1561; x_wconf 88' lang='lat' dir='ltr'>et</span> <span class='ocrx_word' id='word_1_79' title='bbox 1183 1512 1241 1581; x_wconf 87' lang='lat' dir='ltr'>per</span> 
     </span>
     <span class='ocr_line' id='line_1_11' title="bbox 118 1602 1236 1690; baseline -0.001 -20"><span class='ocrx_word' id='word_1_80' title='bbox 118 1622 167 1671; x_wconf 90' lang='lat' dir='ltr'>se.</span> <span class='ocrx_word' id='word_1_81' title='bbox 188 1602 253 1680; x_wconf 81' lang='lat' dir='ltr'>Qu</span> <span class='ocrx_word' id='word_1_82' title='bbox 273 1606 394 1671; x_wconf 91' lang='lat' dir='ltr'>modus</span> <span class='ocrx_word' id='word_1_83' title='bbox 414 1605 585 1689; x_wconf 90' lang='lat' dir='ltr'>loquendi,</span> <span class='ocrx_word' id='word_1_84' title='bbox 605 1606 663 1689; x_wconf 89' lang='lat' dir='ltr'>qui</span> <span class='ocrx_word' id='word_1_85' title='bbox 681 1606 770 1690; x_wconf 91' lang='lat' dir='ltr'>apud</span> <span class='ocrx_word' id='word_1_86' title='bbox 792 1606 903 1688; x_wconf 89' lang='lat' dir='ltr'>plures</span> <span class='ocrx_word' id='word_1_87' title='bbox 920 1614 1068 1671; x_wconf 79' lang='lat' dir='ltr'>auctores</span> <span class='ocrx_word' id='word_1_88' title='bbox 1087 1603 1236 1687; x_wconf 88' lang='lat' dir='ltr'>occurrit,</span> 
     </span>
     <span class='ocr_line' id='line_1_12' title="bbox 119 1708 1239 1797; baseline -0.002 -20"><span class='ocrx_word' id='word_1_89' title='bbox 119 1710 288 1778; x_wconf 86' lang='lat' dir='ltr'>habendus</span> <span class='ocrx_word' id='word_1_90' title='bbox 305 1720 357 1777; x_wconf 84' lang='lat' dir='ltr'>est</span> <span class='ocrx_word' id='word_1_91' title='bbox 375 1730 441 1795; x_wconf 87' lang='lat' dir='ltr'>prae</span> <span class='ocrx_word' id='word_1_92' title='bbox 458 1713 578 1788; x_wconf 90' lang='lat' dir='ltr'>oculis,</span> <span class='ocrx_word' id='word_1_93' title='bbox 595 1713 669 1778; x_wconf 90' lang='lat' dir='ltr'>licet</span> <span class='ocrx_word' id='word_1_94' title='bbox 685 1712 795 1779; x_wconf 87' lang='lat' dir='ltr'>minus</span> <span class='ocrx_word' id='word_1_95' title='bbox 808 1714 933 1797; x_wconf 85' lang='lat' dir='ltr'>placeat</span> <span class='ocrx_word' id='word_1_96' title='bbox 945 1730 1003 1788; x_wconf 87' lang='lat' dir='ltr'>eo,</span> <span class='ocrx_word' id='word_1_97' title='bbox 1020 1730 1118 1796; x_wconf 91' lang='lat' dir='ltr'>quem</span> <span class='ocrx_word' id='word_1_98' title='bbox 1135 1708 1239 1777; x_wconf 87' lang='lat' dir='ltr'>secuti</span> 
     </span>
     <span class='ocr_line' id='line_1_13' title="bbox 118 1808 1263 1905; baseline -0.001 -19"><span class='ocrx_word' id='word_1_99' title='bbox 118 1838 253 1896; x_wconf 91' lang='lat' dir='ltr'>sumus,</span> <span class='ocrx_word' id='word_1_100' title='bbox 268 1821 312 1886; x_wconf 93' lang='lat' dir='ltr'>ob</span> <span class='ocrx_word' id='word_1_101' title='bbox 331 1819 489 1897; x_wconf 88' lang='lat' dir='ltr'>rationes,</span> <span class='ocrx_word' id='word_1_102' title='bbox 510 1837 586 1904; x_wconf 88' lang='lat' dir='ltr'>quae</span> <span class='ocrx_word' id='word_1_103' title='bbox 603 1819 705 1887; x_wconf 89' lang='lat' dir='ltr'>videri</span> <span class='ocrx_word' id='word_1_104' title='bbox 724 1831 861 1905; x_wconf 89' lang='lat' dir='ltr'>possunt</span> <span class='ocrx_word' id='word_1_105' title='bbox 877 1820 964 1905; x_wconf 90' lang='lat' dir='ltr'>apud</span> <span class='ocrx_word' id='word_1_106' title='bbox 978 1822 1014 1887; x_wconf 85' lang='lat' dir='ltr'>P.</span> <span class='ocrx_word' id='word_1_107' title='bbox 1037 1819 1237 1887; x_wconf 78' lang='lat' dir='ltr'>ludovicum</span> <span class='ocrx_word' id='word_1_108' title='bbox 1259 1808 1263 1815; x_wconf 77' lang='grc'><strong>’</strong></span> 
     </span>
     <span class='ocr_line' id='line_1_14' title="bbox 117 1924 394 2016; baseline -0.004 -22"><span class='ocrx_word' id='word_1_109' title='bbox 117 1928 159 1994; x_wconf 94' lang='lat' dir='ltr'>de</span> <span class='ocrx_word' id='word_1_110' title='bbox 175 1928 316 1994; x_wconf 87' lang='lat' dir='ltr'>Lossada</span> <span class='ocrx_word' id='word_1_111' title='bbox 329 1924 394 2016; x_wconf 90' lang='lat'><strong>(2).</strong></span> 
     </span>
     <span class='ocr_line' id='line_1_15' title="bbox 184 2034 1241 2126; baseline 0 -25"><span class='ocrx_word' id='word_1_112' title='bbox 184 2034 383 2126; x_wconf 80' lang='lat' dir='ltr'>«Objectum</span> <span class='ocrx_word' id='word_1_113' title='bbox 400 2036 535 2101; x_wconf 76' lang='lat' dir='ltr'>formale</span> <span class='ocrx_word' id='word_1_114' title='bbox 553 2035 661 2103; x_wconf 88' lang='lat' dir='ltr'>vocari</span> <span class='ocrx_word' id='word_1_115' title='bbox 685 2036 770 2102; x_wconf 94' lang='lat' dir='ltr'>solet</span> <span class='ocrx_word' id='word_1_116' title='bbox 786 2034 1043 2123; x_wconf 72' lang='lat' dir='ltr'>spcaficativum,</span> <span class='ocrx_word' id='word_1_117' title='bbox 1063 2034 1096 2101; x_wconf 92' lang='lat' dir='ltr'>id</span> <span class='ocrx_word' id='word_1_118' title='bbox 1114 2043 1164 2101; x_wconf 89' lang='lat' dir='ltr'>est</span> <span class='ocrx_word' id='word_1_119' title='bbox 1184 2053 1241 2101; x_wconf 88' lang='lat' dir='ltr'>ex-</span> 
     </span>
     <span class='ocr_line' id='line_1_16' title="bbox 117 2142 1440 2235; baseline 0.002 -25"><span class='ocrx_word' id='word_1_120' title='bbox 117 2144 277 2211; x_wconf 86' lang='lat' dir='ltr'>trinsecus</span> <span class='ocrx_word' id='word_1_121' title='bbox 296 2144 394 2210; x_wconf 87' lang='lat' dir='ltr'>index</span> <span class='ocrx_word' id='word_1_122' title='bbox 417 2151 474 2209; x_wconf 92' lang='lat' dir='ltr'>aut</span> <span class='ocrx_word' id='word_1_123' title='bbox 498 2146 626 2229; x_wconf 81' lang='lat' dir='ltr'>regula,</span> <span class='ocrx_word' id='word_1_124' title='bbox 652 2164 694 2210; x_wconf 87' lang='lat' dir='ltr'>ex</span> <span class='ocrx_word' id='word_1_125' title='bbox 719 2161 784 2228; x_wconf 87' lang='lat' dir='ltr'>qua</span> <span class='ocrx_word' id='word_1_126' title='bbox 804 2146 999 2228; x_wconf 88' lang='lat' dir='ltr'>plerumque</span> <span class='ocrx_word' id='word_1_127' title='bbox 1022 2142 1242 2209; x_wconf 88' lang='lat' dir='ltr'>discernimus</span> <span class='ocrx_word' id='word_1_128' title='bbox 1294 2152 1440 2235; x_wconf 39' lang='lat' dir='ltr'>Oblatum,</span> 
     </span>
     <span class='ocr_line' id='line_1_17' title="bbox 116 2225 1440 2343; baseline -0.002 -24"><span class='ocrx_word' id='word_1_129' title='bbox 116 2251 242 2337; x_wconf 88' lang='lat' dir='ltr'>species</span> <span class='ocrx_word' id='word_1_130' title='bbox 265 2262 417 2326; x_wconf 88' lang='lat' dir='ltr'>actuum,</span> <span class='ocrx_word' id='word_1_131' title='bbox 447 2250 618 2317; x_wconf 91' lang='lat' dir='ltr'>habituum</span> <span class='ocrx_word' id='word_1_132' title='bbox 646 2260 679 2317; x_wconf 88' lang='lat' dir='ltr'>et</span> <span class='ocrx_word' id='word_1_133' title='bbox 707 2250 926 2335; x_wconf 88' lang='lat' dir='ltr'>potentiarum</span> <span class='ocrx_word' id='word_1_134' title='bbox 954 2250 1039 2318; x_wconf 87' lang='lat' dir='ltr'>inter</span> <span class='ocrx_word' id='word_1_135' title='bbox 1065 2268 1118 2317; x_wconf 89' lang='lat' dir='ltr'>se:</span> <span class='ocrx_word' id='word_1_136' title='bbox 1149 2250 1240 2317; x_wconf 91' lang='lat' dir='ltr'>aliter</span> <span class='ocrx_word' id='word_1_137' title='bbox 1266 2225 1440 2343; x_wconf 48' lang='grc' dir='ltr'>’ΜἯΪΨ</span> 
     </span>
     <span class='ocr_line' id='line_1_18' title="bbox 116 2356 1443 2445; baseline 0.002 -20"><span class='ocrx_word' id='word_1_138' title='bbox 116 2370 229 2425; x_wconf 89' lang='lat' dir='ltr'>tamen</span> <span class='ocrx_word' id='word_1_139' title='bbox 256 2366 291 2425; x_wconf 92' lang='lat' dir='ltr'>et</span> <span class='ocrx_word' id='word_1_140' title='bbox 316 2359 418 2425; x_wconf 90' lang='lat' dir='ltr'>aliter.</span> <span class='ocrx_word' id='word_1_141' title='bbox 447 2360 531 2427; x_wconf 87' lang='lat' dir='ltr'>Nam</span> <span class='ocrx_word' id='word_1_142' title='bbox 551 2359 579 2426; x_wconf 92' lang='lat' dir='ltr'>si</span> <span class='ocrx_word' id='word_1_143' title='bbox 605 2371 697 2426; x_wconf 89' lang='lat' dir='ltr'>actus</span> <span class='ocrx_word' id='word_1_144' title='bbox 724 2359 822 2425; x_wconf 91' lang='lat' dir='ltr'>unius</span> <span class='ocrx_word' id='word_1_145' title='bbox 854 2357 1009 2445; x_wconf 82' lang='lat' dir='ltr'>potentia</span> <span class='ocrx_word' id='word_1_146' title='bbox 1032 2359 1084 2424; x_wconf 86' lang='lat' dir='ltr'>vel</span> <span class='ocrx_word' id='word_1_147' title='bbox 1102 2356 1241 2425; x_wconf 71' lang='lat' dir='ltr'>scientiis</span> <span class='ocrx_word' id='word_1_148' title='bbox 1263 2370 1443 2428; x_wconf 64' lang='lat' dir='ltr'>specificatum·</span> 
     </span>
     <span class='ocr_line' id='line_1_19' title="bbox 116 2464 1238 2554; baseline -0.002 -21"><span class='ocrx_word' id='word_1_149' title='bbox 116 2467 227 2534; x_wconf 89' lang='lat' dir='ltr'>totalis</span> <span class='ocrx_word' id='word_1_150' title='bbox 244 2476 450 2551; x_wconf 88' lang='lat' dir='ltr'>comparetur</span> <span class='ocrx_word' id='word_1_151' title='bbox 466 2485 543 2532; x_wconf 91' lang='lat' dir='ltr'>cum</span> <span class='ocrx_word' id='word_1_152' title='bbox 562 2466 687 2533; x_wconf 88' lang='lat' dir='ltr'>actibus</span> <span class='ocrx_word' id='word_1_153' title='bbox 702 2467 833 2532; x_wconf 90' lang='lat' dir='ltr'>alterius</span> <span class='ocrx_word' id='word_1_154' title='bbox 850 2464 1021 2554; x_wconf 86' lang='lat' dir='ltr'>(potentiae</span> <span class='ocrx_word' id='word_1_155' title='bbox 1035 2466 1171 2533; x_wconf 85' lang='lat' dir='ltr'>diversae</span> <span class='ocrx_word' id='word_1_156' title='bbox 1188 2466 1238 2531; x_wconf 89' lang='lat' dir='ltr'>vel</span> 
     </span>
     <span class='ocr_line' id='line_1_20' title="bbox 117 2572 1242 2662; baseline -0.001 -21"><span class='ocrx_word' id='word_1_157' title='bbox 117 2576 261 2642; x_wconf 83' lang='lat' dir='ltr'>scientiae</span> <span class='ocrx_word' id='word_1_158' title='bbox 277 2572 403 2662; x_wconf 88' lang='lat' dir='ltr'>totalis)</span> <span class='ocrx_word' id='word_1_159' title='bbox 420 2592 535 2640; x_wconf 89' lang='lat' dir='ltr'>eorum</span> <span class='ocrx_word' id='word_1_160' title='bbox 554 2573 808 2658; x_wconf 87' lang='lat' dir='ltr'>specificativum</span> <span class='ocrx_word' id='word_1_161' title='bbox 828 2593 888 2640; x_wconf 89' lang='lat' dir='ltr'>seu</span> <span class='ocrx_word' id='word_1_162' title='bbox 906 2572 1129 2640; x_wconf 87' lang='lat' dir='ltr'>distinctivum</span> <span class='ocrx_word' id='word_1_163' title='bbox 1149 2574 1242 2640; x_wconf 85' lang='lat' dir='ltr'>sufli-</span> 
     </span>
     <span class='ocr_line' id='line_1_21' title="bbox 116 2681 1242 2767; baseline -0.001 -19"><span class='ocrx_word' id='word_1_164' title='bbox 116 2684 206 2749; x_wconf 89' lang='lat' dir='ltr'>ciens</span> <span class='ocrx_word' id='word_1_165' title='bbox 224 2690 275 2748; x_wconf 93' lang='lat' dir='ltr'>est</span> <span class='ocrx_word' id='word_1_166' title='bbox 292 2681 373 2748; x_wconf 89' lang='lat' dir='ltr'>ratio</span> <span class='ocrx_word' id='word_1_167' title='bbox 397 2682 540 2748; x_wconf 80' lang='lat' dir='ltr'>formalis</span> <span class='ocrx_word' id='word_1_168' title='bbox 558 2681 620 2747; x_wconf 90' lang='lat' dir='ltr'>sub</span> <span class='ocrx_word' id='word_1_169' title='bbox 639 2698 721 2766; x_wconf 89' lang='lat' dir='ltr'>qua;</span> <span class='ocrx_word' id='word_1_170' title='bbox 746 2682 773 2747; x_wconf 92' lang='lat' dir='ltr'>si</span> <span class='ocrx_word' id='word_1_171' title='bbox 793 2700 871 2747; x_wconf 88' lang='lat' dir='ltr'>vern</span> <span class='ocrx_word' id='word_1_172' title='bbox 891 2682 974 2748; x_wconf 88' lang='lat' dir='ltr'>inter</span> <span class='ocrx_word' id='word_1_173' title='bbox 992 2700 1028 2747; x_wconf 89' lang='lat' dir='ltr'>se</span> <span class='ocrx_word' id='word_1_174' title='bbox 1046 2699 1242 2767; x_wconf 86' lang='lat' dir='ltr'>comparen-</span> 
     </span>
     <span class='ocr_line' id='line_1_22' title="bbox 117 2785 1403 2922; baseline -0.004 -64"><span class='ocrx_word' id='word_1_175' title='bbox 117 2804 171 2858; x_wconf 88' lang='lat' dir='ltr'>tur</span> <span class='ocrx_word' id='word_1_176' title='bbox 189 2790 297 2878; x_wconf 89' lang='lat' dir='ltr'>(actus</span> <span class='ocrx_word' id='word_1_177' title='bbox 314 2791 431 2857; x_wconf 89' lang='lat' dir='ltr'>diversi</span> <span class='ocrx_word' id='word_1_178' title='bbox 450 2791 597 2876; x_wconf 87' lang='lat' dir='ltr'>ejusdem</span> <span class='ocrx_word' id='word_1_179' title='bbox 617 2790 772 2874; x_wconf 80' lang='lat' dir='ltr'>potentie</span> <span class='ocrx_word' id='word_1_180' title='bbox 798 2792 849 2856; x_wconf 90' lang='lat' dir='ltr'>vel</span> <span class='ocrx_word' id='word_1_181' title='bbox 875 2788 1034 2876; x_wconf 76' lang='lat' dir='ltr'>scientia)</span> <span class='ocrx_word' id='word_1_182' title='bbox 1052 2789 1242 2874; x_wconf 84' lang='lat' dir='ltr'>specificati·</span> <span class='ocrx_word' id='word_1_183' title='bbox 1335 2785 1403 2922; x_wconf 37' lang='lat' dir='ltr'>*Y*</span> 
     </span>
     <span class='ocr_line' id='line_1_23' title="bbox 74 2895 1241 2985; baseline -0.003 -18"><span class='ocrx_word' id='word_1_184' title='bbox 74 2950 83 2967; x_wconf 92' lang='lat'><em>.</em></span> <span class='ocrx_word' id='word_1_185' title='bbox 117 2919 198 2966; x_wconf 88' lang='lat' dir='ltr'>vum</span> <span class='ocrx_word' id='word_1_186' title='bbox 228 2899 288 2965; x_wconf 91' lang='lat' dir='ltr'>erit</span> <span class='ocrx_word' id='word_1_187' title='bbox 317 2899 581 2983; x_wconf 86' lang='lat' dir='ltr'>unumquodque</span> <span class='ocrx_word' id='word_1_188' title='bbox 608 2898 773 2983; x_wconf 86' lang='lat' dir='ltr'>objectum</span> <span class='ocrx_word' id='word_1_189' title='bbox 804 2898 940 2963; x_wconf 85' lang='lat' dir='ltr'>formale</span> <span class='ocrx_word' id='word_1_190' title='bbox 968 2897 1052 2982; x_wconf 81' lang='lat' dir='ltr'>quod</span> <span class='ocrx_word' id='word_1_191' title='bbox 1082 2895 1174 2985; x_wconf 90' lang='lat' dir='ltr'>(nam</span> <span class='ocrx_word' id='word_1_192' title='bbox 1208 2897 1241 2963; x_wconf 94' lang='lat' dir='ltr'>in</span> 
     </span>
     <span class='ocr_line' id='line_1_24' title="bbox 116 3002 1241 3106; baseline -0.003 -33"><span class='ocrx_word' id='word_1_193' title='bbox 116 3007 243 3073; x_wconf 90' lang='lat' dir='ltr'>ratione</span> <span class='ocrx_word' id='word_1_194' title='bbox 260 3004 387 3073; x_wconf 80' lang='lat' dir='ltr'>formali</span> <span class='ocrx_word' id='word_1_195' title='bbox 404 3005 468 3072; x_wconf 93' lang='lat' dir='ltr'>sub</span> <span class='ocrx_word' id='word_1_196' title='bbox 486 3025 552 3090; x_wconf 87' lang='lat' dir='ltr'>qua</span> <span class='ocrx_word' id='word_1_197' title='bbox 569 3005 769 3072; x_wconf 84' lang='lat' dir='ltr'>conveniunt</span> <span class='ocrx_word' id='word_1_198' title='bbox 789 3005 920 3106; x_wconf 69' lang='lat' dir='ltr'>penitus</span> <span class='ocrx_word' id='word_1_199' title='bbox 938 3003 1023 3071; x_wconf 88' lang='lat' dir='ltr'>inter</span> <span class='ocrx_word' id='word_1_200' title='bbox 1048 3002 1110 3093; x_wconf 90' lang='lat' dir='ltr'>se).</span> <span class='ocrx_word' id='word_1_201' title='bbox 1133 3003 1186 3070; x_wconf 91' lang='lat' dir='ltr'>Sic</span> <span class='ocrx_word' id='word_1_202' title='bbox 1204 3014 1241 3070; x_wconf 92' lang='lat' dir='ltr'>ut</span> 
     </span>
     <span class='ocr_line' id='line_1_25' title="bbox 115 3111 1242 3199; baseline 0 -19"><span class='ocrx_word' id='word_1_203' title='bbox 115 3116 212 3180; x_wconf 88' lang='lat' dir='ltr'>bruta</span> <span class='ocrx_word' id='word_1_204' title='bbox 230 3115 340 3180; x_wconf 88' lang='lat' dir='ltr'>omnia</span> <span class='ocrx_word' id='word_1_205' title='bbox 354 3114 460 3199; x_wconf 87' lang='lat' dir='ltr'>specie</span> <span class='ocrx_word' id='word_1_206' title='bbox 479 3113 629 3179; x_wconf 75' lang='lat' dir='ltr'>differant</span> <span class='ocrx_word' id='word_1_207' title='bbox 647 3112 688 3178; x_wconf 89' lang='lat' dir='ltr'>ab</span> <span class='ocrx_word' id='word_1_208' title='bbox 708 3113 858 3191; x_wconf 87' lang='lat' dir='ltr'>homine,</span> <span class='ocrx_word' id='word_1_209' title='bbox 879 3111 1000 3180; x_wconf 81' lang='lat' dir='ltr'>sufficit</span> <span class='ocrx_word' id='word_1_210' title='bbox 1018 3113 1242 3180; x_wconf 84' lang='lat' dir='ltr'>irrationalitas</span> 
     </span>
     <span class='ocr_line' id='line_1_26' title="bbox 115 3220 1242 3307; baseline -0.002 -19"><span class='ocrx_word' id='word_1_211' title='bbox 115 3233 288 3306; x_wconf 88' lang='lat' dir='ltr'>tamquam</span> <span class='ocrx_word' id='word_1_212' title='bbox 307 3221 561 3307; x_wconf 80' lang='lat' dir='ltr'>specificativum</span> <span class='ocrx_word' id='word_1_213' title='bbox 577 3221 806 3303; x_wconf 81' lang='lat' dir='ltr'>intrinsecum3</span> <span class='ocrx_word' id='word_1_214' title='bbox 823 3229 860 3287; x_wconf 94' lang='lat' dir='ltr'>ut</span> <span class='ocrx_word' id='word_1_215' title='bbox 878 3238 955 3286; x_wconf 90' lang='lat' dir='ltr'>vero</span> <span class='ocrx_word' id='word_1_216' title='bbox 974 3220 1057 3289; x_wconf 86' lang='lat' dir='ltr'>inter</span> <span class='ocrx_word' id='word_1_217' title='bbox 1069 3238 1106 3286; x_wconf 87' lang='lat' dir='ltr'>se</span> <span class='ocrx_word' id='word_1_218' title='bbox 1121 3221 1242 3287; x_wconf 90' lang='lat' dir='ltr'>discer-</span> 
     </span>
     <span class='ocr_line' id='line_1_27' title="bbox 117 3327 1242 3414; baseline -0.004 -16"><span class='ocrx_word' id='word_1_219' title='bbox 117 3339 255 3408; x_wconf 89' lang='lat' dir='ltr'>nantur,</span> <span class='ocrx_word' id='word_1_220' title='bbox 284 3328 458 3414; x_wconf 83' lang='lat' dir='ltr'>specificari</span> <span class='ocrx_word' id='word_1_221' title='bbox 485 3328 606 3396; x_wconf 86' lang='lat' dir='ltr'>debent</span> <span class='ocrx_word' id='word_1_222' title='bbox 633 3327 889 3402; x_wconf 81' lang='lat' dir='ltr'>ex.diilerentiis</span> <span class='ocrx_word' id='word_1_223' title='bbox 911 3327 1075 3413; x_wconf 76' lang='lat' dir='ltr'>mgibilis,</span> <span class='ocrx_word' id='word_1_224' title='bbox 1105 3328 1242 3395; x_wconf 77' lang='lat' dir='ltr'>hinnibi-</span> 
     </span>
     <span class='ocr_line' id='line_1_28' title="bbox 117 3434 348 3526; baseline 0.004 -21"><span class='ocrx_word' id='word_1_225' title='bbox 117 3441 159 3506; x_wconf 83' lang='lat' dir='ltr'>lis</span> <span class='ocrx_word' id='word_1_226' title='bbox 177 3448 270 3505; x_wconf 79' lang='lat' dir='ltr'>etc.»</span> <span class='ocrx_word' id='word_1_227' title='bbox 286 3434 348 3526; x_wconf 76' lang='lat'>(3).</span> 
     </span>
     <span class='ocr_line' id='line_1_29' title="bbox 188 3543 1238 3625; baseline 0 -15"><span class='ocrx_word' id='word_1_228' title='bbox 188 3545 390 3625; x_wconf 80' lang='lat' dir='ltr'>«objectum</span> <span class='ocrx_word' id='word_1_229' title='bbox 411 3545 562 3623; x_wconf 79' lang='lat' dir='ltr'>formale,</span> <span class='ocrx_word' id='word_1_230' title='bbox 583 3564 659 3611; x_wconf 87' lang='lat' dir='ltr'>cum</span> <span class='ocrx_word' id='word_1_231' title='bbox 687 3545 728 3612; x_wconf 88' lang='lat' dir='ltr'>de</span> <span class='ocrx_word' id='word_1_232' title='bbox 746 3543 890 3612; x_wconf 86' lang='lat' dir='ltr'>scientiis</span> <span class='ocrx_word' id='word_1_233' title='bbox 913 3552 964 3610; x_wconf 92' lang='lat' dir='ltr'>est</span> <span class='ocrx_word' id='word_1_234' title='bbox 982 3562 1109 3621; x_wconf 91' lang='lat' dir='ltr'>sermo,</span> <span class='ocrx_word' id='word_1_235' title='bbox 1130 3544 1238 3610; x_wconf 89' lang='lat' dir='ltr'>vocari</span> 
     </span>
     <span class='ocr_line' id='line_1_30' title="bbox 115 3650 1413 3742; baseline -0.009 -20"><span class='ocrx_word' id='word_1_236' title='bbox 115 3655 202 3722; x_wconf 90' lang='lat' dir='ltr'>solet</span> <span class='ocrx_word' id='word_1_237' title='bbox 218 3655 391 3742; x_wconf 77' lang='lat' dir='ltr'>subjectum</span> <span class='ocrx_word' id='word_1_238' title='bbox 408 3653 567 3731; x_wconf 83' lang='lat' dir='ltr'>scientiae,</span> <span class='ocrx_word' id='word_1_239' title='bbox 588 3651 666 3736; x_wconf 86' lang='lat' dir='ltr'>quia</span> <span class='ocrx_word' id='word_1_240' title='bbox 682 3653 824 3719; x_wconf 79' lang='lat' dir='ltr'>scientiae</span> <span class='ocrx_word' id='word_1_241' title='bbox 842 3652 1091 3718; x_wconf 86' lang='lat' dir='ltr'>considerationi</span> <span class='ocrx_word' id='word_1_242' title='bbox 1110 3650 1239 3736; x_wconf 85' lang='lat' dir='ltr'>subjici·</span> <span class='ocrx_word' id='word_1_243' title='bbox 1295 3665 1413 3723; x_wconf 64' lang='lat' dir='ltr'>oeream</span> 
     </span>
     <span class='ocr_line' id='line_1_31' title="bbox 116 3739 1454 3859; baseline -0.004 -30"><span class='ocrx_word' id='word_1_244' title='bbox 116 3773 173 3829; x_wconf 91' lang='lat' dir='ltr'>tur</span> <span class='ocrx_word' id='word_1_245' title='bbox 194 3760 259 3850; x_wconf 82' lang='lat'>(4),</span> <span class='ocrx_word' id='word_1_246' title='bbox 287 3773 403 3846; x_wconf 87' lang='lat' dir='ltr'>estque</span> <span class='ocrx_word' id='word_1_247' title='bbox 421 3760 471 3837; x_wconf 87' lang='lat' dir='ltr'>id,</span> <span class='ocrx_word' id='word_1_248' title='bbox 491 3761 532 3826; x_wconf 88' lang='lat' dir='ltr'>de</span> <span class='ocrx_word' id='word_1_249' title='bbox 550 3778 618 3843; x_wconf 88' lang='lat' dir='ltr'>quo</span> <span class='ocrx_word' id='word_1_250' title='bbox 638 3761 772 3827; x_wconf 87' lang='lat' dir='ltr'>scientia</span> <span class='ocrx_word' id='word_1_251' title='bbox 799 3761 942 3836; x_wconf 88' lang='lat' dir='ltr'>disserit,</span> <span class='ocrx_word' id='word_1_252' title='bbox 966 3768 999 3824; x_wconf 88' lang='lat' dir='ltr'>et</span> <span class='ocrx_word' id='word_1_253' title='bbox 1027 3759 1239 3843; x_wconf 87' lang='lat' dir='ltr'>proprietates</span> <span class='ocrx_word' id='word_1_254' title='bbox 1253 3739 1454 3859; x_wconf 52' lang='lat' dir='ltr'>“Jffiffi&#39;</span> 
     </span>
    </p>
   </div>
   <div class='ocr_carea' id='block_1_3' title="bbox 116 3867 1426 4064">
    <p class='ocr_par' dir='ltr' id='par_1_3' title="bbox 116 3867 1426 4064">
     <span class='ocr_line' id='line_1_32' title="bbox 116 3867 1426 3953; baseline -0.008 -16"><span class='ocrx_word' id='word_1_255' title='bbox 116 3873 336 3938; x_wconf 88' lang='lat' dir='ltr'>demonstrat.</span> <span class='ocrx_word' id='word_1_256' title='bbox 370 3868 582 3953; x_wconf 88' lang='lat' dir='ltr'>Quamquam</span> <span class='ocrx_word' id='word_1_257' title='bbox 614 3868 723 3935; x_wconf 89' lang='lat' dir='ltr'>stricte</span> <span class='ocrx_word' id='word_1_258' title='bbox 755 3868 920 3953; x_wconf 87' lang='lat' dir='ltr'>loquendo</span> <span class='ocrx_word' id='word_1_259' title='bbox 956 3867 1140 3953; x_wconf 89' lang='lat' dir='ltr'>subjectum</span> <span class='ocrx_word' id='word_1_260' title='bbox 1173 3876 1237 3945; x_wconf 86' lang='lat' dir='ltr'>est,</span> <span class='ocrx_word' id='word_1_261' title='bbox 1287 3884 1426 3942; x_wconf 60' lang='lat' dir='ltr'>muranum.</span> 
     </span>
     <span class='ocr_line' id='line_1_33' title="bbox 116 3975 1241 4064; baseline -0.004 -18"><span class='ocrx_word' id='word_1_262' title='bbox 116 3979 210 4064; x_wconf 90' lang='lat' dir='ltr'>quod</span> <span class='ocrx_word' id='word_1_263' title='bbox 228 3979 262 4044; x_wconf 95' lang='lat' dir='ltr'>in</span> <span class='ocrx_word' id='word_1_264' title='bbox 291 3976 557 4044; x_wconf 88' lang='lat' dir='ltr'>conclusionibus</span> <span class='ocrx_word' id='word_1_265' title='bbox 585 3977 728 4043; x_wconf 86' lang='lat' dir='ltr'>scientiae</span> <span class='ocrx_word' id='word_1_266' title='bbox 755 3975 941 4063; x_wconf 88' lang='lat' dir='ltr'>subjicitur;</span> <span class='ocrx_word' id='word_1_267' title='bbox 970 3975 1137 4062; x_wconf 86' lang='lat' dir='ltr'>objectum</span> <span class='ocrx_word' id='word_1_268' title='bbox 1162 3993 1241 4042; x_wconf 89' lang='lat' dir='ltr'>vero</span> 
     </span>
    </p>
   </div>
   <div class='ocr_carea' id='block_1_4' title="bbox 114 4207 1243 4822">
    <p class='ocr_par' dir='ltr' id='par_1_4' title="bbox 116 4207 1240 4375">
     <span class='ocr_line' id='line_1_34' title="bbox 155 4207 1240 4282; baseline -0.003 -13"><span class='ocrx_word' id='word_1_269' title='bbox 155 4217 197 4281; x_wconf 87' lang='lat' dir='ltr'>(r)</span> <span class='ocrx_word' id='word_1_270' title='bbox 233 4210 380 4280; x_wconf 82' lang='lat' dir='ltr'>Losssda,</span> <span class='ocrx_word' id='word_1_271' title='bbox 404 4211 457 4267; x_wconf 86' lang='lat' dir='ltr'>loe.</span> <span class='ocrx_word' id='word_1_272' title='bbox 481 4228 551 4281; x_wconf 91' lang='lat' dir='ltr'>nup.</span> <span class='ocrx_word' id='word_1_273' title='bbox 568 4207 628 4279; x_wconf 75' lang='lat' dir='ltr'>cit,</span> <span class='ocrx_word' id='word_1_274' title='bbox 644 4208 720 4282; x_wconf 88' lang='lat' dir='ltr'>disp.</span> <span class='ocrx_word' id='word_1_275' title='bbox 743 4229 774 4278; x_wconf 87' lang='lat' dir='ltr'>a,</span> <span class='ocrx_word' id='word_1_276' title='bbox 790 4227 852 4280; x_wconf 79' lang='lat' dir='ltr'>cap.</span> <span class='ocrx_word' id='word_1_277' title='bbox 881 4227 909 4272; x_wconf 87' lang='lat' dir='ltr'>r,</span> <span class='ocrx_word' id='word_1_278' title='bbox 931 4227 963 4266; x_wconf 89' lang='lat' dir='ltr'>n.</span> <span class='ocrx_word' id='word_1_279' title='bbox 985 4227 1031 4278; x_wconf 83' lang='lat' dir='ltr'>ra,</span> <span class='ocrx_word' id='word_1_280' title='bbox 1055 4207 1133 4280; x_wconf 86' lang='lat' dir='ltr'>apud</span> <span class='ocrx_word' id='word_1_281' title='bbox 1154 4227 1240 4279; x_wconf 89' lang='lat' dir='ltr'>quern</span> 
     </span>
     <span class='ocr_line' id='line_1_35' title="bbox 116 4301 403 4375; baseline -0.014 -14"><span class='ocrx_word' id='word_1_282' title='bbox 116 4303 203 4375; x_wconf 87' lang='lat' dir='ltr'>plura</span> <span class='ocrx_word' id='word_1_283' title='bbox 217 4301 248 4359; x_wconf 86' lang='lat' dir='ltr'>in</span> <span class='ocrx_word' id='word_1_284' title='bbox 262 4320 343 4358; x_wconf 90' lang='lat' dir='ltr'>num.</span> <span class='ocrx_word' id='word_1_285' title='bbox 363 4320 403 4371; x_wconf 82' lang='lat'>¹3·</span> 
     </span>
    </p>

    <p class='ocr_par' dir='ltr' id='par_1_5' title="bbox 153 4387 623 4464">
     <span class='ocr_line' id='line_1_36' title="bbox 153 4387 623 4464; baseline -0.004 -16"><span class='ocrx_word' id='word_1_286' title='bbox 153 4391 196 4464; x_wconf 85' lang='lat' dir='ltr'>(a)</span> <span class='ocrx_word' id='word_1_287' title='bbox 232 4390 301 4449; x_wconf 84' lang='lat' dir='ltr'>Loc.</span> <span class='ocrx_word' id='word_1_288' title='bbox 318 4409 389 4461; x_wconf 91' lang='lat' dir='ltr'>nup.</span> <span class='ocrx_word' id='word_1_289' title='bbox 403 4387 451 4448; x_wconf 86' lang='lat' dir='ltr'>eit.</span> <span class='ocrx_word' id='word_1_290' title='bbox 466 4408 495 4447; x_wconf 92' lang='lat' dir='ltr'>n.</span> <span class='ocrx_word' id='word_1_291' title='bbox 515 4407 561 4462; x_wconf 81' lang='lat'>14,</span> <span class='ocrx_word' id='word_1_292' title='bbox 581 4407 623 4462; x_wconf 77' lang='grc' dir='ltr'>ις.</span> 
     </span>
    </p>

    <p class='ocr_par' dir='ltr' id='par_1_6' title="bbox 153 4478 539 4554">
     <span class='ocr_line' id='line_1_37' title="bbox 153 4478 539 4554; baseline -0.003 -16"><span class='ocrx_word' id='word_1_293' title='bbox 153 4483 195 4554; x_wconf 86' lang='lat'>(3)</span> <span class='ocrx_word' id='word_1_294' title='bbox 232 4478 539 4545; x_wconf 81' lang='lat' dir='ltr'>Lossada,ib.n.16.</span> 
     </span>
    </p>

    <p class='ocr_par' dir='ltr' id='par_1_7' title="bbox 114 4565 1243 4822">
     <span class='ocr_line' id='line_1_38' title="bbox 152 4565 1243 4643; baseline -0.002 -15"><span class='ocrx_word' id='word_1_295' title='bbox 152 4570 196 4643; x_wconf 85' lang='lat'>(4)</span> <span class='ocrx_word' id='word_1_296' title='bbox 231 4569 300 4640; x_wconf 78' lang='lat' dir='ltr'>alii,</span> <span class='ocrx_word' id='word_1_297' title='bbox 313 4583 347 4627; x_wconf 90' lang='lat' dir='ltr'>ut</span> <span class='ocrx_word' id='word_1_298' title='bbox 361 4567 533 4627; x_wconf 83' lang='lat' dir='ltr'>Dominicus</span> <span class='ocrx_word' id='word_1_299' title='bbox 547 4566 620 4628; x_wconf 86' lang='lat' dir='ltr'>Soto</span> <span class='ocrx_word' id='word_1_300' title='bbox 634 4568 776 4636; x_wconf 77' lang='lat' dir='ltr'>(Dialect.</span> <span class='ocrx_word' id='word_1_301' title='bbox 792 4588 821 4640; x_wconf 92' lang='lat' dir='ltr'>q.</span> <span class='ocrx_word' id='word_1_302' title='bbox 835 4585 862 4639; x_wconf 76' lang='grc' dir='ltr'>ς.</span> <span class='ocrx_word' id='word_1_303' title='bbox 878 4575 993 4642; x_wconf 74' lang='lat' dir='ltr'>prooem.</span> <span class='ocrx_word' id='word_1_304' title='bbox 1009 4565 1098 4641; x_wconf 86' lang='lat' dir='ltr'>paulo</span> <span class='ocrx_word' id='word_1_305' title='bbox 1110 4578 1175 4639; x_wconf 88' lang='lat' dir='ltr'>post</span> <span class='ocrx_word' id='word_1_306' title='bbox 1186 4565 1243 4626; x_wconf 85' lang='lat' dir='ltr'>ini-</span> 
     </span>
     <span class='ocr_line' id='line_1_39' title="bbox 115 4655 1241 4733; baseline -0.004 -13"><span class='ocrx_word' id='word_1_307' title='bbox 115 4661 206 4728; x_wconf 89' lang='lat' dir='ltr'>tium)</span> <span class='ocrx_word' id='word_1_308' title='bbox 220 4669 339 4717; x_wconf 80' lang='lat' dir='ltr'>censent</span> <span class='ocrx_word' id='word_1_309' title='bbox 351 4658 496 4729; x_wconf 85' lang='lat' dir='ltr'>obiectum</span> <span class='ocrx_word' id='word_1_310' title='bbox 517 4659 615 4717; x_wconf 77' lang='lat' dir='ltr'>vocari</span> <span class='ocrx_word' id='word_1_311' title='bbox 629 4656 788 4733; x_wconf 78' lang='lat' dir='ltr'>subjectum</span> <span class='ocrx_word' id='word_1_312' title='bbox 802 4676 855 4730; x_wconf 86' lang='lat' dir='ltr'>per</span> <span class='ocrx_word' id='word_1_313' title='bbox 875 4655 1008 4716; x_wconf 87' lang='lat' dir='ltr'>ordinem</span> <span class='ocrx_word' id='word_1_314' title='bbox 1030 4656 1066 4714; x_wconf 86' lang='lat' dir='ltr'>ad</span> <span class='ocrx_word' id='word_1_315' title='bbox 1090 4655 1241 4730; x_wconf 83' lang='lat' dir='ltr'>passiones</span> 
     </span>
     <span class='ocr_line' id='line_1_40' title="bbox 114 4747 905 4822; baseline -0.005 -13"><span class='ocrx_word' id='word_1_316' title='bbox 114 4749 164 4809; x_wconf 86' lang='lat' dir='ltr'>vel</span> <span class='ocrx_word' id='word_1_317' title='bbox 180 4749 381 4822; x_wconf 81' lang='lat' dir='ltr'>proprietates,</span> <span class='ocrx_word' id='word_1_318' title='bbox 397 4768 472 4821; x_wconf 86' lang='lat' dir='ltr'>quas</span> <span class='ocrx_word' id='word_1_319' title='bbox 484 4749 520 4806; x_wconf 86' lang='lat' dir='ltr'>dc</span> <span class='ocrx_word' id='word_1_320' title='bbox 531 4768 567 4808; x_wconf 89' lang='lat' dir='ltr'>eo</span> <span class='ocrx_word' id='word_1_321' title='bbox 579 4747 699 4808; x_wconf 83' lang='lat' dir='ltr'>scientia</span> <span class='ocrx_word' id='word_1_322' title='bbox 712 4747 905 4808; x_wconf 84' lang='lat' dir='ltr'>demonstrat.</span> 
     </span>
    </p>
   </div>
   <div class='ocr_carea' id='block_1_5' title="bbox 0 0 1750 5525">
    <p class='ocr_par' dir='ltr' id='par_1_8' title="bbox 0 0 1750 5525">
     <span class='ocr_line' id='line_1_41' title="bbox 0 0 1750 5525; baseline 0 0"><span class='ocrx_word' id='word_1_323' title='bbox 0 0 1750 5525; x_wconf 95' lang='lat' dir='ltr'> </span> 
     </span>
    </p>
   </div>
  </div>
 </body>
</html>
