3492 5525
477 450 594 514 Anrrc.
619 464 680 531 3³³³
699 448 786 526 Quro
806 468 870 515 aas
1137 465 1198 531 qr3

117 627 292 718 niumm).
322 630 368 695 lta
393 629 569 713 opinantur
592 630 629 695 Ρ.
656 630 820 696 Antonius
849 632 942 717 Mayr
967 626 1031 717 (a),
1057 628 1094 697 P.
1124 628 1238 695 Lossa·

118 741 162 805 da
177 736 243 827 (3),
263 739 297 803 P.
318 736 453 824 Semery
466 735 531 826 (4),
544 738 719 818 loannesa
736 736 772 805 S.
785 738 911 827 Thoma
924 734 988 826 (5),
1004 734 1186 823 Mastrius(
1211 734 1236 825 ),
1297 758 1301 775 ’

118 844 267 913 Valentia
284 842 335 932 (7)
354 852 389 910 et
407 845 561 928 vazquez
581 845 594 931 i
619 843 644 934 ).

186 954 279 1021 Ratio
297 954 414 1018 horum
434 961 503 1029 est,
526 954 615 1035 quod
645 962 761 1038 praeter
788 952 918 1019 habitus
937 952 1076 1038 jactivus
1100 968 1238 1035 operum

118 1070 348 1138 externorum,
373 1079 459 1143 quos
482 1068 610 1126 tantum
637 1061 766 1127 videtur
783 1059 820 1127 S.
841 1061 986 1127 Thomas
1005 1060 1038 1126 in
1061 1057 1167 1125 citatis
1184 1076 1241 1124 su·
1325 1059 1328 1067 ’

119 1170 228 1255 perius
247 1167 326 1234 locis
344 1168 477 1233 nomine
495 1168 575 1233 ariis
593 1168 738 1234 voluisse
755 1168 1051 1252 comprehendere,
1072 1174 1150 1233 sunt
1168 1164 1240 1251 qui·

118 1280 197 1343 dam
233 1276 285 1341 alii
322 1276 417 1343 activi
445 1295 482 1361 ac
518 1276 664 1342 directivi
700 1276 946 1359 operationum,
981 1275 1038 1359 qui
1071 1294 1130 1341 nec
1160 1282 1240 1340 sunt

119 1383 253 1451 scientia
285 1384 351 1449 veri
384 1382 543 1462 nominis,
574 1391 612 1450 ut
644 1382 881 1461 Grammateae,
914 1384 1104 1460 Saltatorica,
1138 1381 1240 1449 Musi-

117 1511 165 1557 cae
191 1503 271 1568 etc.,
299 1510 358 1557 nec
386 1491 486 1578 etiam
513 1502 621 1576 partes
647 1491 846 1575 prudentiae,
877 1490 1039 1576 siquidem
1069 1494 1135 1557 n'on
1162 1500 1240 1559 sunt

119 1598 265 1666 directivi
295 1598 460 1664 actionum
492 1598 682 1674 moralium,
712 1590 835 1682 qualis,
864 1598 1040 1665 fatentibus
1072 1598 1238 1675 omnibus,

119 1707 218 1773 debet
232 1725 304 1771 esse
317 1705 489 1789 prudentia
502 1708 638 1791 ejusque
653 1715 771 1790 partes.
789 1705 987 1791 Huiusmodi
1002 1726 1079 1791 ergo
1096 1706 1237 1781 habitus,

121 1814 184 1881 nisi
203 1814 342 1880 velimus
361 1814 423 1879 illis
443 1808 565 1879 nomen
588 1815 776 1897 genericum
804 1813 936 1881 habitus
963 1813 1057 1879 activi
1085 1812 1239 1891 tribuere,
1273 1878 1276 1884 .

121 1940 254 1989 necesse
272 1920 332 1986 en't
349 1922 390 1987 ad
408 1932 530 1999 artem,
550 1906 601 1987 sin
621 1920 731 1987 minus
750 1921 970 1998 strictissime,
991 1922 1108 1990 saltem
1133 1921 1242 1987 minus

120 2030 248 2105 stricte,
270 2028 395 2113 proprie
414 2036 525 2093 tamen
544 2037 729 2113 sumptam,
751 2046 912 2095 revocare.
934 2028 1019 2095 Cum
1033 2029 1241 2113 potissimum

121 2136 258 2204 nomine
276 2136 389 2217 praxis
407 2154 465 2201 seu
488 2136 612 2221 operis,
633 2137 724 2219 quod
751 2136 858 2221 dirigit
888 2154 958 2214 ars,
978 2136 1113 2222 intelligi
1142 2137 1244 2219 possit
1314 2112 1335 2191 ·'
1365 2158 1370 2169 ·

123 2264 191 2311 non
206 2244 313 2311 solum
329 2262 414 2327 opus
426 2252 617 2321 externum,
633 2252 707 2327 post
721 2244 882 2310 actionem
899 2245 1040 2327 aliquam
1056 2262 1243 2321 remanens,

122 2372 239 2419 verum
254 2351 352 2417 etiam
367 2352 428 2436 ipsi
447 2361 539 2417 actus
558 2352 726 2418 interiores
744 2352 864 2418 mentis
880 2360 1014 2427 nostre,
1030 2352 1245 2435 quemadmo-

122 2464 204 2528 dum
225 2458 375 2545 superius
395 2460 582 2525 notavimus
602 2461 685 2525 circa
703 2459 873 2527 scientiam
893 2461 1078 2557 practicam.

191 2568 377 2635 Secundum
397 2570 480 2632 hanc
499 2586 580 2653 ergo
597 2568 794 2633 sententiam
811 2568 946 2634 nomine
964 2568 1042 2635 artis
1056 2567 1146 2634 venit
1160 2567 1244 2634 hali-

123 2682 174 2744 tus
189 2674 357 2743 directioris
380 2673 596 2757 operationum
612 2694 677 2741 non
695 2676 879 2752 moralium,
899 2694 955 2742 seu
972 2676 1110 2743 collectio
1127 2682 1245 2758 praeae-

119 2787 301 2870 plorumad
314 2792 391 2866 opus
400 2783 531 2868 aliquod
545 2787 615 2867 apia
628 2788 660 2850 et
671 2784 745 2851 scite
758 2784 994 2870 proiciendum.
1013 2785 1060 2852 Ex
1079 2804 1143 2869 qua
1164 2783 1247 2860 dest·
1303 2794 1413 2880 Quanam

128 2893 251 2959 nitione
277 2891 475 2976 colliguntur
500 2890 576 2968 tria,
604 2909 679 2975 quae
704 2892 744 2957 ad
766 2901 867 2958 artem
884 2893 1062 2959 necessaria
1088 2901 1181 2960 sunt:
1211 2890 1246 2978 α)
1272 2869 1446 2986 '‘qfflnd

127 3002 291 3085 objectum
311 2998 387 3065 artis
405 3017 476 3064 esse
491 2997 613 3083 aliquid
625 2999 823 3084 contingens,
840 3019 960 3084 nempe
978 3002 1058 3077 tale,
1075 3001 1165 3087 quod
1181 3019 1247 3066 non
1287 3013 1434 3094 niacanen
1474 3079 1479 3105 Ι

127 3127 194 3174 uno
214 3107 313 3173 modo
331 3105 399 3172 sieri
419 3105 536 3191 possit,
557 3126 597 3172 eo
616 3126 735 3191 nempe
754 3108 871 3184 modo,
900 3126 1001 3191 quem
1020 3127 1071 3175 ars
1090 3107 1246 3194 praecipit,
1301 3093 1417 3129 '‘¹¹¹⁶''¹¹³'

126 3234 222 3282 secus
247 3214 334 3280 enim
367 3215 394 3280 si
427 3233 478 3280 res
506 3215 685 3282 necessario
717 3214 755 3282 lit
786 3224 875 3282 certo
894 3215 1013 3300 aliquo
1046 3217 1163 3294 modo,
1191 3234 1249 3283 cur

127 3342 212 3408 opus
237 3331 286 3389 est
315 3323 483 3406 praeceptis
510 3324 551 3389 ad
580 3322 668 3388 illam
687 3330 762 3408 apte
780 3322 927 3406 sciteque
945 3323 1146 3390 faciendam?
1164 3321 1250 3399 Quia

127 3449 206 3516 ergo
233 3449 284 3497 res
311 3441 345 3498 et
374 3439 450 3514 apte
477 3439 510 3496 et
537 3429 685 3515 imperite
703 3428 771 3495 fieri
792 3437 919 3514 potest,
940 3439 973 3496 et
991 3429 1024 3496 in
1044 3433 1106 3498 hoc
1123 3432 1251 3499 contin·

127 3539 272 3623 gentiam
290 3537 470 3621 quamdam
491 3537 604 3614 habet,
625 3556 677 3604 ars
701 3536 816 3615 efficit,
837 3549 874 3605 ut
893 3538 972 3604 scite
1000 3548 1151 3623 recteque
1179 3539 1248 3605 liat.
1284 3541 1288 3548 ’

128 3644 164 3736 β)
190 3645 362 3712 Rectitudo
391 3645 480 3721 haec,
513 3664 614 3729 quam
642 3663 694 3711 ars
722 3645 895 3730 importat,
929 3665 994 3712 non
1023 3657 1073 3714 est
1092 3645 1253 3714 rectitudo

132 3754 281 3831 moralis,
300 3771 475 3838 perquam
496 3771 615 3838 nempe
633 3753 718 3820 actio
736 3753 779 3820 sit
797 3755 830 3820 in
852 3773 972 3840 genere
1002 3773 1131 3822 morum
1152 3753 1250 3832 bona,

165 4027 205 4092 (r)
242 4021 276 4082 S.
290 4020 407 4097 Thom,
422 4020 473 4080 lib.
497 4039 521 4078 r.
536 4021 649 4078 Poster.
665 4019 860 4091 Anaiiticor.,
876 4022 942 4080 leet.
962 4041 987 4092 1,
1005 4023 1092 4095 paulo
1109 4037 1174 4096 post
1188 4021 1253 4084 inlr.
1349 4046 1355 4058 ¹

163 4117 210 4181 (a),
239 4113 352 4171 Philus.
363 4112 477 4184 Ρσνίρ.1
492 4121 566 4182 part.
588 4131 615 4169 r.
630 4108 705 4181 disp.
725 4131 748 4169 r.
763 4129 793 4182 q.
813 4132 836 4182 r,
850 4131 879 4170 a.
895 4133 921 4185 3,
937 4131 968 4170 n.
984 4131 1047 4174 ara.

165 4207 206 4276 (3)
241 4202 357 4276 Legio..
373 4213 457 4259 tract.
473 4206 650 4274 1.·proaenr.,
664 4199 743 4272 disp.
760 4221 785 4270 r,
797 4221 861 4273 cap.
876 4201 904 4271 8,
922 4221 954 4260 n.
970 4223 1001 4274 3,
1017 4222 1045 4276 4.

164 4292 206 4364 (4)
244 4289 364 4349 Trienn.
376 4289 498 4366 philos,
515 4303 536 4347 t.
555 4309 579 4347 r.
595 4288 672 4362 disp.
690 4311 714 4347 r.
730 4308 759 4362 q.
774 4308 808 4363 4,
822 4311 849 4348 a.
869 4311 892 4361 r,
908 4289 971 4362 fin..
985 4285 1014 4351 et
1025 4312 1053 4350 n.
1068 4311 1085 4349 a
1099 4303 1129 4352 et
1143 4314 1169 4366 3.

54 4370 60 4379 ¹
165 4387 207 4453 (ς)
242 4381 358 4456 Logia,
373 4388 415 4436 a.·
429 4398 519 4452 pars,
533 4399 562 4451 q.
582 4400 605 4450 r,
621 4399 648 4438 a.
665 4398 693 4436 a.

165 4470 206 4543 (6)
241 4471 358 4544 Logia,
372 4482 476 4541 quaeat.
492 4477 622 4546 prom,
636 4482 693 4528 art.
706 4487 737 4542 4,
752 4489 781 4528 n.
796 4487 843 4542 42.

168 4564 208 4634 (7)
245 4559 402 4620 Commeat.
421 4560 452 4618 in
470 4559 508 4617 D.
525 4559 636 4628 Titum„
650 4571 722 4618 torn.
742 4578 772 4632 p,
793 4558 870 4632 disp.
893 4575 919 4633 5,
940 4574 1045 4632 quaeet.
1066 4583 1091 4634 a,
1111 4576 1211 4634 punct.
1228 4581 1256 4633 a,

131 4650 221 4726 paulo
232 4664 300 4724 post
309 4649 437 4710 initium.

169 4739 210 4810 ‹8›
248 4739 281 4800 lu
296 4761 319 4802 ι.
335 4760 362 4802 a.
377 4738 454 4812 disp.
468 4739 515 4812 85.

1185 4835 1221 4936 58.
