3492 5525
298 475 423 552 ΜΕΜΑ,
439 493 564 552 Qutuus
577 495 714 544 uterorr.
734 490 779 542 1.⁸
790 497 914 544 neuris
926 497 1091 576 OPERATIQ
1162 495 1216 542 201

137 677 171 724 ν.
191 677 227 744 g.
247 657 336 724 iomo
352 657 549 725 irrairorraiis
566 659 712 727 saeuum
727 661 873 730 addiscit.
890 659 975 730 Cum
996 679 1093 747 porro
1111 659 1259 744 subiecto

138 765 316 850 apponitur
334 767 495 833 terminus
515 767 693 852 ejusmodi,
718 779 756 836 ut
779 769 857 835 nihii
882 771 966 836 reale
989 771 1054 852 jam
1078 767 1260 855 significare
1292 855 1295 862 ι

138 874 261 959 possit,
280 871 457 940 coniicitur·
466 874 645 959 propositio
662 876 704 943 de
722 877 870 962 subjecto
886 895 952 944 non
971 887 1180 962 supponente
1194 873 1258 964 (r).

206 979 400 1049 Cavendum
428 989 478 1047 est
504 983 641 1068 ergo'in
666 983 884 1068 disputatione
904 1003 945 1051 ne
962 983 1092 1051 termini
1110 982 1208 1050 iidem
1226 983 1261 1049 in

141 1065 258 1156 eadem
273 1089 555 1175 argumentatione
569 1093 749 1158 secundum
760 1093 922 1159 diversam
937 1090 1167 1178 proprietatem
1181 1091 1262 1156 acci-

140 1199 284 1283 piantur.
310 1197 412 1282 Leges
429 1197 526 1263 bonae
543 1199 788 1283 consequentiae
806 1199 839 1266 in
858 1200 996 1286 singulis
1015 1199 1101 1266 hisce
1120 1197 1262 1284 proprie-

139 1306 264 1372 tatibus
283 1304 382 1371 videri
401 1313 542 1390 possunt
559 1307 646 1390 apud
664 1317 814 1374 auctores
832 1308 997 1392 antiquos.
1119 1300 1121 1306 ’

558 1710 759 1799 CAPUT
794 1710 846 1798 V.

483 1930 590 1992 DE
620 1929 929 2006 Manus,

262 2081 589 2166 omnus
633 2079 1153 2147 mAmo‘rmA

354 2243 505 2320 primam
522 2242 652 2306 mentia
673 2241 907 2320 operationem
929 2240 1057 2320 dirigit.

189 2502 249 2570 70.
295 2481 506 2575 Quamquam
533 2483 677 2550 diximus
704 2483 812 2562 initio,
835 2483 986 2572 Logiram
1006 2486 1116 2552 uocari
1134 2504 1267 2571 quoque
1329 2559 1334 2571 ,
1381 2517 1434 2600 ,Ἥ

144 2595 279 2660 Modum
294 2591 417 2658 sciendi
432 2591 581 2676 pressiori
604 2602 718 2659 tamen
741 2591 914 2677 magisque
933 2591 1061 2678 propria
1083 2596 1268 2680 acceptione
1304 2573 1363 2605 '⁶¹⁶⁰

144 2701 262 2767 Modus
277 2698 397 2765 sciendi
409 2707 459 2767 est
473 2698 587 2793 oratio,
603 2717 679 2783 quae
692 2698 843 2785 ignotum
858 2719 900 2767 ex
916 2701 1001 2768 notis
1016 2701 1216 2769 manifestat:
1232 2720 1268 2768 ac

144 2806 301 2873 dividitur
317 2808 351 2874 in
369 2804 603 2894 uenationem,
625 2806 817 2873 Divisionem
830 2818 930 2891 atque
950 2810 1266 2892 Argumentationem.

145 2914 233 2980 Nam
247 2914 394 2981 definitio
409 2914 454 2979 rei
473 2922 621 2981 naturam
636 2914 795 2991 ostendit,
816 2914 931 2981 divisio
950 2924 1073 2999 parteS,
1095 2935 1270 3002 argumen-

146 3020 229 3087 tatio
251 3020 405 3088 attributa
422 3019 712 3107 proprietatesque;
733 3030 833 3105 atque
847 3020 966 3088 horum
986 3023 1135 3100 omnium
1157 3024 1271 3090 notitia

145 3129 284 3195 demum
313 3127 479 3197 scientiam
502 3128 682 3196 constituit.
710 3128 827 3214 Logica
852 3147 932 3215 ergo
956 3130 999 3195 de
1021 3130 1071 3197 his
1090 3132 1268 3215 praesertim

145 3254 244 3323 agere
264 3254 322 3321 pro
339 3235 408 3301 tine
425 3254 488 3302 suo
509 3236 624 3311 debet,
645 3255 683 3301 ac
700 3246 870 3321 propterea
892 3236 990 3303 etiam
1014 3236 1056 3303 ab
1079 3237 1141 3303 hoc
1159 3240 1271 3322 praei·

147 3362 218 3429 puo
241 3342 442 3410 tractationis
466 3361 536 3410 suae
561 3344 689 3429 objecto
716 3353 831 3415 vocata
857 3354 908 3411 est
933 3344 1048 3410 Modus
1073 3344 1204 3411 scutarii.
1231 3346 1269 3411 Et

146 3450 348 3519 definitionis
358 3450 493 3537 quidem
505 3470 542 3517 ac
555 3450 724 3517 divisionis
734 3452 785 3517 hic
799 3452 892 3518 locus
906 3451 1056 3538 proprius
1070 3461 1136 3529 est,
1154 3460 1268 3539 utpote

146 3576 225 3642 quae
243 3559 284 3624 ad
302 3557 442 3643 primam
463 3558 584 3624 mentis
601 3558 824 3643 operationem
844 3566 1010 3645 spectant,
1030 3569 1175 3644 suntque
1193 3559 1270 3627 toti·

146 3666 227 3732 dem
247 3666 354 3732 media
373 3664 659 3750 prestantissima,
675 3666 796 3750 quibus
814 3668 915 3733 homo
929 3667 962 3733 in
980 3666 1126 3733 veritatis
1140 3686 1270 3735 assecu-

144 3773 239 3841 tione
266 3780 496 3856 promovetur,
526 3782 563 3839 ut
593 3774 678 3839 inter
709 3791 854 3841 errorum
884 3774 960 3841 hinc
990 3774 1066 3841 inde
1098 3774 1269 3843 latentium

146 3878 467 3964 praecipitaturum
486 3881 527 3945 ad
538 3889 685 3965 optatam
704 3889 826 3947 metam
844 3879 961 3967 dirigat
979 3890 1126 3951 cursum.
1142 3882 1269 3949 Etenim
1285 3878 1288 3886 '

146 4005 295 4064 errores,
314 3996 477 4071 quantum
496 3988 660 4072 pertinent
678 3990 720 4055 ad
738 3989 877 4076 primam
898 3990 1018 4059 mentis
1031 3987 1269 4076 operationem,

146 4112 217 4163 non
234 4092 328 4161 aliter
339 4094 554 4181 dissipantur,
572 4115 672 4183 quam
687 4098 758 4164 luce
770 4096 917 4166 idearum
932 4098 1090 4166 elararum
1106 4099 1271 4184 rebusque

147 4204 191 4269 ad
200 4202 346 4298 Q
358 4203 641 4288 respondentium.
655 4205 693 4273 Et
706 4204 747 4271 ad
765 4205 853 4272 ideas
864 4206 998 4289 quidem
1013 4209 1114 4273 claras
1128 4217 1272 4274 exactas·

146 4328 218 4395 que
235 4312 488 4394 comparandas,
509 4313 596 4380 valet
611 4314 753 4380 multum
772 4314 909 4381 attentio
926 4324 958 4381 et
977 4313 1125 4390 reflexio,
1145 4315 1271 4399 aliaque

148 4415 314 4504 praesidia,
331 4427 502 4502 quaerecta
512 4418 593 4488 ratio
606 4421 718 4497 dictat,
734 4432 767 4489 et
781 4421 814 4489 in
829 4418 942 4489 multis
957 4420 1045 4489 libris
1055 4422 1271 4489 recentiorum

183 4672 230 4735 (ι)
269 4665 335 4726 cfr.
350 4666 385 4727 P.
408 4667 493 4744 Sylv.
509 4668 616 4741 Mauri,
630 4692 695 4745 rap.
707 4692 743 4745 ²9
755 4670 900 4732 Sammaei.
916 4668 978 4731 Cir.
988 4670 1124 4745 superius
1137 4670 1224 4744 dicta,
1240 4690 1270 4729 n.

148 4778 185 4832 54
196 4756 253 4817 fin.
269 4754 301 4817 in
317 4772 397 4818 nota.
