<?xml version="1.0" encoding="UTF-8"?>
<!DOCTYPE html PUBLIC "-//W3C//DTD XHTML 1.0 Transitional//EN"
    "http://www.w3.org/TR/xhtml1/DTD/xhtml1-transitional.dtd">
<html xmlns="http://www.w3.org/1999/xhtml" xml:lang="en" lang="en">
 <head>
  <title>
</title>
<meta http-equiv="Content-Type" content="text/html;charset=utf-8" />
  <meta name='ocr-system' content='tesseract 3.04.00' />
  <meta name='ocr-capabilities' content='ocr_page ocr_carea ocr_par ocr_line ocrx_word'/>
</head>
<body>
  <div class='ocr_page' id='page_1' title='image "./institutionesph00urrgoog/institutionesph00urrgoog_0344.png"; bbox 0 0 3492 5525; ppageno 0'>
   <div class='ocr_carea' id='block_1_1' title="bbox 1128 430 2835 515">
    <p class='ocr_par' dir='ltr' id='par_1_1' title="bbox 1128 430 2835 515">
     <span class='ocr_line' id='line_1_1' title="bbox 1128 430 2835 515; baseline 0.002 -22"><span class='ocrx_word' id='word_1_1' title='bbox 1128 449 1246 510; x_wconf 82' lang='lat'>320</span> <span class='ocrx_word' id='word_1_2' title='bbox 1504 430 1758 496; x_wconf 69' lang='lat' dir='ltr'>LooicA</span> <span class='ocrx_word' id='word_1_3' title='bbox 1796 430 2298 496; x_wconf 70' lang='lat' dir='ltr'>MmoR—DisP.</span> <span class='ocrx_word' id='word_1_4' title='bbox 2345 443 2441 515; x_wconf 75' lang='lat'>3.·</span> <span class='ocrx_word' id='word_1_5' title='bbox 2484 431 2643 495; x_wconf 62' lang='lat' dir='ltr'>Cn.</span> <span class='ocrx_word' id='word_1_6' title='bbox 2691 447 2835 497; x_wconf 65' lang='lat' dir='ltr'>zum</span> 
     </span>
    </p>
   </div>
   <div class='ocr_carea' id='block_1_2' title="bbox 632 614 3296 3928">
    <p class='ocr_par' dir='ltr' id='par_1_2' title="bbox 632 614 3296 2098">
     <span class='ocr_line' id='line_1_2' title="bbox 1046 614 3295 700; baseline 0 -21"><span class='ocrx_word' id='word_1_7' title='bbox 1046 616 1482 682; x_wconf 86' lang='lat' dir='ltr'>antecedentis</span> <span class='ocrx_word' id='word_1_8' title='bbox 1542 615 2115 700; x_wconf 86' lang='lat' dir='ltr'>propositionibus,</span> <span class='ocrx_word' id='word_1_9' title='bbox 2170 614 2658 681; x_wconf 88' lang='lat' dir='ltr'>concedendum</span> <span class='ocrx_word' id='word_1_10' title='bbox 2717 634 2979 700; x_wconf 90' lang='lat' dir='ltr'>quoque</span> <span class='ocrx_word' id='word_1_11' title='bbox 3037 616 3125 682; x_wconf 90' lang='lat' dir='ltr'>sit</span> <span class='ocrx_word' id='word_1_12' title='bbox 3187 636 3295 681; x_wconf 87' lang='lat' dir='ltr'>ne-</span> 
     </span>
     <span class='ocr_line' id='line_1_3' title="bbox 1045 720 3292 811; baseline 0.001 -25"><span class='ocrx_word' id='word_1_13' title='bbox 1045 722 1322 788; x_wconf 87' lang='lat' dir='ltr'>cessario</span> <span class='ocrx_word' id='word_1_14' title='bbox 1359 741 1768 808; x_wconf 88' lang='lat' dir='ltr'>consequens</span> <span class='ocrx_word' id='word_1_15' title='bbox 1802 720 1931 811; x_wconf 85' lang='lat'>(1),</span> <span class='ocrx_word' id='word_1_16' title='bbox 1982 721 2236 788; x_wconf 89' lang='lat' dir='ltr'>etiamsi</span> <span class='ocrx_word' id='word_1_17' title='bbox 2276 721 2484 807; x_wconf 90' lang='lat' dir='ltr'>possit</span> <span class='ocrx_word' id='word_1_18' title='bbox 2519 740 2928 807; x_wconf 89' lang='lat' dir='ltr'>consequens</span> <span class='ocrx_word' id='word_1_19' title='bbox 2967 723 3033 790; x_wconf 91' lang='lat' dir='ltr'>in</span> <span class='ocrx_word' id='word_1_20' title='bbox 3073 723 3292 807; x_wconf 87' lang='lat' dir='ltr'>seipso</span> 
     </span>
     <span class='ocr_line' id='line_1_4' title="bbox 1046 829 3296 915; baseline 0.001 -21"><span class='ocrx_word' id='word_1_21' title='bbox 1046 847 1175 894; x_wconf 91' lang='lat' dir='ltr'>non</span> <span class='ocrx_word' id='word_1_22' title='bbox 1215 846 1358 896; x_wconf 91' lang='lat' dir='ltr'>esse</span> <span class='ocrx_word' id='word_1_23' title='bbox 1397 830 1858 899; x_wconf 88' lang='lat' dir='ltr'>necessarium.</span> <span class='ocrx_word' id='word_1_24' title='bbox 1900 829 1967 896; x_wconf 92' lang='lat' dir='ltr'>ln</span> <span class='ocrx_word' id='word_1_25' title='bbox 2008 847 2140 913; x_wconf 87' lang='lat' dir='ltr'>quo</span> <span class='ocrx_word' id='word_1_26' title='bbox 2177 830 2353 894; x_wconf 89' lang='lat' dir='ltr'>nulla</span> <span class='ocrx_word' id='word_1_27' title='bbox 2413 838 2512 894; x_wconf 90' lang='lat' dir='ltr'>est</span> <span class='ocrx_word' id='word_1_28' title='bbox 2549 829 2967 896; x_wconf 83' lang='lat' dir='ltr'>contradictio</span> <span class='ocrx_word' id='word_1_29' title='bbox 3024 832 3127 897; x_wconf 89' lang='lat' dir='ltr'>vel</span> <span class='ocrx_word' id='word_1_30' title='bbox 3178 850 3296 915; x_wconf 89' lang='lat' dir='ltr'>pu-</span> 
     </span>
     <span class='ocr_line' id='line_1_5' title="bbox 1040 936 3295 1021; baseline 0.001 -21"><span class='ocrx_word' id='word_1_31' title='bbox 1040 955 1195 1020; x_wconf 87' lang='lat' dir='ltr'>gna.</span> <span class='ocrx_word' id='word_1_32' title='bbox 1239 936 1435 1003; x_wconf 82' lang='lat' dir='ltr'>Aliud</span> <span class='ocrx_word' id='word_1_33' title='bbox 1495 936 1669 1003; x_wconf 89' lang='lat' dir='ltr'>enim</span> <span class='ocrx_word' id='word_1_34' title='bbox 1710 947 1810 1003; x_wconf 91' lang='lat' dir='ltr'>est</span> <span class='ocrx_word' id='word_1_35' title='bbox 1847 954 2253 1021; x_wconf 88' lang='lat' dir='ltr'>consequens</span> <span class='ocrx_word' id='word_1_36' title='bbox 2289 936 2637 1002; x_wconf 83' lang='lat' dir='ltr'>necessario</span> <span class='ocrx_word' id='word_1_37' title='bbox 2687 936 2885 1002; x_wconf 87' lang='lat' dir='ltr'>fluere</span> <span class='ocrx_word' id='word_1_38' title='bbox 2923 956 3004 1003; x_wconf 87' lang='lat' dir='ltr'>ex</span> <span class='ocrx_word' id='word_1_39' title='bbox 3042 947 3295 1004; x_wconf 87' lang='lat' dir='ltr'>antece·</span> 
     </span>
     <span class='ocr_line' id='line_1_6' title="bbox 1041 1040 3288 1132; baseline 0.002 -25"><span class='ocrx_word' id='word_1_40' title='bbox 1041 1040 1459 1132; x_wconf 25' lang='lat' dir='ltr'>denti‚,aliud</span> <span class='ocrx_word' id='word_1_41' title='bbox 1515 1063 1925 1129; x_wconf 90' lang='lat' dir='ltr'>consequens</span> <span class='ocrx_word' id='word_1_42' title='bbox 1961 1043 2118 1109; x_wconf 87' lang='lat' dir='ltr'>illud</span> <span class='ocrx_word' id='word_1_43' title='bbox 2173 1043 2240 1109; x_wconf 87' lang='lat' dir='ltr'>in</span> <span class='ocrx_word' id='word_1_44' title='bbox 2300 1062 2370 1109; x_wconf 90' lang='lat' dir='ltr'>se</span> <span class='ocrx_word' id='word_1_45' title='bbox 2427 1062 2572 1110; x_wconf 90' lang='lat' dir='ltr'>esse</span> <span class='ocrx_word' id='word_1_46' title='bbox 2629 1045 2989 1111; x_wconf 85' lang='lat' dir='ltr'>necessario</span> <span class='ocrx_word' id='word_1_47' title='bbox 3027 1064 3288 1112; x_wconf 89' lang='lat' dir='ltr'>verum.</span> 
     </span>
     <span class='ocr_line' id='line_1_7' title="bbox 1040 1149 3294 1238; baseline 0.003 -25"><span class='ocrx_word' id='word_1_48' title='bbox 1040 1149 1187 1216; x_wconf 88' lang='lat' dir='ltr'>Ideo</span> <span class='ocrx_word' id='word_1_49' title='bbox 1245 1152 1540 1217; x_wconf 82' lang='lat' dir='ltr'>solemne</span> <span class='ocrx_word' id='word_1_50' title='bbox 1597 1153 1716 1218; x_wconf 85' lang='lat' dir='ltr'>fuit</span> <span class='ocrx_word' id='word_1_51' title='bbox 1773 1171 2032 1236; x_wconf 86' lang='lat' dir='ltr'>semper</span> <span class='ocrx_word' id='word_1_52' title='bbox 2068 1151 2500 1235; x_wconf 83' lang='lat' dir='ltr'>Phlilosophis</span> <span class='ocrx_word' id='word_1_53' title='bbox 2559 1170 2633 1217; x_wconf 88' lang='lat' dir='ltr'>ac</span> <span class='ocrx_word' id='word_1_54' title='bbox 2676 1152 3026 1238; x_wconf 85' lang='lat' dir='ltr'>Theologis</span> <span class='ocrx_word' id='word_1_55' title='bbox 3066 1153 3294 1219; x_wconf 92' lang='lat' dir='ltr'>distin·</span> 
     </span>
     <span class='ocr_line' id='line_1_8' title="bbox 1036 1257 3099 1344; baseline 0.002 -21"><span class='ocrx_word' id='word_1_56' title='bbox 1036 1278 1233 1343; x_wconf 90' lang='lat' dir='ltr'>guere</span> <span class='ocrx_word' id='word_1_57' title='bbox 1270 1259 1690 1325; x_wconf 83' lang='lat' dir='ltr'>necessitatem</span> <span class='ocrx_word' id='word_1_58' title='bbox 1722 1257 2146 1344; x_wconf 84' lang='lat' dir='ltr'>consequentis</span> <span class='ocrx_word' id='word_1_59' title='bbox 2174 1278 2211 1323; x_wconf 94' lang='lat' dir='ltr'>a</span> <span class='ocrx_word' id='word_1_60' title='bbox 2245 1259 2600 1324; x_wconf 76' lang='lat' dir='ltr'>necessitate</span> <span class='ocrx_word' id='word_1_61' title='bbox 2625 1259 3099 1344; x_wconf 72' lang='lat' dir='ltr'>consequentiae.</span> 
     </span>
     <span class='ocr_line' id='line_1_9' title="bbox 681 1366 3293 1453; baseline -0.002 -16"><span class='ocrx_word' id='word_1_62' title='bbox 681 1389 929 1437; x_wconf 62' lang='lat' dir='ltr'>Necessitas</span> <span class='ocrx_word' id='word_1_63' title='bbox 1169 1366 1515 1437; x_wconf 83' lang='lat' dir='ltr'>Necessitas</span> <span class='ocrx_word' id='word_1_64' title='bbox 1545 1367 1972 1453; x_wconf 80' lang='lat' dir='ltr'>consequentis</span> <span class='ocrx_word' id='word_1_65' title='bbox 2008 1366 2325 1451; x_wconf 81' lang='lat' dir='ltr'>significat</span> <span class='ocrx_word' id='word_1_66' title='bbox 2371 1385 2779 1450; x_wconf 88' lang='lat' dir='ltr'>consequens</span> <span class='ocrx_word' id='word_1_67' title='bbox 2815 1386 2961 1433; x_wconf 89' lang='lat' dir='ltr'>esse</span> <span class='ocrx_word' id='word_1_68' title='bbox 3001 1368 3293 1453; x_wconf 89' lang='lat' dir='ltr'>proposi-</span> 
     </span>
     <span class='ocr_line' id='line_1_10' title="bbox 655 1460 3290 1578; baseline 0.001 -40"><span class='ocrx_word' id='word_1_69' title='bbox 655 1460 966 1578; x_wconf 48' lang='grc' dir='ltr'>ζ”ζζεῖζξιῖζῗ</span> <span class='ocrx_word' id='word_1_70' title='bbox 1037 1473 1283 1540; x_wconf 91' lang='lat' dir='ltr'>tionem</span> <span class='ocrx_word' id='word_1_71' title='bbox 1325 1475 1683 1540; x_wconf 89' lang='lat' dir='ltr'>necessario</span> <span class='ocrx_word' id='word_1_72' title='bbox 1739 1493 1960 1540; x_wconf 89' lang='lat' dir='ltr'>veram</span> <span class='ocrx_word' id='word_1_73' title='bbox 2021 1482 2088 1538; x_wconf 92' lang='lat' dir='ltr'>et</span> <span class='ocrx_word' id='word_1_74' title='bbox 2146 1472 2514 1558; x_wconf 86' lang='lat' dir='ltr'>incapacem</span> <span class='ocrx_word' id='word_1_75' title='bbox 2575 1474 2892 1556; x_wconf 85' lang='lat' dir='ltr'>salsitatis;</span> <span class='ocrx_word' id='word_1_76' title='bbox 2937 1477 3290 1542; x_wconf 82' lang='lat' dir='ltr'>necessitas</span> 
     </span>
     <span class='ocr_line' id='line_1_11' title="bbox 632 1580 3291 1665; baseline -0 -15"><span class='ocrx_word' id='word_1_77' title='bbox 632 1600 973 1663; x_wconf 64' lang='lat' dir='ltr'>consequentia.</span> <span class='ocrx_word' id='word_1_78' title='bbox 1040 1600 1195 1647; x_wconf 91' lang='lat' dir='ltr'>vero</span> <span class='ocrx_word' id='word_1_79' title='bbox 1234 1584 1715 1665; x_wconf 87' lang='lat' dir='ltr'>consequentiae</span> <span class='ocrx_word' id='word_1_80' title='bbox 1755 1600 1886 1647; x_wconf 87' lang='lat' dir='ltr'>non</span> <span class='ocrx_word' id='word_1_81' title='bbox 1925 1580 2098 1646; x_wconf 88' lang='lat' dir='ltr'>aliud</span> <span class='ocrx_word' id='word_1_82' title='bbox 2154 1580 2497 1665; x_wconf 83' lang='lat' dir='ltr'>importat,</span> <span class='ocrx_word' id='word_1_83' title='bbox 2539 1599 2738 1664; x_wconf 90' lang='lat' dir='ltr'>quam</span> <span class='ocrx_word' id='word_1_84' title='bbox 2779 1581 3031 1648; x_wconf 87' lang='lat' dir='ltr'>fluxum</span> <span class='ocrx_word' id='word_1_85' title='bbox 3073 1602 3291 1649; x_wconf 89' lang='lat' dir='ltr'>neces-</span> 
     </span>
     <span class='ocr_line' id='line_1_12' title="bbox 1039 1687 3285 1774; baseline 0.001 -20"><span class='ocrx_word' id='word_1_86' title='bbox 1039 1687 1286 1755; x_wconf 87' lang='lat' dir='ltr'>sarium</span> <span class='ocrx_word' id='word_1_87' title='bbox 1331 1689 1524 1755; x_wconf 89' lang='lat' dir='ltr'>unius</span> <span class='ocrx_word' id='word_1_88' title='bbox 1584 1690 1665 1754; x_wconf 91' lang='lat' dir='ltr'>ab</span> <span class='ocrx_word' id='word_1_89' title='bbox 1703 1690 1938 1763; x_wconf 89' lang='lat' dir='ltr'>altero,</span> <span class='ocrx_word' id='word_1_90' title='bbox 1980 1688 2067 1754; x_wconf 91' lang='lat' dir='ltr'>ita</span> <span class='ocrx_word' id='word_1_91' title='bbox 2121 1696 2193 1753; x_wconf 91' lang='lat' dir='ltr'>ut</span> <span class='ocrx_word' id='word_1_92' title='bbox 2230 1705 2363 1753; x_wconf 88' lang='lat' dir='ltr'>uno</span> <span class='ocrx_word' id='word_1_93' title='bbox 2400 1687 2714 1764; x_wconf 89' lang='lat' dir='ltr'>admisso,</span> <span class='ocrx_word' id='word_1_94' title='bbox 2757 1689 2930 1756; x_wconf 89' lang='lat' dir='ltr'>aliud</span> <span class='ocrx_word' id='word_1_95' title='bbox 2968 1691 3285 1774; x_wconf 90' lang='lat' dir='ltr'>repudiari</span> 
     </span>
     <span class='ocr_line' id='line_1_13' title="bbox 1037 1794 3282 1882; baseline 0.001 -21"><span class='ocrx_word' id='word_1_96' title='bbox 1037 1803 1339 1879; x_wconf 88' lang='lat' dir='ltr'>nequeat.</span> <span class='ocrx_word' id='word_1_97' title='bbox 1401 1796 1619 1880; x_wconf 89' lang='lat' dir='ltr'>ltaque</span> <span class='ocrx_word' id='word_1_98' title='bbox 1673 1796 1810 1861; x_wconf 81' lang='lat' dir='ltr'>fieri</span> <span class='ocrx_word' id='word_1_99' title='bbox 1866 1796 2032 1861; x_wconf 89' lang='lat' dir='ltr'>bene</span> <span class='ocrx_word' id='word_1_100' title='bbox 2093 1802 2331 1880; x_wconf 90' lang='lat' dir='ltr'>potest,</span> <span class='ocrx_word' id='word_1_101' title='bbox 2396 1804 2469 1861; x_wconf 94' lang='lat' dir='ltr'>ut</span> <span class='ocrx_word' id='word_1_102' title='bbox 2521 1794 2897 1882; x_wconf 68' lang='lat' dir='ltr'>{propositio</span> <span class='ocrx_word' id='word_1_103' title='bbox 2953 1798 3167 1882; x_wconf 89' lang='lat' dir='ltr'>aliqua</span> <span class='ocrx_word' id='word_1_104' title='bbox 3217 1799 3282 1864; x_wconf 91' lang='lat' dir='ltr'>in</span> 
     </span>
     <span class='ocr_line' id='line_1_14' title="bbox 1032 1902 3282 1986; baseline 0 -17"><span class='ocrx_word' id='word_1_105' title='bbox 1032 1921 1103 1969; x_wconf 89' lang='lat' dir='ltr'>se</span> <span class='ocrx_word' id='word_1_106' title='bbox 1159 1903 1424 1986; x_wconf 90' lang='lat' dir='ltr'>quidem</span> <span class='ocrx_word' id='word_1_107' title='bbox 1484 1902 1842 1970; x_wconf 86' lang='lat' dir='ltr'>necessaria</span> <span class='ocrx_word' id='word_1_108' title='bbox 1909 1922 2039 1970; x_wconf 88' lang='lat' dir='ltr'>non</span> <span class='ocrx_word' id='word_1_109' title='bbox 2122 1903 2228 1979; x_wconf 90' lang='lat' dir='ltr'>sit,</span> <span class='ocrx_word' id='word_1_110' title='bbox 2288 1902 2647 1970; x_wconf 88' lang='lat' dir='ltr'>necessario</span> <span class='ocrx_word' id='word_1_111' title='bbox 2695 1912 2916 1970; x_wconf 91' lang='lat' dir='ltr'>tamen</span> <span class='ocrx_word' id='word_1_112' title='bbox 2979 1904 3141 1970; x_wconf 87' lang='lat' dir='ltr'>fluat</span> <span class='ocrx_word' id='word_1_113' title='bbox 3199 1907 3282 1971; x_wconf 91' lang='lat' dir='ltr'>ab</span> 
     </span>
     <span class='ocr_line' id='line_1_15' title="bbox 1029 2008 1780 2098; baseline 0.001 -22"><span class='ocrx_word' id='word_1_114' title='bbox 1029 2010 1169 2077; x_wconf 89' lang='lat' dir='ltr'>aliis</span> <span class='ocrx_word' id='word_1_115' title='bbox 1224 2008 1356 2098; x_wconf 87' lang='lat'>(2).</span> <span class='ocrx_word' id='word_1_116' title='bbox 1555 2013 1569 2026; x_wconf 86' lang='lat'>&#39;</span> <span class='ocrx_word' id='word_1_117' title='bbox 1775 2015 1780 2021; x_wconf 84' lang='grc'><em>“</em></span> 
     </span>
    </p>

    <p class='ocr_par' dir='ltr' id='par_1_3' title="bbox 1024 2116 3282 2740">
     <span class='ocr_line' id='line_1_16' title="bbox 1162 2116 3282 2205; baseline 0.002 -23"><span class='ocrx_word' id='word_1_118' title='bbox 1162 2118 1273 2185; x_wconf 86' lang='lat' dir='ltr'>Est</span> <span class='ocrx_word' id='word_1_119' title='bbox 1309 2137 1466 2203; x_wconf 89' lang='lat' dir='ltr'>ergo</span> <span class='ocrx_word' id='word_1_120' title='bbox 1502 2118 1954 2205; x_wconf 80' lang='lat' dir='ltr'>syllogismuS,</span> <span class='ocrx_word' id='word_1_121' title='bbox 1994 2117 2132 2184; x_wconf 88' lang='lat' dir='ltr'>aliis</span> <span class='ocrx_word' id='word_1_122' title='bbox 2170 2116 2469 2193; x_wconf 91' lang='lat' dir='ltr'>vocibus,</span> <span class='ocrx_word' id='word_1_123' title='bbox 2504 2119 3010 2203; x_wconf 83' lang='lat' dir='ltr'>argumentatio,</span> <span class='ocrx_word' id='word_1_124' title='bbox 3046 2120 3112 2186; x_wconf 87' lang='lat' dir='ltr'>in</span> <span class='ocrx_word' id='word_1_125' title='bbox 3150 2139 3282 2204; x_wconf 86' lang='lat' dir='ltr'>qua</span> 
     </span>
     <span class='ocr_line' id='line_1_17' title="bbox 1027 2223 3276 2309; baseline 0.002 -20"><span class='ocrx_word' id='word_1_126' title='bbox 1027 2244 1109 2291; x_wconf 86' lang='lat' dir='ltr'>ex</span> <span class='ocrx_word' id='word_1_127' title='bbox 1146 2225 1399 2291; x_wconf 88' lang='lat' dir='ltr'>duabus</span> <span class='ocrx_word' id='word_1_128' title='bbox 1437 2225 1999 2292; x_wconf 87' lang='lat' dir='ltr'>enuntiationibus</span> <span class='ocrx_word' id='word_1_129' title='bbox 2035 2223 2475 2308; x_wconf 85' lang='lat' dir='ltr'>simplicibus,</span> <span class='ocrx_word' id='word_1_130' title='bbox 2516 2243 2595 2290; x_wconf 90' lang='lat' dir='ltr'>eo</span> <span class='ocrx_word' id='word_1_131' title='bbox 2641 2226 2820 2309; x_wconf 92' lang='lat' dir='ltr'>quod</span> <span class='ocrx_word' id='word_1_132' title='bbox 2856 2236 3028 2293; x_wconf 89' lang='lat' dir='ltr'>certa</span> <span class='ocrx_word' id='word_1_133' title='bbox 3066 2228 3276 2294; x_wconf 82' lang='lat' dir='ltr'>forma</span> 
     </span>
     <span class='ocr_line' id='line_1_18' title="bbox 1024 2330 3279 2419; baseline 0.002 -21"><span class='ocrx_word' id='word_1_134' title='bbox 1024 2332 1356 2416; x_wconf 88' lang='lat' dir='ltr'>dispositae</span> <span class='ocrx_word' id='word_1_135' title='bbox 1394 2341 1586 2411; x_wconf 91' lang='lat' dir='ltr'>sunt,</span> <span class='ocrx_word' id='word_1_136' title='bbox 1627 2333 1819 2400; x_wconf 90' lang='lat' dir='ltr'>tertia</span> <span class='ocrx_word' id='word_1_137' title='bbox 1857 2332 2224 2398; x_wconf 89' lang='lat' dir='ltr'>necessario</span> <span class='ocrx_word' id='word_1_138' title='bbox 2261 2330 2580 2415; x_wconf 90' lang='lat' dir='ltr'>sequitur.</span> <span class='ocrx_word' id='word_1_139' title='bbox 2619 2333 2766 2399; x_wconf 89' lang='lat' dir='ltr'>Non</span> <span class='ocrx_word' id='word_1_140' title='bbox 2806 2332 2982 2399; x_wconf 88' lang='lat' dir='ltr'>enim</span> <span class='ocrx_word' id='word_1_141' title='bbox 3021 2337 3279 2419; x_wconf 88' lang='lat' dir='ltr'>quaevis</span> 
     </span>
     <span class='ocr_line' id='line_1_19' title="bbox 1027 2439 3280 2526; baseline 0.002 -20"><span class='ocrx_word' id='word_1_142' title='bbox 1027 2440 1229 2508; x_wconf 86' lang='lat' dir='ltr'>series</span> <span class='ocrx_word' id='word_1_143' title='bbox 1265 2440 1461 2507; x_wconf 89' lang='lat' dir='ltr'>trium</span> <span class='ocrx_word' id='word_1_144' title='bbox 1503 2440 2023 2526; x_wconf 89' lang='lat' dir='ltr'>propositionum</span> <span class='ocrx_word' id='word_1_145' title='bbox 2078 2439 2538 2525; x_wconf 85' lang='lat' dir='ltr'>syllogismum</span> <span class='ocrx_word' id='word_1_146' title='bbox 2594 2440 2890 2517; x_wconf 80' lang='lat' dir='ltr'>coniicit,</span> <span class='ocrx_word' id='word_1_147' title='bbox 2932 2442 3057 2509; x_wconf 90' lang='lat' dir='ltr'>nisi</span> <span class='ocrx_word' id='word_1_148' title='bbox 3110 2444 3280 2510; x_wconf 87' lang='lat' dir='ltr'>adsit</span> 
     </span>
     <span class='ocr_line' id='line_1_20' title="bbox 1029 2546 3280 2632; baseline 0.003 -20"><span class='ocrx_word' id='word_1_149' title='bbox 1029 2557 1278 2613; x_wconf 91' lang='lat' dir='ltr'>certum</span> <span class='ocrx_word' id='word_1_150' title='bbox 1337 2547 1679 2614; x_wconf 84' lang='lat' dir='ltr'>artificium</span> <span class='ocrx_word' id='word_1_151' title='bbox 1728 2568 1802 2613; x_wconf 89' lang='lat' dir='ltr'>ac</span> <span class='ocrx_word' id='word_1_152' title='bbox 1858 2546 2232 2632; x_wconf 89' lang='lat' dir='ltr'>dispositio,</span> <span class='ocrx_word' id='word_1_153' title='bbox 2290 2547 2535 2614; x_wconf 90' lang='lat' dir='ltr'>ratione</span> <span class='ocrx_word' id='word_1_154' title='bbox 2589 2548 2773 2632; x_wconf 89' lang='lat' dir='ltr'>cujus</span> <span class='ocrx_word' id='word_1_155' title='bbox 2827 2549 2996 2615; x_wconf 90' lang='lat' dir='ltr'>adsit</span> <span class='ocrx_word' id='word_1_156' title='bbox 3051 2568 3280 2618; x_wconf 84' lang='lat' dir='ltr'>conse-</span> 
     </span>
     <span class='ocr_line' id='line_1_21' title="bbox 1026 2640 2573 2740; baseline 0 -20"><span class='ocrx_word' id='word_1_157' title='bbox 1026 2655 1292 2739; x_wconf 89' lang='lat' dir='ltr'>quentia</span> <span class='ocrx_word' id='word_1_158' title='bbox 1327 2674 1669 2740; x_wconf 87' lang='lat' dir='ltr'>nexusque</span> <span class='ocrx_word' id='word_1_159' title='bbox 1709 2640 2114 2722; x_wconf 77' lang='lat' dir='ltr'>necessarius</span> <span class='ocrx_word' id='word_1_160' title='bbox 2150 2654 2316 2720; x_wconf 88' lang='lat' dir='ltr'>inter</span> <span class='ocrx_word' id='word_1_161' title='bbox 2352 2653 2515 2720; x_wconf 87' lang='lat' dir='ltr'>illas.</span> <span class='ocrx_word' id='word_1_162' title='bbox 2558 2643 2573 2651; x_wconf 66' lang='grc'><strong>’</strong></span> 
     </span>
    </p>

    <p class='ocr_par' dir='ltr' id='par_1_4' title="bbox 1022 2763 3281 3820">
     <span class='ocr_line' id='line_1_22' title="bbox 1167 2763 3276 2855; baseline 0 -24"><span class='ocrx_word' id='word_1_163' title='bbox 1167 2764 1491 2834; x_wconf 86' lang='lat' dir='ltr'>Caeterum</span> <span class='ocrx_word' id='word_1_164' title='bbox 1531 2765 1791 2831; x_wconf 87' lang='lat' dir='ltr'>allatam</span> <span class='ocrx_word' id='word_1_165' title='bbox 1832 2763 2278 2855; x_wconf 78' lang='lat' dir='ltr'>definitionem</span> <span class='ocrx_word' id='word_1_166' title='bbox 2320 2771 2560 2828; x_wconf 85' lang='lat' dir='ltr'>rectam</span> <span class='ocrx_word' id='word_1_167' title='bbox 2600 2781 2743 2830; x_wconf 90' lang='lat' dir='ltr'>esse</span> <span class='ocrx_word' id='word_1_168' title='bbox 2771 2773 3030 2832; x_wconf 86' lang='lat' dir='ltr'>constat</span> <span class='ocrx_word' id='word_1_169' title='bbox 3057 2784 3137 2832; x_wconf 84' lang='lat' dir='ltr'>ex</span> <span class='ocrx_word' id='word_1_170' title='bbox 3167 2786 3276 2843; x_wconf 89' lang='lat' dir='ltr'>eo,</span> 
     </span>
     <span class='ocr_line' id='line_1_23' title="bbox 1028 2868 3276 2958; baseline 0 -20"><span class='ocrx_word' id='word_1_171' title='bbox 1028 2872 1208 2955; x_wconf 90' lang='lat' dir='ltr'>quod</span> <span class='ocrx_word' id='word_1_172' title='bbox 1258 2871 1793 2938; x_wconf 90' lang='lat' dir='ltr'>convenit-omni</span> <span class='ocrx_word' id='word_1_173' title='bbox 1849 2879 1915 2936; x_wconf 87' lang='lat' dir='ltr'>et</span> <span class='ocrx_word' id='word_1_174' title='bbox 1970 2871 2090 2937; x_wconf 94' lang='lat' dir='ltr'>soli</span> <span class='ocrx_word' id='word_1_175' title='bbox 2149 2869 2447 2936; x_wconf 80' lang='lat' dir='ltr'>definito.</span> <span class='ocrx_word' id='word_1_176' title='bbox 2508 2868 2703 2936; x_wconf 89' lang='lat' dir='ltr'>Omni</span> <span class='ocrx_word' id='word_1_177' title='bbox 2756 2871 3059 2956; x_wconf 91' lang='lat' dir='ltr'>quidem,</span> <span class='ocrx_word' id='word_1_178' title='bbox 3119 2874 3276 2958; x_wconf 87' lang='lat' dir='ltr'>quia</span> 
     </span>
     <span class='ocr_line' id='line_1_24' title="bbox 1027 2977 3278 3066; baseline 0.001 -21"><span class='ocrx_word' id='word_1_179' title='bbox 1027 2981 1246 3046; x_wconf 90' lang='lat' dir='ltr'>nullus</span> <span class='ocrx_word' id='word_1_180' title='bbox 1282 2989 1382 3045; x_wconf 90' lang='lat' dir='ltr'>est</span> <span class='ocrx_word' id='word_1_181' title='bbox 1421 2980 1848 3066; x_wconf 88' lang='lat' dir='ltr'>syllogismus</span> <span class='ocrx_word' id='word_1_182' title='bbox 1885 2977 2290 3064; x_wconf 86' lang='lat' dir='ltr'>categoricus</span> <span class='ocrx_word' id='word_1_183' title='bbox 2319 2987 2384 3044; x_wconf 93' lang='lat' dir='ltr'>et</span> <span class='ocrx_word' id='word_1_184' title='bbox 2412 2979 2786 3045; x_wconf 89' lang='lat' dir='ltr'>communis</span> <span class='ocrx_word' id='word_1_185' title='bbox 2805 3029 2821 3056; x_wconf 92' lang='lat'>,</span> <span class='ocrx_word' id='word_1_186' title='bbox 2854 2979 2937 3045; x_wconf 87' lang='lat' dir='ltr'>de</span> <span class='ocrx_word' id='word_1_187' title='bbox 2964 3000 3102 3063; x_wconf 89' lang='lat' dir='ltr'>quo</span> <span class='ocrx_word' id='word_1_188' title='bbox 3129 2984 3278 3047; x_wconf 89' lang='lat' dir='ltr'>solo</span> 
     </span>
     <span class='ocr_line' id='line_1_25' title="bbox 1029 3084 3280 3173; baseline 0.001 -20"><span class='ocrx_word' id='word_1_189' title='bbox 1029 3105 1203 3153; x_wconf 89' lang='lat' dir='ltr'>nunc</span> <span class='ocrx_word' id='word_1_190' title='bbox 1239 3087 1605 3170; x_wconf 90' lang='lat' dir='ltr'>loquimur,</span> <span class='ocrx_word' id='word_1_191' title='bbox 1646 3087 1759 3169; x_wconf 90' lang='lat' dir='ltr'>qui</span> <span class='ocrx_word' id='word_1_192' title='bbox 1799 3104 1932 3152; x_wconf 92' lang='lat' dir='ltr'>non</span> <span class='ocrx_word' id='word_1_193' title='bbox 1968 3085 2054 3152; x_wconf 91' lang='lat' dir='ltr'>sit</span> <span class='ocrx_word' id='word_1_194' title='bbox 2093 3084 2467 3170; x_wconf 87' lang='lat' dir='ltr'>hujusmodi</span> <span class='ocrx_word' id='word_1_195' title='bbox 2507 3085 2713 3151; x_wconf 85' lang='lat' dir='ltr'>oratio</span> <span class='ocrx_word' id='word_1_196' title='bbox 2764 3089 2867 3152; x_wconf 90' lang='lat' dir='ltr'>vel</span> <span class='ocrx_word' id='word_1_197' title='bbox 2923 3107 3280 3173; x_wconf 85' lang='lat' dir='ltr'>argumen-</span> 
     </span>
     <span class='ocr_line' id='line_1_26' title="bbox 1026 3192 3281 3281; baseline 0.001 -22"><span class='ocrx_word' id='word_1_198' title='bbox 1026 3194 1223 3260; x_wconf 87' lang='lat' dir='ltr'>tatio:</span> <span class='ocrx_word' id='word_1_199' title='bbox 1263 3194 1388 3260; x_wconf 85' lang='lat' dir='ltr'>soli</span> <span class='ocrx_word' id='word_1_200' title='bbox 1429 3213 1619 3270; x_wconf 90' lang='lat' dir='ltr'>vero,</span> <span class='ocrx_word' id='word_1_201' title='bbox 1669 3194 1824 3277; x_wconf 86' lang='lat' dir='ltr'>quia</span> <span class='ocrx_word' id='word_1_202' title='bbox 1860 3192 2288 3281; x_wconf 85' lang='lat' dir='ltr'>syllogismus</span> <span class='ocrx_word' id='word_1_203' title='bbox 2324 3201 2651 3277; x_wconf 86' lang='lat' dir='ltr'>quatenus</span> <span class='ocrx_word' id='word_1_204' title='bbox 2679 3203 2780 3260; x_wconf 90' lang='lat' dir='ltr'>est</span> <span class='ocrx_word' id='word_1_205' title='bbox 2816 3197 3024 3264; x_wconf 85' lang='lat' dir='ltr'>oratio</span> <span class='ocrx_word' id='word_1_206' title='bbox 3052 3197 3281 3264; x_wconf 89' lang='lat' dir='ltr'>discri-</span> 
     </span>
     <span class='ocr_line' id='line_1_27' title="bbox 1027 3299 3275 3384; baseline 0.002 -17"><span class='ocrx_word' id='word_1_207' title='bbox 1027 3302 1314 3369; x_wconf 90' lang='lat' dir='ltr'>minatur</span> <span class='ocrx_word' id='word_1_208' title='bbox 1371 3322 1409 3366; x_wconf 88' lang='lat' dir='ltr'>a</span> <span class='ocrx_word' id='word_1_209' title='bbox 1463 3299 1760 3367; x_wconf 89' lang='lat' dir='ltr'>terminis</span> <span class='ocrx_word' id='word_1_210' title='bbox 1813 3299 2254 3384; x_wconf 89' lang='lat' dir='ltr'>simplicibus;</span> <span class='ocrx_word' id='word_1_211' title='bbox 2295 3309 2360 3365; x_wconf 89' lang='lat' dir='ltr'>et</span> <span class='ocrx_word' id='word_1_212' title='bbox 2396 3311 2724 3384; x_wconf 88' lang='lat' dir='ltr'>quatenus</span> <span class='ocrx_word' id='word_1_213' title='bbox 2774 3313 2876 3370; x_wconf 88' lang='lat' dir='ltr'>est</span> <span class='ocrx_word' id='word_1_214' title='bbox 2921 3305 3163 3383; x_wconf 90' lang='lat' dir='ltr'>oratio,</span> <span class='ocrx_word' id='word_1_215' title='bbox 3205 3306 3275 3373; x_wconf 91' lang='lat' dir='ltr'>in</span> 
     </span>
     <span class='ocr_line' id='line_1_28' title="bbox 1022 3408 3280 3495; baseline 0.004 -20"><span class='ocrx_word' id='word_1_216' title='bbox 1022 3429 1152 3494; x_wconf 87' lang='lat' dir='ltr'>qua</span> <span class='ocrx_word' id='word_1_217' title='bbox 1202 3409 1431 3495; x_wconf 88' lang='lat' dir='ltr'>positis</span> <span class='ocrx_word' id='word_1_218' title='bbox 1480 3408 1878 3495; x_wconf 90' lang='lat' dir='ltr'>quibusdam</span> <span class='ocrx_word' id='word_1_219' title='bbox 1938 3427 2176 3492; x_wconf 89' lang='lat' dir='ltr'>nempe</span> <span class='ocrx_word' id='word_1_220' title='bbox 2226 3408 2483 3475; x_wconf 90' lang='lat' dir='ltr'>duabus</span> <span class='ocrx_word' id='word_1_221' title='bbox 2522 3411 3077 3494; x_wconf 90' lang='lat' dir='ltr'>propositionibus</span> <span class='ocrx_word' id='word_1_222' title='bbox 3116 3414 3280 3485; x_wconf 88' lang='lat' dir='ltr'>sim-</span> 
     </span>
     <span class='ocr_line' id='line_1_29' title="bbox 1022 3515 3276 3606; baseline 0.002 -24"><span class='ocrx_word' id='word_1_223' title='bbox 1022 3517 1333 3606; x_wconf 81' lang='lat' dir='ltr'>plicibuS,</span> <span class='ocrx_word' id='word_1_224' title='bbox 1384 3517 1558 3584; x_wconf 91' lang='lat' dir='ltr'>aliud</span> <span class='ocrx_word' id='word_1_225' title='bbox 1621 3516 1936 3602; x_wconf 90' lang='lat' dir='ltr'>quiddam</span> <span class='ocrx_word' id='word_1_226' title='bbox 2004 3515 2366 3582; x_wconf 88' lang='lat' dir='ltr'>necessario</span> <span class='ocrx_word' id='word_1_227' title='bbox 2422 3516 2743 3601; x_wconf 87' lang='lat' dir='ltr'>sequitur,</span> <span class='ocrx_word' id='word_1_228' title='bbox 2783 3536 2865 3585; x_wconf 90' lang='lat' dir='ltr'>eo</span> <span class='ocrx_word' id='word_1_229' title='bbox 2922 3521 3105 3603; x_wconf 92' lang='lat' dir='ltr'>quod</span> <span class='ocrx_word' id='word_1_230' title='bbox 3167 3522 3276 3588; x_wconf 83' lang='lat' dir='ltr'>illa</span> 
     </span>
     <span class='ocr_line' id='line_1_30' title="bbox 1022 3622 3277 3714; baseline 0.002 -23"><span class='ocrx_word' id='word_1_231' title='bbox 1022 3636 1218 3704; x_wconf 89' lang='lat' dir='ltr'>sunt,</span> <span class='ocrx_word' id='word_1_232' title='bbox 1257 3626 1472 3692; x_wconf 84' lang='lat' dir='ltr'>differt</span> <span class='ocrx_word' id='word_1_233' title='bbox 1527 3645 1564 3690; x_wconf 94' lang='lat' dir='ltr'>a</span> <span class='ocrx_word' id='word_1_234' title='bbox 1616 3642 2036 3709; x_wconf 87' lang='lat' dir='ltr'>quacumque</span> <span class='ocrx_word' id='word_1_235' title='bbox 2070 3623 2194 3688; x_wconf 88' lang='lat' dir='ltr'>alia</span> <span class='ocrx_word' id='word_1_236' title='bbox 2229 3622 2470 3690; x_wconf 91' lang='lat' dir='ltr'>mentis</span> <span class='ocrx_word' id='word_1_237' title='bbox 2525 3624 2901 3709; x_wconf 89' lang='lat' dir='ltr'>operatione</span> <span class='ocrx_word' id='word_1_238' title='bbox 2955 3635 3026 3693; x_wconf 86' lang='lat' dir='ltr'>et</span> <span class='ocrx_word' id='word_1_239' title='bbox 3078 3647 3277 3714; x_wconf 85' lang='lat' dir='ltr'>argu-</span> 
     </span>
     <span class='ocr_line' id='line_1_31' title="bbox 1024 3730 2458 3820; baseline -0.001 -22"><span class='ocrx_word' id='word_1_240' title='bbox 1024 3732 1426 3800; x_wconf 87' lang='lat' dir='ltr'>mentatione</span> <span class='ocrx_word' id='word_1_241' title='bbox 1455 3744 1521 3801; x_wconf 91' lang='lat' dir='ltr'>et</span> <span class='ocrx_word' id='word_1_242' title='bbox 1550 3753 1589 3798; x_wconf 87' lang='lat' dir='ltr'>a</span> <span class='ocrx_word' id='word_1_243' title='bbox 1623 3732 2024 3820; x_wconf 87' lang='lat' dir='ltr'>syllogismis</span> <span class='ocrx_word' id='word_1_244' title='bbox 2049 3730 2458 3815; x_wconf 89' lang='lat' dir='ltr'>compositis.</span> 
     </span>
    </p>

    <p class='ocr_par' dir='ltr' id='par_1_5' title="bbox 1156 3838 3278 3928">
     <span class='ocr_line' id='line_1_32' title="bbox 1156 3838 3278 3928; baseline 0.002 -22"><span class='ocrx_word' id='word_1_245' title='bbox 1156 3840 1403 3908; x_wconf 89' lang='lat' dir='ltr'>Verum</span> <span class='ocrx_word' id='word_1_246' title='bbox 1443 3843 1582 3927; x_wconf 89' lang='lat' dir='ltr'>jam</span> <span class='ocrx_word' id='word_1_247' title='bbox 1630 3848 1890 3926; x_wconf 90' lang='lat' dir='ltr'>oportet</span> <span class='ocrx_word' id='word_1_248' title='bbox 1925 3838 2269 3906; x_wconf 83' lang='lat' dir='ltr'>artificium</span> <span class='ocrx_word' id='word_1_249' title='bbox 2307 3838 2646 3923; x_wconf 89' lang='lat' dir='ltr'>proprium</span> <span class='ocrx_word' id='word_1_250' title='bbox 2683 3840 2883 3926; x_wconf 89' lang='lat' dir='ltr'>hujus</span> <span class='ocrx_word' id='word_1_251' title='bbox 2919 3861 3278 3928; x_wconf 84' lang='lat' dir='ltr'>argumen-</span> 
     </span>
    </p>
   </div>
   <div class='ocr_carea' id='block_1_3' title="bbox 1020 3949 1675 4035">
    <p class='ocr_par' dir='ltr' id='par_1_6' title="bbox 1020 3949 1675 4035">
     <span class='ocr_line' id='line_1_33' title="bbox 1020 3949 1675 4035; baseline -0.002 -19"><span class='ocrx_word' id='word_1_252' title='bbox 1020 3949 1285 4016; x_wconf 86' lang='lat' dir='ltr'>tationis</span> <span class='ocrx_word' id='word_1_253' title='bbox 1322 3966 1675 4035; x_wconf 84' lang='lat' dir='ltr'>exponere.</span> 
     </span>
    </p>
   </div>
   <div class='ocr_carea' id='block_1_4' title="bbox 1092 4193 2932 4364">
    <p class='ocr_par' dir='ltr' id='par_1_7' title="bbox 1092 4193 2932 4364">
     <span class='ocr_line' id='line_1_34' title="bbox 1092 4193 2568 4270; baseline -0.003 -12"><span class='ocrx_word' id='word_1_254' title='bbox 1092 4206 1174 4270; x_wconf 88' lang='lat'>(1)</span> <span class='ocrx_word' id='word_1_255' title='bbox 1245 4199 1384 4258; x_wconf 86' lang='lat' dir='ltr'>vid.</span> <span class='ocrx_word' id='word_1_256' title='bbox 1416 4200 1672 4259; x_wconf 77' lang='lat' dir='ltr'>Fonseea</span> <span class='ocrx_word' id='word_1_257' title='bbox 1698 4210 1759 4256; x_wconf 87' lang='lat' dir='ltr'>et</span> <span class='ocrx_word' id='word_1_258' title='bbox 1785 4193 2307 4263; x_wconf 80' lang='lat' dir='ltr'>Conimbrioenses,</span> <span class='ocrx_word' id='word_1_259' title='bbox 2341 4193 2446 4254; x_wconf 86' lang='lat' dir='ltr'>loc.</span> <span class='ocrx_word' id='word_1_260' title='bbox 2469 4194 2568 4255; x_wconf 88' lang='lat' dir='ltr'>cit.</span> 
     </span>
     <span class='ocr_line' id='line_1_35' title="bbox 1092 4285 2932 4364; baseline 0.001 -16"><span class='ocrx_word' id='word_1_261' title='bbox 1092 4290 1178 4361; x_wconf 80' lang='lat' dir='ltr'>(a)</span> <span class='ocrx_word' id='word_1_262' title='bbox 1247 4287 1385 4348; x_wconf 79' lang='lat' dir='ltr'>vid.</span> <span class='ocrx_word' id='word_1_263' title='bbox 1420 4287 1486 4348; x_wconf 89' lang='lat' dir='ltr'>S.</span> <span class='ocrx_word' id='word_1_264' title='bbox 1516 4288 1755 4358; x_wconf 63' lang='lat' dir='ltr'>Thoai„</span> <span class='ocrx_word' id='word_1_265' title='bbox 1776 4288 1846 4346; x_wconf 78' lang='lat' dir='ltr'>de</span> <span class='ocrx_word' id='word_1_266' title='bbox 1882 4285 2092 4357; x_wconf 62' lang='lat' dir='ltr'>Verit„</span> <span class='ocrx_word' id='word_1_267' title='bbox 2122 4297 2336 4358; x_wconf 75' lang='lat' dir='ltr'>quoest.</span> <span class='ocrx_word' id='word_1_268' title='bbox 2358 4303 2449 4359; x_wconf 78' lang='lat'>24,</span> <span class='ocrx_word' id='word_1_269' title='bbox 2480 4305 2534 4345; x_wconf 78' lang='lat' dir='ltr'>a.</span> <span class='ocrx_word' id='word_1_270' title='bbox 2567 4306 2590 4345; x_wconf 82' lang='grc' dir='ltr'><strong>ι</strong></span> <span class='ocrx_word' id='word_1_271' title='bbox 2610 4329 2627 4358; x_wconf 86' lang='grc'><em>,</em></span> <span class='ocrx_word' id='word_1_272' title='bbox 2647 4286 2742 4361; x_wconf 75' lang='lat' dir='ltr'>ad,</span> <span class='ocrx_word' id='word_1_273' title='bbox 2779 4300 2932 4364; x_wconf 79' lang='lat'>13.&#39;¹·</span> 
     </span>
    </p>
   </div>
  </div>
 </body>
</html>
