3492 5525
529 464 586 523 pro
641 446 766 510 Locren
781 444 1015 517 Maron—Lm.
1035 445 1208 522 1.¹¹⁸,Drsr³.
1227 460 1271 509 a·
1285 446 1366 509 Car.
1384 460 1456 528 ψ

486 628 555 693 sive
580 630 715 696 naturali
738 637 771 695 et
799 628 961 713 ingenita,
981 628 1052 695 sive
1074 629 1310 713 supernaturali
1328 640 1363 694 et
1387 602 1610 714 superaddita.

406 806 409 813 p
486 736 523 800 Et
540 734 587 801 sic
608 739 708 821 vulgo
726 737 873 802 solemus
892 737 1013 801 dicere:
1041 737 1159 803 Lunrcn
1179 736 1331 813 rationis,
1360 740 1465 803 lumen
1484 738 1614 804 intelle·

485 853 558 909 ctus
577 842 703 929 agentis
722 840 785 931 (t),
805 846 911 909 lumen
928 842 1016 919 tidei,
1037 846 1142 909 lrrmen
1162 844 1273 930 gloriae
1293 841 1306 932 (
1330 843 1357 930 ).

307 998 320 1027 „
370 981 443 1025 „mr
552 949 675 1017 Deinde
699 950 961 1035 distantiajusta
985 952 1067 1016 inter
1094 952 1261 1035 objectum
1288 964 1321 1017 et
1340 952 1535 1035 potentiam,
1558 969 1612 1015 re-

310 1069 353 1169 ἰὴ
369 1068 395 1169 :2
403 1068 431 1168 ζ.
485 1068 598 1140 spectu
613 1058 814 1142 intellectus,
831 1058 918 1124 aliud
933 1076 1005 1125 esse
1020 1076 1088 1124 non
1104 1067 1215 1141 potest
1229 1077 1330 1142 quam
1346 1059 1421 1125 talis
1440 1058 1610 1144 proportio

484 1173 517 1230 et
536 1164 707 1249 applicatio
726 1164 859 1251 objecti,
881 1172 919 1231 ut
928 1184 1033 1237 ‚mens
1053 1184 1110 1248 per
1129 1166 1240 1231 lumen
1270 1186 1307 1232 ac
1331 1167 1486 1233 virtutem
1511 1182 1609 1231 suam

484 1272 742 1358 cognoscitivam
764 1274 944 1357 perspicere
962 1273 1040 1339 illud
1060 1272 1091 1337 in
1116 1291 1152 1338 se
1176 1274 1247 1358 ipso
1273 1274 1392 1358 possit,
1414 1294 1451 1339 ac
1475 1272 1607 1347 debeat,

483 1380 509 1445 si
529 1381 633 1446 aciem
653 1398 748 1446 suam
767 1399 808 1446 eo
826 1389 1009 1446 convertat.
1030 1377 1114 1455 Qua
1132 1399 1209 1446 cum
1230 1381 1274 1448 ita
1292 1382 1359 1447 sint

406 1532 420 1561 0
528 1484 590 1591 68..
631 1493 721 1555 lllud
747 1492 932 1554 dicendum
959 1488 1015 1554 est
1041 1492 1213 1570 obiectum
1245 1493 1406 1565 evidens,
1437 1485 1527 1569 quod
1555 1495 1609 1553 est

316 1589 421 1671 *ΨΜ
483 1595 698 1681 conspicuum
728 1603 761 1659 et
780 1594 989 1660 manifestum
1017 1594 1210 1660 intellectui:
1232 1595 1311 1661 illud
1340 1612 1439 1680 porro
1460 1602 1511 1659 est
1527 1612 1611 1658 con-

326 1676 339 1704 ⁰
365 1674 407 1703 Ἠ
482 1703 631 1784 spicuum
650 1712 683 1767 et
701 1703 931 1777 manifestum,
952 1693 1042 1785 quod
1052 1700 1095 1769 ita
1115 1702 1313 1786 applicatum
1333 1712 1368 1767 et
1381 1700 1610 1786 proportiona-

481 1818 553 1875 tum
572 1819 623 1875 est
646 1810 813 1894 capacitati
833 1828 869 1873 ac
893 1809 1008 1875 lumini
1033 1809 1171 1886 mentis,
1198 1818 1235 1875 ut
1258 1809 1475 1875 determinare
1495 1826 1607 1892 perse

481 1916 588 2001 ipsum
615 1919 721 1983 valeat
745 1935 916 1983 assensum
942 1917 1038 1983 illius.
1065 1916 1104 1981 Et
1128 1916 1262 2003 proinde
1285 1917 1447 1983 evidentia
1465 1927 1514 1982 est
1532 1917 1609 1982 talis

480 2024 651 2108 applicatio
670 2024 836 2110 obtrectet
856 2024 1023 2109 proportio
1041 2042 1117 2088 curn
1137 2024 1315 2108 capacitate
1334 2023 1546 2099 intellectiva,
1567 2035 1608 2089 ut

480 2130 559 2197 illud
587 2132 727 2199 sufficiat
753 2150 789 2195 se
817 2133 906 2206 solo,
939 2130 966 2196 si
994 2131 1076 2197 acies
1101 2131 1222 2197 mentis
1243 2130 1275 2197 in
1303 2132 1412 2215 ipsum
1432 2130 1604 2216 dirigatur,

479 2236 614 2305 lirmum
634 2256 806 2305 assensum
826 2238 1056 2306 determinare.

546 2352 714 2415 Probatur
732 2348 842 2411 autem
863 2347 933 2410 ltaec
948 2344 1094 2410 definitio
1115 2344 1163 2411 1.⁰
1184 2364 1226 2411 ex
1243 2343 1393 2430 analogia
1411 2362 1488 2411 cum
1509 2346 1607 2412 visio·

479 2471 531 2519 ne.
561 2454 645 2520 Nam
665 2452 864 2537 ubicumque
883 2453 977 2519 adest
995 2447 1089 2537 copia
1112 2453 1194 2519 lucis
1221 2453 1389 2538 objectum
1408 2454 1607 2520 collustran-

478 2560 519 2626 tis
551 2562 583 2625 in
617 2562 860 2645 proportionata
892 2560 1045 2626 distantia
1076 2561 1240 2643 positum,
1275 2562 1392 2627 oculus
1425 2561 1466 2625 ad
1503 2562 1606 2646 hujus

478 2688 624 2733 veracem
641 2670 885 2753 perceptionem
903 2667 1158 2745 determinatur,
1180 2684 1211 2733 et
1234 2667 1280 2733 sic
1299 2668 1415 2735 dicitur
1434 2668 1603 2752 objectum

476 2777 558 2842 clare
576 2776 709 2842 visibile.
731 2777 814 2860 Ergo
829 2787 908 2842 tunc
927 2795 1061 2859 quoque
1083 2775 1259 2842 dicendum
1285 2785 1336 2842 est
1353 2777 1519 2862 objectum
1536 2779 1605 2841 evi·

476 2887 568 2960 dens,
588 2903 665 2951 cum
687 2902 753 2950 non
773 2883 901 2950 excedit
917 2884 1127 2967 capacitatem
1148 2883 1350 2961 intellectuS,
1372 2883 1430 2950 sed
1445 2883 1488 2949 ita
1503 2885 1603 2969 hujus

477 2991 587 3056 virtuti
616 2999 866 3075 attemperatur,
898 3000 934 3056 ut
958 3009 1015 3075 per
1040 2991 1174 3073 seipsum
1198 3000 1329 3056 moveat
1347 3010 1384 3056 ac
1404 2991 1603 3058 determinet

477 3117 661 3166 assensum.
689 3096 741 3162 llla
777 3091 931 3164 nimirum
954 3103 1066 3166 videri
1087 3099 1250 3174 duratur,
1278 3098 1384 3182 inquit
1408 3098 1599 3184 angelicus,

475 3225 545 3290 quae
557 3213 617 3289 per
633 3206 733 3288 seipsa
757 3209 880 3272 movent
894 3206 1083 3287 intellectum
1100 3209 1240 3272 nostrum
1267 3207 1319 3274 vei
1343 3225 1468 3273 sensum
1485 3209 1530 3272 ad
1547 3209 1603 3274 sui

475 3333 637 3380 assensum
655 3309 719 3400 (3).

546 3427 713 3488 Probatur
731 3420 783 3488 a.⁰
806 3441 846 3486 ex
865 3420 1072 3504 oppositione
1091 3418 1208 3504 objecti
1231 3420 1384 3486 cardialis
1401 3439 1478 3487 cum
1496 3422 1600 3488 creri-

321 3552 342 3582 ιη
359 3538 428 3584 ario
475 3527 533 3593 lili
550 3528 721 3595 dumtaxat
740 3535 772 3593 et
784 3527 956 3610 opinabili,
977 3546 1051 3610 quae
1070 3527 1208 3592 obscura
1226 3536 1304 3592 sunt
1321 3537 1420 3611 atque
1437 3528 1600 3594 ineviden-

476 3636 534 3718 tia·
547 3647 579 3703 et
594 3654 660 3702 non
673 3636 716 3701 ob
731 3635 835 3712 aliud,
853 3633 913 3700 nisi
925 3634 1001 3718 quia
1011 3635 1103 3701 deest
1117 3633 1178 3701 illis
1192 3655 1230 3700 ea
1241 3635 1409 3702 sufficiens
1422 3637 1595 3720 applicatio

484 3826 722 3842 Ἣ

510 3928 551 3990 (ι)
588 3919 713 3980 Nomine
731 3922 898 3978 intellectus
913 3919 1028 3996 agentes
1048 3918 1129 3977 venit
1148 3918 1244 3977 virtus
1265 3920 1399 3990 quaedam
1426 3920 1597 3992 productiva

474 4012 635 4086 specierum
651 4009 890 4082 intelligibilium,
913 4009 1022 4079 quibus
1039 4007 1195 4066 informata
1215 4021 1244 4066 ct
1257 4006 1423 4067 loecundata
1445 4029 1527 4068 mens
1540 4012 1597 4070 ob·

473 4101 546 4172 jecta
560 4098 719 4173 cognoscit:
735 4099 771 4156 de
785 4117 845 4169 quo
858 4094 890 4154 in
905 4095 1109 4170 Psychologia.
1655 4095 1664 4102 “

509 4195 549 4258 (a)
587 4189 662 4247 Vide
678 4186 710 4246 S.
725 4187 866 4245 Thomam
885 4207 909 4244 1.
925 4205 954 4258 p.
965 4206 995 4258 q.
1013 4207 1036 4256 r,
1052 4206 1079 4242 a.
1095 4204 1121 4259 53
1136 4206 1167 4258 q.
1185 4205 1228 4257 ra,
1243 4207 1270 4245 a.
1287 4207 1314 4257 a;
1331 4199 1373 4260 3³
1387 4187 1496 4248 Contra
1511 4187 1596 4248 Geni.

472 4301 498 4340 c.
515 4301 547 4354 53
563 4299 639 4342 vers.
655 4277 718 4347 lina
733 4277 783 4336 lib.
802 4285 841 4350 3.·
853 4277 889 4334 cie
906 4276 1016 4334 Anima
1030 4276 1095 4335 lect.
1122 4295 1163 4342 to,
1180 4275 1263 4335 initio
1277 4297 1312 4335 ex
1325 4276 1445 4337 Aristot.
1460 4278 1499 4336 ib.
1517 4291 1595 4338 text.

473 4369 588 4428 Comm.
609 4369 655 4438 183
680 4379 721 4438 3?
734 4367 802 4425 dist.
819 4387 862 4439 23,
887 4385 916 4437 q.
934 4385 960 4435 2,
975 4386 1002 4422 a.
1018 4386 1045 4422 a.
1061 4365 1114 4423 sol.
1136 4377 1272 4439 ωαψς
1287 4366 1356 4425 dist.
1372 4386 1416 4438 24,
1432 4387 1461 4439 q.
1481 4388 1505 4435 r,
1520 4388 1547 4425 a.
1567 4387 1595 4434 2,

473 4460 560 4518 solut.
580 4471 630 4527 ι.·;
645 4459 689 4516 De
706 4457 795 4514 Verit.
818 4469 921 4528 quaeat.
941 4475 981 4521 rr,
999 4475 1026 4514 a.
1050 4475 1078 4523 ις
1093 4467 1197 4525 quaeat.
1217 4475 1248 4512 ra
1267 4470 1323 4514 art
1343 4477 1366 4525 ta
1381 4469 1412 4514 et
1424 4469 1528 4527 quaest.
1552 4477 1594 4531 14,

472 4563 527 4608 ert.
543 4573 572 4623 9,
588 4549 618 4608 in
632 4569 712 4622 corp.
729 4560 759 4605 et
779 4546 815 4604 ud
829 4555 908 4615 ψ,
924 4547 968 4604 Dc
978 4565 1055 4603 sens.
1068 4558 1097 4603 et
1109 4554 1220 4603 sensui.
1236 4543 1330 4616 initi0;
1345 4547 1380 4603 dc
1392 4547 1492 4621 spirit.
1504 4557 1593 4606 creat.

474 4655 529 4699 art.
551 4659 593 4708 ιο,
611 4638 721 4710 Opuse.
736 4638 771 4694 de
792 4635 898 4693 Trinit.
914 4642 978 4709 sup.
992 4636 1075 4694 Boel.
1090 4648 1196 4705 quaest.
1215 4649 1305 4705 r,art.
1324 4657 1348 4694 r.

509 4729 550 4804 (3)
587 4727 620 4788 S.
636 4729 693 4788 Th.
708 4748 735 4787 a.
750 4748 777 4787 a.
788 4739 895 4798 quaest.
912 4745 941 4800 4·
957 4724 1020 4786 cfr.
1035 4727 1071 4784 de
1089 4725 1185 4785 Verri.
1199 4746 1230 4798 q.
1248 4746 1291 4800 14,
1305 4729 1341 4785 de
1353 4728 1427 4786 Fide
1440 4738 1494 4786 art.
1515 4747 1539 4786 t.
