3492 5525
554 466 619 549 856
682 467 804 531 Loorca
819 464 1049 539 Maron-Lm.
1067 466 1238 530 ω.“*.1)ιερ.
1256 479 1301 545 3.·
1315 466 1393 529 Cir.
1410 482 1481 530 ψ’

516 670 521 679 ·
588 651 656 717 Hoc
681 650 782 717 rnodo
801 648 1030 716 immortalitas
1048 647 1121 714 licet
1142 668 1177 714 re
1199 648 1285 715 idem
1307 650 1349 715 sit
1371 668 1447 715 cum
1470 647 1645 733 spirituali-

518 766 603 834 tate,
619 766 718 841 atque
728 758 810 825 adeo
825 768 893 823 non
908 757 1062 841 procedat
1074 756 1115 821 ab
1133 776 1171 822 ea
1189 757 1370 823 secundum
1389 760 1508 823 realem
1524 778 1562 823 ac
1579 760 1646 823 lor-

522 863 647 931 malem'
662 866 903 940 causalitatem,
920 863 1131 949 distinguitur
1141 873 1253 931 tamen
1272 865 1396 932 ratione
1415 873 1514 953 atque
1526 885 1646 950 appre-

521 974 672 1040 henditur
699 981 735 1039 ut
765 973 890 1039 habens
914 973 1071 1039 rationem
1094 992 1131 1038 ac
1153 973 1292 1038 radicem
1310 973 1344 1039 in
1367 993 1420 1049 ea,
1448 973 1644 1058 probarique

398 1168 402 1175 Ι
520 1081 656 1165 proinde
674 1089 783 1165 potest
801 1099 858 1164 per
875 1080 964 1145 illam
989 1080 1268 1147 demonstratione
1290 1092 1423 1166 propter
1445 1082 1541 1165 quid,
1566 1082 1645 1165 quia

518 1188 728 1272 spiritualitas
756 1196 805 1253 est
831 1205 930 1255 causa
953 1187 1098 1254 virtualis
1126 1187 1389 1255 immortalitatis.
1418 1188 1458 1253 Et
1487 1189 1532 1255 ob
1559 1191 1645 1254 hanc

515 1314 651 1362 causam
674 1296 784 1363 divina
807 1297 961 1363 attributa
985 1296 1164 1381 probantur
1185 1295 1247 1360 alia
1270 1316 1312 1362 ex
1338 1297 1408 1363 aliis
1436 1298 1497 1363 lroe
1522 1316 1645 1382 genere

518 1402 824 1481 demonstrationis,
846 1404 918 1470 licet
936 1405 1025 1470 nulla
1052 1404 1135 1469 inter
1153 1423 1190 1469 ea
1217 1404 1395 1470 intercedat
1413 1404 1507 1471 realis
1529 1403 1647 1471 distin-

517 1509 585 1577 ctio
611 1513 664 1576 vel
683 1510 867 1579 causalitas.
889 1508 1013 1595 ltaque,
1032 1530 1108 1577 cum
1128 1512 1363 1577 demonstratio
1385 1512 1502 1577 dicitur
1516 1513 1587 1577 fieri
1603 1530 1645 1577 ex

520 1618 638 1695 causis,
659 1616 908 1703 intelligendum
927 1620 960 1683 id
979 1628 1028 1684 est
1046 1619 1087 1684 de
1102 1618 1220 1695 causis,
1238 1638 1312 1702 quae
1330 1620 1396 1686 sint
1413 1621 1484 1685 sive
1500 1621 1646 1685 formali-

519 1734 568 1790 ter
587 1724 655 1791 sive
673 1726 852 1791 virtualiter
869 1728 952 1792 tales
970 1723 983 1813 (
1008 1723 1034 1812 ).

585 1831 667 1906 Hinc
681 1835 749 1917 jam
769 1832 848 1899 satis
862 1832 1035 1900 innotescit
1046 1832 1364 1899 demonstrationem
1383 1832 1450 1898 lieri
1469 1851 1510 1899 ex
1524 1834 1646 1916 puori-

518 1942 591 2016 bus,
613 1959 673 2006 nec
691 1942 801 2007 solum
821 1960 861 2005 ex
879 1941 1042 2025 prioribus
1055 1943 1161 2025 qrwad
1172 1945 1310 2007 nostram
1322 1942 1541 2025 cognitionem,
1558 1962 1646 2025 quo-

519 2049 619 2114 modo
638 2048 747 2114 omnis
768 2048 1004 2114 demonstratio
1031 2057 1063 2113 et
1091 2048 1332 2132 argumentatio
1349 2049 1386 2113 fit
1403 2068 1445 2114 ex
1467 2049 1642 2133 prioribus,

517 2156 644 2223 etiamsi
659 2176 701 2222 ex
715 2156 883 2222 effectibus
895 2175 994 2222 causa
1008 2157 1175 2240 probetur,
1188 2157 1244 2223 sed
1259 2157 1356 2222 etiam
1371 2176 1411 2222 ex
1425 2156 1586 2241 prioribus
1596 2177 1645 2223 se-

518 2266 657 2331 cundum
677 2268 842 2339 naturam,
873 2282 932 2329 seu
960 2265 1069 2347 qu'oad
1097 2282 1165 2329 rem
1195 2264 1316 2347 ipsam;
1345 2264 1506 2347 siquidem
1534 2284 1642 2330 causae

519 2373 641 2457 priores
659 2382 737 2439 sunt
756 2372 936 2437 effectibus.
954 2371 988 2436 Si
1007 2390 1085 2456 ergo
1102 2370 1339 2437 demonstratio
1357 2372 1395 2438 fit
1409 2392 1450 2438 ex
1461 2373 1583 2447 causis,
1602 2392 1642 2439 eo

518 2480 590 2565 ipso
609 2498 649 2545 ex
661 2476 821 2563 prioribus
835 2478 908 2554 frat,
926 2498 1060 2545 necesse
1079 2488 1141 2545 est.

586 2585 727 2652 Demum
741 2586 977 2653 demonstratio
994 2586 1033 2651 stt
1047 2604 1088 2650 ex
1102 2585 1290 2662 notioribus,
1307 2594 1338 2651 et
1352 2586 1484 2670 quidem
1505 2587 1641 2653 notiori-

518 2696 581 2763 bus
608 2694 791 2760 secundum
826 2702 992 2769 naturam,
1022 2695 1135 2777 quales
1156 2702 1234 2759 sunt
1253 2713 1359 2760 causae
1386 2704 1533 2784 respectu
1564 2697 1642 2760 elle-

515 2811 645 2870 ctuum.
666 2803 749 2868 Nam
770 2803 917 2879 effectus,
931 2801 1164 2868 sicutacausis
1176 2802 1366 2886 participant
1379 2821 1465 2879 esse,
1486 2802 1529 2869 ita
1541 2804 1639 2867 etiam

518 2929 613 2979 suam
624 2909 917 2995 intelligibilitatem
929 2918 961 2974 et
974 2908 1301 2994 cognoscibilitatem.
1318 2910 1397 2977 illud
1410 2918 1532 2988 autern,
1549 2913 1640 2994 quod

411 3085 414 3097 ,
515 3019 608 3084 alteri
635 3017 748 3082 tribuit
776 3016 1113 3106 cognoscibilitatem,
1127 3018 1237 3083 notius
1259 3018 1315 3083 illo
1337 3037 1393 3102 per
1411 3037 1446 3084 se
1464 3038 1500 3084 ac
1523 3027 1639 3084 natura

517 3144 575 3192 sua
595 3132 662 3202 est,
684 3125 759 3190 licet
786 3143 873 3207 saepe
892 3124 936 3188 ob
954 3123 1208 3189 imbecillitatem
1229 3124 1348 3210 ingenii
1376 3127 1476 3191 nostri
1496 3127 1637 3202 eveniat,

519 3243 555 3300 ut
569 3251 643 3316 quae
661 3231 842 3298 secundum
864 3249 899 3296 se
914 3230 1040 3296 notiora
1055 3239 1148 3307 sunt,
1163 3230 1275 3298 minus
1290 3241 1366 3298 nota
1380 3231 1444 3298 sint
1457 3232 1552 3299 nobis
1568 3231 1636 3320 (a).

585 3340 623 3407 Et
642 3339 853 3405 confirmatur
871 3339 947 3422 quia
962 3339 1138 3422 praemissae
1157 3341 1209 3404 vel
1228 3350 1305 3406 sunt
1320 3338 1556 3423 propositiones
1579 3341 1643 3405 irn-

519 3448 685 3524 mediatae,
708 3448 758 3512 vel
778 3446 939 3511 mediatae.
958 3445 991 3512 Si
1012 3447 1227 3522 immediatae,
1243 3467 1300 3531 per
1319 3465 1354 3512 se
1372 3456 1459 3530 patet
1477 3449 1549 3514 illas
1566 3457 1643 3514 esse

519 3555 662 3624 notiores
676 3553 897 3620 conclusione.
912 3553 946 3618 Si
961 3572 1038 3618 vero
1050 3553 1119 3619 sint
1133 3555 1300 3631 mediatae,
1317 3555 1437 3622 debent
1454 3555 1555 3620 etiam
1569 3575 1643 3622 esse

518 3663 674 3730 notiores.
690 3663 772 3728 Nam
789 3661 967 3746 generatim
982 3661 1027 3737 id,
1046 3660 1134 3726 unde
1149 3659 1270 3744 aliquid
1286 3662 1452 3746 participat
1470 3663 1644 3747 cognosci-

518 3769 676 3836 bilitatem
701 3787 813 3844 suam,
845 3768 952 3834 notius
980 3768 1035 3832 illo
1063 3775 1124 3833 est.
1154 3768 1253 3851 Atqui
1280 3770 1447 3836 conclusio
1474 3770 1645 3855 participat

517 3875 829 3962 cognoscibilitatem
847 3895 940 3942 suam
959 3895 978 3940 a
992 3874 1185 3958 praemissis,
1201 3885 1236 3942 ut
1255 3885 1331 3960 pote
1347 3896 1422 3960 quae
1436 3877 1524 3943 illam
1539 3883 1646 3945 mani-

519 3985 652 4051 festant.
674 3984 798 4068 Ergo...
1111 3990 1114 3995 ’

587 4092 670 4166 Qrae
686 4093 765 4157 ratio
780 4090 992 4174 proportione
1007 4091 1156 4173 applicari
1168 4098 1277 4173 potest
1291 4092 1441 4157 etiamad
1458 4094 1645 4176 praemissas

518 4196 808 4268 demonstrationis
829 4199 940 4264 minus
959 4197 1124 4281 perfecta,
1140 4215 1214 4280 quae
1228 4196 1265 4265 srt
1283 4218 1300 4263 a
1320 4198 1500 4281 posteriori.
1524 4200 1646 4268 Omnis
1719 4176 1720 4191 ἵ

519 4543 525 4562 ,
554 4494 593 4557 (ι)
630 4485 706 4544 Vide
721 4482 911 4563 Conimbric.,
926 4481 976 4540 lib.
1000 4489 1037 4538 r.·
1050 4483 1174 4551 Foster„
1189 4502 1252 4554 cap.
1269 4501 1301 4550 a,
1319 4494 1423 4554 quaest.
1442 4503 1471 4550 r,
1490 4494 1547 4540 art.
1564 4504 1593 4552 2,
1610 4487 1645 4543 1„

516 4579 641 4638 secundo
655 4585 699 4635 est
718 4573 827 4652 gravis
846 4573 1024 4629 contentio...
1041 4569 1162 4641 Suarez,
1178 4571 1255 4644 disp.
1280 4593 1308 4642 1,
1331 4571 1507 4644 Metaphys„
1522 4589 1594 4631 sect.
1620 4595 1645 4648 ς,
1719 4576 1720 4613 ³

518 4669 608 4824 mg}
629 4755 706 4814 Vide
718 4749 908 4818 Conimbrin,
920 4749 951 4808 in
962 4750 1011 4810 lib.
1026 4759 1083 4810 ιθ·
1090 4751 1266 4820 Posterior„
1276 4770 1338 4823 cap.
1352 4771 1380 4820 a,
1392 4761 1497 4822 quaest.
1509 4771 1537 4818 a,
1548 4764 1606 4811 art.
1621 4771 1646 4826 ς.
