<?xml version="1.0" encoding="UTF-8"?>
<!DOCTYPE html PUBLIC "-//W3C//DTD XHTML 1.0 Transitional//EN"
    "http://www.w3.org/TR/xhtml1/DTD/xhtml1-transitional.dtd">
<html xmlns="http://www.w3.org/1999/xhtml" xml:lang="en" lang="en">
 <head>
  <title>
</title>
<meta http-equiv="Content-Type" content="text/html;charset=utf-8" />
  <meta name='ocr-system' content='tesseract 3.04.00' />
  <meta name='ocr-capabilities' content='ocr_page ocr_carea ocr_par ocr_line ocrx_word'/>
</head>
<body>
  <div class='ocr_page' id='page_1' title='image "./institutionesph00urrgoog/institutionesph00urrgoog_0575.png"; bbox 0 0 3492 5525; ppageno 0'>
   <div class='ocr_carea' id='block_1_1' title="bbox 296 478 1195 562">
    <p class='ocr_par' dir='ltr' id='par_1_1' title="bbox 296 478 1195 562">
     <span class='ocr_line' id='line_1_1' title="bbox 296 478 1195 562; baseline -0.001 -17"><span class='ocrx_word' id='word_1_1' title='bbox 296 483 413 546; x_wconf 78' lang='lat' dir='ltr'><strong>Anno.</strong></span> <span class='ocrx_word' id='word_1_2' title='bbox 439 494 496 562; x_wconf 58' lang='grc' dir='ltr'><strong>μ’</strong></span> <span class='ocrx_word' id='word_1_3' title='bbox 518 478 709 545; x_wconf 80' lang='lat' dir='ltr'><strong>Smsurrun</strong></span> <span class='ocrx_word' id='word_1_4' title='bbox 728 496 845 543; x_wconf 73' lang='lat' dir='ltr'><strong>venun</strong></span> <span class='ocrx_word' id='word_1_5' title='bbox 865 496 1049 543; x_wconf 70' lang='lat' dir='ltr'><strong>curremus</strong></span> <span class='ocrx_word' id='word_1_6' title='bbox 1140 491 1195 561; x_wconf 81' lang='lat'><strong>553</strong></span> 
     </span>
    </p>
   </div>
   <div class='ocr_carea' id='block_1_2' title="bbox 113 660 1271 2364">
    <p class='ocr_par' dir='ltr' id='par_1_2' title="bbox 113 660 1236 856">
     <span class='ocr_line' id='line_1_2' title="bbox 113 660 1236 748; baseline -0.004 -17"><span class='ocrx_word' id='word_1_7' title='bbox 113 674 148 731; x_wconf 90' lang='lat' dir='ltr'><strong>et</strong></span> <span class='ocrx_word' id='word_1_8' title='bbox 170 674 342 739; x_wconf 84' lang='lat' dir='ltr'><strong>constans,</strong></span> <span class='ocrx_word' id='word_1_9' title='bbox 362 673 524 748; x_wconf 86' lang='lat' dir='ltr'><strong>quatenus</strong></span> <span class='ocrx_word' id='word_1_10' title='bbox 547 662 681 729; x_wconf 87' lang='lat' dir='ltr'><strong>evidens</strong></span> <span class='ocrx_word' id='word_1_11' title='bbox 704 671 754 731; x_wconf 88' lang='lat' dir='ltr'><strong>est</strong></span> <span class='ocrx_word' id='word_1_12' title='bbox 778 662 943 729; x_wconf 82' lang='lat' dir='ltr'><strong>moraliter</strong></span> <span class='ocrx_word' id='word_1_13' title='bbox 961 662 1093 729; x_wconf 88' lang='lat' dir='ltr'><strong>scientia</strong></span> <span class='ocrx_word' id='word_1_14' title='bbox 1115 660 1236 728; x_wconf 87' lang='lat' dir='ltr'><strong>veraci·</strong></span> 
     </span>
     <span class='ocr_line' id='line_1_3' title="bbox 113 773 398 856; baseline -0.007 -17"><span class='ocrx_word' id='word_1_15' title='bbox 113 784 232 856; x_wconf 87' lang='lat' dir='ltr'><strong>tasque</strong></span> <span class='ocrx_word' id='word_1_16' title='bbox 251 773 398 838; x_wconf 88' lang='lat' dir='ltr'><strong>testium.</strong></span> 
     </span>
    </p>

    <p class='ocr_par' dir='ltr' id='par_1_3' title="bbox 113 876 1238 1592">
     <span class='ocr_line' id='line_1_4' title="bbox 183 876 1235 961; baseline -0.002 -16"><span class='ocrx_word' id='word_1_17' title='bbox 183 882 311 947; x_wconf 88' lang='lat' dir='ltr'><strong>interna</strong></span> <span class='ocrx_word' id='word_1_18' title='bbox 341 898 419 947; x_wconf 88' lang='lat' dir='ltr'><strong>vero</strong></span> <span class='ocrx_word' id='word_1_19' title='bbox 451 878 612 945; x_wconf 90' lang='lat' dir='ltr'><strong>evidentia</strong></span> <span class='ocrx_word' id='word_1_20' title='bbox 644 876 750 945; x_wconf 90' lang='lat' dir='ltr'><strong>inlluit</strong></span> <span class='ocrx_word' id='word_1_21' title='bbox 781 877 814 945; x_wconf 90' lang='lat' dir='ltr'><strong>in</strong></span> <span class='ocrx_word' id='word_1_22' title='bbox 846 896 982 945; x_wconf 89' lang='lat' dir='ltr'><strong>omnem</strong></span> <span class='ocrx_word' id='word_1_23' title='bbox 1011 876 1235 961; x_wconf 88' lang='lat' dir='ltr'><strong>cognitionem</strong></span> 
     </span>
     <span class='ocr_line' id='line_1_5' title="bbox 113 984 1238 1072; baseline -0.004 -19"><span class='ocrx_word' id='word_1_24' title='bbox 113 998 237 1053; x_wconf 88' lang='lat' dir='ltr'><strong>certam</strong></span> <span class='ocrx_word' id='word_1_25' title='bbox 257 990 325 1054; x_wconf 92' lang='lat' dir='ltr'><strong>sive</strong></span> <span class='ocrx_word' id='word_1_26' title='bbox 349 986 636 1072; x_wconf 87' lang='lat' dir='ltr'><strong>experimentalem</strong></span> <span class='ocrx_word' id='word_1_27' title='bbox 662 987 729 1053; x_wconf 89' lang='lat' dir='ltr'><strong>sive</strong></span> <span class='ocrx_word' id='word_1_28' title='bbox 755 984 958 1053; x_wconf 84' lang='lat' dir='ltr'>rationalem.</span> <span class='ocrx_word' id='word_1_29' title='bbox 979 987 1012 1050; x_wconf 92' lang='lat' dir='ltr'><strong>ln</strong></span> <span class='ocrx_word' id='word_1_30' title='bbox 1032 984 1238 1068; x_wconf 85' lang='lat' dir='ltr'><strong>experimen-</strong></span> 
     </span>
     <span class='ocr_line' id='line_1_6' title="bbox 113 1089 1235 1179; baseline -0.004 -17"><span class='ocrx_word' id='word_1_31' title='bbox 113 1097 232 1177; x_wconf 83' lang='lat' dir='ltr'><strong>talem3</strong></span> <span class='ocrx_word' id='word_1_32' title='bbox 253 1089 328 1179; x_wconf 88' lang='lat' dir='ltr'><strong>quia</strong></span> <span class='ocrx_word' id='word_1_33' title='bbox 347 1096 426 1179; x_wconf 88' lang='lat' dir='ltr'><strong>quid</strong></span> <span class='ocrx_word' id='word_1_34' title='bbox 440 1094 622 1161; x_wconf 89' lang='lat' dir='ltr'><strong>evidentius</strong></span> <span class='ocrx_word' id='word_1_35' title='bbox 640 1095 767 1177; x_wconf 76' lang='lat' dir='ltr'><strong>obiecto</strong></span> <span class='ocrx_word' id='word_1_36' title='bbox 786 1111 945 1160; x_wconf 90' lang='lat' dir='ltr'><strong>sensuum</strong></span> <span class='ocrx_word' id='word_1_37' title='bbox 965 1104 996 1159; x_wconf 88' lang='lat' dir='ltr'><strong>et</strong></span> <span class='ocrx_word' id='word_1_38' title='bbox 1016 1092 1235 1168; x_wconf 78' lang='lat' dir='ltr'><strong>conscientia,</strong></span> 
     </span>
     <span class='ocr_line' id='line_1_7' title="bbox 114 1200 1238 1286; baseline -0.004 -17"><span class='ocrx_word' id='word_1_39' title='bbox 114 1203 317 1286; x_wconf 90' lang='lat' dir='ltr'><strong>ubicumque</strong></span> <span class='ocrx_word' id='word_1_40' title='bbox 344 1204 471 1269; x_wconf 92' lang='lat' dir='ltr'><strong>nullum</strong></span> <span class='ocrx_word' id='word_1_41' title='bbox 498 1211 549 1267; x_wconf 91' lang='lat' dir='ltr'><strong>est</strong></span> <span class='ocrx_word' id='word_1_42' title='bbox 571 1202 845 1285; x_wconf 85' lang='lat' dir='ltr'><strong>impedimentum</strong></span> <span class='ocrx_word' id='word_1_43' title='bbox 876 1220 1008 1275; x_wconf 86' lang='lat' dir='ltr'><strong>eorum,</strong></span> <span class='ocrx_word' id='word_1_44' title='bbox 1038 1218 1112 1283; x_wconf 88' lang='lat' dir='ltr'><strong>quae</strong></span> <span class='ocrx_word' id='word_1_45' title='bbox 1138 1200 1238 1265; x_wconf 83' lang='lat' dir='ltr'><strong>tacul-</strong></span> 
     </span>
     <span class='ocr_line' id='line_1_8' title="bbox 115 1304 1237 1395; baseline -0.004 -20"><span class='ocrx_word' id='word_1_46' title='bbox 115 1322 201 1375; x_wconf 90' lang='lat' dir='ltr'><strong>tates</strong></span> <span class='ocrx_word' id='word_1_47' title='bbox 220 1311 289 1375; x_wconf 90' lang='lat' dir='ltr'><strong>illas</strong></span> <span class='ocrx_word' id='word_1_48' title='bbox 307 1310 460 1376; x_wconf 85' lang='lat' dir='ltr'><strong>inducere</strong></span> <span class='ocrx_word' id='word_1_49' title='bbox 485 1329 541 1395; x_wconf 89' lang='lat' dir='ltr'><strong>per</strong></span> <span class='ocrx_word' id='word_1_50' title='bbox 562 1310 712 1376; x_wconf 89' lang='lat' dir='ltr'><strong>accidens</strong></span> <span class='ocrx_word' id='word_1_51' title='bbox 735 1308 765 1374; x_wconf 92' lang='lat' dir='ltr'><strong>in</strong></span> <span class='ocrx_word' id='word_1_52' title='bbox 791 1308 963 1375; x_wconf 77' lang='lat' dir='ltr'><strong>falsitatem</strong></span> <span class='ocrx_word' id='word_1_53' title='bbox 985 1304 1133 1390; x_wconf 84' lang='lat' dir='ltr'><strong>queunt?</strong></span> <span class='ocrx_word' id='word_1_54' title='bbox 1154 1306 1237 1392; x_wconf 88' lang='lat' dir='ltr'><strong>Ergo</strong></span> 
     </span>
     <span class='ocr_line' id='line_1_9' title="bbox 115 1415 1237 1502; baseline -0.002 -19"><span class='ocrx_word' id='word_1_55' title='bbox 115 1416 315 1502; x_wconf 82' lang='lat' dir='ltr'><strong>experientia</strong></span> <span class='ocrx_word' id='word_1_56' title='bbox 333 1418 442 1484; x_wconf 89' lang='lat' dir='ltr'><strong>omnis</strong></span> <span class='ocrx_word' id='word_1_57' title='bbox 458 1426 546 1484; x_wconf 87' lang='lat' dir='ltr'><strong>certa</strong></span> <span class='ocrx_word' id='word_1_58' title='bbox 564 1426 597 1483; x_wconf 88' lang='lat' dir='ltr'><strong>et</strong></span> <span class='ocrx_word' id='word_1_59' title='bbox 616 1418 748 1483; x_wconf 88' lang='lat' dir='ltr'><strong>indubia</strong></span> <span class='ocrx_word' id='word_1_60' title='bbox 771 1416 901 1501; x_wconf 88' lang='lat' dir='ltr'><strong>respicit</strong></span> <span class='ocrx_word' id='word_1_61' title='bbox 919 1434 1050 1500; x_wconf 88' lang='lat' dir='ltr'><strong>semper</strong></span> <span class='ocrx_word' id='word_1_62' title='bbox 1071 1415 1237 1500; x_wconf 86' lang='lat' dir='ltr'><strong>objectum</strong></span> 
     </span>
     <span class='ocr_line' id='line_1_10' title="bbox 115 1525 264 1592; baseline 0.007 -2"><span class='ocrx_word' id='word_1_63' title='bbox 115 1525 264 1592; x_wconf 84' lang='lat' dir='ltr'><strong>evidens.</strong></span> 
     </span>
    </p>

    <p class='ocr_par' dir='ltr' id='par_1_4' title="bbox 115 1629 1271 2364">
     <span class='ocr_line' id='line_1_11' title="bbox 185 1629 1237 1716; baseline -0.003 -19"><span class='ocrx_word' id='word_1_64' title='bbox 185 1632 250 1697; x_wconf 92' lang='lat' dir='ltr'><strong>Sed</strong></span> <span class='ocrx_word' id='word_1_65' title='bbox 270 1651 335 1698; x_wconf 91' lang='lat' dir='ltr'><strong>non</strong></span> <span class='ocrx_word' id='word_1_66' title='bbox 355 1631 464 1699; x_wconf 90' lang='lat' dir='ltr'><strong>minus</strong></span> <span class='ocrx_word' id='word_1_67' title='bbox 487 1632 593 1699; x_wconf 85' lang='lat' dir='ltr'><strong>inliuit</strong></span> <span class='ocrx_word' id='word_1_68' title='bbox 618 1631 780 1700; x_wconf 86' lang='lat' dir='ltr'><strong>evidentia</strong></span> <span class='ocrx_word' id='word_1_69' title='bbox 804 1630 836 1697; x_wconf 92' lang='lat' dir='ltr'><strong>in</strong></span> <span class='ocrx_word' id='word_1_70' title='bbox 859 1649 993 1697; x_wconf 89' lang='lat' dir='ltr'><strong>omnem</strong></span> <span class='ocrx_word' id='word_1_71' title='bbox 1016 1629 1237 1716; x_wconf 80' lang='lat' dir='ltr'><strong>cognitionem</strong></span> 
     </span>
     <span class='ocr_line' id='line_1_12' title="bbox 115 1726 1240 1823; baseline -0.004 -16"><span class='ocrx_word' id='word_1_72' title='bbox 115 1751 208 1808; x_wconf 88' lang='lat' dir='ltr'><strong>certo</strong></span> <span class='ocrx_word' id='word_1_73' title='bbox 230 1758 341 1806; x_wconf 85' lang='lat' dir='ltr'><strong>veram</strong></span> <span class='ocrx_word' id='word_1_74' title='bbox 375 1740 497 1806; x_wconf 86' lang='lat' dir='ltr'><strong>ordinis</strong></span> <span class='ocrx_word' id='word_1_75' title='bbox 529 1740 705 1807; x_wconf 87' lang='lat' dir='ltr'><strong>rationalis.</strong></span> <span class='ocrx_word' id='word_1_76' title='bbox 732 1738 903 1823; x_wconf 91' lang='lat' dir='ltr'><strong>Siquidem</strong></span> <span class='ocrx_word' id='word_1_77' title='bbox 927 1738 1131 1823; x_wconf 88' lang='lat' dir='ltr'><strong>cognitiones</strong></span> <span class='ocrx_word' id='word_1_78' title='bbox 1154 1726 1240 1823; x_wconf 87' lang='lat' dir='ltr'><strong>ejus·</strong></span> 
     </span>
     <span class='ocr_line' id='line_1_13' title="bbox 118 1846 1271 1930; baseline -0.002 -17"><span class='ocrx_word' id='word_1_79' title='bbox 118 1849 209 1915; x_wconf 91' lang='lat' dir='ltr'><strong>modi</strong></span> <span class='ocrx_word' id='word_1_80' title='bbox 220 1849 271 1914; x_wconf 91' lang='lat' dir='ltr'><strong>vel</strong></span> <span class='ocrx_word' id='word_1_81' title='bbox 281 1856 357 1915; x_wconf 86' lang='lat' dir='ltr'><strong>sunt</strong></span> <span class='ocrx_word' id='word_1_82' title='bbox 370 1849 518 1913; x_wconf 84' lang='lat' dir='ltr'><strong>mediatae</strong></span> <span class='ocrx_word' id='word_1_83' title='bbox 534 1850 584 1913; x_wconf 85' lang='lat' dir='ltr'><strong>vel</strong></span> <span class='ocrx_word' id='word_1_84' title='bbox 596 1847 804 1915; x_wconf 85' lang='lat' dir='ltr'><strong>immediatae.</strong></span> <span class='ocrx_word' id='word_1_85' title='bbox 828 1846 928 1930; x_wconf 79' lang='lat' dir='ltr'><strong>Atqui</strong></span> <span class='ocrx_word' id='word_1_86' title='bbox 943 1846 1141 1912; x_wconf 86' lang='lat' dir='ltr'><strong>immediatae</strong></span> <span class='ocrx_word' id='word_1_87' title='bbox 1155 1862 1238 1912; x_wconf 84' lang='lat' dir='ltr'><strong>verae</strong></span> <span class='ocrx_word' id='word_1_88' title='bbox 1265 1906 1271 1920; x_wconf 82' lang='grc'>,</span> 
     </span>
     <span class='ocr_line' id='line_1_14' title="bbox 117 1952 1252 2038; baseline -0.002 -17"><span class='ocrx_word' id='word_1_89' title='bbox 117 1974 186 2021; x_wconf 90' lang='lat' dir='ltr'><strong>non</strong></span> <span class='ocrx_word' id='word_1_90' title='bbox 204 1964 377 2022; x_wconf 85' lang='lat' dir='ltr'><strong>censentur</strong></span> <span class='ocrx_word' id='word_1_91' title='bbox 396 1974 455 2021; x_wconf 90' lang='lat' dir='ltr'><strong>nec</strong></span> <span class='ocrx_word' id='word_1_92' title='bbox 472 1964 561 2022; x_wconf 87' lang='lat' dir='ltr'><strong>certo</strong></span> <span class='ocrx_word' id='word_1_93' title='bbox 580 1964 749 2032; x_wconf 88' lang='lat' dir='ltr'><strong>tenentur,</strong></span> <span class='ocrx_word' id='word_1_94' title='bbox 773 1954 832 2021; x_wconf 90' lang='lat' dir='ltr'><strong>nisi</strong></span> <span class='ocrx_word' id='word_1_95' title='bbox 851 1956 928 2037; x_wconf 89' lang='lat' dir='ltr'><strong>quia</strong></span> <span class='ocrx_word' id='word_1_96' title='bbox 945 1974 985 2019; x_wconf 89' lang='lat' dir='ltr'><strong>ex</strong></span> <span class='ocrx_word' id='word_1_97' title='bbox 999 1954 1078 2038; x_wconf 91' lang='lat' dir='ltr'><strong>ipsis</strong></span> <span class='ocrx_word' id='word_1_98' title='bbox 1092 1952 1252 2027; x_wconf 74' lang='lat' dir='ltr'><strong>terminis¹</strong></span> 
     </span>
     <span class='ocr_line' id='line_1_15' title="bbox 117 2062 1237 2149; baseline -0.002 -20"><span class='ocrx_word' id='word_1_99' title='bbox 117 2062 325 2129; x_wconf 85' lang='lat' dir='ltr'><strong>enuntiabilis</strong></span> <span class='ocrx_word' id='word_1_100' title='bbox 345 2082 412 2129; x_wconf 90' lang='lat' dir='ltr'><strong>rem</strong></span> <span class='ocrx_word' id='word_1_101' title='bbox 432 2064 475 2129; x_wconf 85' lang='lat' dir='ltr'><strong>ita</strong></span> <span class='ocrx_word' id='word_1_102' title='bbox 494 2081 567 2130; x_wconf 86' lang='lat' dir='ltr'><strong>esse</strong></span> <span class='ocrx_word' id='word_1_103' title='bbox 590 2074 740 2148; x_wconf 83' lang='lat' dir='ltr'><strong>apparet3</strong></span> <span class='ocrx_word' id='word_1_104' title='bbox 756 2062 961 2149; x_wconf 83' lang='lat' dir='ltr'><strong>cognitiones</strong></span> <span class='ocrx_word' id='word_1_105' title='bbox 980 2081 1057 2127; x_wconf 90' lang='lat' dir='ltr'><strong>vero</strong></span> <span class='ocrx_word' id='word_1_106' title='bbox 1076 2062 1237 2137; x_wconf 81' lang='lat' dir='ltr'><strong>mediatae,</strong></span> 
     </span>
     <span class='ocr_line' id='line_1_16' title="bbox 119 2168 1238 2255; baseline -0.003 -19"><span class='ocrx_word' id='word_1_107' title='bbox 119 2170 248 2237; x_wconf 90' lang='lat' dir='ltr'><strong>nonnisi</strong></span> <span class='ocrx_word' id='word_1_108' title='bbox 267 2172 345 2253; x_wconf 91' lang='lat' dir='ltr'><strong>quia</strong></span> <span class='ocrx_word' id='word_1_109' title='bbox 363 2190 403 2237; x_wconf 89' lang='lat' dir='ltr'><strong>ex</strong></span> <span class='ocrx_word' id='word_1_110' title='bbox 422 2170 627 2237; x_wconf 88' lang='lat' dir='ltr'><strong>evidentibus</strong></span> <span class='ocrx_word' id='word_1_111' title='bbox 655 2171 831 2255; x_wconf 86' lang='lat' dir='ltr'><strong>praemissis</strong></span> <span class='ocrx_word' id='word_1_112' title='bbox 858 2168 1001 2235; x_wconf 83' lang='lat' dir='ltr'><strong>euidenti</strong></span> <span class='ocrx_word' id='word_1_113' title='bbox 1029 2169 1238 2235; x_wconf 84' lang='lat' dir='ltr'><strong>ratiocinandi</strong></span> 
     </span>
     <span class='ocr_line' id='line_1_17' title="bbox 117 2275 1239 2364; baseline -0.002 -20"><span class='ocrx_word' id='word_1_114' title='bbox 117 2281 223 2344; x_wconf 82' lang='lat' dir='ltr'><strong>forma</strong></span> <span class='ocrx_word' id='word_1_115' title='bbox 244 2278 447 2354; x_wconf 83' lang='lat' dir='ltr'><strong>derivantur,</strong></span> <span class='ocrx_word' id='word_1_116' title='bbox 475 2278 628 2343; x_wconf 91' lang='lat' dir='ltr'><strong>nimirum</strong></span> <span class='ocrx_word' id='word_1_117' title='bbox 654 2278 730 2361; x_wconf 88' lang='lat' dir='ltr'><strong>quia</strong></span> <span class='ocrx_word' id='word_1_118' title='bbox 753 2278 918 2364; x_wconf 88' lang='lat' dir='ltr'><strong>objectum</strong></span> <span class='ocrx_word' id='word_1_119' title='bbox 942 2275 1159 2343; x_wconf 88' lang='lat' dir='ltr'><strong>conclusionis</strong></span> <span class='ocrx_word' id='word_1_120' title='bbox 1181 2295 1239 2360; x_wconf 89' lang='lat' dir='ltr'><strong>per</strong></span> 
     </span>
    </p>
   </div>
   <div class='ocr_carea' id='block_1_3' title="bbox 117 2384 1352 2486">
    <p class='ocr_par' dir='ltr' id='par_1_5' title="bbox 117 2384 1352 2486">
     <span class='ocr_line' id='line_1_18' title="bbox 117 2384 1352 2486; baseline -0.002 -35"><span class='ocrx_word' id='word_1_121' title='bbox 117 2385 314 2451; x_wconf 87' lang='lat' dir='ltr'><strong>evidentiam</strong></span> <span class='ocrx_word' id='word_1_122' title='bbox 340 2385 570 2471; x_wconf 89' lang='lat' dir='ltr'><strong>principiorum</strong></span> <span class='ocrx_word' id='word_1_123' title='bbox 596 2386 816 2451; x_wconf 90' lang='lat' dir='ltr'><strong>illuminatum</strong></span> <span class='ocrx_word' id='word_1_124' title='bbox 841 2384 873 2451; x_wconf 92' lang='lat' dir='ltr'><strong>in</strong></span> <span class='ocrx_word' id='word_1_125' title='bbox 901 2386 1009 2469; x_wconf 92' lang='lat' dir='ltr'><strong>seipso</strong></span> <span class='ocrx_word' id='word_1_126' title='bbox 1035 2384 1237 2468; x_wconf 88' lang='lat' dir='ltr'><strong>perspicitur.</strong></span> <span class='ocrx_word' id='word_1_127' title='bbox 1348 2470 1352 2486; x_wconf 36' lang='grc' dir='ltr'>Ι</span> 
     </span>
    </p>
   </div>
   <div class='ocr_carea' id='block_1_4' title="bbox 113 2490 1325 4618">
    <p class='ocr_par' dir='ltr' id='par_1_6' title="bbox 117 2490 1240 2669">
     <span class='ocr_line' id='line_1_19' title="bbox 117 2490 1240 2579; baseline 0 -21"><span class='ocrx_word' id='word_1_128' title='bbox 117 2493 202 2578; x_wconf 84' lang='lat' dir='ltr'><strong>Ergo</strong></span> <span class='ocrx_word' id='word_1_129' title='bbox 224 2492 369 2579; x_wconf 89' lang='lat' dir='ltr'><strong>cognitio</strong></span> <span class='ocrx_word' id='word_1_130' title='bbox 397 2492 522 2577; x_wconf 87' lang='lat' dir='ltr'><strong>quaevis</strong></span> <span class='ocrx_word' id='word_1_131' title='bbox 544 2492 707 2560; x_wconf 87' lang='lat' dir='ltr'><strong>rationalis</strong></span> <span class='ocrx_word' id='word_1_132' title='bbox 728 2502 820 2559; x_wconf 81' lang='lat' dir='ltr'><strong>certa·</strong></span> <span class='ocrx_word' id='word_1_133' title='bbox 835 2490 945 2560; x_wconf 85' lang='lat' dir='ltr'><strong>existit</strong></span> <span class='ocrx_word' id='word_1_134' title='bbox 965 2512 1005 2558; x_wconf 89' lang='lat' dir='ltr'><strong>ex</strong></span> <span class='ocrx_word' id='word_1_135' title='bbox 1025 2492 1149 2559; x_wconf 91' lang='lat' dir='ltr'><strong>lumine</strong></span> <span class='ocrx_word' id='word_1_136' title='bbox 1172 2492 1240 2558; x_wconf 89' lang='lat' dir='ltr'><strong>evi·</strong></span> 
     </span>
     <span class='ocr_line' id='line_1_20' title="bbox 117 2600 249 2669; baseline 0.023 -3"><span class='ocrx_word' id='word_1_137' title='bbox 117 2600 249 2669; x_wconf 85' lang='lat' dir='ltr'><strong>dentiae.</strong></span> 
     </span>
    </p>

    <p class='ocr_par' dir='ltr' id='par_1_7' title="bbox 113 2707 1325 3979">
     <span class='ocr_line' id='line_1_21' title="bbox 187 2707 1241 2794; baseline 0 -20"><span class='ocrx_word' id='word_1_138' title='bbox 187 2708 238 2775; x_wconf 82' lang='lat' dir='ltr'><strong>Ad</strong></span> <span class='ocrx_word' id='word_1_139' title='bbox 257 2728 325 2775; x_wconf 90' lang='lat' dir='ltr'><strong>rem</strong></span> <span class='ocrx_word' id='word_1_140' title='bbox 347 2707 524 2794; x_wconf 82' lang='lat' dir='ltr'><strong>Angelicus</strong></span> <span class='ocrx_word' id='word_1_141' title='bbox 545 2707 676 2775; x_wconf 85' lang='lat' dir='ltr'><strong>Ductor:</strong></span> <span class='ocrx_word' id='word_1_142' title='bbox 704 2708 927 2777; x_wconf 81' lang='lat' dir='ltr'><strong>Assentitur...</strong></span> <span class='ocrx_word' id='word_1_143' title='bbox 952 2708 1121 2774; x_wconf 84' lang='lat' dir='ltr'><strong>intellectus</strong></span> <span class='ocrx_word' id='word_1_144' title='bbox 1142 2708 1241 2775; x_wconf 74' lang='lat' dir='ltr'><strong>atuui</strong></span> 
     </span>
     <span class='ocr_line' id='line_1_22' title="bbox 116 2813 1236 2903; baseline 0.002 -21"><span class='ocrx_word' id='word_1_145' title='bbox 116 2816 305 2899; x_wconf 78' lang='lat' dir='ltr'><strong>dupliciter:</strong></span> <span class='ocrx_word' id='word_1_146' title='bbox 323 2836 386 2883; x_wconf 89' lang='lat' dir='ltr'><strong>uno</strong></span> <span class='ocrx_word' id='word_1_147' title='bbox 404 2820 493 2882; x_wconf 87' lang='lat' dir='ltr'><strong>modo</strong></span> <span class='ocrx_word' id='word_1_148' title='bbox 504 2861 521 2894; x_wconf 61' lang='lat'><strong>5.</strong></span> <span class='ocrx_word' id='word_1_149' title='bbox 532 2818 607 2903; x_wconf 86' lang='lat' dir='ltr'><strong>quia</strong></span> <span class='ocrx_word' id='word_1_150' title='bbox 623 2818 668 2881; x_wconf 82' lang='lat' dir='ltr'><strong>ad</strong></span> <span class='ocrx_word' id='word_1_151' title='bbox 685 2817 739 2882; x_wconf 80' lang='lat' dir='ltr'><strong>boc</strong></span> <span class='ocrx_word' id='word_1_152' title='bbox 757 2813 918 2884; x_wconf 69' lang='lat' dir='ltr'><strong>mlvetur</strong></span> <span class='ocrx_word' id='word_1_153' title='bbox 935 2823 978 2884; x_wconf 83' lang='lat' dir='ltr'><strong>eb</strong></span> <span class='ocrx_word' id='word_1_154' title='bbox 1000 2823 1077 2900; x_wconf 85' lang='lat' dir='ltr'><strong>ipso</strong></span> <span class='ocrx_word' id='word_1_155' title='bbox 1094 2823 1236 2900; x_wconf 59' lang='lat' dir='ltr'><strong>obiectu</strong></span> 
     </span>
     <span class='ocr_line' id='line_1_23' title="bbox 115 2920 1238 3010; baseline 0.002 -20"><span class='ocrx_word' id='word_1_156' title='bbox 115 2927 201 3010; x_wconf 74' lang='lat' dir='ltr'><strong>qiud</strong></span> <span class='ocrx_word' id='word_1_157' title='bbox 215 2928 264 2990; x_wconf 89' lang='lat' dir='ltr'><strong>est</strong></span> <span class='ocrx_word' id='word_1_158' title='bbox 277 2927 328 2990; x_wconf 84' lang='lat' dir='ltr'><strong>vei</strong></span> <span class='ocrx_word' id='word_1_159' title='bbox 343 2947 404 3008; x_wconf 80' lang='lat' dir='ltr'><strong>per</strong></span> <span class='ocrx_word' id='word_1_160' title='bbox 427 2931 598 3007; x_wconf 83' lang='lat' dir='ltr'><strong>seipsum</strong></span> <span class='ocrx_word' id='word_1_161' title='bbox 625 2930 819 3007; x_wconf 83' lang='lat' dir='ltr'><strong>cognitum,</strong></span> <span class='ocrx_word' id='word_1_162' title='bbox 843 2925 927 2990; x_wconf 84' lang='lat' dir='ltr'><strong>sieut</strong></span> <span class='ocrx_word' id='word_1_163' title='bbox 943 2929 1035 3006; x_wconf 80' lang='lat' dir='ltr'><strong>patet</strong></span> <span class='ocrx_word' id='word_1_164' title='bbox 1055 2926 1090 2990; x_wconf 88' lang='lat' dir='ltr'><strong>in</strong></span> <span class='ocrx_word' id='word_1_165' title='bbox 1113 2920 1238 3010; x_wconf 76' lang='lat' dir='ltr'><strong>princi·</strong></span> 
     </span>
     <span class='ocr_line' id='line_1_24' title="bbox 116 3033 1235 3116; baseline 0.002 -18"><span class='ocrx_word' id='word_1_166' title='bbox 116 3038 185 3114; x_wconf 88' lang='lat' dir='ltr'><strong>piis</strong></span> <span class='ocrx_word' id='word_1_167' title='bbox 200 3036 339 3114; x_wconf 87' lang='lat' dir='ltr'><strong>primis,</strong></span> <span class='ocrx_word' id='word_1_168' title='bbox 355 3054 502 3116; x_wconf 84' lang='lat' dir='ltr'><strong>quorum</strong></span> <span class='ocrx_word' id='word_1_169' title='bbox 516 3045 570 3098; x_wconf 89' lang='lat' dir='ltr'><strong>est</strong></span> <span class='ocrx_word' id='word_1_170' title='bbox 583 3037 792 3108; x_wconf 87' lang='lat' dir='ltr'><strong>intellectus,</strong></span> <span class='ocrx_word' id='word_1_171' title='bbox 807 3033 860 3097; x_wconf 81' lang='lat' dir='ltr'><strong>vet</strong></span> <span class='ocrx_word' id='word_1_172' title='bbox 870 3055 932 3115; x_wconf 86' lang='lat' dir='ltr'><strong>per</strong></span> <span class='ocrx_word' id='word_1_173' title='bbox 941 3039 1033 3099; x_wconf 90' lang='lat' dir='ltr'><strong>aliud</strong></span> <span class='ocrx_word' id='word_1_174' title='bbox 1047 3040 1235 3116; x_wconf 85' lang='lat' dir='ltr'><strong>cognitum,</strong></span> 
     </span>
     <span class='ocr_line' id='line_1_25' title="bbox 115 3134 1238 3222; baseline 0.002 -18"><span class='ocrx_word' id='word_1_175' title='bbox 115 3140 202 3204; x_wconf 86' lang='lat' dir='ltr'><strong>sicut</strong></span> <span class='ocrx_word' id='word_1_176' title='bbox 211 3142 301 3219; x_wconf 84' lang='lat' dir='ltr'><strong>patet</strong></span> <span class='ocrx_word' id='word_1_177' title='bbox 315 3141 354 3204; x_wconf 82' lang='lat' dir='ltr'><strong>de</strong></span> <span class='ocrx_word' id='word_1_178' title='bbox 371 3144 664 3214; x_wconf 88' lang='lat' dir='ltr'><strong>conclusionibus,</strong></span> <span class='ocrx_word' id='word_1_179' title='bbox 684 3157 818 3222; x_wconf 80' lang='lat' dir='ltr'><strong>quarum</strong></span> <span class='ocrx_word' id='word_1_180' title='bbox 835 3143 883 3204; x_wconf 88' lang='lat' dir='ltr'><strong>est</strong></span> <span class='ocrx_word' id='word_1_181' title='bbox 896 3134 1040 3207; x_wconf 64' lang='lat' dir='ltr'><strong>nuntie.</strong></span> <span class='ocrx_word' id='word_1_182' title='bbox 1057 3140 1134 3206; x_wconf 86' lang='lat' dir='ltr'><strong>Atio</strong></span> <span class='ocrx_word' id='word_1_183' title='bbox 1147 3143 1238 3206; x_wconf 86' lang='lat' dir='ltr'><strong>modo</strong></span> 
     </span>
     <span class='ocr_line' id='line_1_26' title="bbox 118 3228 1242 3330; baseline 0.001 -18"><span class='ocrx_word' id='word_1_184' title='bbox 118 3247 292 3312; x_wconf 76' lang='lat' dir='ltr'><strong>intellectus</strong></span> <span class='ocrx_word' id='word_1_185' title='bbox 317 3247 452 3312; x_wconf 83' lang='lat' dir='ltr'><strong>assentit</strong></span> <span class='ocrx_word' id='word_1_186' title='bbox 475 3247 589 3322; x_wconf 88' lang='lat' dir='ltr'><strong>alicui,</strong></span> <span class='ocrx_word' id='word_1_187' title='bbox 617 3265 681 3310; x_wconf 92' lang='lat' dir='ltr'><strong>non</strong></span> <span class='ocrx_word' id='word_1_188' title='bbox 705 3246 780 3330; x_wconf 86' lang='lat' dir='ltr'><strong>quia</strong></span> <span class='ocrx_word' id='word_1_189' title='bbox 803 3228 990 3328; x_wconf 74' lang='lat' dir='ltr'><strong>sufficienter</strong></span> <span class='ocrx_word' id='word_1_190' title='bbox 1014 3251 1175 3312; x_wconf 84' lang='lat' dir='ltr'><strong>moneatur</strong></span> <span class='ocrx_word' id='word_1_191' title='bbox 1199 3230 1242 3313; x_wconf 85' lang='lat' dir='ltr'><strong>ub¹</strong></span> 
     </span>
     <span class='ocr_line' id='line_1_27' title="bbox 116 3354 1240 3440; baseline -0.002 -20"><span class='ocrx_word' id='word_1_192' title='bbox 116 3355 234 3440; x_wconf 72' lang='lat' dir='ltr'><strong>objectu</strong></span> <span class='ocrx_word' id='word_1_193' title='bbox 254 3354 398 3435; x_wconf 77' lang='lat' dir='ltr'><strong>proprio,</strong></span> <span class='ocrx_word' id='word_1_194' title='bbox 425 3356 480 3419; x_wconf 84' lang='lat' dir='ltr'><strong>sed</strong></span> <span class='ocrx_word' id='word_1_195' title='bbox 497 3361 556 3436; x_wconf 83' lang='lat' dir='ltr'><strong>per</strong></span> <span class='ocrx_word' id='word_1_196' title='bbox 576 3354 742 3438; x_wconf 77' lang='lat' dir='ltr'><strong>quondm</strong></span> <span class='ocrx_word' id='word_1_197' title='bbox 759 3355 935 3420; x_wconf 81' lang='lat' dir='ltr'><strong>electionem</strong></span> <span class='ocrx_word' id='word_1_198' title='bbox 951 3355 1128 3420; x_wconf 77' lang='lat' dir='ltr'><strong>voluntarie</strong></span> <span class='ocrx_word' id='word_1_199' title='bbox 1144 3354 1240 3420; x_wconf 83' lang='lat' dir='ltr'><strong>decti-</strong></span> 
     </span>
     <span class='ocr_line' id='line_1_28' title="bbox 117 3461 1240 3546; baseline 0.001 -20"><span class='ocrx_word' id='word_1_200' title='bbox 117 3479 201 3526; x_wconf 86' lang='lat' dir='ltr'><strong>nans</strong></span> <span class='ocrx_word' id='word_1_201' title='bbox 218 3462 252 3526; x_wconf 90' lang='lat' dir='ltr'><strong>in</strong></span> <span class='ocrx_word' id='word_1_202' title='bbox 270 3477 365 3526; x_wconf 86' lang='lat' dir='ltr'><strong>unam</strong></span> <span class='ocrx_word' id='word_1_203' title='bbox 379 3465 501 3542; x_wconf 82' lang='lat' dir='ltr'><strong>partem</strong></span> <span class='ocrx_word' id='word_1_204' title='bbox 518 3461 618 3544; x_wconf 82' lang='lat' dir='ltr'><strong>magis</strong></span> <span class='ocrx_word' id='word_1_205' title='bbox 635 3479 728 3545; x_wconf 81' lang='lat' dir='ltr'><strong>quam</strong></span> <span class='ocrx_word' id='word_1_206' title='bbox 746 3461 781 3525; x_wconf 92' lang='lat' dir='ltr'><strong>in</strong></span> <span class='ocrx_word' id='word_1_207' title='bbox 802 3461 911 3526; x_wconf 74' lang='lat' dir='ltr'><strong>alium.</strong></span> <span class='ocrx_word' id='word_1_208' title='bbox 931 3462 974 3526; x_wconf 82' lang='lat' dir='ltr'><strong>Et</strong></span> <span class='ocrx_word' id='word_1_209' title='bbox 993 3461 1025 3526; x_wconf 91' lang='lat' dir='ltr'><strong>si</strong></span> <span class='ocrx_word' id='word_1_210' title='bbox 1044 3462 1168 3546; x_wconf 74' lang='lat' dir='ltr'><strong>quedem</strong></span> <span class='ocrx_word' id='word_1_211' title='bbox 1185 3462 1240 3527; x_wconf 82' lang='lat' dir='ltr'><strong>boc</strong></span> 
     </span>
     <span class='ocr_line' id='line_1_29' title="bbox 113 3568 1325 3652; baseline 0.002 -20"><span class='ocrx_word' id='word_1_212' title='bbox 113 3570 180 3646; x_wconf 85' lang='lat' dir='ltr'><strong>fiat</strong></span> <span class='ocrx_word' id='word_1_213' title='bbox 197 3587 267 3633; x_wconf 89' lang='lat' dir='ltr'><strong>cum</strong></span> <span class='ocrx_word' id='word_1_214' title='bbox 288 3568 480 3650; x_wconf 78' lang='lat' dir='ltr'><strong>dubitatione</strong></span> <span class='ocrx_word' id='word_1_215' title='bbox 501 3571 534 3632; x_wconf 90' lang='lat' dir='ltr'><strong>et</strong></span> <span class='ocrx_word' id='word_1_216' title='bbox 544 3569 720 3652; x_wconf 78' lang='lat' dir='ltr'><strong>sornzitine</strong></span> <span class='ocrx_word' id='word_1_217' title='bbox 741 3569 873 3634; x_wconf 88' lang='lat' dir='ltr'><strong>alterius</strong></span> <span class='ocrx_word' id='word_1_218' title='bbox 893 3569 1014 3649; x_wconf 80' lang='lat' dir='ltr'><strong>partis,</strong></span> <span class='ocrx_word' id='word_1_219' title='bbox 1039 3569 1103 3634; x_wconf 84' lang='lat' dir='ltr'><strong>erit</strong></span> <span class='ocrx_word' id='word_1_220' title='bbox 1120 3568 1237 3650; x_wconf 84' lang='lat' dir='ltr'><strong>opinio,</strong></span> <span class='ocrx_word' id='word_1_221' title='bbox 1322 3637 1325 3642; x_wconf 72' lang='grc'><strong>,</strong></span> 
     </span>
     <span class='ocr_line' id='line_1_30' title="bbox 115 3675 1237 3763; baseline -0.001 -22"><span class='ocrx_word' id='word_1_222' title='bbox 115 3676 149 3742; x_wconf 89' lang='lat' dir='ltr'><strong>si</strong></span> <span class='ocrx_word' id='word_1_223' title='bbox 172 3679 275 3740; x_wconf 68' lang='lat' dir='ltr'><strong>auum</strong></span> <span class='ocrx_word' id='word_1_224' title='bbox 296 3676 339 3741; x_wconf 91' lang='lat' dir='ltr'><strong>sit</strong></span> <span class='ocrx_word' id='word_1_225' title='bbox 358 3693 428 3740; x_wconf 87' lang='lat' dir='ltr'><strong>cuns</strong></span> <span class='ocrx_word' id='word_1_226' title='bbox 449 3675 634 3740; x_wconf 80' lang='lat' dir='ltr'><strong>certitudine</strong></span> <span class='ocrx_word' id='word_1_227' title='bbox 655 3675 769 3759; x_wconf 73' lang='lat' dir='ltr'><strong>arisque</strong></span> <span class='ocrx_word' id='word_1_228' title='bbox 792 3676 850 3740; x_wconf 86' lang='lat' dir='ltr'><strong>tati</strong></span> <span class='ocrx_word' id='word_1_229' title='bbox 861 3675 1053 3760; x_wconf 54' lang='lat' dir='ltr'><strong>ferrumine,</strong></span> <span class='ocrx_word' id='word_1_230' title='bbox 1072 3675 1237 3763; x_wconf 79' lang='lat' dir='ltr'><strong>eritfides.</strong></span> 
     </span>
     <span class='ocr_line' id='line_1_31' title="bbox 117 3782 1241 3868; baseline 0.001 -19"><span class='ocrx_word' id='word_1_231' title='bbox 117 3784 179 3849; x_wconf 87' lang='lat' dir='ltr'><strong>llla</strong></span> <span class='ocrx_word' id='word_1_232' title='bbox 196 3787 299 3848; x_wconf 87' lang='lat' dir='ltr'><strong>autem</strong></span> <span class='ocrx_word' id='word_1_233' title='bbox 316 3787 426 3850; x_wconf 87' lang='lat' dir='ltr'><strong>videri</strong></span> <span class='ocrx_word' id='word_1_234' title='bbox 442 3782 609 3858; x_wconf 81' lang='lat' dir='ltr'><strong>dicunner,</strong></span> <span class='ocrx_word' id='word_1_235' title='bbox 634 3801 703 3868; x_wconf 76' lang='lat' dir='ltr'><strong>quea</strong></span> <span class='ocrx_word' id='word_1_236' title='bbox 719 3789 779 3866; x_wconf 83' lang='lat' dir='ltr'><strong>per</strong></span> <span class='ocrx_word' id='word_1_237' title='bbox 794 3783 895 3863; x_wconf 84' lang='lat' dir='ltr'><strong>seipsa</strong></span> <span class='ocrx_word' id='word_1_238' title='bbox 912 3787 1037 3848; x_wconf 85' lang='lat' dir='ltr'><strong>monent</strong></span> <span class='ocrx_word' id='word_1_239' title='bbox 1050 3783 1241 3850; x_wconf 85' lang='lat' dir='ltr'><strong>intellectum</strong></span> 
     </span>
     <span class='ocr_line' id='line_1_32' title="bbox 116 3887 898 3979; baseline -0.001 -23"><span class='ocrx_word' id='word_1_240' title='bbox 116 3893 259 3956; x_wconf 78' lang='lat' dir='ltr'><strong>nostrum</strong></span> <span class='ocrx_word' id='word_1_241' title='bbox 277 3891 330 3956; x_wconf 84' lang='lat' dir='ltr'><strong>oet</strong></span> <span class='ocrx_word' id='word_1_242' title='bbox 343 3908 468 3956; x_wconf 81' lang='lat' dir='ltr'><strong>seruum</strong></span> <span class='ocrx_word' id='word_1_243' title='bbox 485 3891 529 3955; x_wconf 83' lang='lat' dir='ltr'><strong>ad</strong></span> <span class='ocrx_word' id='word_1_244' title='bbox 544 3890 597 3956; x_wconf 86' lang='lat' dir='ltr'><strong>sui</strong></span> <span class='ocrx_word' id='word_1_245' title='bbox 613 3890 816 3974; x_wconf 83' lang='lat' dir='ltr'><strong>cognitionem</strong></span> <span class='ocrx_word' id='word_1_246' title='bbox 832 3887 846 3979; x_wconf 96' lang='lat'>(</span> <span class='ocrx_word' id='word_1_247' title='bbox 872 3887 898 3978; x_wconf 91' lang='lat'><strong>).</strong></span> 
     </span>
    </p>

    <p class='ocr_par' dir='ltr' id='par_1_8' title="bbox 116 3997 1240 4189">
     <span class='ocr_line' id='line_1_33' title="bbox 181 3997 1240 4082; baseline 0 -18"><span class='ocrx_word' id='word_1_248' title='bbox 181 4003 299 4066; x_wconf 85' lang='lat' dir='ltr'><strong>Tertia</strong></span> <span class='ocrx_word' id='word_1_249' title='bbox 319 4021 400 4082; x_wconf 84' lang='lat' dir='ltr'><strong>pars</strong></span> <span class='ocrx_word' id='word_1_250' title='bbox 414 4002 580 4065; x_wconf 85' lang='lat' dir='ltr'><strong>Minoris:</strong></span> <span class='ocrx_word' id='word_1_251' title='bbox 601 3998 764 4064; x_wconf 79' lang='lat' dir='ltr'><strong>Evidenteir</strong></span> <span class='ocrx_word' id='word_1_252' title='bbox 788 4001 836 4063; x_wconf 87' lang='lat' dir='ltr'><strong>est</strong></span> <span class='ocrx_word' id='word_1_253' title='bbox 857 3999 969 4064; x_wconf 84' lang='lat' dir='ltr'><strong>ultima</strong></span> <span class='ocrx_word' id='word_1_254' title='bbox 993 3997 1076 4065; x_wconf 84' lang='lat' dir='ltr'><strong>ratio</strong></span> <span class='ocrx_word' id='word_1_255' title='bbox 1095 4017 1240 4064; x_wconf 80' lang='lat' dir='ltr'><strong>assensus</strong></span> 
     </span>
     <span class='ocr_line' id='line_1_34' title="bbox 116 4105 807 4189; baseline -0.001 -18"><span class='ocrx_word' id='word_1_256' title='bbox 116 4109 205 4171; x_wconf 87' lang='lat' dir='ltr'><strong>certo</strong></span> <span class='ocrx_word' id='word_1_257' title='bbox 223 4106 293 4171; x_wconf 87' lang='lat' dir='ltr'><strong>veri</strong></span> <span class='ocrx_word' id='word_1_258' title='bbox 308 4106 343 4170; x_wconf 85' lang='lat' dir='ltr'><strong>in</strong></span> <span class='ocrx_word' id='word_1_259' title='bbox 361 4105 558 4171; x_wconf 82' lang='lat' dir='ltr'><strong>naturatibus</strong></span> <span class='ocrx_word' id='word_1_260' title='bbox 569 4105 807 4189; x_wconf 85' lang='lat' dir='ltr'><strong>cognitionibus.</strong></span> 
     </span>
    </p>

    <p class='ocr_par' dir='ltr' id='par_1_9' title="bbox 116 4211 1241 4618">
     <span class='ocr_line' id='line_1_35' title="bbox 188 4211 1240 4298; baseline 0 -20"><span class='ocrx_word' id='word_1_261' title='bbox 188 4211 272 4288; x_wconf 86' lang='lat' dir='ltr'><strong>Quia</strong></span> <span class='ocrx_word' id='word_1_262' title='bbox 291 4213 374 4279; x_wconf 89' lang='lat' dir='ltr'><strong>sicut</strong></span> <span class='ocrx_word' id='word_1_263' title='bbox 394 4213 520 4279; x_wconf 92' lang='lat' dir='ltr'><strong>nullum</strong></span> <span class='ocrx_word' id='word_1_264' title='bbox 541 4213 721 4287; x_wconf 89' lang='lat' dir='ltr'><strong>motivum,</strong></span> <span class='ocrx_word' id='word_1_265' title='bbox 743 4212 802 4278; x_wconf 91' lang='lat' dir='ltr'><strong>nisi</strong></span> <span class='ocrx_word' id='word_1_266' title='bbox 822 4211 984 4280; x_wconf 87' lang='lat' dir='ltr'><strong>evidentia</strong></span> <span class='ocrx_word' id='word_1_267' title='bbox 1005 4214 1162 4290; x_wconf 81' lang='lat' dir='ltr'><strong>donetur,</strong></span> <span class='ocrx_word' id='word_1_268' title='bbox 1186 4214 1240 4298; x_wconf 90' lang='lat' dir='ltr'><strong>gi-</strong></span> 
     </span>
     <span class='ocr_line' id='line_1_36' title="bbox 116 4320 1240 4405; baseline 0.001 -20"><span class='ocrx_word' id='word_1_269' title='bbox 116 4332 220 4405; x_wconf 85' lang='lat' dir='ltr'><strong>gnere</strong></span> <span class='ocrx_word' id='word_1_270' title='bbox 238 4321 324 4385; x_wconf 90' lang='lat' dir='ltr'><strong>valet</strong></span> <span class='ocrx_word' id='word_1_271' title='bbox 343 4339 514 4386; x_wconf 86' lang='lat' dir='ltr'><strong>assensum</strong></span> <span class='ocrx_word' id='word_1_272' title='bbox 533 4328 671 4394; x_wconf 87' lang='lat' dir='ltr'><strong>certum,</strong></span> <span class='ocrx_word' id='word_1_273' title='bbox 692 4320 734 4386; x_wconf 86' lang='lat' dir='ltr'><strong>ita</strong></span> <span class='ocrx_word' id='word_1_274' title='bbox 760 4338 986 4404; x_wconf 84' lang='lat' dir='ltr'><strong>quaequmque</strong></span> <span class='ocrx_word' id='word_1_275' title='bbox 1003 4322 1137 4388; x_wconf 88' lang='lat' dir='ltr'><strong>tandem</strong></span> <span class='ocrx_word' id='word_1_276' title='bbox 1159 4320 1240 4386; x_wconf 88' lang='lat' dir='ltr'><strong>ratio</strong></span> 
     </span>
     <span class='ocr_line' id='line_1_37' title="bbox 118 4426 1239 4512; baseline 0 -20"><span class='ocrx_word' id='word_1_277' title='bbox 118 4429 318 4512; x_wconf 88' lang='lat' dir='ltr'><strong>producatur</strong></span> <span class='ocrx_word' id='word_1_278' title='bbox 343 4429 374 4494; x_wconf 90' lang='lat' dir='ltr'><strong>in</strong></span> <span class='ocrx_word' id='word_1_279' title='bbox 396 4428 540 4494; x_wconf 90' lang='lat' dir='ltr'><strong>medium</strong></span> <span class='ocrx_word' id='word_1_280' title='bbox 562 4429 595 4493; x_wconf 94' lang='lat' dir='ltr'><strong>in</strong></span> <span class='ocrx_word' id='word_1_281' title='bbox 619 4426 902 4496; x_wconf 81' lang='lat' dir='ltr'><strong>confirmationem</strong></span> <span class='ocrx_word' id='word_1_282' title='bbox 922 4429 1080 4506; x_wconf 90' lang='lat' dir='ltr'><strong>veritatis,</strong></span> <span class='ocrx_word' id='word_1_283' title='bbox 1108 4447 1239 4512; x_wconf 91' lang='lat' dir='ltr'><strong>semper</strong></span> 
     </span>
     <span class='ocr_line' id='line_1_38' title="bbox 118 4534 1241 4618; baseline -0.002 -17"><span class='ocrx_word' id='word_1_284' title='bbox 118 4543 221 4601; x_wconf 87' lang='lat' dir='ltr'><strong>restat</strong></span> <span class='ocrx_word' id='word_1_285' title='bbox 239 4536 373 4602; x_wconf 88' lang='lat' dir='ltr'><strong>ulterius</strong></span> <span class='ocrx_word' id='word_1_286' title='bbox 390 4534 511 4618; x_wconf 87' lang='lat' dir='ltr'><strong>aliquid</strong></span> <span class='ocrx_word' id='word_1_287' title='bbox 530 4535 777 4617; x_wconf 87' lang='lat' dir='ltr'><strong>inquirendum,</strong></span> <span class='ocrx_word' id='word_1_288' title='bbox 798 4535 903 4601; x_wconf 92' lang='lat' dir='ltr'><strong>donec</strong></span> <span class='ocrx_word' id='word_1_289' title='bbox 917 4537 959 4601; x_wconf 83' lang='lat' dir='ltr'><strong>ad</strong></span> <span class='ocrx_word' id='word_1_290' title='bbox 972 4537 1168 4602; x_wconf 87' lang='lat' dir='ltr'><strong>evidentiam</strong></span> <span class='ocrx_word' id='word_1_291' title='bbox 1183 4535 1241 4600; x_wconf 83' lang='lat' dir='ltr'><strong>liat</strong></span> 
     </span>
    </p>
   </div>
   <div class='ocr_carea' id='block_1_5' title="bbox 117 4711 400 4723">
    <p class='ocr_par' dir='ltr' id='par_1_10' title="bbox 117 4711 400 4723">
     <span class='ocr_line' id='line_1_39' title="bbox 117 4711 400 4723; baseline 0.004 -3"><span class='ocrx_word' id='word_1_292' title='bbox 117 4711 400 4723; x_wconf 67' lang='lat'>————-</span> 
     </span>
    </p>
   </div>
   <div class='ocr_carea' id='block_1_6' title="bbox 156 4767 500 4841">
    <p class='ocr_par' dir='ltr' id='par_1_11' title="bbox 156 4767 500 4841">
     <span class='ocr_line' id='line_1_40' title="bbox 156 4767 500 4841; baseline 0.006 -17"><span class='ocrx_word' id='word_1_293' title='bbox 156 4767 198 4839; x_wconf 90' lang='lat' dir='ltr'><strong>(r)</strong></span> <span class='ocrx_word' id='word_1_294' title='bbox 233 4787 302 4838; x_wconf 74' lang='lat' dir='ltr'><strong>m,</strong></span> <span class='ocrx_word' id='word_1_295' title='bbox 318 4787 347 4839; x_wconf 91' lang='lat' dir='ltr'><strong>q.</strong></span> <span class='ocrx_word' id='word_1_296' title='bbox 362 4789 389 4838; x_wconf 85' lang='lat' dir='ltr'><strong>r,</strong></span> <span class='ocrx_word' id='word_1_297' title='bbox 404 4781 458 4828; x_wconf 82' lang='lat' dir='ltr'><strong>ert.</strong></span> <span class='ocrx_word' id='word_1_298' title='bbox 471 4787 500 4841; x_wconf 85' lang='lat'><strong>4.</strong></span> 
     </span>
    </p>
   </div>
   <div class='ocr_carea' id='block_1_7' title="bbox 0 0 1754 5525">
    <p class='ocr_par' dir='ltr' id='par_1_12' title="bbox 0 0 1754 5525">
     <span class='ocr_line' id='line_1_41' title="bbox 0 0 1754 5525; baseline 0 0"><span class='ocrx_word' id='word_1_299' title='bbox 0 0 1754 5525; x_wconf 95' lang='lat' dir='ltr'><strong> </strong></span> 
     </span>
    </p>
   </div>
  </div>
 </body>
</html>
