3492 5525
562 462 617 529 592
671 446 799 511 Locrcl
815 447 1042 521 Maron-Lm.
1062 461 1130 521 ψ,
1147 447 1238 509 Drsn.
1252 459 1302 529 4⁸
1316 448 1395 509 Cae.
1416 459 1484 508 ram

585 636 690 715 Resp.
700 630 860 715 distinguo
871 630 976 696 antec.
991 627 1215 713 Cognitiones,
1227 647 1302 711 quae
1314 627 1459 695 relationi
1475 646 1640 695 sensuum

519 737 701 805 innituntur
718 738 801 805 circa
813 736 977 804 sensibilia
994 737 1184 802 communia
1203 746 1235 802 et
1254 754 1312 821 per
1330 736 1495 811 accidens,
1518 740 1642 817 trans,-

518 847 599 912 circa
614 845 776 912 sensibilia
796 846 941 930 propria,
956 844 1104 926 subdisl.;
1119 843 1261 910 scientie
1276 845 1438 910 naturales
1457 844 1641 910 ostendunt

519 957 613 1020 lalsas
633 973 704 1020 esse
718 952 905 1039 hujusmodi
920 951 1124 1037 cognitiones
1138 971 1196 1036 per
1210 949 1372 1029 accidens,
1390 951 1467 1035 quia
1483 951 1640 1017 nimirum

519 1075 615 1129 rectae
634 1060 829 1145 perceptioni
859 1060 1010 1127 obstabat
1035 1058 1308 1144 impedimentum
1338 1059 1470 1143 aliquod
1497 1058 1568 1124 sive
1599 1078 1641 1124 ex

519 1180 607 1255 parte
626 1170 739 1255 organi
758 1168 827 1235 sive
845 1187 886 1233 ex
904 1176 994 1251 parte
1014 1167 1130 1241 medii,
1149 1184 1252 1243 conc„
1274 1186 1332 1251 per
1344 1186 1380 1233 se
1398 1186 1466 1250 neg.

471 1277 472 1286 ’
585 1278 622 1342 Et
641 1277 680 1342 ad
699 1263 835 1342 alterum
856 1276 971 1341 eadem
992 1282 1061 1340 esto
1081 1274 1262 1358 responsio.

563 1389 671 1469 obite.
701 1383 753 1451 a.⁰
801 1384 926 1450 Sensus
955 1382 1098 1447 referunt
1126 1381 1234 1447 inesse
1262 1382 1451 1465 corporibus
1477 1385 1638 1461 calorem,

518 1510 681 1576 saporem,
702 1484 836 1557 odorem
854 1501 1053 1572 caeterasque
1070 1490 1242 1572 qualitates
1259 1490 1441 1558 sensibiles.
1462 1490 1564 1575 Atqui
1588 1494 1642 1557 hae

520 1620 630 1669 revera
656 1618 722 1666 non
742 1599 869 1665 suntin
890 1596 1096 1681 corporibus,
1116 1597 1174 1661 sed
1197 1597 1230 1661 in
1258 1596 1330 1680 ipso
1358 1599 1536 1676 sentiente,
1558 1620 1638 1665 nam

519 1708 678 1795 quidquid
697 1708 737 1773 ad
755 1706 976 1773 sensationem
995 1714 1135 1788 spectat,
1149 1705 1182 1770 in
1202 1706 1362 1771 sentiente
1381 1716 1442 1774 est.
1463 1708 1549 1793 Ergo
1561 1728 1642 1775 sen·

519 1837 575 1885 sus
588 1818 678 1883 aliter
688 1815 814 1901 objecta
826 1816 980 1889 referunt,
995 1832 1031 1877 ac
1045 1814 1111 1879 sint
1124 1812 1296 1897 in'seipsis,
1312 1814 1453 1898 ideoque
1467 1817 1637 1887 falluntur.

583 1933 687 2009 Reep.
703 1924 778 1992 dist.
795 1924 910 2003 Major.
927 1921 1052 1987 Sensus
1067 1921 1209 1986 referunt
1222 1920 1328 1987 inesse
1343 1924 1535 2007 corporibus
1553 1932 1641 1997 calo-

518 2053 604 2109 rem,
621 2050 789 2118 saporem,
806 2030 941 2097 odorem
960 2040 1023 2095 etc.
1039 2028 1072 2094 id
1086 2037 1136 2094 est
1149 2030 1369 2097 sensationem
1384 2050 1442 2100 seu
1458 2040 1640 2121 perceptio·

519 2160 594 2207 nem
614 2141 744 2216 caloris,
768 2138 893 2224 saporis
911 2146 974 2202 etc.
999 2155 1085 2222 neg„
1105 2138 1278 2220 qualitates
1292 2138 1378 2222 ipsas
1392 2142 1523 2219 caloris,
1540 2164 1640 2231 sapo-

468 2296 470 2305 .
519 2249 561 2314 ris
575 2257 637 2315 etc.
655 2266 728 2332 quae
743 2254 821 2312 sunt
836 2244 996 2312 terminus
1011 2244 1254 2329 perceptionum
1269 2247 1488 2326 sensibilium,
1502 2270 1591 2319 conc.

585 2357 621 2422 Et
638 2354 823 2421 contradist.
840 2355 940 2428 Min„
961 2371 1033 2437 neg.
1057 2372 1210 2435 conseq„
1233 2354 1368 2437 ejusque
1394 2341 1636 2440 probationem,

516 2465 692 2549 distinguo,·
711 2462 869 2546 quidquid
888 2470 1014 2545 spectat
1036 2460 1076 2534 ad
1101 2463 1320 2527 sensationem
1337 2464 1505 2551 subjective
1528 2470 1639 2536 consi·
1735 2481 1736 2528 t

516 2574 674 2649 deratam,
692 2576 806 2646 trans„
830 2570 988 2655 objective
1004 2588 1060 2635 seu
1078 2568 1282 2634 terminative
1296 2573 1548 2652 consideratam,
1562 2598 1636 2662 neg.
1735 2603 1736 2648 f

580 2682 664 2745 Nam
684 2679 860 2744 terminum
882 2685 915 2740 et
933 2677 1097 2757 objectum
1117 2678 1343 2745 sensationum
1364 2691 1548 2748 nostrarum
1569 2704 1637 2752 non

515 2809 586 2855 esse
610 2773 729 2871 ailquid
753 2788 835 2852 reale
862 2796 953 2851 extra
978 2804 1039 2850 nos
1063 2785 1225 2870 positum,
1256 2789 1309 2852 ille
1334 2790 1425 2855 solus
1454 2793 1635 2876 negaverit,

514 2898 570 2981 qui
584 2897 697 2962 mundi
712 2897 809 2980 hujus
826 2893 970 2978 corporei
988 2892 1157 2959 veritatem
1172 2902 1271 2977 atque
1290 2895 1494 2963 existentiam
1514 2899 1638 2966 inlicia-

512 3014 583 3084 tus,
605 3022 724 3089 purum
740 3014 858 3088 putum
878 2999 1083 3067 idealismum
1094 3002 1319 3084 amplectatur.
1340 3003 1467 3087 ltaque,
1481 3005 1541 3072 nisi
1557 3009 1638 3074 veli-

515 3131 589 3180 mus
607 3130 683 3178 cum
713 3109 866 3176 idealistis
884 3117 996 3174 contra
1015 3126 1149 3174 sensum
1169 3126 1381 3175 communem
1408 3115 1559 3180 omnium
1585 3134 1637 3182 sa-

515 3239 655 3302 namque
676 3219 848 3292 rationem,
865 3215 969 3282 dicere
988 3217 1193 3282 sensationes
1216 3235 1289 3283 esse
1313 3218 1451 3285 totidem
1468 3221 1636 3290 illusiones

515 3327 635 3394 mentis
655 3337 791 3402 nostrae,
814 3324 935 3408 quibus
957 3322 1043 3419 'nihil
1062 3322 1154 3389 extra
1180 3325 1371 3408 respondet,
1392 3327 1561 3396 latendum
1586 3341 1637 3397 est

513 3435 685 3519 qualitates
699 3433 868 3499 sensibiles
887 3450 959 3496 esse
975 3431 1102 3496 realiter
1119 3431 1152 3496 in
1168 3430 1248 3515 ipsis
1263 3434 1470 3515 corporibus.

581 3542 664 3609 Nota
683 3551 793 3606 autem
820 3540 997 3605 realitatem
1025 3539 1219 3623 qualitatum
1249 3540 1469 3619 sensibilium,
1501 3543 1635 3627 quaein

514 3651 591 3736 ipsis
628 3649 818 3735 corporibus
845 3647 1004 3721 existant,
1033 3636 1384 3732 apprehendanturque
1412 3669 1431 3714 a
1468 3652 1632 3729 sensibus,

514 3759 611 3846 posse
626 3757 770 3824 bilariam
787 3753 1002 3840 propugnari;
1018 3755 1123 3838 primo
1138 3764 1301 3837 quatenus
1315 3755 1357 3820 ita
1376 3755 1441 3823 sint
1456 3757 1490 3823 in
1504 3759 1634 3844 seipsis,

515 3875 610 3953 prout
629 3864 722 3931 nobis
742 3871 913 3949 apparent,
935 3882 971 3928 ac
997 3862 1141 3928 relucent
1170 3860 1298 3947 inipso
1325 3872 1400 3929 actu
1425 3867 1633 3950 sensationis;

513 3975 658 4041 secundo
677 3981 858 4056 quatenus,
874 3971 946 4035 licet
965 3988 1030 4034 non
1054 3969 1096 4035 sit
1119 3971 1294 4035 formaliter
1312 3989 1371 4036 seu
1390 3991 1429 4037 eo
1449 3974 1635 4059 modoque

514 4079 608 4149 nobis
627 4088 798 4166 apparent,
819 4078 885 4144 sint
904 4087 1015 4143 tamen
1033 4077 1207 4172 causaliter.
1227 4085 1261 4142 et
1281 4077 1433 4162 effective,
1453 4081 1531 4180 quia
1557 4095 1636 4150 sunt

514 4189 634 4273 aliquid
659 4189 758 4264 reale,
779 4187 868 4271 quod
888 4186 920 4251 in
940 4184 1091 4252 sensibus
1119 4184 1238 4251 nostris
1257 4185 1376 4253 excitet
1403 4185 1636 4273 impressiones

514 4297 601 4372 illas,
622 4313 704 4380 quas
719 4312 876 4362 vocamus
892 4291 1106 4359 sensationes.
1128 4291 1274 4359 Primum
1296 4303 1411 4360 tenent
1429 4295 1634 4381 Scholastici3

514 4407 650 4472 alterum
671 4403 843 4470 Atomistae
867 4421 904 4467 ac
928 4400 1056 4488 Pyhsici
1074 4401 1273 4484 complures,
1287 4401 1442 4470 docentes
1464 4405 1637 4487 qualitates

514 4512 681 4579 sensibiles
710 4529 822 4595 reapse
842 4528 908 4575 non
932 4527 1004 4575 esse
1030 4507 1091 4574 nisi
1120 4516 1230 4577 motus
1251 4509 1359 4576 varios
1386 4522 1573 4580 atomorum
1599 4535 1636 4581 ac

514 4620 765 4695 molecularum,
782 4617 903 4701 quibus
913 4633 1048 4701 corpora
1066 4617 1268 4692 coalescunt,
1284 4617 1436 4700 quamvis
1455 4605 1553 4688 nobis
1567 4641 1637 4690 non

475 4785 481 4798 .
514 4736 688 4816 appareant
711 4735 882 4810 tamquam
902 4735 1026 4793 motus.
1052 4723 1180 4791 Scilicet
1207 4725 1349 4802 colores,
1377 4726 1547 4816 inquiunt,
1569 4749 1638 4798 non
