3492 5525
285 443 364 506 Cen.
383 456 453 526 3³¹¹·
470 440 522 507 Dc
538 458 751 507 inuonenrrn
765 461 877 519 nrQue
891 462 1014 507 ennon.
1033 462 1152 509 causis
1182 445 1241 529 635

156 628 232 695 alibi
251 624 302 717 (r)
316 626 533 714 ignorantiam
548 645 619 695 esse
633 612 775 695 scienrtai
789 629 981 711 carentiam;
1002 648 1091 696 error
1105 626 1216 698 autern
1232 641 1283 698 est
1336 643 1458 690 ulmae„

154 734 302 822 cognitio
321 735 459 821 positive
478 735 636 801 difformis
655 734 800 823 objecto,
825 737 879 804 vel
897 736 988 803 aliter
1005 755 1137 805 errae...
1156 742 1207 805 est
1227 745 1283 821 ap·
1314 715 1479 831 ''⁸⁰3⁸''ss

149 844 287 927 probare
295 844 386 929 salsa
399 850 461 926 pro
474 843 576 909 veris:
595 846 678 909 unde
691 844 785 911 aaait
795 846 900 911 aetum
912 848 1077 930 quemdam
1089 854 1182 929 super
1194 846 1284 929 igno·

154 952 307 1018 ranmm.
326 952 432 1017 Potest
447 950 530 1017 enim
543 970 608 1016 esse
626 950 809 1035 ignorantia
826 952 895 1017 sine
917 952 988 1028 bac,
1008 955 1092 1037 quad
1111 952 1228 1037 niquis
1245 955 1283 1018 de

154 1059 272 1144 ignotis
289 1058 471 1125 sententiam
480 1059 586 1143 serat,
611 1062 644 1123 et
667 1062 741 1125 tuna
766 1059 919 1143 ignorans
940 1064 1002 1137 est,
1023 1062 1055 1126 et
1076 1079 1139 1127 nan
1156 1077 1283 1141 manu

153 1169 215 1233 sed
230 1168 354 1251 qamndo
365 1170 437 1253 jam
444 1168 565 1252 salsam
581 1167 768 1233 sententiam
775 1168 845 1253 sert
859 1168 899 1233 de
916 1167 977 1244 iis,
996 1184 1066 1252 quae
1082 1168 1197 1245 nescit,
1217 1172 1284 1233 tum

147 1275 282 1359 proprie
297 1274 418 1340 dieitur
433 1292 542 1341 errare
557 1270 623 1360 (2).

225 1382 309 1447 Nota
336 1389 446 1479 autem
474 1380 575 1458 bene,
597 1380 756 1464 judicium
775 1381 903 1446 ialsum'
918 1398 1013 1466 posse
1039 1400 1096 1447 ese
1115 1381 1282 1466 probabile
1310 1392 1482 1439 anatemati·

152 1508 196 1555 ac
214 1488 373 1573 prudens;
390 1506 426 1553 ac
443 1499 515 1555 tunt
534 1486 662 1573 proprie
673 1507 738 1555 nnn
752 1488 879 1554 videtur
890 1488 957 1553 dari
969 1506 1056 1555 error
1072 1489 1132 1555 nisi
1152 1497 1279 1556 tantum
1316 1467 1473 1512 ‘'⁰¹⁸¹“¹¹¹¹⁸'

152 1596 352 1676 nuterialis;
371 1612 459 1673 error
481 1594 569 1663 enirn
580 1596 730 1681 formalis
756 1597 921 1673 continet,
950 1595 975 1663 si
1004 1596 1162 1681 inrigare
1190 1598 1282 1680 loqui

153 1704 317 1781 velimus,
333 1702 491 1789 judicium
512 1703 646 1785 falsum,
666 1703 757 1788 quod
768 1702 979 1787 improbabile
988 1703 1031 1769 sit
1045 1712 1142 1788 atque
1158 1705 1282 1790 impru-

151 1814 252 1879 dens.
263 1809 373 1887 Quare
386 1810 502 1878 dicitur
516 1828 604 1877 error
614 1828 686 1877 esse
701 1818 891 1895 peccatum,
909 1813 1174 1896 praesumptionis
1189 1830 1282 1877 nern-
1309 1852 1312 1862 ·

153 1938 218 2005 pe;
238 1937 301 1984 non
318 1916 401 1985 enim
413 1921 460 1985 est
473 1918 588 2003 absque
592 1919 847 2001 presumptione,
858 1922 942 2004 quod
952 1920 1069 2004 alienis
1081 1922 1120 1985 de
1131 1920 1283 2004 ignoratis

152 2028 344 2095 sententiam
358 2028 464 2113 serat,
489 2030 520 2092 et
541 2026 674 2091 maxime
695 2026 731 2090 in
753 2026 865 2111 quibus
882 2028 1059 2109 perieulum
1084 2026 1192 2093 existit
1214 2026 1279 2113 (3).

153 2133 395 2211 Nihilominus,
415 2152 489 2199 cum
509 2151 655 2200 errorum
676 2152 781 2200 causae
800 2133 1057 2219 investigantur,
1079 2152 1167 2202 error
1186 2135 1281 2202 latius

155 2242 312 2327 accipitur
331 2260 389 2327 pro
408 2243 486 2309 falsa
505 2240 692 2326 simpliciter
705 2241 905 2327 cognitione.
1011 2290 1016 2301 .
1114 2276 1118 2289 ·

225 2356 303 2435 Jarn
317 2372 433 2417 cause
447 2355 650 2433 ignorantiae
664 2363 765 2432 atque
779 2372 939 2417 errorum
952 2350 1022 2416 aliae
1036 2358 1114 2417 sunt
1128 2348 1277 2427 internae,
1304 2362 1383 2407 cause
1393 2376 1488 2405 enorum

154 2459 229 2525 aliae
243 2466 396 2524 externae.
415 2456 539 2525 Causas
554 2457 696 2523 internas
712 2474 794 2523 voco
805 2458 887 2534 illas,
899 2474 974 2542 quae
987 2466 1064 2524 sunt
1076 2458 1160 2524 intra
1169 2459 1278 2541 ipsum
1321 2442 1469 2549 Ὗζζζῗ

155 2566 345 2642 bominem,
367 2566 423 2649 qui
441 2562 599 2648 decipitur
626 2566 677 2629 vel
706 2565 849 2649 ignorat,
875 2573 1028 2631 externas
1046 2573 1157 2631 autem
1186 2565 1278 2641 alias,
1332 2586 1463 2622 cienena·

154 2692 233 2759 quae
252 2681 342 2740 extra
360 2673 469 2758 ipsunt
489 2682 580 2741 sunt.

210 2799 281 2865 ¹42·
330 2781 435 2848 Prima
464 2799 561 2847 causa
588 2781 714 2846 interna
732 2780 848 2846 erroris
871 2779 1146 2866 ignorantiaeque,
1169 2790 1282 2847 estna-

156 2891 227 2956 tiva
249 2889 430 2955 intellectus
449 2886 652 2954 imbecillitas
670 2898 703 2954 et
721 2885 896 2953 difficultas
917 2889 1137 2972 cognoscendi
1156 2906 1221 2955 res.
1237 2887 1280 2953 At

155 2997 316 3081 quoniam
337 2995 519 3063 intellectus
542 2995 768 3060 habitudinem
793 2995 948 3079 importat
968 2995 1009 3060 ad
1035 2996 1201 3080 objectum
1226 3015 1282 3061 co-

154 3104 404 3190 gnoscendum,
422 3112 455 3168 et
469 3103 613 3188 cognitio
627 3102 696 3187 ipsa
711 3103 876 3187 peragitur
890 3121 930 3167 ex
944 3120 1105 3169 concursu
1119 3103 1235 3188 objecti
1247 3112 1279 3170 et
1335 3117 1454 3164 uicenam

155 3213 361 3287 intellectus,
378 3210 517 3277 dubitari
530 3219 653 3295 potest,
667 3218 778 3276 utrum
792 3210 966 3276 difficultas
979 3213 1047 3276 haec
1058 3210 1278 3296 cognoscendi
1309 3190 1475 3308 ffifflffw

156 3305 327 3406 proveniat
346 3319 455 3404 potius
473 3337 513 3382 ex
532 3317 659 3384 deiectu
686 3316 814 3384 virtutis
837 3315 1061 3394 intellectiva,
1081 3336 1122 3383 an
1141 3337 1220 3384 vero
1237 3337 1279 3384 ex
1305 3333 1424 3389 monerer
1438 3348 1480 3386 m,

155 3427 261 3514 gradu
280 3424 547 3512 intelligibilitatis
567 3425 599 3490 in
619 3425 758 3511 objecto.
779 3425 814 3490 In
832 3425 990 3502 omnibus,
1018 3425 1121 3509 inquit
1148 3425 1281 3511 Angeli·
1314 3416 1477 3534 iffi'ssssne

156 3554 235 3612 cus,
254 3553 324 3620 quae
341 3533 516 3602 consistunt
530 3533 565 3598 in
586 3534 722 3617 euwain
739 3532 919 3598 habitudine
945 3532 1041 3598 unius
1066 3533 1110 3598 ad
1132 3535 1278 3610 alienun,
1328 3549 1459 3601 interium..

150 3647 258 3726 potest
271 3642 520 3725 impedimentum
536 3639 702 3723 dupliciter
718 3641 770 3705 vel
785 3659 825 3706 ex
839 3659 903 3706 una
920 3641 971 3706 vel
985 3659 1026 3707 ex
1046 3640 1112 3706 alio
1128 3640 1278 3717 accidere,
1294 3635 1379 3738 ‘2:2¹2‘
1386 3619 1491 3748 im

154 3751 242 3819 sicut
252 3751 283 3816 si
299 3749 421 3834 lignum
433 3767 495 3815 non
507 3748 723 3830 comburatur,
736 3748 790 3814 boc
803 3748 967 3833 contingit,
983 3749 1035 3813 vel
1045 3747 1121 3834 qnia
1134 3748 1219 3833 ignis
1236 3751 1285 3814 est

154 3859 286 3936 debilis,
306 3861 358 3923 ael
373 3857 448 3942 quie
458 3855 579 3940 lignum
592 3873 654 3920 non
669 3859 717 3921 est
728 3855 956 3922 combutibile:
969 3860 1000 3922 et
1010 3855 1156 3922 umuitee
1172 3857 1281 3922 aculus

156 3966 328 4048 impeditur
343 3984 364 4031 a
382 3963 501 4031 visione
518 3964 655 4052 ala'cujus
675 3963 825 4040 visibilis,
845 3967 902 4029 aut
917 3963 992 4048 quia
1013 3963 1202 4039 uidebitis,
1226 3961 1307 4030 aut'

155 4074 234 4160 quia
252 4073 374 4138 visibile
391 4075 439 4138 est
453 4073 655 4139 tenebrosum.
683 4071 737 4138 Sic
755 4069 855 4156 igilur
866 4074 968 4153 potest
985 4071 1179 4155 contingere,
1198 4072 1283 4157 quod

153 4179 479 4264 veritassitdiffieilis
496 4180 811 4262 recognoscendum,
831 4182 882 4244 aet
892 4182 1021 4262 propter
1039 4177 1206 4265 desectum,
1226 4178 1283 4264 qni

193 4473 234 4534 (r)
270 4465 413 4539 Superius
428 4485 458 4526 n.
474 4484 518 4538 ³4·

193 4563 233 4627 (a)
271 4557 303 4616 S.
316 4557 432 4626 Thom,
448 4556 506 4628 Qq.
522 4554 645 4629 disput,
660 4555 695 4612 de
709 4555 803 4623 Maio,
815 4567 920 4627 quaeat.
932 4575 963 4626 3,
974 4566 1029 4612 nrt.
1040 4575 1067 4626 7.
1083 4552 1147 4612 Cir.
1159 4552 1277 4623 Sueten,

151 4649 267 4721 disput.
285 4647 415 4720 Metaplt.
430 4663 458 4719 9,
474 4659 542 4704 sect.
560 4667 583 4716 r,
596 4664 626 4703 n.
645 4665 689 4703 πο.
1312 4671 1315 4677 ,

130 4805 136 4814 ,
192 4744 232 4805 (ι)
269 4737 303 4798 S.
318 4736 423 4796 Thom.
441 4734 512 4794 ibid.
