3492 5525
510 462 570 547 876
624 464 750 530 Loerca
763 466 994 541 Meron-Lis.
1011 481 1083 544 ψ,
1099 467 1188 531 Drsn.
1206 468 1343 551 3.·Cn1².
1361 482 1432 533 aem

387 643 393 653 ’
473 648 513 713 sit
532 657 662 713 aeternae
681 648 836 749 veritatis.
853 648 885 714 Si
902 650 1035 733 quando
1053 658 1163 715 autem
1177 653 1370 721 attributum
1385 654 1426 719 de
1438 655 1593 739 subjecto

472 758 730 832 demonstretur,
751 756 842 841 quod
860 775 926 823 non
951 758 1123 823 conveniat
1149 758 1208 825 nisi
1235 761 1279 825 rei
1302 761 1469 837 existenti,
1489 762 1591 827 etiam

473 864 725 949 praenoscendus
747 873 812 941 est,
830 872 865 931 ut
885 872 990 948 patet,
1008 864 1191 951 subjectum
1210 850 1284 933 actu
1302 868 1452 935 existere.
1469 869 1508 935 Et
1521 871 1595 935 haec

473 971 605 1055 quidem
624 970 793 1039 dictasint
811 972 851 1037 de
870 971 920 1038 his
939 972 1287 1051 demonstrationibus,
1305 974 1340 1041 in
1366 976 1488 1059 quibus
1504 995 1595 1041 verae

475 1080 644 1165 passiones
662 1079 703 1146 de
726 1078 857 1147 entibus
879 1080 1018 1170 realibus
1042 1080 1318 1151 demonstrantur.
1346 1084 1456 1150 Potest
1478 1092 1596 1149 tamen

475 1186 588 1251 eadem
608 1185 753 1252 doctrina
772 1206 845 1253 curn
867 1187 1075 1271 proportione
1094 1189 1230 1269 extendi¹
1243 1191 1284 1255 ad
1311 1191 1397 1256 entia
1422 1193 1521 1257 etiam
1546 1210 1598 1258 ra·

476 1292 573 1361 tionis
592 1302 625 1358 et
644 1294 810 1378 negativa,
831 1294 871 1360 de
891 1295 1011 1380 quibus
1030 1294 1161 1378 aliquod
1178 1314 1268 1373 esse,
1288 1300 1403 1364 saltem
1423 1298 1594 1384 possibile,

477 1402 748 1487 praenoscendum
768 1411 834 1483 est;
855 1402 897 1469 de
914 1414 989 1469 ente
1008 1402 1141 1486 quidem
1168 1403 1315 1482 rationis,
1339 1407 1423 1490 quod
1445 1408 1598 1493 objective

476 1508 609 1575 existere
633 1512 731 1593 queat
755 1509 791 1575 in
810 1508 986 1585 intellectu,
1007 1509 1047 1576 de
1070 1510 1221 1595 negativo
1243 1521 1371 1590 autern,
1394 1516 1480 1598 quod
1499 1533 1599 1598 nega·

478 1617 539 1683 titre
556 1634 620 1711 esse
638 1620 732 1702 queat
746 1617 782 1682 in
801 1636 909 1683 rerum
924 1620 1042 1683 natura
1054 1622 1113 1700 per
1129 1619 1324 1687 remotionem
1346 1620 1468 1687 scilicet
1480 1621 1600 1705 forma

478 1742 518 1790 eo
538 1723 650 1801 modo,
672 1742 739 1807 quo
757 1724 825 1791 dari
843 1724 876 1789 in
896 1743 929 1789 re
948 1732 1055 1808 potest
1073 1726 1198 1792 cecitas
1216 1729 1267 1792 vel
1290 1728 1434 1793 tenebrae
1447 1736 1512 1793 etc.
1528 1726 1545 1814 (
1567 1727 1596 1813 ).

546 1830 693 1915 Denique
718 1832 759 1895 de
785 1832 932 1915 subjecto
958 1850 1024 1897 non
1051 1851 1183 1899 necesse
1201 1827 1264 1900 'est
1288 1854 1493 1919 praenoscere
1519 1835 1601 1920 quid

478 1940 538 2015 rei,
559 1938 620 2006 nisi
639 1938 671 2004 in
684 1939 962 2005 demonstratione
981 1940 1165 2024 potissima,
1181 1942 1293 2025 inqua
1308 1942 1378 2027 ipsa
1395 1941 1439 2009 rei
1455 1941 1600 2009 essentia

479 2050 662 2116 desumitur
691 2065 749 2129 pro
778 2046 888 2112 medio
914 2047 955 2113 ad
987 2046 1125 2131 primam
1157 2050 1343 2132 passionem
1368 2050 1599 2117 demonstran-

480 2156 556 2222 dam
574 2151 638 2240 (2).
666 2154 703 2219 Et
721 2154 791 2219 naec
807 2154 1031 2239 intelliguntur
1048 2155 1088 2220 de
1106 2156 1254 2241 subjecto
1278 2157 1516 2241 particularium
1540 2156 1595 2221 de·

482 2261 768 2329 monstrationum.

546 2374 664 2456 Quaeri
675 2382 789 2437 autern
799 2382 926 2452 potest,
938 2368 1017 2453 quid
1025 2370 1197 2436 dicendum
1213 2370 1254 2438 sit
1268 2369 1309 2437 de
1325 2371 1489 2454 subjecto.
1504 2369 1597 2454 quod

291 2475 457 2579 ’Τωῖζωω
478 2488 529 2545 est
547 2478 712 2563 objectum
733 2476 875 2543 scientiae
892 2476 1027 2562 alicujus
1041 2477 1160 2547 totalis.
1177 2478 1214 2542 Et
1227 2478 1332 2561 primo
1347 2476 1482 2562 quidem
1502 2476 1595 2559 quod

476 2586 591 2652 attinet
623 2587 664 2651 ad
697 2585 932 2669 praenotionem
958 2584 1036 2668 quid
1062 2585 1119 2659 sit,
1153 2595 1288 2651 censent
1312 2584 1595 2651 Conimbricenses

476 2711 552 2760 cum
568 2692 602 2759 S.
617 2693 763 2772 Thema,
781 2691 931 2766 Alberto,
949 2690 1101 2777 Caietano
1116 2700 1178 2759 etc.
1198 2689 1251 2778 (3)
1268 2692 1308 2757 de
1322 2691 1470 2777 subjecto
1487 2690 1594 2757 totalis

474 2801 619 2868 scientiae
637 2801 819 2888 habendam
839 2818 912 2866 esse
931 2799 1166 2883 praenotionem
1194 2801 1272 2885 quid
1287 2800 1346 2876 sit,
1374 2799 1407 2866 id
1426 2808 1494 2874 est,
1512 2817 1593 2883 prae-

476 2910 677 2977 noscendum
696 2927 785 2985 esse,
806 2926 880 2991 quae
898 2907 941 2974 sit
958 2910 1027 2992 ejus
1045 2917 1161 2974 natura
1178 2916 1212 2973 et
1237 2907 1389 2974 essentia.
1409 2905 1503 2972 Ratio
1527 2915 1589 2980 est,

475 3017 551 3102 quia
571 3017 696 3100 quaevis
714 3016 844 3082 scientia
864 3025 940 3082 ante
959 3016 1070 3082 omnia
1083 3015 1262 3100 premittit,
1280 3035 1319 3081 ac
1337 3015 1493 3099 supponit
1506 3011 1591 3097 prin·

476 3125 569 3210 sipia.
592 3124 656 3190 Sed
676 3125 802 3189 nullum
822 3122 919 3188 estin
938 3124 1070 3188 scientia
1089 3120 1280 3209 principium
1300 3122 1409 3207 potius
1423 3140 1522 3206 quarn
1536 3119 1592 3186 de-

478 3232 593 3299 finitio.
621 3232 716 3316 Ergo.
738 3223 897 3299 Praeterea
914 3230 1127 3313 quidditativa
1145 3230 1189 3296 rei
1208 3229 1353 3296 delinitio
1380 3240 1432 3296 est
1450 3227 1591 3315 primurn

475 3340 561 3407 illius
594 3338 805 3423 praedicatum
839 3338 1047 3421 maximeque
1082 3339 1306 3406 intrinsecum.
1344 3338 1431 3423 Ergo
1467 3337 1590 3403 nullum

476 3456 585 3534 potest
599 3465 671 3512 esse
690 3445 853 3521 medium,
873 3463 942 3528 quo
960 3429 1214 3534 demonstretur.
1234 3444 1378 3531 intellige
1392 3445 1596 3510 demonstra-

475 3555 566 3621 tione
579 3557 708 3636 propter
723 3553 815 3637 quid.
832 3553 916 3619 Nam
936 3551 1082 3618 medium
1101 3552 1290 3636 hujusmodi
1303 3536 1596 3618 ¹demonstrationis

476 3671 526 3728 est
545 3679 641 3727 causa
660 3667 692 3725 et
710 3659 799 3745 prius
818 3678 868 3734 eo,
891 3678 959 3742 quo
977 3659 1233 3725 demonstratur.
1260 3658 1368 3735 Qrare
1394 3657 1423 3723 si
1450 3655 1597 3722 delinitio

477 3769 632 3856 exprimit
651 3767 814 3851 primum,
834 3766 925 3849 quod
942 3766 975 3831 in
994 3785 1029 3831 re
1055 3775 1120 3841 est,
1140 3765 1356 3832 demonstrari
1379 3763 1510 3848 nequit,
1539 3761 1600 3830 sed

479 3874 763 3962 praesupponenda
781 3883 831 3939 est
849 3868 912 3960 (4).

545 3983 644 4060 Qrod
663 3999 741 4048 vero
760 3981 875 4046 attinet
889 3980 931 4046 ad
944 3977 1150 4044 existentiam
1168 3979 1304 4064 subjecti
1317 3978 1462 4046 scientiae
1475 3977 1599 4051 totalis,

478 4092 526 4159 sic
547 4089 742 4176 praecipiunt
759 4087 856 4154 iidem
880 4085 1163 4152 Conimbricenses
1183 4106 1259 4152 curn
1279 4087 1426 4173 pluribus
1444 4085 1514 4152 aliis
1533 4083 1606 4150 Au·

479 4230 756 4245 ——n—-—-

515 4307 556 4376 (1)
593 4302 670 4360 Vide
681 4297 871 4368 Conimbric.‚
887 4304 924 4355 r.·
936 4299 1108 4366 Posterior..
1123 4317 1187 4370 cap.
1203 4319 1231 4365 r,
1246 4283 1349 4370 quaest.
1365 4319 1401 4373 3,
1414 4313 1471 4362 art.
1488 4325 1515 4378 3,
1530 4315 1606 4365 3002,

480 4396 605 4452 articuli
612 4437 620 4458 ,
636 4392 667 4450 in
679 4403 719 4462 3.·
733 4387 925 4446 conclusione.

516 4489 557 4552 (a)
593 4482 669 4540 Vide
685 4477 872 4546 Conimbric.‚
887 4477 925 4535 ib.
940 4497 969 4548 q.
986 4497 1012 4550 3,
1029 4497 1056 4534 e.
1074 4499 1100 4548 3,
1116 4490 1181 4548 post
1196 4477 1272 4536 med.
1282 4490 1312 4536 et
1325 4477 1356 4536 in
1367 4481 1490 4541 section.
1504 4485 1612 4554 artic.,·

481 4573 555 4633 Rub.
573 4571 641 4632 ibid.
662 4589 691 4642 q.
706 4590 732 4636 2,
748 4581 777 4626 et
790 4589 815 4636 3·

514 4666 556 4736 (3)
592 4659 668 4719 Vide
683 4655 872 4726 Conimbric.‚
889 4656 942 4714 loc.
955 4655 1014 4721 cit..
1028 4673 1118 4726 quaes.
1132 4676 1165 4727 3,
1184 4667 1238 4714 ert.
1255 4677 1282 4728 3.

517 4757 556 4825 (4)
595 4751 683 4808 Plura
697 4749 811 4807 debunt
825 4743 1054 4804 Conimbricens.
1069 4745 1122 4802 loe.
1136 4743 1186 4802 eit.
