3492 5525
394 482 508 544 Anne.
534 493 592 543 an·
610 477 703 556 Qurn
723 495 777 544 srr
796 495 953 553 suntcrun
1133 493 1194 559 ²27

113 685 194 732 vero
207 643 312 734 instar
316 665 431 751 sonno
442 685 483 732 ex
493 685 632 750 quarum
640 667 810 752 junctione
823 666 916 751 quasi
930 663 1237 748 concretumquod-

111 773 190 840 dam
209 773 376 842 coalescit.
395 774 433 840 Et
452 774 520 840 iraec
538 772 589 842 vis
606 784 672 850 est,
703 775 764 842 nisi
783 776 997 842 vehementer
1014 774 1123 850 lailor,
1151 770 1237 836 iliius
1314 771 1317 780 '

112 881 299 966 proloquii,
327 882 421 966 cujus
434 882 592 950 xmeminit
622 882 769 967 Aquinas
794 879 860 971 (r).
892 883 1069 949 Prodicata
1094 881 1239 946 matter

101 989 306 1073 fonnaiiter,
333 993 365 1054 ei
385 989 522 1077 sabjecta
538 990 755 1059 materialiter:
778 991 855 1074 quia
880 1007 1001 1074 nempe
1026 985 1235 1073 practicatum

110 1096 249 1162 exhibet
261 1096 401 1162 tonnam
420 1113 478 1162 seu
493 1098 724 1181 perfectionem
744 1099 796 1163 vel
818 1098 1030 1174 attributum,
1046 1113 1114 1179 quo
1129 1093 1239 1178 subje-

109 1214 203 1270 ctum
224 1203 398 1288 preditum
418 1212 486 1285 est;
500 1217 533 1269 et
552 1204 736 1289 subjectum
751 1205 885 1271 exhibet
902 1201 1112 1289 suppositum
1138 1203 1239 1287 possi-

111 1312 199 1377 dens
218 1311 360 1376 sormam
383 1329 442 1395 per
464 1311 672 1396 predicatum
691 1329 900 1398 expressam
920 1313 1038 1396 copula
1062 1329 1140 1376 vero
1167 1309 1237 1395 ipsa

112 1417 292 1493 mentalis,
313 1437 372 1484 seu
386 1427 478 1484 actus
491 1419 634 1486 formalis
653 1419 894 1496 affirmationis,
915 1418 1075 1504 significat
1097 1418 1238 1501 copulam

111 1526 314 1610 obJectivam
332 1527 405 1592 talis
422 1526 558 1611 subjecti
581 1546 658 1594 cum
672 1528 728 1594 tali
742 1529 865 1606 torma,
888 1545 947 1594 seu
966 1527 1170 1594 identitatem
1185 1526 1237 1591 vei

111 1634 234 1698 saltem
250 1631 464 1700 inhaesionem
475 1635 549 1700 talis
560 1635 674 1700 lormae
689 1636 722 1701 in
736 1634 791 1700 tali
802 1636 951 1721 subjecto
965 1631 1028 1722 (2).
1043 1631 1127 1698 Nam
1142 1633 1238 1699 intei-

112 1741 221 1806 lectus
234 1741 271 1805 in
290 1741 379 1806 omni
396 1741 615 1824 propositione,
634 1742 774 1827 alequam
789 1743 929 1828 fornum
955 1741 1161 1828 sardicorum
1179 1747 1239 1822 per

106 1847 321 1930 praaeanm
336 1850 388 1914 vel
402 1849 539 1931 applicat
549 1849 650 1915 circui
660 1849 711 1916 rei
729 1851 914 1937 rignficoloe
925 1855 986 1933 per
996 1851 1176 1936 ntbjectunt,
1189 1849 1247 1944 vel

112 1959 252 2021 rernooet
262 1955 304 2020 ab
320 1975 357 2021 ea
374 1951 438 2045 (3).

157 2079 217 2149 93.
266 2059 403 2138 Quaeres
419 2063 453 2128 in
470 2081 538 2148 quo
554 2065 710 2133 consistat
728 2066 845 2149 copula
855 2063 1009 2151 formiis
1023 2061 1236 2130 enuntiativa.
1321 2101 1335 2130 a
1379 2101 1393 2131 ο

113 2171 153 2234 Et
172 2170 362 2257 responderi
380 2169 426 2237 sic
449 2179 559 2255 potest
576 2191 617 2238 ex
636 2172 672 2239 Ρ.
698 2173 857 2239 Lossada:
881 2171 1066 2239 «Consistit
1084 2172 1118 2237 in
1136 2170 1238 2256 signi·

111 2277 271 2343 ticatione
299 2277 545 2362 compositionis
575 2279 763 2364 objectivae,
793 2297 859 2345 non
893 2278 1144 2363 qualicumque,
1177 2277 1238 2344 sed

112 2385 270 2470 exigente
288 2387 412 2451 actuale
429 2386 629 2453 consortium
649 2396 873 2454 extremorum
894 2387 1097 2464 formalium,
1118 2403 1238 2468 nempe

112 2512 228 2558 earum
264 2493 448 2558 formalium
475 2494 673 2572 dictionum,
706 2515 781 2579 quae
812 2495 1001 2561 formalium
1022 2492 1173 2578 subjecti
1205 2499 1237 2556 et

112 2599 283 2686 praedicati
310 2619 432 2668 munus
458 2602 596 2676 obeunt.
626 2601 709 2668 Sane
737 2603 777 2668 ad
813 2601 1051 2669 enuntiativam
1084 2601 1236 2685 copulam

113 2725 183 2774 non
202 2705 326 2774 sufficit
344 2708 592 2794 qualiscumque
610 2708 803 2795 significatio
820 2709 1070 2795 compositionis
1089 2726 1146 2777 seu
1161 2727 1239 2775 con·
1275 2767 1279 2783 ,

108 2816 295 2902 junctionis
312 2816 474 2900 pradicati
492 2818 643 2903 objectivi
657 2837 733 2885 cum
748 2818 912 2903 subjecto:
935 2818 1026 2883 aliter
1046 2819 1115 2883 haec
1131 2818 1240 2883 nomi·

113 2942 157 2990 na
171 2923 367 3006 compositio,
387 2924 619 3003 convenienda,
639 2926 788 2992 &enims
806 2926 940 2992 bortrinis
956 2944 1029 2991 cum
1052 2926 1145 2991 Petro
1171 2924 1238 2989 vim

112 3030 328 3099 enuntiativae
356 3033 483 3115 copulae
511 3031 731 3109 continerent,
757 3033 849 3117 quod
878 3034 996 3099 laisum
1021 3042 1083 3098 est.
1106 3031 1240 3115 insuper

112 3157 195 3225 ergo
209 3138 386 3221 requiritur
397 3139 517 3206 modus
529 3139 734 3225 significandi
746 3141 839 3224 quasi
853 3141 994 3225 practice
1008 3149 1041 3205 et
1050 3139 1238 3225 judicative,

112 3245 302 3311 attribuens
329 3264 432 3311 unum
465 3254 650 3313 extremum
679 3247 877 3332 objectivum
901 3248 1009 3323 alteri,
1048 3248 1100 3313 vel
1134 3264 1243 3311 remo·

114 3372 198 3419 vens
217 3352 386 3439 unum,ab
402 3354 520 3421 altero:
540 3356 595 3438 qui
616 3356 736 3422 modus
749 3374 808 3421 seu
823 3354 1043 3421 attributionis
1061 3371 1119 3420 seu
1135 3372 1242 3419 remo-

112 3460 233 3534 tionis,
257 3478 337 3525 cum
363 3460 544 3527 necessario
562 3462 672 3548 exigat
689 3463 893 3529 consortium
912 3463 1146 3539 terminorum,
1168 3461 1242 3527 talia

111 3578 264 3633 extrema
282 3566 552 3653 significantium,
572 3568 647 3635 ideo
665 3570 726 3635 hos
744 3570 906 3636 terminos
925 3579 1053 3637 nectere
1066 3587 1125 3636 seu
1137 3586 1241 3653 copu-

111 3678 179 3742 lare
197 3674 336 3750 dicitur,
362 3676 499 3741 alterum
522 3676 753 3744 constituendo
778 3678 913 3743 formale
936 3678 1140 3762 subjectum,
1166 3677 1243 3743 alte-
1321 3664 1324 3673 ’

112 3804 210 3861 rum,
244 3781 455 3866 praedicatum
485 3784 631 3851 formale.
667 3784 733 3851 Sed
765 3786 967 3861 notandum,
1002 3786 1091 3869 quod
1122 3785 1241 3851 modus

108 3890 345 3966 attributivus,
372 3891 523 3975 proprius
548 3893 675 3975 copulae
704 3893 855 3978 negantis
884 3892 1035 3960 coalescit
1061 3912 1102 3959 ex
1126 3892 1241 3959 eadem

108 3996 419 4083 consignificatione
436 4007 469 4064 et
489 4014 532 4064 ex
547 3997 701 4082 particula
718 3996 1022 4085 nom-[proindeque
1040 4000 1107 4067 duo
1125 4018 1243 4087 synca-

106 4112 322 4194 tegoremata
339 4104 485 4172 claudit»
504 4094 594 4194 (4).”,
619 4103 646 4239 J
724 4149 748 4192 ς’

142 4326 190 4391 (ι)
228 4319 264 4379 S.
284 4318 697 4392 Thom01p.q.13.ert.ra.
1006 4337 1011 4347 ·

142 4418 190 4480 (a)
227 4407 297 4469 Clr.
315 4406 505 4475 Conimbrh,
520 4406 663 4481 Dialect„
672 4408 865 4469 commentor.
881 4409 915 4467 in
927 4408 1098 4479 Proesata'mt.
1110 4406 1246 4486 Popty·

105 4504 162 4573 rii,
173 4510 285 4573 qnaest.
304 4496 331 4570 ξ,
345 4518 374 4555 a.
391 4518 416 4556 1.

143 4598 189 4664 (3)
229 4588 267 4650 S.
281 4587 388 4647 Thom.
404 4608 429 4645 t.
445 4606 517 4660 p.q.
535 4588 619 4658 1o‚a.
635 4606 662 4647 a.

142 4688 188 4751 (4)
226 4677 374 4747 Lossada,
387 4676 534 4738 Summul.
547 4676 665 4752 disp-6,
675 4695 738 4751 cap.
756 4698 782 4752 3,
793 4697 826 4737 n.
843 4696 887 4752 14.
900 4677 991 4750 Vide,
1003 4676 1029 4738 ai
1039 4688 1140 4748 vacat,
1151 4686 1246 4736 totum

106 4770 185 4831 iilud
199 4780 306 4842 caput.
911 4798 914 4802 -

1279 3944 1482 4095 prat-la·
