3492 5525
560 434 635 499 1104
677 417 802 481 Looscu
817 415 1048 489 Mum-Lu.
1065 430 1124 491 πω,
1140 416 1232 479 Dssu.
1247 415 1296 477 6.⁸
1309 416 1389 479 Cur.
1408 430 1479 478 sam
1560 477 1570 495 ‚

513 600 675 665 serentium
691 600 933 685 speculativum,
949 602 981 665 et
996 602 1072 665 tunc
1083 616 1194 663 oerum
1209 604 1267 676 est,
1287 601 1371 683 quot
1390 599 1493 664 solum
1514 598 1570 664 hoe
1582 618 1629 682 ge-

514 726 575 773 mes
600 708 801 774 scientiarum
819 711 947 789 propter
963 706 1096 788 seipsam
1112 706 1279 790 quaritur.
1301 705 1393 771 Unde
1415 710 1450 770 et
1473 706 1541 771 ilice
1561 708 1630 771 solo

514 818 599 880 artes
616 816 757 881 liberales
773 816 939 890 dicuntur,
954 832 1023 898 aaa
1035 815 1080 879 aa
1092 814 1251 879 sciendum
1263 814 1467 881 ordinantur.
1486 815 1553 880 llio
1564 832 1630 878 vero

514 939 584 1006 pua
600 922 793 988 ordinantur
807 924 852 988 acl
862 921 1004 1006 aliquam
1020 920 1187 986 utilitatem
1200 928 1259 1003 per
1274 921 1429 986 actionem
1450 922 1629 997 habentium,
1709 961 1711 964 -

514 1030 664 1096 luuntur
676 1020 857 1095 mechanico
875 1046 929 1095 seu
942 1029 1070 1093 serviles
1091 1025 1154 1114 (ι).

580 1137 676 1203 item:
698 1137 799 1203 Etiam
813 1137 848 1201 im
870 1136 947 1218 ipsis
962 1134 1202 1217 speculooilitus
1232 1138 1280 1200 est
1293 1135 1418 1220 aliquid
1434 1138 1632 1219 permotum

512 1246 676 1333 cujusdam
693 1244 810 1327 operis,
822 1246 902 1326 puta
913 1243 1104 1308 eonstmctia
1115 1241 1300 1324 syllogismi,
1317 1248 1375 1307 aut
1389 1241 1544 1307 orationis
1559 1260 1629 1306 con·

510 1370 616 1435 grum,
635 1354 694 1416 aut
708 1358 785 1433 opus
797 1350 987 1416 numerandi
1002 1351 1054 1415 vel
1070 1349 1296 1432 memurondi,·
1312 1353 1346 1415 et
1366 1351 1435 1416 uteo
1449 1351 1631 1437 quicumque

511 1461 556 1524 act
567 1458 745 1541 hujusmodi
761 1466 854 1541 opero
868 1457 1001 1524 rationis
1018 1456 1141 1523 habitus
1153 1456 1334 1539 speculativi
1349 1458 1561 1536 ordinantur,
1585 1460 1631 1524 cti-

510 1570 626 1632 euntur
634 1574 694 1648 per
706 1568 875 1651 quomdam
886 1565 1126 1631 similitudinem
1143 1569 1244 1640 ortes,
1270 1564 1389 1630 scilicet
1413 1566 1574 1642 liberales,
1592 1570 1631 1631 ot

510 1674 717 1757 differentiam
734 1673 862 1739 illarum
875 1672 1008 1748 urium,
1027 1690 1098 1757 qua
1113 1672 1306 1739 ordinantur
1321 1674 1366 1738 acl
1382 1681 1475 1754 opera
1494 1681 1555 1756 per
1566 1692 1630 1739 cor·

505 1788 568 1863 pus
584 1781 735 1857 exercita,
750 1800 820 1866 pua
832 1784 909 1847 sunt
919 1781 1142 1865 quodamnodo
1154 1780 1299 1856 slmiles,
1315 1780 1351 1845 in
1361 1784 1515 1864 quantum
1524 1790 1630 1864 corpus

510 1888 824 1955 semilitermlatlur
839 1888 970 1975 anima,
986 1890 1018 1952 et
1034 1887 1120 1953 lamo
1137 1888 1306 1953 secunaum
1322 1888 1461 1953 aninum
1478 1890 1528 1953 cst
1541 1890 1627 1954 liter.
1710 1867 1712 1880 ¹

511 1996 576 2062 illo
587 2014 661 2062 vero
673 1996 826 2081 scientia,
852 2014 923 2080 qua
938 1997 982 2061 acl
999 1997 1122 2061 nultum
1140 1995 1320 2083 hujusmodi
1335 2002 1413 2077 opus
1429 1996 1627 2071 ordinantem,

510 2103 694 2188 simpliciter
704 2104 860 2181 scientia,
880 2122 944 2170 nou
956 2106 1061 2170 uulem
1072 2106 1157 2169 ortes
1168 2104 1321 2169 dicuntur
1337 2100 1401 2190 (2).
1710 2131 1711 2162 n

578 2212 614 2278 Et
632 2212 722 2279 alibi:
741 2210 854 2277 Omnis
870 2211 1037 2293 applicatio
1054 2210 1187 2277 calonis
1199 2214 1290 2275 recto
1306 2212 1350 2274 aa
1361 2210 1629 2295 olmuiasoetiaile
1710 2199 1711 2202 '

504 2320 699 2403 pertinetarl
715 2323 832 2384 arium:
857 2323 946 2405 Quia
962 2340 1044 2401 ergo
1062 2323 1149 2385 ratio
1171 2322 1381 2401 speculativa
1406 2325 1569 2402 quiedam
1584 2326 1628 2387 fa·

508 2432 572 2505 cit,
594 2441 678 2510 puta
700 2432 964 2512 syllogismum,
982 2429 1252 2509 propositionem
1275 2440 1310 2493 et
1332 2430 1400 2492 alia
1416 2432 1625 2508 hujusmodi,

508 2540 545 2600 in
558 2540 683 2618 quibus
694 2538 890 2617 proceditur
901 2536 1093 2599 seeundum
1103 2546 1216 2599 certas
1225 2537 1257 2598 el
1273 2538 1520 2601 determinatas
1541 2540 1625 2614 vius,

509 2642 581 2707 inde
605 2644 667 2717 cst,
686 2643 769 2725 quod
786 2643 925 2722 respectu
942 2639 1053 2704 lorum
1070 2641 1172 2721 patest
1189 2640 1312 2705 salvari
1336 2641 1420 2705 ratio
1446 2641 1544 2718 ortis,
1569 2660 1627 2708 non

507 2752 608 2816 ouum
626 2748 709 2816 rutro
717 2746 909 2832 pumentia.
929 2746 1051 2813 Etideo
1068 2747 1347 2833 invenitmulipuo
1358 2748 1550 2831 speculativa
1562 2754 1625 2826 uis,
1711 2831 1713 2844 Ι

508 2876 570 2923 nou
586 2852 1023 2942 autemoliquoprudcntm(
1049 2853 1074 2942 ).
1711 2863 1713 2953 f

574 2965 745 3030 Praeterea:
778 2963 880 3030 litum
910 2963 946 3026 in
972 2963 1185 3044 speculativis,
1215 2962 1338 3046 inquit,
1367 2965 1434 3030 olco
1464 2963 1628 3031 ratonatis

505 3073 638 3140 scientia
656 3077 704 3138 est
720 3071 910 3148 Dialectica,
928 3089 998 3155 qua
1014 3071 1185 3137 eruimur
1205 3073 1249 3136 ad
1269 3071 1503 3156 inquisitionem
1523 3072 1627 3137 inven-
1711 3072 1712 3139 i

508 3182 620 3256 ivam,
640 3185 673 3246 ct
686 3179 751 3246 alca
768 3177 899 3245 scientia
916 3178 1175 3253 demonstrativa,
1200 3197 1269 3263 qua
1293 3182 1343 3244 est
1364 3179 1507 3245 veritalis
1525 3180 1627 3246 deur-

507 3289 659 3356 minctiua
673 3285 737 3377 (4).
753 3287 883 3366 Qubus
898 3287 930 3352 in
944 3286 1022 3352 locis
1037 3285 1128 3352 vides
1141 3285 1260 3352 iterum
1275 3285 1461 3372 iterumque
1476 3288 1626 3372 Logicam

483 3395 569 3463 -dici
587 3396 754 3463 scientiam
774 3403 807 3460 el
825 3403 929 3460 artem
949 3392 1196 3478 speculativam.

574 3502 743 3588 Resp.1ta
768 3520 878 3592 revera
902 3502 1048 3582 videtur,
1077 3519 1184 3585 neque
1205 3502 1293 3568 hisce
1319 3500 1518 3586 testimoniis
1542 3504 1625 3570 aliud

470 3629 472 3634 ·
508 3610 772 3698 respondendum
801 3608 974 3684 succurrit,
1006 3608 1067 3674 nisi
1095 3619 1132 3674 ut
1159 3627 1327 3694 opponam
1356 3610 1416 3676 alia
1445 3611 1479 3676 in
1508 3621 1625 3678 nostre

506 3719 676 3786 sententiae
695 3719 839 3784 savorem
859 3715 1010 3800 superius
1028 3715 1168 3782 adducta
1185 3736 1227 3783 ex
1244 3716 1316 3800 ipso
1331 3717 1367 3783 S.
1384 3718 1523 3785 Doctore
1543 3719 1627 3804 prin-

506 3827 605 3913 cipia,
636 3844 778 3911 quorum
806 3824 926 3909 pariter
952 3824 1076 3890 nullum
1105 3837 1213 3909 aptam
1241 3825 1446 3893 solutionem
1469 3829 1625 3894 hactenus

506 3935 571 4002 vidi
590 3935 622 4001 in
642 3932 795 4018 operibus
813 3929 1073 3998 adversariorum
1092 3928 1156 4017 (5).

550 4046 658 4126 objie.
680 4033 733 4108 2.⁰'
775 4037 930 4115 Scientia,
951 4039 985 4104 in
1004 4057 1070 4123 qua
1087 4037 1203 4122 ipsum·
1216 4039 1298 4106 scire
1315 4039 1472 4124 quaeritur
1496 4052 1625 4128 propter

506 4151 663 4236 seipsam,
685 4146 824 4231 practica
844 4164 909 4213 non
928 4153 992 4214 est.
1012 4145 1114 4229 Atqui
1132 4146 1207 4214 talis
1226 4155 1275 4213 est
1292 4145 1422 4232 Logica.

508 4287 772 4304 ——-

539 4347 581 4418 (1)
618 4343 651 4403 S.
667 4340 1007 4416 Th.1.⁰Metaplc.,leot.
1023 4361 1050 4413 3,
1065 4358 1183 4414 paragr.
1198 4357 1225 4399 c.

540 4436 582 4508 (α)
617 4433 650 4493 S·
666 4433 723 4492 Th·
739 4453 765 4491 ¹·
780 4451 806 4492 2·
822 4450 852 4504 q·
869 4449 913 4503 57·
928 4451 956 4489 a·
970 4451 997 4502 3,
1013 4429 1050 4488 ad
1065 4439 1125 4504 εὖ·

540 4530 580 4599 (³)
617 4518 1017 4596 ²⁶²·q·471⁸·²s⁸d3·⁸'

538 4619 579 4689 (4)
615 4609 1005 4686 2.2.q.51‚u.2,ad3.'¹

428 4761 430 4766 ,
539 4705 581 4778 (5)
616 4701 679 4763 Cir.
693 4715 791 4763 tumen
806 4696 952 4770 Leueade,
967 4698 1022 4759 loc.
1036 4697 1086 4760 cit.
1101 4719 1165 4773 esp.
1180 4718 1230 4773 so,
1242 4719 1273 4760 u.
1287 4719 1339 4769 uu,
1354 4719 1400 4773 ²3·
