3492 5525
186 452 300 513 Anne.
322 463 381 513 μ’
395 449 447 514 Au
469 468 569 513 nenio
584 466 722 513 nunant
737 466 833 513 scine
854 469 961 515 onnia
977 468 1093 518 Ροεειτ
1106 465 1165 534 957

83 635 256 719 aliquando
279 633 443 699 indicina
469 633 656 699 revelatione
675 633 784 718 aliqua
801 635 959 701 exteriora
982 638 1034 703 ael
1054 636 1205 703 interiora

83 737 270 826 cognitionis
291 740 434 825 anulio,
462 743 563 823 utpote
586 740 701 825 aliquis
726 760 827 808 sermo
851 743 991 809 exterius
1019 744 1209 810 sensibiliter

83 850 230 926 auditus,
255 848 312 933 qui
332 849 442 917 diuina
465 848 581 914 virtute
596 849 774 933 formetur,
802 853 863 915 aut
876 858 936 932 per
953 851 1209 936 imaginationem

84 956 235 1034 interius,
254 958 322 1023 Deo
334 957 487 1048 sacientg,
502 960 681 1038 perceptus,
702 957 769 1022 sive
786 958 879 1023 etnam
902 959 1012 1044 aliqua
1038 960 1209 1043 corporali·

84 1070 135 1131 ter
152 1066 222 1131 oisa
238 1046 412 1130 exteriusa
431 1065 514 1141 Deo,
529 1065 581 1129 vet
595 1065 689 1131 etiam
705 1066 838 1131 interius
856 1045 891 1130 in
913 1066 1136 1151 imaginatione
1156 1070 1210 1135 de-

82 1174 218 1256 scripta,
242 1192 283 1239 en
307 1171 419 1257 quibus
443 1172 530 1237 borno
553 1180 612 1253 per
633 1174 736 1237 manen
759 1173 893 1262 interius
914 1176 1011 1240 nunti
1027 1176 1210 1258 impressum

83 1281 290 1365 cognitionem
310 1281 426 1362 accipit
448 1280 648 1347 diuinorum:
677 1282 761 1347 unde
788 1282 967 1370 hujusmodi
990 1284 1113 1351 auxula
1141 1284 1209 1351 sine

83 1389 232 1455 interiori
250 1387 368 1453 lumine
384 1390 429 1453 ad
443 1379 649 1471 cognitionem
676 1388 859 1456 divinornm
876 1409 940 1457 non
960 1391 1137 1475 sufficiunt,
1160 1395 1210 1458 lu·

84 1516 154 1562 men
172 1501 275 1563 anum
290 1495 484 1579 ncffieitsine
497 1494 566 1560 istis
582 1492 648 1583 (i).
868 1556 871 1561 .

152 1603 278 1669 Paucis:
300 1602 479 1685 prophetica
505 1603 652 1669 revelatio
661 1603 707 1688 fit
729 1608 897 1673 secundum
922 1610 1074 1691 mutuor,
1094 1607 1213 1673 scilicet

85 1714 256 1777 secundum
273 1711 429 1797 influuum
443 1710 646 1795 intellegibilis
659 1712 804 1789 luminis,
823 1716 993 1781 smundum
1006 1714 1210 1781 immisionem

85 1818 333 1903 intelligibilium
344 1818 529 1900 specierum,
548 1816 718 1884 secundnm
731 1820 961 1903 impressionem
973 1824 1025 1888 uel
1038 1822 1210 1889 ordinatio·

85 1947 158 1993 nem
175 1926 424 2010 imaginabilium
441 1926 637 2010 sarmarum,
656 1930 690 1993 et
703 1930 873 1995 secundum
897 1930 1121 2013 expressionem
1138 1930 1210 2015 sor·

84 2053 210 2101 marum
226 2032 444 2121 sensibilium(
468 2048 497 2119 p.

155 2142 237 2207 Hinc
259 2161 318 2208 nee
338 2160 520 2227 repugnare
539 2152 649 2226 potest
668 2162 708 2208 ex
735 2154 826 2227 parte
845 2144 1006 2221 hominis,
1027 2144 1095 2211 Deo
1124 2163 1211 2211 reve-

86 2252 191 2326 lante,
208 2248 380 2335 mysteria,
398 2261 577 2333 utcumque
588 2262 721 2334 captum
735 2252 910 2329 excedant,
928 2252 1081 2337 cognosci
1097 2270 1208 2335 posse.

85 2359 161 2423 Non
176 2357 267 2440 quod
280 2358 381 2423 homo
396 2358 592 2423 revelatione
606 2359 699 2435 iacta,
717 2358 888 2444 intelligat,
905 2360 1074 2443 quomodo
1094 2360 1159 2425 sint
1177 2360 1209 2425 in

86 2466 203 2549 seipsis
222 2464 392 2551 mysteria;
414 2466 472 2531 sed
500 2464 576 2548 quia
602 2464 753 2551 intelligit
771 2465 823 2531 illa
846 2466 1050 2534 admittenda
1068 2486 1156 2543 esse,
1178 2475 1212 2533 et

85 2574 132 2638 sic
150 2572 318 2657 cognoscit
335 2571 385 2647 id,
412 2572 581 2654 quodnisi
609 2573 716 2639 media
734 2574 931 2639 revelatione
951 2592 1047 2641 nosse
1068 2592 1133 2640 non
1153 2592 1212 2657 po·

86 2680 217 2746 ruisset.
249 2681 289 2745 V.
316 2699 349 2765 g.
380 2678 531 2766 intelligit
553 2680 654 2745 homo
679 2699 735 2764 per
763 2682 995 2747 revelationem
1021 2682 1122 2747 Deum
1147 2696 1212 2745 csse

85 2789 206 2853 trinum
224 2787 259 2851 in
273 2788 417 2869 personis
434 2792 467 2852 et
481 2806 579 2852 unum
603 2788 638 2851 in
655 2792 788 2864 notura,
809 2790 884 2854 licet
909 2791 1042 2866 nesciat,
1062 2790 1212 2874 quomodo

83 2897 129 2960 sit
145 2898 231 2961 Deus
248 2895 351 2960 trinus
373 2895 408 2958 iu
422 2895 583 2976 personis:
602 2894 697 2960 novit
718 2896 854 2961 Verbum
877 2897 1078 2978 assumpsisse
1103 2897 1213 2964 burna·

83 3003 215 3067 nitatem
231 3002 266 3067 in
295 3001 438 3077 cbristo,
460 3002 532 3067 licet
553 3021 618 3068 non
643 3002 819 3087 intelligat,
843 3007 994 3089 qacomodo
1016 3005 1059 3070 sit
1075 3004 1213 3072 Verbum

85 3110 213 3176 unitum
240 3110 525 3192 hypostaticarum
553 3110 758 3180 humanitate.
787 3111 820 3177 ld
836 3113 927 3195 quod
954 3113 1075 3196 passim
1098 3111 1213 3178 accidit

83 3236 221 3302 quoque
240 3217 271 3282 in
292 3217 492 3283 naturalibus
511 3217 595 3284 inter
618 3219 732 3296 rudes,
760 3218 817 3302 qui
843 3219 947 3284 multa
970 3221 1212 3304 amplectuntur

84 3334 125 3391 ut
152 3344 241 3402 vera,
263 3344 304 3390 ex
312 3323 503 3390 testimonio
530 3335 564 3391 et
581 3325 771 3392 auctoritate
789 3325 924 3412 alicujus
943 3325 1114 3410 sapientis,
1138 3327 1212 3394 licet

83 3451 154 3499 non
180 3431 379 3517 intelligant,
399 3435 550 3515 nonnae
568 3451 604 3498 se
623 3433 764 3498 habeant
787 3434 819 3499 in
838 3432 965 3517 seipsis.
987 3432 1090 3499 lmmo
1109 3433 1141 3499 in
1162 3451 1214 3500 sa-

83 3539 253 3625 pientibus
271 3540 358 3606 idem
377 3540 502 3615 evenit,
531 3538 694 3623 siquidem
718 3559 784 3605 non
803 3558 873 3605 raro
892 3551 1096 3624 cognoscunt
1123 3549 1213 3606 certo

83 3647 258 3732 quaedam,
278 3647 467 3733 ignorantes
486 3648 639 3723 modum,
659 3647 842 3714 secundum
857 3665 958 3731 quem
977 3655 1067 3713 sunt:
1088 3648 1134 3713 sic
1151 3647 1214 3713 sci-

83 3774 165 3822 mus
179 3763 268 3820 certo
286 3755 430 3821 animam
446 3755 636 3821 rationalem
655 3774 727 3821 esse
742 3756 883 3821 formam
902 3753 1048 3839 corporis
1063 3754 1210 3831 humani,

81 3872 121 3928 et
149 3863 341 3948 ignoramus
372 3864 528 3939 modurn,
559 3882 626 3946 quo
655 3863 709 3928 illa
734 3882 812 3930 cum
845 3865 909 3930 hoc
936 3864 1059 3930 unitur:
1090 3863 1212 3928 scimus

80 3972 240 4036 eamdem
268 3970 412 4037 animam
437 3969 599 4038 vivificare
627 3970 816 4047 materiam,
843 3971 1056 4049 atmodum,
1085 3987 1153 4053 quo
1179 3968 1214 4034 id

80 4079 161 4154 fiat,
183 4077 310 4161 assequi
331 4097 397 4144 non
421 4079 582 4144 valemus.
603 4075 718 4160 Neque
736 4079 825 4144 enim
845 4096 978 4144 necesse
1002 4087 1053 4144 est
1071 4077 1112 4142 ad
1126 4075 1214 4162 judi·

81 4185 340 4252 candumcerto
358 4187 400 4252 de
419 4205 452 4252 re
478 4186 602 4269 aliqua,
623 4194 680 4252 aut
697 4187 787 4252 ideas
804 4184 1021 4252 terminorum
1048 4181 1214 4250 intuitivas

82 4293 224 4370 habere,
251 4301 309 4359 aut
325 4292 499 4359 intrinsece
517 4302 550 4358 et
568 4312 609 4358 ex
628 4293 765 4379 propriis
784 4293 828 4359 rei
852 4293 977 4359 meritis
995 4290 1212 4362 terminorum

80 4399 352 4468 convenientiam
373 4401 424 4468 vel
442 4395 692 4485 discrepantiam
712 4401 892 4488 percipere3
913 4401 973 4470 sed
990 4419 1078 4486 sepe
1097 4416 1215 4468 conce·

88 4567 361 4589 ffl—

122 4659 164 4719 (1)
201 4663 243 4726 3?
259 4652 360 4711 Contr.
378 4649 474 4722 Geni,
489 4671 514 4709 c.
534 4669 598 4724 154,
613 4649 708 4710 initio.

121 4743 165 4817 (a)
201 4741 235 4803 S.
249 4741 369 4812 Tuom„
385 4762 411 4802 a.
429 4761 459 4803 a.
474 4761 503 4814 q.
522 4762 582 4816 173,
597 4762 625 4803 a.
642 4765 668 4815 3·
683 4738 746 4805 cfr.
761 4743 796 4803 rie
815 4741 955 4810 Veritate,
966 4759 997 4814 q.
1015 4760 1057 4802 sa.
1072 4761 1099 4802 a.
1115 4758 1142 4816 7.
