3492 5525
540 444 601 526 850
655 446 778 512 Locren
790 446 1024 520 Maron-Lm
1039 461 1111 524 ψ,
1128 402 1222 511 θην..
1241 461 1288 530 3.·
1301 446 1383 512 Cne.
1403 463 1473 511 ψ

498 632 538 697 tic
546 631 688 715 polonice
703 631 739 696 in
751 634 866 699 ocum.
881 630 972 697 Unde
984 650 1040 697 nec
1053 632 1100 707 id,
1115 633 1200 716 quod
1209 631 1436 717 quucdducii,
1449 630 1631 697 ueremni-

499 755 541 804 no
558 738 652 822 prius
675 742 801 814 nobem,
821 741 860 803 ui
878 739 971 805 Picio
990 739 1112 822 posuit,
1132 758 1189 805 nec
1212 739 1340 805 cornino
1364 740 1550 823 igneum...
1574 741 1632 802 sed

497 848 686 943 ercinotecm
698 845 838 929 ponem
851 847 919 913 sioe
934 836 1052 913 uirtute
1065 847 1100 912 in
1109 846 1278 931 principiis
1285 846 1488 931 procognitus
1501 845 1630 911 unmec-

498 954 638 1030 solibus,
658 953 800 1037 ignotum
821 958 927 1021 ouum
942 958 1015 1021 actu
1031 957 1204 1021 mundum
1220 955 1385 1037 propriam
1407 953 1627 1039 cognitionem.

500 1060 540 1127 Et
555 1061 609 1127 boc
626 1065 674 1128 est
687 1061 867 1139 addiscere,
883 1062 992 1128 reduci
1002 1064 1042 1128 de
1054 1062 1228 1147 cognitione
1241 1062 1407 1144 pobntmti
1423 1078 1478 1127 seo
1493 1059 1632 1127 cirtucli

498 1170 558 1234 oui
572 1162 794 1235 universalior
807 1169 1015 1254 cognitionem
1028 1170 1191 1253 propn'cm
1206 1174 1241 1235 et
1253 1172 1407 1236 mutuum
1423 1166 1490 1256 (1).

568 1276 637 1343 Nec
654 1295 733 1343 vero
753 1276 830 1361 mihi
858 1294 1018 1363 oggerus,
1045 1280 1137 1361 quod
1155 1279 1306 1364 ignotum
1332 1285 1398 1352 est,
1427 1275 1530 1360 queri
1561 1294 1628 1342 non

502 1400 616 1467 posse,
636 1382 740 1451 immo
755 1402 816 1451 nec
833 1385 1003 1469 cognosci,
1018 1386 1145 1452 etiamsi
1161 1386 1236 1470 quis
1253 1386 1285 1452 in
1301 1384 1380 1449 illud
1395 1384 1541 1451 incidatz.
1551 1404 1628 1449 narn

501 1489 538 1569 id,
564 1509 680 1558 verum
709 1510 781 1559 esse
814 1501 923 1577 potest
953 1493 996 1559 de
1024 1512 1081 1569 eo,
1111 1495 1207 1577 quod
1233 1492 1363 1578 penitus
1386 1502 1438 1557 est
1460 1494 1627 1577 ignotum,

501 1616 568 1665 non
605 1618 682 1666 vero
715 1601 756 1668 de
786 1619 843 1677 eo,
877 1601 968 1685 quod
999 1612 1050 1668 est
1089 1609 1205 1667 notum
1238 1600 1359 1667 virtute
1395 1610 1428 1667 et
1457 1600 1626 1684 implicite.

501 1705 554 1773 Sic
589 1708 714 1775 etiamsi
753 1728 818 1775 non
856 1726 971 1775 nosses
1007 1710 1049 1775 de
1080 1708 1160 1775 facie
1197 1727 1354 1785 seruum,
1392 1726 1494 1792 quern
1531 1727 1626 1792 quae·

501 1813 560 1890 ris,
587 1814 613 1882 si
641 1826 752 1881 tamen
776 1816 913 1883 haberes
939 1816 1051 1902 signa,
1074 1836 1150 1901 quae
1173 1834 1250 1895 eum
1275 1817 1465 1901 proderent,
1489 1834 1530 1881 eo
1554 1814 1627 1899 ipso

501 1940 617 1989 nosses
636 1923 780 2009 proiecto
797 1922 890 1989 illurn
910 1924 1045 2000 virtute,
1066 1934 1159 1990 etex
1185 1925 1248 1991 illis
1276 1923 1380 2009 signis
1399 1942 1478 1989 mox
1507 1939 1628 2006 posses

500 2046 634 2115 quoque
661 2030 753 2097 illum
779 2048 925 2115 quaerere
951 2050 990 2097 ac
1013 2030 1357 2115 deprehenderetur]
1380 2049 1460 2115 ergo
1484 2028 1517 2095 in
1538 2031 1628 2114 prin·

499 2138 591 2223 cipiis
622 2138 742 2205 virtute
777 2150 871 2207 tenes
901 2139 1165 2215 conclusionem,
1199 2140 1318 2222 illaque
1348 2147 1434 2203 recte
1465 2136 1626 2221 applicata

501 2245 731 2315 monstrabunt
751 2246 905 2312 latentem
923 2246 1182 2314 conclusionem.
1204 2246 1314 2321 Adde,
1335 2245 1426 2330 quod
1445 2263 1511 2311 non
1529 2264 1621 2310 sem·

501 2370 559 2437 pet
579 2370 665 2429 rem,
694 2372 794 2438 quam
822 2354 897 2438 quis
927 2352 1069 2431 invenit,
1089 2353 1272 2438 quaerebat,
1293 2354 1351 2419 sed
1379 2370 1447 2419 non
1476 2371 1549 2418 raro
1575 2371 1627 2417 res

501 2476 567 2527 non
586 2460 732 2543 quaesitae
750 2440 984 2528 inveniuntur]
996 2445 1094 2546 ldque
1114 2462 1223 2547 ipsum
1241 2461 1404 2529 interdurn
1435 2461 1628 2527 ratiocinan-

500 2566 589 2634 tibus
602 2575 637 2632 et
655 2567 863 2635 studentibus
876 2570 1044 2636 usuvenit.

567 2674 613 2757 Ex
627 2693 695 2762 quo
713 2677 811 2743 etiam
832 2677 978 2743 solutum
1000 2686 1112 2744 manet
1130 2676 1180 2753 id,
1200 2678 1291 2762 quod
1315 2696 1355 2744 ex
1380 2676 1626 2763 comparatione
1736 2711 1738 2734 ι

499 2781 575 2850 lunis
599 2791 631 2849 et
660 2784 842 2852 mediorum
861 2787 1100 2871 opponebatur.
1121 2785 1209 2852 finis
1225 2786 1312 2853 enim
1332 2804 1400 2852 non
1418 2804 1552 2870 semper
1569 2805 1627 2850 ex·

500 2890 608 2976 plicite
625 2893 876 2977 cognoscendus
894 2902 944 2960 est
962 2895 1003 2960 ad
1022 2895 1103 2970 hoc,
1128 2905 1166 2962 ut
1187 2894 1287 2977 quaeri
1307 2893 1428 2978 possit,
1448 2893 1626 2978 mediaque

499 3008 576 3084 apta
593 3000 634 3065 ad
648 2998 740 3066 illurn
755 2999 989 3067 inveniendum
1005 3001 1162 3069 adhiberi.
1179 3001 1233 3068 Sic
1247 3020 1288 3068 ex
1301 3001 1510 3086 generalibus
1527 3001 1626 3066 durn-

499 3115 589 3174 tnxat
606 3107 802 3192 quibusdam
822 3107 948 3174 indiciis
966 3108 1087 3192 poteris
1112 3119 1231 3175 terram
1258 3110 1368 3175 iodere
1386 3110 1427 3176 ad
1455 3109 1626 3175 invenien-

499 3215 580 3280 dum
599 3215 809 3292 mmaurum,
829 3217 982 3299 quamvis
1001 3216 1138 3294 nescias,
1159 3217 1265 3299 qualis
1279 3218 1331 3283 ille
1349 3217 1404 3283 sit.
1429 3217 1498 3282 Nec
1516 3216 1622 3285 aliter.

499 3323 555 3406 qui
574 3321 781 3389 ratiocinatur
799 3341 887 3407 saepe
905 3322 1110 3406 propositum
1138 3324 1199 3390 sibi
1228 3325 1325 3390 babet
1343 3323 1394 3401 id,
1423 3324 1515 3408 quod
1542 3325 1623 3390 scire

498 3429 604 3515 cupit,
623 3429 685 3496 sub
704 3431 809 3496 forma
826 3430 1018 3513 questionis
1042 3451 1074 3496 v.
1094 3451 1130 3516 g.
1158 3441 1268 3498 utrum
1293 3431 1381 3497 Deus
1404 3413 1621 3512 sit‘aeternum

499 3545 610 3604 utrum
628 3535 809 3605 uniuersale
824 3538 944 3606 existat
959 3557 978 3602 a
992 3549 1081 3622 parte
1101 3538 1162 3604 rei:
1179 3556 1254 3622 quae
1269 3539 1313 3604 rei
1326 3539 1471 3624 cognitio
1486 3537 1621 3616 sufficit,

499 3653 534 3710 ut
553 3643 660 3711 media
679 3646 729 3710 vel
750 3644 907 3730 principia
922 3654 997 3730 apta
1015 3656 1204 3730 quaerantur
1221 3647 1263 3712 ad
1279 3647 1527 3714 conclusionem
1543 3647 1625 3713 obti-

499 3751 655 3818 nendam.
676 3751 755 3818 ltem
774 3753 801 3819 si
820 3751 894 3836 quis
908 3752 993 3820 norit
1008 3753 1179 3838 principia,
1194 3763 1365 3837 certasque
1380 3753 1498 3820 habeat
1513 3772 1621 3822 rerum

498 3859 666 3938 notiones,
687 3861 766 3926 satis
793 3860 903 3937 habet,
924 3862 1033 3932 utilla
1051 3872 1222 3947 comparet
1240 3862 1323 3929 inter
1340 3880 1431 3938 sese,
1460 3871 1563 3946 atque
1582 3865 1624 3928 acl

497 3964 677 4051 subjectam
697 3966 868 4034 materiam
888 3967 1043 4052 applicet,
1078 3979 1111 4035 et
1134 3968 1214 4052 quid
1245 3969 1323 4036 inde
1348 3970 1622 4038 concludendum

497 4073 555 4150 sit,
577 4074 680 4157 possit
694 4074 852 4160 judicare.

540 4185 649 4263 objic.
670 4189 720 4250 a.⁰
766 4182 893 4249 Veritas
910 4191 1031 4249 aeterna
1044 4193 1113 4258 est,
1128 4193 1162 4250 et
1180 4192 1256 4250 ante
1272 4201 1332 4250 nos
1348 4183 1625 4270 cognoscebatur.

496 4284 581 4371 Ergo
599 4288 678 4356 nihil
697 4289 772 4356 novi
793 4288 1036 4356 ratiocinatione
1054 4291 1278 4376 cognoscitur.

496 4515 775 4530 ————

530 4648 571 4710 (ι)
608 4641 641 4704 S.
656 4639 774 4714 Thoen..
794 4643 834 4704 ib.
854 4643 918 4714 liu,
940 4644 1003 4706 lect
1026 4667 1052 4719 3.
1074 4645 1138 4707 cte.
1154 4647 1335 4710 Conimbric.
1348 4648 1403 4710 loe.
1424 4649 1488 4722 eiu,
1509 4653 1629 4716 Proeci·

494 4741 584 4813 putem
588 4734 814 4805 fundamentum
826 4733 973 4795 Platonis.
