3492 5525
541 444 619 491 1100
651 428 775 491 Lourcn
792 427 1025 501 Meron—Lus.
1042 442 1115 500 ψ,
1132 426 1224 492 Drsn.
1242 426 1288 490 6.·
1303 426 1383 489 Cnn.
1403 440 1472 488 rum

565 612 674 681 Verbo
694 632 759 679 non
778 614 870 680 aliter
887 632 922 679 se
941 613 1024 699 gerit
1038 612 1157 699 iogica
1175 613 1273 679 relate
1291 613 1333 678 ad
1346 606 1555 696 operatione's
1573 614 1619 679 in·
1724 611 1725 626 ¹

498 722 647 787 tellectus
661 720 721 789 rite
735 720 931 789 ordinandas
945 721 978 787 in
993 721 1105 787 ordine
1120 721 1161 786 ad
1175 719 1441 805 cognoscendum
1457 738 1574 787 verum
1588 721 1618 786 in

498 828 607 895 studio
626 826 851 906 scientiarum,
872 847 973 911 quam
988 846 1038 894 ars
1057 827 1176 894 iabriiis
1191 829 1242 894 vel
1262 826 1508 894 architectonica
1524 829 1619 894 relate

498 935 538 1002 ad
565 936 769 1020 operationes
797 955 957 1002 manuum
981 935 1014 1001 in
1043 936 1155 1002 ordine
1174 936 1216 1001 ad
1240 936 1391 1003 arteiacta
1418 936 1471 999 vei
1500 936 1619 1003 domos
1725 921 1727 939 '

498 1044 750 1125 construendam
772 1043 1055 1126 quemadmodum
1075 1043 1110 1110 S.
1132 1043 1277 1109 'ihomas
1301 1042 1387 1107 haud
1409 1026 1551 1109 obscure
1576 1045 1621 1108 in·

499 1150 581 1217 nuit.
600 1151 731 1217 Sicut...
746 1170 787 1217 ex
805 1151 859 1216 boc
872 1150 1050 1234 quadratio
1063 1153 1102 1215 cte
1114 1152 1187 1216 actu
1200 1168 1313 1215 munus
1326 1150 1551 1227 ratiocinatur,
1566 1154 1622 1216 ali·

498 1260 623 1323 inuenta
641 1260 689 1323 est
702 1276 759 1323 ars
774 1258 979 1344 ediicatoriu
994 1258 1193 1343 velfnbrilis,
1209 1264 1271 1339 per
1287 1276 1365 1354 quus
1379 1258 1466 1323 tomo
1476 1258 1622 1343 faciliter

497 1368 529 1430 et
543 1365 687 1431 ordinate
707 1366 800 1453 injus
814 1368 904 1430 actus
917 1383 1061 1431 exercere
1073 1368 1187 1447 potest:
1205 1368 1312 1430 eudem
1329 1365 1452 1430 ratione
1468 1384 1526 1431 ars
1542 1384 1622 1449 qule-

496 1473 571 1537 dam
588 1472 762 1538 necessaria
780 1456 842 1550 e'st,
858 1491 929 1556 que
946 1471 991 1536 sit
1005 1472 1157 1537 directioa
1175 1471 1276 1554 ipsius
1291 1475 1380 1537 actes
1397 1471 1548 1547 rationis,
1564 1479 1621 1553 per

496 1598 591 1664 quum
607 1580 728 1645 scilicet
738 1579 825 1645 borno
842 1580 877 1643 in
895 1580 966 1661 ipsu
982 1582 1055 1644 actu
1074 1579 1209 1644 rationis
1222 1579 1382 1653 ordinate,
1389 1578 1489 1664 facite
1506 1583 1541 1644 et
1554 1581 1621 1644 sine

404 1759 408 1767 ,
496 1705 602 1753 errore
615 1690 774 1769 procedat.
801 1688 843 1753 Et
864 1687 929 1753 lree
945 1690 992 1751 cst
1006 1705 1061 1753 ars
1078 1686 1196 1770 logica,
1217 1687 1254 1751 ici
1277 1689 1324 1751 est
1338 1686 1507 1752 rationalis
1524 1687 1621 1752 scien·

499 1794 544 1860 tiu
584 1814 593 1860 1
619 1844 626 1860 .

563 1792 795 1971 (anfirmatur
813 1922 854 1969 ex
871 1902 907 1968 S.
933 1902 1076 1977 Thoma,
1100 1901 1284 1967 secundum
1309 1919 1427 1984 quem:
1448 1900 1485 1987 α)
1504 1902 1539 1967 in
1556 1910 1621 1983 spc-

497 2009 644 2076 cutotiois
662 2009 799 2075 scientiis
816 2010 900 2076 nihii
919 2010 1011 2075 auuu
1027 2009 1195 2094 queritur,
1214 2027 1308 2092 quem
1334 2008 1471 2092 cognitio
1494 2010 1620 2093 generis
1726 2043 1727 2060 .

496 2118 642 2206 subjecti,
663 2118 696 2183 iu
719 2118 873 2200 practicis
895 2122 999 2183 cuum
1021 2117 1198 2182 intenditur
1216 2116 1310 2201 quasi
1332 2115 1408 2193 finis
1431 2118 1622 2182 constructio

498 2226 597 2309 nisius
614 2224 757 2313 subjecti.
777 2224 869 2291 Sicut
883 2225 918 2290 in
938 2224 1115 2292 Geometria
1132 2224 1309 2289 intenditur
1320 2224 1412 2308 quusi
1419 2224 1504 2310 finis
1516 2226 1624 2308 cogni-

498 2335 541 2401 tio
558 2331 883 2417 magnitudinisque
905 2335 955 2397 est
969 2332 1119 2417 objectum
1143 2330 1342 2407 Geometrioe,
1364 2332 1399 2396 in
1417 2332 1550 2399 scicntia
1565 2352 1623 2399 au·

498 2446 559 2508 tent
576 2440 764 2509 carnotine
791 2439 966 2505 intenditur
982 2440 1075 2523 quusi
1087 2438 1171 2525 finis
1186 2440 1372 2506 constitutio
1397 2441 1525 2513 domus,
1554 2458 1625 2524 que

497 2554 546 2616 est
563 2548 739 2637 hujusmodi
755 2547 834 2611 artis
847 2548 1016 2633 subjectum
1029 2543 1092 2633 (2).
1115 2546 1214 2629 Atqui
1229 2544 1345 2629 Logica
1365 2565 1431 2611 non
1452 2556 1502 2612 est
1517 2548 1624 2612 scien-

498 2658 542 2723 tia
562 2658 593 2722 in
613 2675 677 2740 qua
694 2654 771 2719 nihii
787 2654 872 2720 aliud
892 2654 1064 2737 quaeritur,
1085 2671 1186 2745 quam
1201 2654 1345 2737 cognitio
1364 2653 1494 2737 generis
1512 2654 1624 2740 subje-

498 2767 558 2841 cti,
576 2784 695 2849 nempe
712 2763 799 2828 modi
815 2762 951 2828 sciendi.
972 2763 1119 2846 itemque
1132 2764 1164 2826 in
1181 2762 1298 2846 Logica
1316 2760 1409 2844 quasi
1424 2762 1500 2828 finis
1515 2763 1626 2829 inten-

499 2874 586 2940 ditur
603 2870 802 2937 constructio
825 2872 928 2954 ipsius
947 2870 1100 2954 subjecti,
1132 2869 1221 2934 modi
1240 2870 1379 2944 sciendi,
1409 2870 1623 2944 definitionis,

499 2979 683 3054 divisionis,
700 2977 883 3064 syllogismi
897 2988 960 3042 etc.
975 2978 1058 3062 Ergo
1075 2995 1141 3042 non
1155 2985 1204 3041 est
1217 2976 1426 3059 speculativa.
1441 2975 1476 3064 β)
1489 2978 1525 3043 S.
1538 2978 1628 3044 Tho-
1728 3049 1729 3072 χ

499 3109 570 3156 mas
589 3108 665 3155 cum
692 3086 864 3153 Aristotele
884 3084 936 3173 (3)
954 3087 1018 3151 iroc
1036 3085 1150 3150 statuit
1168 3084 1343 3150 discrimen
1362 3084 1448 3150 inter
1466 3095 1553 3153 artes
1572 3089 1626 3152 vei
1728 3089 1729 3152 Ϊ

499 3197 649 3265 scientias
675 3192 891 3278 speculativas
918 3203 951 3258 et
979 3211 1046 3257 non
1074 3190 1305 3275 speculativam
1335 3191 1426 3274 quod
1452 3191 1516 3257 iiiae
1546 3205 1628 3260 sunt

499 3305 642 3372 inventu
656 3305 784 3386 propter
805 3300 934 3382 seipsas,
954 3319 1013 3366 seu
1032 3300 1135 3384 gratia
1162 3299 1229 3373 sui,
1251 3316 1318 3364 non
1347 3317 1424 3364 vero
1442 3299 1485 3364 ad
1504 3300 1629 3367 utilita-

498 3424 567 3481 tem
589 3412 639 3478 vei
659 3411 700 3476 ad
719 3409 944 3475 necessitatem
958 3409 1033 3473 vitae
1052 3407 1104 3474 vei
1124 3406 1164 3472 ad
1179 3407 1400 3490 voluptatem,
1422 3425 1489 3472 non
1508 3426 1628 3491 specu-

367 3547 371 3560 ’
500 3521 606 3587 latinae
625 3527 734 3609 autem
750 3518 891 3582 inventae
909 3527 987 3582 sunt
1010 3523 1141 3600 propter
1166 3531 1264 3580 usum
1289 3513 1383 3596 vitae3
1408 3515 1461 3580 vei
1480 3518 1627 3599 qrcaedam

498 3645 604 3694 eorum
627 3629 702 3692 sunt
726 3627 771 3690 ud
794 3623 867 3690 uite
893 3622 1117 3698 necessitatem,
1141 3620 1227 3686 suut
1249 3619 1451 3698 nreciruniee,
1480 3625 1628 3706 quedem

498 3753 571 3802 nero
586 3739 630 3801 ad
647 3737 936 3800 introductionem
954 3737 990 3796 in
1007 3736 1085 3797 aliis
1102 3733 1273 3808 amentiis,
1294 3734 1385 3795 sicut
1402 3734 1562 3798 scientiae
1574 3739 1628 3798 lo-

500 3847 667 3928 gicales...
684 3842 724 3906 Et
734 3841 817 3924 qacod
828 3838 1029 3922 speculative
1045 3835 1183 3902 scientie
1195 3855 1259 3900 non
1273 3838 1349 3901 sunt
1359 3835 1496 3902 inventu
1507 3839 1553 3902 nd
1562 3840 1629 3904 uti·

501 3950 629 4026 rentem,
636 3950 788 4030 patetne
802 3947 855 4014 toc
864 3946 1003 4030 signum,
1019 3944 1134 4029 quia...
1150 3942 1313 4028 acquisitis
1322 3944 1375 4007 oei
1387 3945 1515 4024 cetenis
1524 3949 1628 4012 omni-

502 4059 558 4124 bus
569 4043 761 4139 hujumodi,
781 4073 850 4140 quce
858 4057 1064 4136 possuntesse
1081 4053 1126 4118 nd
1140 4050 1399 4118 introductionem
1416 4051 1451 4116 in
1468 4053 1625 4132 scientiis,

500 4167 553 4230 vet
567 4167 612 4230 ad
628 4163 837 4230 necessitatem
854 4163 942 4237 nite,
971 4163 1022 4227 oei
1042 4163 1085 4226 ad
1106 4161 1307 4241 voluptutem,
1335 4157 1419 4222 sicut
1433 4163 1536 4236 artes,
1555 4181 1628 4246 que

502 4275 579 4340 sunt
595 4271 748 4338 ordinate
760 4273 805 4336 act
818 4270 975 4336 bominum
987 4266 1231 4342 detentionem,
1246 4264 1442 4347 nanneten
1459 4289 1530 4335 non
1542 4288 1629 4340 sunt

538 4547 578 4611 (r)
619 4551 657 4599 ιθ
670 4539 843 4608 Posterior.,
859 4539 925 4596 ieet.
937 4558 960 4603 1,
976 4536 1068 4596 initio.

538 4633 581 4706 (2)
617 4629 650 4690 S.
663 4627 780 4696 Tuom,
799 4651 822 4688 1.
840 4628 1009 4693 Posterior.,
1024 4627 1089 4685 ieet.
1105 4648 1150 4701 41,
1166 4647 1281 4702 paragr.
1295 4630 1323 4688 b.

537 4727 579 4798 (3)
615 4719 718 4789 Arist„
733 4719 780 4778 iib.
800 4730 838 4778 r.⁰
851 4717 992 4791 Metalli,
1005 4737 1068 4790 cap.
1087 4737 1110 4776 r.
