3492 5525
248 467 267 547 5
287 464 335 529 111.
394 464 631 531 Purcosorums
652 485 756 531 oreroo
779 484 821 531 ετ
843 486 1059 531 Paoennssus
1154 464 1190 531 br

107 648 207 715 nimis
232 649 313 714 liber
323 668 360 715 ac
370 650 562 715 temerarius
581 650 642 717 luit
662 651 693 715 in
719 650 787 717 suis
808 648 1039 734 opinionibus,
1055 650 1226 717 communi

105 758 244 822 aliorum
267 756 462 841 scriptorum
477 768 510 823 et
525 757 655 823 Eclesiae
673 756 830 823 doctrina
846 776 962 841 parum
986 756 1231 824 consentaneis.

151 882 207 946 72.
255 863 397 931 Tertiam
412 866 623 950 aggredimur
632 875 780 941 aetatem,
796 866 828 931 in
839 884 906 949 qua
925 866 1115 931 scholastica
1127 866 1235 931 Philo·
1258 858 1430 977 &Tfflfffff

105 969 256 1055 sophiaa
274 971 433 1057 dignitate
451 992 487 1039 ac
501 972 675 1057 splendore
688 992 751 1039 suo
767 991 833 1039 non
850 990 965 1057 parum
979 969 1179 1059 descendit(
1204 974 1231 1057 ).
1303 948 1318 977 ⁰
1361 947 1440 978 m

106 1079 184 1151 Quo
207 1088 374 1162 tempore,
401 1092 516 1163 praeter
543 1079 787 1147 Thomistarum
817 1090 849 1151 et
874 1079 1111 1156 Scotistarum,
1140 1080 1236 1147 tertia

106 1186 257 1271 apparuit
272 1186 407 1263 Schola,
424 1194 531 1270 nempe
543 1188 760 1254 Nmninalium
778 1206 922 1271 quorum
946 1187 1147 1264 doctrinam,
1173 1186 1235 1272 pri·

106 1296 183 1359 dem
199 1293 418 1361 aRoscellino
434 1306 465 1361 et
481 1295 653 1362 Abaelardo
671 1304 929 1381 propugnatam,
947 1306 984 1362 ut
1006 1297 1155 1380 superius
1176 1312 1236 1360 no-

107 1404 269 1478 ravimus,
298 1422 334 1469 ac
353 1402 472 1469 deinde
495 1403 550 1469 diu
575 1402 730 1468 oblivioni
749 1404 919 1485 traditam,
947 1422 1035 1469 novo
1058 1404 1163 1488 rigore
1187 1403 1236 1469 in·

107 1508 265 1577 stauravit
296 1509 484 1577 Guillelmus
504 1509 640 1587 Ochum,
671 1530 688 1575 e
711 1510 747 1580 S.
774 1510 907 1577 Familia
933 1510 1233 1586 Franciscanorum,
1280 1538 1413 1587 annam„

107 1618 290 1701 appellatus
305 1618 405 1689 asuis
419 1618 538 1683 Ductor
547 1618 721 1700 singularis
735 1628 768 1683 et
787 1618 982 1684 invincibilis
994 1616 1063 1705 (2),
1084 1628 1117 1684 et
1135 1619 1232 1683 etlam
1262 1612 1395 1729 Dw⁰⁰⁸²¹f¹¹

110 1725 307 1791 Venerabilis
318 1724 457 1807 inceptor
474 1722 529 1813 (3)
544 1722 606 1811 Η-
627 1742 706 1809 1343
724 1727 774 1790 vel
794 1723 892 1812 1347)
916 1726 964 1791 vir
977 1727 1187 1792 turbulentus
1202 1735 1234 1791 et
1314 1699 1434 1783 ΜΨ

109 1852 174 1897 non
200 1851 273 1898 raro
300 1850 415 1916 parum
444 1841 538 1899 tutus
563 1832 595 1897 in
619 1830 688 1901 suis
712 1834 922 1918 opinionibus
945 1830 1008 1921 (4).
1030 1833 1113 1899 Huic
1137 1832 1235 1900 tribui

108 1941 191 2005 solet
215 1940 296 2006 illud
314 1940 514 2024 proloqium:
539 1944 611 2011 Non
629 1946 706 2008 sunt
729 1940 967 2023 muliplicando
987 1941 1071 2007 entia
1091 1941 1160 2007 sine
1182 1960 1237 2007 ne·

106 2050 259 2113 cessitate.
331 2096 336 2134 7
819 2046 823 2053 '

152 2173 170 2240 7
175 2174 194 2241 3
243 2154 432 2223 Ockamum
457 2156 560 2223 secuti
583 2165 662 2222 sunt
684 2156 768 2223 inter
786 2159 866 2223 alios
876 2157 1016 2240 loannes
1037 2157 1232 2235 Buridanus,
1284 2201 1420 2249 „mim

109 2260 225 2328 Rector
240 2262 466 2330 Universitatis
480 2262 666 2330 Parisiensis
688 2261 752 2352 (5);
772 2266 954 2330 Alberlusa
971 2264 1137 2344 Saxonia;·
1156 2264 1236 2331 Gre-
1257 2291 1374 2347 omn,
1387 2294 1439 2337 ne

105 2370 215 2452 gorius
235 2370 448 2435 Ariminensis
465 2365 530 2455 (4-
558 2370 656 2457 1358)
680 2371 834 2455 Magister
861 2371 1028 2438 Generalis
1049 2370 1084 2438 S.
1104 2369 1235 2438 Ordinis
1293 2365 1406 2418 ‘lim’

110 2478 358 2561 Augustiniani3
376 2487 409 2542 et
424 2478 555 2543 Gabriel
567 2478 637 2543 Biel
649 2472 712 2565 (4-
733 2476 842 2565 1495).
859 2478 899 2545 Ηί
913 2489 1062 2545 auctores
1076 2499 1113 2545 ac
1133 2479 1235 2563 potis-
1268 2490 1421 2543 saloerner.

108 2584 231 2650 simum
252 2584 379 2649 Oclram
395 2595 427 2651 et
442 2585 524 2661 Biel,
541 2586 692 2651 videntur
707 2588 780 2669 plus
793 2604 909 2669 aequo,
923 2588 975 2653 vel
989 2585 1029 2652 de
1044 2587 1233 2655 veritatibus

108 2693 212 2758 solido
238 2693 322 2758 nixis
346 2694 580 2771 fundamento,
601 2694 785 2771 dubitasse,
807 2705 905 2779 atque
925 2696 1005 2760 adeo
1024 2693 1233 2780 scepticismo
1323 2768 1326 2778 g

109 2797 1234 2888 lavisse(6).NominalistisquoquesoletaccenseriPetrusdeAlliaco
1305 2857 1317 2886 ,
1388 2858 1401 2887 e

109 2905 154 2992 (d’
184 2907 286 2994 Ailly)
314 2908 788 2976 Cancellarlus.Universitatis
819 2908 1023 2987 Parisiensis,
1056 2909 1234 2995 Episcopus

109 3013 352 3081 Cameracensis
367 3027 399 3082 et
418 3015 454 3083 S.
471 3018 511 3084 R.
528 3016 563 3085 E.
584 3015 760 3084 Cardinalis
775 3017 895 3102 Aquila
908 3019 1079 3084 Doctorum
1091 3017 1234 3084 Francr'ae

144 3397 187 3458 (r)
224 3389 338 3450 &usas
361 3391 450 3462 huius
473 3390 514 3450 rei
538 3389 772 3464 variasexponit
794 3391 884 3450 Card.
912 3391 1071 3462 Gonzalez,
1098 3391 1152 3450 loe.
1181 3393 1231 3451 eit.

108 3501 170 3550 W·
188 3499 232 3554 75-

141 3575 187 3636 (a)
225 3571 358 3629 Forteob
370 3590 457 3628 suurn
473 3569 624 3644 ingenium
640 3571 670 3628 in
684 3571 858 3645 effugiendis
872 3568 1112 3631 adversariorum
1121 3571 1195 3630 telis.

142 3663 184 3732 (3)
222 3661 309 3718 forte
321 3661 393 3732 quia
408 3660 470 3731 ipse
484 3661 635 3719 renovavit
654 3661 917 3730 Nominulismum,
933 3676 962 3720 et
975 3661 1083 3720 relictis
1097 3681 1233 3720 commu-

110 3749 244 3808 nioribus
263 3748 387 3808 aliorum
411 3749 616 3821 opinionibus,
635 3769 688 3809 sua
711 3750 815 3822 placita
836 3750 986 3823 discipulis
999 3751 1233 3828 sequendgpro·

110 3841 221 3910 posuit.

143 3933 184 4000 (4)
222 3927 386 3998 Gonzalez,
402 3949 464 4001 per.
481 3929 577 4002 76-77.

143 4021 185 4090 (ς)
222 4017 319 4088 Hujus
337 4017 467 4077 auctoris
485 4019 596 4076 celebre
617 4031 661 4078 est
679 4033 886 4092 argumentum
908 4019 987 4091 quod
1010 4031 1116 4078 vocant
1141 4040 1235 4095 argu·

111 4119 233 4166 mentum
249 4109 340 4166 amni.
357 4107 463 4167 Docuit
481 4107 638 4167 salsissime
657 4109 838 4168 voluntatem
853 4109 989 4178 liberam,
1004 4110 1030 4167 si
1040 4109 1233 4182 duoaequnlia

112 4197 184 4258 bone
206 4197 275 4256 hinc
297 4197 366 4256 inde
384 4197 440 4256 sibi
460 4211 677 4270 proponantur,
699 4211 835 4261 neutrum
856 4219 942 4271 posse
956 4199 1073 4273 eligere.
1094 4198 1184 4271 idque
1200 4213 1234 4257 ut
1284 4192 1289 4200 ’

113 4289 260 4356 probaret,
275 4287 408 4346 attulisse
421 4286 526 4346 dieitur
539 4288 704 4360 exemplum
713 4289 788 4348 asini
801 4287 942 4368 famelici,
956 4310 1044 4361 quem
1058 4291 1195 4362 putabat,
1207 4289 1233 4348 si

113 4375 182 4434 duos
201 4397 299 4436 eoram
321 4375 441 4435 haberet
461 4376 569 4435 hordeo
589 4378 690 4450 plenos
705 4399 816 4447 saccos,
833 4378 942 4450 quibus
960 4399 1043 4452 aeque
1057 4380 1231 4448 alliceretur,

114 4479 248 4524 neutrum
263 4486 348 4537 posse
362 4478 495 4539 tangere,
513 4488 547 4524 ae
556 4465 631 4526 same
643 4468 806 4541 periturum
817 4465 889 4528 sore.
907 4468 983 4528 Hinc
995 4469 1132 4529 celebrari
1147 4469 1233 4542 coepit

114 4556 222 4613 Asinus
248 4556 405 4615 Burr'duni.
433 4554 508 4619 lCsr.
539 4555 692 4628 Gonzalez,
715 4579 778 4632 par.
806 4581 842 4632 79
870 4559 901 4618 in
923 4573 1001 4619 uota.
1028 4559 1231 4630 Tennemenn,

116 4665 171 4714 par.
186 4649 265 4720 272.)

146 4735 185 4802 (6)
224 4733 385 4807 Gonzalez,
400 4755 463 4808 pur.
480 4739 572 4811 7⁶79·
