3492 5525
508 0 737 50 Amic.
768 2 890 70 4.υιε
922 0 1163 54 UTRUM
1191 8 1458 64 owner,
1496 0 1770 53 LomcAE
1794 9 1892 54 srr
1917 8 2037 54 eivs
2066 10 2213 54 RAT.
2263 3 2416 74 1153

253 180 379 236 est.
414 171 581 257 Ergo
609 180 790 240 totus
809 191 1051 258 scopus
1079 172 1329 260 L‘ogicae
1348 181 1472 252 est,
1506 181 1578 238 ut
1606 180 1789 238 actus
1816 171 2158 238 artificiose
2190 181 2494 256 recteque

254 290 581 362 ponantur
618 279 700 347 ab
729 278 1058 347 intellectu
1078 332 1095 359 ,
1127 291 1192 346 et
1220 283 1346 347 huc
1376 290 1584 347 totam
1615 300 1802 347 suam
1842 280 2205 347 doctrinam
2233 288 2298 344 et
2329 299 2492 364 prae-

251 396 439 470 cepta
478 386 716 473 dirigit.
757 390 907 466 Quo
949 388 1013 454 in
1051 408 1247 474 opere
1285 389 1519 474 Logica
1555 389 1642 454 ita
1679 388 2018 482 sehabet,
2061 399 2133 455 ut
2186 386 2489 454 fictiones

252 493 391 559 illas
423 488 909 561 Thomistarum
930 546 945 573 ,
977 496 1219 580 quibus
1257 495 1430 564 entia
1468 496 1731 563 rationis
1759 496 2281 573 constituuntur,
2324 494 2488 562 nihil

250 609 464 679 curet,
511 604 902 687 penitusque
942 603 1413 687 praetermittat.

387 708 552 775 Hinc
587 710 781 776 etiam
821 710 1000 776 facile
1038 721 1137 777 est
1168 711 1482 798 judicare,
1524 711 1682 794 quid
1710 711 2060 777 dicendum
2106 710 2189 776 sit
2228 711 2312 778 de
2350 708 2491 795 opi-

251 816 446 882 nione
475 817 768 894 illorum,
816 819 927 902 qui
967 820 1326 885 defendunt
1363 837 1479 885 ens
1517 819 1783 885 rationis
1819 829 2156 902 tamquam
2206 820 2484 885 formam

248 933 515 992 actuum
556 927 846 1010 ipsorum
887 927 1281 1003 intellectuS‚
1322 927 1608 993 dicentes
1661 925 2004 992 artificium
2065 928 2169 993 vel
2229 926 2488 992 rectitu-

246 1032 470 1098 dinem
511 1033 766 1099 illorum
794 1034 967 1099 aliud
1006 1053 1138 1101 non
1177 1053 1353 1110 esse,
1381 1052 1581 1116 quam
1621 1052 1738 1101 ens
1770 1034 2065 1111 rationis,
2109 1054 2183 1099 ac
2216 1033 2486 1120 proinde

247 1139 587 1225 Logicam,
627 1161 776 1223 quae
831 1142 956 1206 tale
994 1140 1333 1207 artificium
1389 1140 1742 1209 formaliter
1797 1143 2311 1225 contemplatur,
2371 1142 2485 1207 ha-

245 1247 400 1312 bere
435 1267 552 1332 pro
590 1249 838 1313 formali
868 1249 1124 1332 objecto
1151 1268 1267 1314 ens
1307 1248 1594 1315 rationis,
1629 1248 1881 1314 Etenim
1921 1245 2263 1315 artificium
2298 1248 2480 1324 illud,

247 1365 322 1421 ut
345 1357 480 1441 jam
513 1355 904 1421 declaratum
948 1367 1202 1431 manet,
1234 1355 1531 1421 consistit
1565 1357 1630 1421 in
1661 1355 1918 1440 speciali
1956 1375 2032 1421 ac
2065 1364 2243 1422 certo
2283 1354 2484 1420 modo

245 1463 750 1545 repraesentandi
795 1464 1068 1547 objecta.
1113 1462 1311 1546 Atqui
1352 1464 1591 1537 modus
1632 1464 2133 1546 repraesentandi
2188 1463 2485 1529 indistin-

244 1579 393 1636 ctus
430 1580 529 1636 est
566 1570 648 1635 ab
686 1571 823 1655 ipsa
863 1569 1464 1655 repraesentatione3
1505 1579 1701 1652 atque
1739 1571 1902 1636 adeo
1941 1578 2037 1635 est
2075 1570 2214 1654 ipsa
2250 1570 2482 1638 entitas

242 1687 428 1743 actus
467 1677 936 1744 intellectualis
979 1678 1145 1763 Ergo
1175 1676 1512 1742 artificium
1553 1677 1708 1742 illud
1741 1696 1872 1743 non
1913 1687 2009 1743 est
2035 1696 2153 1743 ens
2192 1677 2480 1753 rationis,

240 1785 361 1850 sed
403 1785 711 1867 perfectio
739 1783 1176 1850 indentificata
1212 1779 1368 1850 cumv
1402 1785 1542 1868 ipsa
1576 1793 1759 1850 actus
1797 1785 2085 1851 entitate.

379 1900 603 1976 Major
657 1901 945 1969 constat,
1007 1894 1158 1976 quia
1215 1892 1447 1977 Logica
1503 1893 1741 1976 regulis
1792 1891 1925 1957 suis
1964 1909 2096 1956 non
2147 1889 2481 1958 intendere

239 2001 501 2067 videtur
530 2001 648 2066 nisi
679 2009 928 2067 certum
963 2001 1236 2066 modum
1271 1999 1771 2084 repraesentandi
1803 2000 2078 2085 objecta·
2114 2019 2313 2084 quare
2342 2000 2484 2065 arti-

238 2108 465 2174 ficium
508 2108 791 2193 logicum
833 2117 1104 2173 actuum·
1135 2108 1198 2173 in
1231 2109 1355 2174 hoc
1381 2106 1697 2173 consistit.

284 2297 297 2310 ἱ
377 2210 608 2284 minor
645 2217 839 2281 etiam
882 2215 1221 2282 manifesta
1258 2224 1393 2291 est,
1435 2217 1586 2298 quia
1634 2226 1816 2281 actus
1853 2215 2217 2282 intellectus
2252 2226 2477 2282 secum

240 2323 645 2390 identificant
701 2343 896 2390 suum
955 2323 1237 2406 quisque
1300 2322 1571 2388 modum
1620 2322 1929 2388 tendendi
1988 2322 2051 2387 in
2118 2325 2475 2406 objectum,

237 2452 439 2517 quem
479 2451 718 2498 exuere
757 2432 1123 2496 nullatenus
1154 2426 1465 2515 possunt,
1508 2429 1673 2495 sicut
1712 2430 1941 2513 nequit
1967 2430 2139 2496 idem
2160 2430 2475 2516 judicium

238 2559 325 2606 ex
379 2539 770 2606 affirmativo
826 2539 891 2604 in
948 2537 1323 2623 negativum
1381 2537 1707 2611 converti,
1776 2538 1878 2603 vel
1938 2537 2302 2604 universale
2340 2536 2476 2604 fieri

237 2647 621 2733 particulare
657 2644 785 2736 (1).

373 2755 751 2823 Notandum
809 2764 1028 2821 autem
1086 2754 1287 2839 probe
1350 2760 1483 2830 est,
1535 2749 1929 2819 «artificium
1981 2752 2263 2821 mentale
2304 2751 2480 2821 aliud

236 2883 386 2931 esse
423 2861 673 2929 realiter
709 2861 1020 2947 simplex,
1063 2859 1357 2926 videlicet
1393 2858 1458 2925 in
1495 2859 1821 2925 sententia
1877 2859 2240 2928 multorum
2282 2859 2479 2925 artifi-

235 2973 415 3039 cium
463 2969 686 3056 judicii
743 2979 810 3036 et
867 2952 1399 3053 apprehensionis
1453 2967 1847 3050 complexae,
1907 2977 1972 3033 et
2025 2966 2092 3033 in
2158 2967 2479 3033 sententia

236 3078 543 3145 omnium
583 3076 924 3143 artificium
965 3074 1498 3159 apprehensionis
1536 3074 1877 3140 formantis
1902 3092 2114 3159 genus
2152 3075 2255 3140 vel
2303 3074 2478 3140 aliud

238 3186 681 3272 praedicabile3
723 3177 896 3250 aliud
925 3201 1077 3271 *esse
1107 3181 1355 3247 realiter
1391 3180 1833 3264 compositum
1875 3200 1955 3246 ex
1984 3181 2208 3248 multis
2238 3200 2479 3248 conce-

234 3295 493 3381 ptibus,
535 3292 832 3359 videlicet
869 3289 1206 3357 artificium
1248 3289 1612 3378 syllogismi
1653 3290 1756 3354 vel
1811 3288 2006 3353 etiam
2048 3290 2111 3356 in
2153 3291 2477 3356 sententia

235 3401 554 3488 probabili
613 3397 953 3465 artificium
1000 3396 1220 3483 judicii
1275 3415 1388 3462 seu
1444 3395 1904 3480 propositionis
1954 3396 2279 3463 mentalis.
2344 3398 2480 3465 No-

235 3519 441 3576 stram
499 3526 656 3593 ergo
711 3506 1099 3572 sententiam
1152 3503 1245 3568 sic
1299 3501 1614 3586 intellige,
1681 3513 1757 3568 ut
1808 3502 2155 3570 artificium
2195 3503 2477 3590 simplex

234 3635 502 3702 prorsus
562 3613 994 3681 identificetur
1056 3630 1205 3677 cum
1258 3630 1337 3676 eo
1390 3609 1662 3694 simplici
1716 3620 2073 3696 conceptu,
2129 3613 2316 3698 cujus
2375 3623 2476 3679 est

235 3726 570 3810 proprium
592 3775 607 3797 ,
651 3721 989 3788 artificium
1027 3737 1183 3785 vero
1211 3716 1648 3803 compositum
1681 3717 2111 3786 identificetur
2140 3720 2476 3804 adaequate

231 3852 392 3899 cum
431 3831 721 3917 partibus
758 3828 955 3895 simul
993 3825 1305 3910 sumptis:
1341 3845 1406 3890 v.
1448 3845 1516 3909 g.
1559 3825 1625 3890 in
1663 3826 2047 3912 syllogismo
2087 3845 2237 3893 cum
2268 3828 2476 3895 tribus

222 3939 522 4029 judiciis,
582 3956 733 4004 cum
791 3935 1063 4021 singulis
1114 3942 1334 3998 autem
1394 3931 1647 3999 nonnisi
1701 3931 2134 4018 inadaequate.
2190 3935 2386 4013 Quod
2422 3936 2476 4003 si

310 4191 395 4263 (¹)
467 4188 591 4246 Csr.
646 4184 936 4250 Lossada‚
978 4182 1085 4242 loc.
1132 4179 1230 4240 cit.
1273 4200 1400 4253 cap.
1454 4201 1517 4254 7,
1573 4201 1632 4239 n.
1689 4181 1771 4240 16.
1818 4180 1942 4242 Csr.
1982 4182 2222 4244 omnino
2262 4183 2475 4246 ibidem

239 4302 300 4341 n.
340 4279 431 4350 18,
465 4277 658 4352 Objie.
692 4284 772 4334 2.·
798 4287 855 4333 et
883 4293 944 4332 n.
978 4292 1066 4342 αις
1098 4285 1155 4331 et
1183 4291 1309 4342 cap.
1341 4291 1405 4342 4,
1438 4290 1499 4327 n.
1537 4291 1619 4342 14.

2290 4390 2367 4455 73
