3492 5525
537 416 596 529 ¹{64
651 442 776 509 Locren
789 437 1019 515 Meron-Lm.
1039 454 1108 517 ψ,
1123 439 1215 505 Drer.
1232 454 1277 524 4.·
1292 441 1372 506 Cer.
1392 457 1461 506 ram

497 631 658 714 habetque
672 629 837 715 proprium
857 626 1023 712 objectum
1037 626 1136 691 lucem
1147 642 1219 690 cum
1235 625 1404 706 coloribus,·
1417 625 1548 691 auditus
1564 632 1621 689 est

497 736 624 803 inaure
648 756 685 803 ec
712 733 811 803 sentit
836 752 944 816 sonos;
967 733 1123 799 odoratus
1141 731 1260 799 affixus
1277 741 1327 799 est
1345 752 1425 800 naso
1448 733 1489 798 ad
1513 730 1620 816 perci-

497 844 634 929 piendos
660 846 787 925 odores;
817 850 936 929 gustus
963 840 1074 907 sedem
1103 840 1201 905 habet
1230 840 1262 907 in
1293 839 1403 926 lingue
1429 848 1464 905 et
1493 840 1618 924 palato,

496 960 673 1038 gustatque
691 958 836 1033 sapores;
856 956 963 1015 tectus
984 948 1121 1014 demum
1146 967 1203 1032 per
1224 956 1334 1014 totum
1358 964 1478 1033 corpus
1500 946 1619 1013 diffun-

451 1064 455 1068 “
497 1060 599 1134 ditur,
622 1076 745 1143 perque
768 1058 878 1143 ipsum
897 1056 1150 1140 apprehenditur
1171 1058 1274 1130 color,
1286 1054 1413 1139 frigius,
1435 1052 1618 1129 humiditas,
1736 1077 1737 1080 ¹

496 1166 634 1243 siccitas,
654 1166 786 1231 durities
804 1175 836 1231 et
854 1163 1011 1259 nullities,
1030 1164 1184 1245 asperitas
1200 1166 1234 1228 et
1249 1162 1360 1229 levitas
1374 1160 1437 1249 (r).

313 1286 470 1338 inuuunt
564 1272 686 1339 Sensus
706 1270 822 1340 interni
841 1280 919 1337 sunt
940 1270 1001 1347 ini,
1024 1261 1179 1353 quorum
1194 1288 1317 1354 organa
1340 1272 1443 1335 latent
1466 1269 1616 1348 interius;

366 1375 411 1405 ⁰⁰²
497 1382 578 1446 tales
592 1387 670 1446 sunt
683 1378 993 1453 sensnscommunis,
1010 1375 1617 1460 imaginatimstimativaetnmmorio.
1736 1367 1737 1454 ζ

564 1486 688 1553 Sensus
706 1486 896 1553 communis
913 1493 964 1550 est
981 1484 1034 1549 illa
1054 1483 1216 1569 potentia,
1235 1502 1294 1567 per
1306 1502 1407 1567 quam
1423 1482 1621 1568 percipimus
1736 1483 1737 1572 i

345 1608 390 1637 ¹⁰¹⁰
423 1590 450 1633 ’·
498 1594 621 1681 objecta
640 1588 797 1660 sensuum
818 1604 1050 1668 externorum,
1072 1612 1109 1656 ea
1127 1591 1211 1657 inter
1229 1610 1300 1657 sese
1319 1587 1565 1677 discernendo(
1588 1588 1617 1676 ).

566 1702 650 1783 ero
667 1702 875 1767 discernimus
892 1700 1002 1783 aliqua
1019 1698 1135 1763 virtute
1152 1718 1216 1763 noa
1233 1700 1334 1764 solum
1350 1699 1455 1763 albem
1473 1716 1494 1763 a
1511 1697 1618 1780 nigro,
1736 1735 1737 1754 r

496 1810 548 1874 ael
563 1810 652 1874 dulce
669 1810 710 1875 ab
727 1827 849 1884 amoro,
870 1810 927 1871 scd
943 1807 1037 1872 etiam
1053 1806 1162 1871 album
1177 1825 1199 1870 a
1214 1805 1318 1882 dulci,
1337 1809 1369 1870 et
1382 1806 1621 1889 unumquodque
1736 1883 1737 1912 1

496 1916 640 1981 sensibile
653 1916 859 1982 descernimus
872 1915 913 1981 ab
925 1932 1123 1998 unoquoque,
1142 1913 1345 1989 etscntimus,
1362 1914 1446 1997 quod
1457 1912 1620 1996 differunt
1736 2003 1738 2018 .

496 2027 615 2105 oportet
630 2026 713 2108 quod
730 2023 784 2089 boc
801 2023 844 2088 sit
856 2028 918 2105 per
933 2038 1075 2098 sensum,
1100 2020 1176 2105 puio
1193 2038 1373 2104 cognoscere
1390 2020 1562 2096 sensibilia,
1583 2018 1620 2082 in
1736 2031 1737 2122 ᾗ

497 2134 646 2215 quantiam
669 2133 746 2195 sunt
763 2128 939 2204 sensibilia,
964 2132 1013 2193 est
1030 2146 1158 2209 sensus·
1179 2127 1386 2211 cognoscimus
1404 2131 1506 2192 auum
1530 2126 1622 2208 diffe-
1736 2127 1737 2138 ’

499 2238 615 2303 rennos
641 2238 708 2303 albi
733 2242 763 2303 et
785 2236 906 2311 dulcis,
932 2254 995 2300 non
1008 2238 1107 2301 solum
1130 2238 1280 2319 qnantum
1303 2237 1347 2299 ad
1365 2236 1450 2319 quod
1461 2240 1543 2319 quid
1565 2247 1622 2300 est
1736 2297 1737 2322 ,

497 2345 659 2429 utriusque
668 2343 716 2431 (id
733 2353 794 2420 est,
809 2353 970 2430 quantum
982 2344 1022 2407 ad
1033 2340 1224 2428 essentiam)
1237 2345 1320 2426 quod
1322 2342 1461 2425 pertinet
1471 2344 1516 2407 ad
1529 2341 1622 2406 intei-

498 2454 629 2533 leclum,·
642 2453 697 2518 scd
712 2452 806 2518 etiam
818 2454 971 2535 quantum
983 2453 1028 2516 ad
1039 2450 1194 2515 diversam
1208 2449 1449 2515 immutationem
1459 2468 1621 2515 sensuum:
1736 2466 1738 2542 ζ

496 2565 527 2625 lt
545 2560 600 2625 boc
615 2578 678 2625 non
693 2558 882 2645 potestfiari
894 2557 960 2625 nisi
968 2565 1027 2640 por
1038 2576 1163 2623 sensum
1176 2554 1239 2645 (3).
1259 2556 1352 2622 Unde
1367 2556 1528 2641 ejusmodi
1545 2574 1622 2623 sen-

497 2684 553 2732 sus
576 2668 763 2732 discernens
787 2666 871 2731 inter
895 2666 1039 2730 diversas
1064 2663 1267 2729 sensationes
1292 2682 1471 2747 earumque
1494 2664 1622 2749 objecta
1736 2661 1737 2682 ¹

497 2773 530 2839 in
550 2775 652 2840 brutis
670 2775 768 2839 etiam
789 2773 966 2856 reperitur,
986 2772 1109 2854 quippe
1127 2773 1182 2854 qui
1200 2790 1265 2836 non
1287 2774 1393 2837 solum
1413 2773 1622 2857 distinguunt

498 2881 581 2949 inter
600 2881 702 2947 varias
721 2880 952 2965 impressiones
975 2879 1073 2944 unius
1100 2879 1315 2962 ejusdemque
1342 2898 1476 2955 sensus,
1505 2899 1620 2946 verum

498 2987 596 3054 etiam
614 2987 699 3054 inter
716 2987 947 3072 impressiones
965 2987 1189 3062 diversorum,
1209 2996 1328 3070 gustus
1342 3007 1376 3084 v.
1394 3007 1427 3072 g.
1450 2997 1484 3052 et
1498 2995 1619 3061 tactus,
1736 2988 1738 3047 }

498 3095 524 3161 si
544 3095 691 3179 quando,
711 3095 791 3160 dum
812 3094 931 3178 aliquid
951 3094 1073 3168 edunt,
1094 3093 1180 3158 iuste
1194 3101 1252 3158 aut
1270 3095 1404 3159 verbere
1428 3095 1618 3178 abiguntur.
1736 3088 1738 3109 ’

564 3201 631 3268 Nec
649 3200 736 3267 dicas
755 3201 795 3265 ad
813 3197 982 3286 lejusmodi
1007 3200 1237 3284 impressiones
1263 3201 1490 3266 discernendas
1516 3211 1623 3266 exter·

499 3327 560 3376 nos
578 3326 694 3374 sensus
714 3308 875 3374 sufficere.
896 3306 979 3371 Nam
1000 3303 1184 3372 discernere
1199 3307 1283 3372 inter
1297 3307 1401 3372 varias
1417 3307 1621 3373 sensationes
1736 3286 1738 3311 ἱ

498 3416 611 3499 nequit
641 3433 777 3491 sensus,
809 3415 869 3479 nisi
898 3432 1015 3479 omnes
1045 3414 1115 3478 illas
1148 3415 1180 3478 in
1214 3432 1249 3479 se
1279 3413 1479 3498 experiatur3
1511 3417 1622 3480 nullus

498 3532 607 3588 autem
628 3530 677 3588 est
696 3539 813 3588 sensus
831 3530 1006 3596 externus,
1029 3520 1084 3603 qui
1104 3520 1241 3604 experiri
1262 3521 1363 3605 possit
1387 3521 1523 3586 aliorum
1547 3540 1623 3588 sen-

498 3648 599 3706 suum
616 3630 864 3713 impressiones,
883 3647 959 3693 cum
979 3629 1099 3713 singuli
1119 3629 1259 3693 habeant
1278 3645 1337 3693 sua
1356 3629 1477 3713 quique
1496 3629 1623 3715 objecta

498 3738 638 3823 propria.
659 3737 799 3803 Necesse
818 3744 869 3802 est
888 3753 983 3822 ergo,
1006 3744 1044 3802 ut
1069 3735 1153 3801 adsit
1180 3736 1262 3802 alius
1281 3737 1414 3820 quidam
1435 3755 1552 3803 sensus
1580 3737 1622 3801 ab

496 3926 538 3988 9.·
560 3913 590 3972 in
618 3913 744 3988 Eveng.;
773 3911 805 3972 S.
832 3900 954 3986 Gregor.
976 3911 1101 3985 Nyssen.
1121 3925 1195 3970 orat.
1217 3913 1244 3969 6.
1260 3913 1294 3969 im
1311 3912 1441 3981 Cantic.,·
1462 3911 1495 3972 Sc
1516 3913 1620 3982 Joenn.
1736 3904 1737 3909 ¹

499 4003 634 4062 Damesc.
647 4004 697 4062 lib.
712 4023 742 4071 2,
756 4003 792 4060 dc
807 4003 872 4060 Fid.
884 4002 994 4059 ortlrod.
1011 4023 1037 4067 c,
1056 4003 1098 4071 183
1114 3999 1147 4059 S.
1163 4001 1269 4060 Thom.
1288 4023 1311 4058 1.
1329 4021 1357 4073 p.
1379 4015 1475 4073 quest
1487 4004 1547 4076 78,
1563 4025 1621 4077 ις

499 4105 527 4152 et
541 4093 613 4152 loeis
629 4093 667 4152 ib.
684 4091 791 4151 citetis.

534 4181 574 4254 (1)
613 4179 645 4240 S.
659 4181 764 4239 Thom.
779 4181 889 4253 Opusc.
905 4183 940 4238 de
955 4181 1099 4238 Potentiis
1114 4181 1202 4236 anim.
1219 4179 1302 4239 Setis
1312 4201 1468 4240 commune
1481 4195 1527 4240 est
1544 4183 1622 4254 apud

504 4270 676 4330 recentiores
688 4263 900 4342 perceptionem
914 4269 1073 4341 voluptatis
1086 4289 1119 4327 ec
1131 4268 1239 4330 doloris
1253 4270 1413 4329 attribuere
1423 4273 1523 4330 sensui
1534 4272 1623 4330 inter-

504 4379 553 4419 no.
570 4359 600 4418 id
616 4379 694 4418 nunc
708 4357 914 4432 permittimus.
930 4358 963 4416 ln
977 4371 1103 4417 tractatu
1117 4372 1215 4417 eutem
1230 4358 1266 4417 de
1276 4359 1382 4417 Anime
1395 4359 1554 4418 videndum
1565 4375 1622 4430 est,

504 4469 543 4508 en
557 4469 616 4509 non
632 4450 730 4522 potius
744 4448 825 4507 dolor
840 4463 869 4506 et
888 4448 1024 4520 voluptas
1045 4467 1183 4521 corporea
1197 4448 1234 4507 ad
1254 4462 1363 4507 tectum
1377 4463 1507 4522 spectent
1520 4467 1556 4508 ex
1569 4451 1623 4510 ἀο·

505 4538 598 4597 ctrina
614 4537 646 4596 S.
662 4538 782 4596 Thomae
793 4535 975 4608 aliorumque
990 4536 1120 4609 plurium
1135 4539 1304 4597 Doctorum.

537 4631 581 4693 (α)
618 4627 694 4685 Vide
704 4625 804 4696 Suam,
818 4629 852 4684 de
865 4627 993 4693 Anima,
1012 4626 1062 4685 lib.
1079 4649 1110 4698 ς,
1127 4647 1189 4700 esp.
1204 4648 1248 4699 3¹·

535 4720 576 4790 (ς)
613 4713 647 4776 S.
662 4715 730 4786 tn..
743 4717 778 4775 de
792 4715 908 4789 Anim,
921 4715 971 4776 lib.
987 4735 1020 4789 3,
1033 4716 1099 4776 lect.
1115 4737 1145 4788 ς,
1162 4735 1279 4793 perege.
1295 4719 1324 4777 6.
