3492 5525
552 450 611 515 33⁰
738 434 866 499 locro
886 433 1143 499 Minoa-Dran.
1167 447 1212 513 3.·
1233 433 1312 498 Car».
1336 448 1408 502 ψ.

885 845 1183 922 ARTICULUS
1205 846 1259 921 V.

577 1050 847 1133 Quotuplex
863 1051 1032 1129 Figura
1049 1052 1096 1115 et
1112 1048 1281 1116 Modus
1298 1050 1564 1133 syllogismi.

355 1329 434 1384 rain
559 1320 633 1389 ¹53·
683 1302 768 1368 Cum
787 1300 893 1387 figura
916 1299 957 1366 sit
977 1301 1081 1366 torma
1099 1300 1333 1378 terminorum,
1353 1309 1403 1367 tot
1426 1302 1497 1387 ejus
1516 1320 1639 1369 nume-

295 1400 497 1461 ·⁷¹¹⁰⁸³⁸⁰¹³⁸‘³¹’¹‘¹
511 1410 670 1477 rabuntur
686 1410 829 1493 species,
849 1420 933 1492 quot
956 1418 1033 1474 sunt
1051 1408 1223 1492 possibiles
1251 1408 1389 1475 diversae
1413 1410 1635 1477 terminorum
1733 1498 1734 1503 Ἰ

509 1520 737 1584 collocationes
764 1517 798 1583 in
817 1514 1013 1601 praemissis,
1033 1526 1118 1599 aptae
1144 1516 1185 1580 ad
1210 1516 1453 1582 conclusionem
1480 1526 1566 1583 recte
1585 1520 1639 1585 in·
1733 1506 1734 1575 Ψ

509 1626 688 1692 terendam.
708 1624 789 1690 Tres
808 1641 904 1708 porro
923 1633 1001 1689 sunt
1020 1621 1210 1709 hujusmodi
1228 1624 1457 1692 collocationes
1479 1626 1632 1693 diversae:

511 1734 634 1817 prima,
654 1733 687 1798 in
707 1752 772 1815 qua
790 1730 921 1797 medius
939 1732 1099 1797 terminus
1118 1731 1150 1796 in
1169 1730 1280 1817 Majon'
1295 1733 1447 1817 subjecti,
1465 1732 1496 1798 in
1516 1734 1635 1800 Minori

509 1817 589 1906 vero
621 1839 784 1924 praedicati
816 1847 906 1905 tenet
937 1840 1066 1904 locum:
1097 1846 1130 1903 et
1163 1838 1262 1905 habes
1295 1840 1434 1922 primam
1464 1841 1632 1925 Figuram.

509 1948 704 2033 Exemplum
734 1955 823 2015 esto:
855 1945 968 2013 Omnis
992 1946 1097 2012 virtus
1119 1949 1166 2011 est
1186 1948 1400 2012 ornamentum
1424 1948 1548 2015 animo.
1570 1950 1637 2016 Sed

504 2057 610 2139 pietas
628 2059 678 2122 est
693 2056 807 2121 virtus.
827 2056 907 2140 Ergo
924 2057 972 2119 est
984 2054 1100 2121 anime
1116 2058 1342 2120 ornamentum.

577 2163 727 2230 Secunda
745 2161 851 2248 figura
869 2170 920 2227 est
938 2161 1007 2239 illa,
1029 2161 1061 2226 in
1081 2181 1145 2245 qua
1164 2161 1292 2227 medius
1310 2162 1470 2229 terminus
1493 2164 1526 2229 in
1545 2172 1636 2230 utra·
1733 2174 1734 2217 t

508 2289 573 2354 que
592 2270 762 2355 praemissa
790 2270 999 2353 praedicatur:
1021 2288 1055 2334 v.
1079 2288 1113 2353 g.
1145 2266 1257 2335 Omnis
1278 2269 1364 2335 bomo
1386 2274 1434 2335 est
1455 2271 1631 2339 rationalis.
1733 2348 1734 2363 .

507 2379 571 2446 Sed
588 2378 695 2444 nultus
712 2395 809 2462 equus
826 2381 874 2442 cst
889 2371 1068 2443 rationalis.
1085 2376 1167 2461 Ergo
1186 2378 1295 2441 nullus
1311 2395 1409 2461 equus
1426 2382 1475 2444 est
1489 2380 1589 2446 bomo.
1733 2370 1734 2373 ’

574 2486 683 2552 Tertia
700 2484 805 2571 figura
825 2492 875 2551 est
894 2482 959 2561 illa,
980 2484 1013 2548 in
1032 2502 1097 2567 qua
1116 2482 1245 2551 medius
1262 2484 1425 2551 terminus
1443 2485 1477 2551 in
1496 2498 1635 2570 utraque
1733 2562 1734 2587 χ

509 2592 677 2680 praemissa
702 2592 883 2678 subjicitur.
905 2592 948 2659 Ut
976 2590 1001 2657 si
1030 2590 1075 2656 ita
1098 2591 1310 2658 ratiocineris:
1337 2592 1451 2660 Omnis
1475 2595 1563 2660 bomo
1588 2599 1637 2660 est
1733 2588 1734 2619 l

508 2702 652 2770 risibilis.
671 2702 735 2772 Sed
750 2700 852 2767 omnis
869 2700 957 2767 bono
975 2700 1167 2768 cstanimal.
1188 2699 1271 2785 Ergo
1293 2700 1423 2786 aliquod
1446 2702 1569 2769 antemi
1588 2708 1637 2771 est

508 2809 640 2876 risibile.

574 2916 654 2982 'lres
672 2916 741 2983 istae
759 2915 876 3002 figure
895 2918 957 2982 hoc
975 2916 1136 2983 versiculo
1156 2934 1310 3001 expresse
1329 2917 1460 2983 luerunt
1485 2937 1504 2982 a
1529 2917 1635 2984 Scho-

509 3023 642 3101 lasticis,
664 3022 831 3090 memoriae
850 3022 1002 3106 juvandae
1016 3042 1126 3090 causa:

554 3221 631 3289 SUB
650 3219 749 3289 PRAE
765 3225 895 3304 primm
912 3227 974 3289 sed
989 3227 1095 3289 altera
1109 3227 1164 3290 bis
1178 3218 1292 3288 PRAE:
1308 3227 1476 3290 tertiabit
1496 3221 1585 3290 SUB.

576 3420 636 3487 Ubi
656 3437 753 3484 voces
771 3419 829 3485 sub
846 3429 879 3486 et
893 3426 963 3501 pro
981 3417 1166 3504 significant
1182 3419 1298 3505 subjici
1314 3427 1348 3484 et
1361 3420 1534 3502 predicari
1544 3472 1552 3498 ,
1572 3440 1631 3489 seu

508 3528 645 3612 subjecti
673 3535 706 3591 et
728 3526 892 3611 praedicati
920 3526 1029 3592 locum
1058 3544 1230 3609 occupare.
1260 3525 1433 3593 Subaudiri
1461 3536 1569 3593 autem
1598 3529 1632 3596 in

509 3635 670 3703 versiculo
689 3634 787 3700 debet
806 3634 958 3700 temnimus
976 3634 1113 3710 nudius,
1134 3635 1175 3700 de
1193 3633 1249 3700 illo
1266 3632 1355 3699 enim
1375 3635 1532 3719 loquitur.

576 3740 656 3809 Illud
672 3760 768 3826 porro
783 3741 966 3808 notandum
980 3748 1042 3816 est,
1060 3740 1199 3825 primam
1208 3740 1348 3827 liguram
1360 3759 1457 3826 posse
1466 3742 1630 3810 exiisdem

510 3848 688 3935 praemissis
706 3849 758 3915 vel
777 3849 892 3914 directe
911 3856 944 3914 et
960 3847 1152 3915 natreraiitcr
1168 3850 1221 3915 vel
1240 3849 1390 3916 indirecte
1412 3858 1445 3917 et
1467 3850 1633 3918 imarum-

509 3958 583 4024 iiter
595 3959 789 4024 concludere.
800 3954 1028 4041 Quaecumque
1042 3957 1130 4023 enim
1144 3957 1308 4023 conclusio
1320 3957 1440 4024 directe
1453 3958 1629 4037 derivetur,

509 4083 604 4150 aeque
619 4064 735 4149 poterit
753 4063 852 4128 etiam
870 4063 1008 4130 derivari
1023 4065 1171 4150 ejusdem
1185 4072 1396 4140 convertens,
1413 4073 1527 4150 utpote
1542 4085 1630 4151 quae,

510 4171 704 4238 dummodo·
717 4172 887 4237 conversio
907 4169 966 4237 rite
985 4179 1175 4258 peragatur,
1194 4190 1360 4238 conversae
1379 4191 1512 4257 prorsus
1533 4177 1634 4258 aequi·

510 4281 608 4345 valet.
639 4279 847 4363 Exemplum.
887 4277 920 4344 Si
949 4299 989 4344 ex
1018 4279 1068 4346 his
1096 4279 1209 4364 primae
1236 4279 1351 4366 tigurae
1375 4281 1630 4365 sumptionibus:

516 4385 617 4454 Omne
634 4386 755 4451 aninni
771 4389 818 4451 est
832 4386 1024 4453 substantia:
1042 4390 1098 4452 sed
1121 4387 1208 4452 bomo
1228 4391 1275 4453 est
1295 4388 1434 4470 animat·
1459 4391 1633 4458 concludas

512 4495 648 4560 directe:
676 4493 754 4575 Ergo
781 4494 868 4558 berno
895 4497 942 4558 est
965 4493 1157 4576 snbstantie;
1177 4493 1297 4578 poteris
1324 4512 1457 4589 quoque
1483 4497 1633 4580 colligere

512 4600 686 4676 indirecte,
708 4600 835 4666 inversa
865 4602 1057 4684 praecedenti
1085 4602 1311 4676 conclusione,
1332 4603 1394 4667 hoc
1420 4611 1531 4686 pacto:
1553 4605 1633 4688 Ergo

513 4707 623 4792 ateana
639 4705 814 4773 substantia
831 4709 880 4772 est
894 4707 991 4773 bomo.
