3492 5525
236 455 352 519 Anrtc.
391 470 449 537 μ’
470 454 521 519 An
543 472 687 519 naarrus
708 471 871 519 screnum
892 473 944 519 sn
964 436 1106 520 srnate'x
1137 453 1197 539 987

106 660 183 726 liter
200 658 354 743 exemplo
371 656 536 725 charitatis
555 658 607 721 vel
627 655 792 742 religionis
809 657 942 733 infusae,
962 674 1037 741 quae
1060 666 1139 725 sunt
1156 657 1236 725 sirn-

106 768 209 852 plices
235 766 449 851 qualitates...
479 772 514 830 et
536 782 603 831 non
632 764 702 857 pari
731 763 880 831 facilitate
907 784 948 833 ex
981 774 1071 850 parte
1099 766 1235 851 subjecti

106 875 266 943 inclinant
292 873 334 939 ad
365 890 483 939 omnes
514 881 624 947 actus,
657 874 708 938 vel
738 874 931 940 materias...
960 873 1071 957 ltaque
1102 873 1237 957 quando

110 983 220 1067 primo
238 989 413 1068 generatur
431 979 562 1047 habitus
581 998 638 1064 per
656 981 798 1063 aliquam
821 980 1159 1059 demonstrationem,
1179 1000 1237 1067 ge-

107 1098 242 1157 neratur
267 1086 447 1156 essentialis
473 1099 507 1153 et
535 1088 680 1154 formalis
708 1087 841 1154 facilitas
868 1089 910 1153 ad
938 1107 1055 1169 omnes
1087 1097 1177 1156 actus
1201 1098 1235 1155 et

105 1198 251 1282 obiecta,
267 1196 331 1264 sub
349 1196 405 1263 tali
424 1196 547 1263 ratione
566 1195 692 1261 formali
706 1205 878 1273 contenta,
895 1215 952 1281 per
966 1196 1144 1263 secundam
1158 1216 1234 1263 vero

106 1306 161 1371 vel
188 1304 317 1373 tertiam
348 1302 665 1370 demonstrationem
692 1320 759 1369 non
785 1315 962 1389 generatur
989 1323 1074 1371 nova
1101 1304 1235 1372 facilitas

106 1410 303 1487 essentialis,
330 1411 390 1477 sed
415 1408 625 1477 accidentalis
643 1409 821 1477 difficultas
847 1411 970 1479 tollitur
990 1430 1031 1481 ex
1050 1420 1139 1497 parte
1157 1412 1235 1479 sub-

101 1520 180 1606 jecti
198 1528 232 1585 et
249 1517 474 1603 applicationis
496 1518 670 1584 materie»
688 1515 703 1603 (
728 1514 754 1605 >-
1169 1538 1171 1543 ·

175 1626 237 1693 ΡΡ.
258 1625 411 1708 Vazquez
431 1631 465 1690 et
488 1623 580 1691 Salas
606 1624 795 1692 existimant
815 1626 1043 1707 extensionem
1067 1644 1104 1691 ac
1131 1627 1234 1711 perfe-

108 1735 254 1801 ctionem
283 1733 414 1800 habitus
437 1733 506 1817 jam
538 1730 704 1815 acquisiti,
729 1749 805 1797 eum
824 1734 866 1799 ad
887 1752 988 1799 novas
1007 1735 1233 1801 conclusiones

108 1842 355 1927 cognoscendas
372 1840 565 1924 applicatur,
591 1839 660 1907 fieri
684 1858 741 1924 per
759 1840 1004 1925 susceptionem
1030 1856 1123 1909 novae
1142 1842 1233 1908 reali-

107 1950 198 2023 tatis,
211 1967 286 2031 quae
299 1946 342 2015 sit
361 1948 481 2014 modus
494 1946 648 2030 quidam,
670 1956 769 2031 atque
785 1948 867 2013 adeo
885 1948 1023 2015 diversae
1046 1960 1170 2018 naturae
1190 1949 1231 2015 ab

105 2056 181 2141 ipso
203 2056 327 2123 habitu.

178 2162 325 2247 Denique
342 2160 379 2229 P.
401 2161 508 2228 Rubio
526 2142 676 2229 eamdem
701 2180 769 2227 rem
792 2163 931 2246 explicat
949 2182 1007 2248 per
1030 2162 1229 2231 additionem

109 2288 271 2337 novarum
286 2268 639 2353 facilitatum·ejusdem
663 2270 796 2337 rationis
813 2288 890 2337 cum
913 2270 1020 2355 primo
1040 2270 1166 2347 habitu,
1186 2272 1230 2338 ita

107 2386 145 2444 ut
162 2394 280 2443 omnes
297 2376 369 2447 istae
392 2375 558 2442 facilitates
575 2393 611 2443 se
639 2376 780 2445 habeant
803 2385 999 2462 numquam
1021 2388 1129 2463 partes
1147 2379 1231 2446 inte·

98 2492 239 2569 grantes
258 2484 404 2569 ejusdem
425 2483 571 2560 habituS,
592 2483 648 2567 qui
671 2466 806 2550 licet'sit
826 2486 965 2570 qualitas
982 2486 1171 2571 spiritualis,
1197 2495 1231 2554 et

104 2592 179 2659 ideo
198 2610 264 2658 non
281 2591 399 2657 habeat
426 2600 533 2675 partes
553 2589 755 2675 integrantes
780 2592 1012 2675 quantitativas
1037 2602 1136 2679 atque
1159 2613 1232 2661 eor·

107 2717 239 2784 poreas,
258 2700 342 2766 sicut
366 2698 486 2766 habent
500 2716 652 2783 corpora,
669 2696 793 2766 habent
808 2709 920 2767 tamen
941 2700 1126 2786 spirituales
1136 2704 1231 2790 juxta

106 2806 269 2891 propriam
298 2817 466 2882 naturam,
493 2825 569 2890 quae
590 2805 741 2872 dicuntur
765 2817 871 2890 partes
898 2809 1118 2888 extensionis,
1142 2811 1230 2878 sicut

103 2925 232 2982 certum
249 2925 299 2981 est
318 2915 435 2980 habere
452 2923 559 2997 partes
582 2912 786 2989 intensionis,
810 2923 847 2980 ut
872 2934 935 2980 suo
954 2917 1026 2982 loco
1050 2916 1229 3002 explicabi-

104 3032 170 3088 tur.
190 3022 258 3088 Nec
277 3029 409 3107 propter
431 3022 515 3115 tales
539 3031 647 3105 partes
673 3022 875 3106 integrantes
896 3023 1015 3090 desinit
1038 3043 1108 3091 esse
1126 3027 1229 3110 quali-

102 3142 155 3197 tas
168 3130 327 3215 simplex,
347 3130 628 3213 quemadmodum
648 3127 811 3196 desineret
828 3147 919 3207 esse,
939 3129 966 3198 si
985 3141 1095 3202 essent
1113 3131 1229 3200 distin·

103 3239 146 3305 cti
161 3237 308 3315 habitus,
325 3247 361 3304 ut
375 3237 489 3304 asserit
504 3235 654 3322 opposita
667 3237 845 3313 sententia,
861 3239 938 3321 quia
958 3255 1030 3305 esse
1045 3239 1227 3326 simplicem
1293 3315 1296 3322 ,

104 3347 294 3429 qualitatem
314 3347 377 3410 hoe
390 3355 519 3412 tantum
539 3343 715 3429 significat,
735 3343 826 3427 quod
842 3361 909 3411 non
925 3345 968 3411 sit
987 3347 1168 3431 composita
1187 3367 1228 3416 ex

106 3452 217 3519 multis
245 3449 452 3535 qualitatibus
470 3459 526 3517 aut
544 3450 706 3517 habitibus
730 3451 906 3517 formaliter
923 3461 980 3519 aut
993 3454 1101 3540 specie
1122 3456 1227 3523 diver-

104 3560 162 3626 sis.
184 3559 273 3626 Sicut
295 3577 360 3624 non
380 3559 480 3636 tollit,
502 3558 580 3642 quin
608 3558 724 3624 albedo
747 3558 831 3624 Petri
850 3558 894 3625 sit
916 3559 1056 3646 simplex
1075 3562 1224 3648 qualitas,

104 3668 193 3750 quod
210 3668 329 3732 habeat
344 3677 453 3752 partes
468 3667 666 3751 integrantes
684 3667 717 3732 in
738 3667 842 3752 capite
860 3675 895 3733 et
912 3668 1021 3752 pede»
1036 3665 1099 3758 (2).
1119 3671 1226 3749 Quare

104 3775 248 3840 doctrina
272 3776 341 3840 nac
358 3772 468 3841 revera
487 3784 586 3860 negat
606 3773 847 3859 simplieitatem
867 3774 997 3842 habitus
1018 3776 1176 3854 scientiae,
1192 3789 1225 3845 et

105 3883 212 3967 potius
233 3882 411 3949 revocanda
430 3891 480 3949 est
505 3883 547 3948 ad
569 3883 748 3950 secundam
769 3884 982 3960 sententiam,
1003 3884 1076 3951 licet
1095 3883 1224 3954 diverso

105 3991 203 4057 modo
224 3991 365 4075 explicat
384 3991 670 4075 compositionem.

166 4097 314 4164 Secunda
332 4097 495 4166 sententia
513 4106 603 4163 tenet
622 4099 756 4164 totalem
772 4096 939 4165 scientiam
957 4119 1022 4166 non
1035 4117 1107 4166 esse
1122 4119 1221 4168 unam
1255 4115 1358 4164 sauna.
1370 4131 1423 4164 m-

101 4204 282 4291 simplicem
302 4205 510 4288 qualitatem,
527 4205 584 4272 sed
604 4204 869 4291 aggregationem
890 4207 1030 4291 plurium
1051 4207 1221 4278 habituum
1300 4190 1375 4236 '‘¹¹⁵''

103 4312 283 4398 partialium
303 4331 362 4398 pro
381 4311 536 4380 varietate
561 4311 811 4380 conclusionum
838 4333 875 4380 ac
901 4314 1220 4383 demonstrationum

102 4420 243 4506 cujusvis
261 4419 421 4496 scientiae,
442 4438 484 4488 ex
503 4417 623 4505 quibus
641 4421 796 4488 omnibus
813 4420 993 4508 integratur
1012 4440 1098 4490 unus
1112 4423 1222 4494 totalis

135 4672 175 4742 (r)
210 4671 315 4740 Joann.
331 4691 348 4728 a
366 4668 399 4730 S.
415 4669 520 4729 Thom.
538 4671 591 4728 loc.
607 4669 657 4728 cit.

135 4760 175 4831 (2)
212 4761 287 4820 Rub.
303 4759 356 4819 loc.
373 4759 433 4830 cit,
445 4760 496 4818 Ad
508 4760 666 4818 secundum
679 4760 845 4834 respondeo.
