3492 5525
249 464 367 531 Arrrrc.
385 480 444 533 μ’
457 466 510 531 Arr
525 486 692 535 assessus
707 488 905 537 sarucrrxon.
921 489 974 539 err
988 488 1141 538 orscurrs.
1163 468 1225 557 807

1052 578 1266 597 ᾖ

141 648 177 708 et
195 660 290 708 causa
309 664 366 729 per
379 664 414 713 se
426 664 580 713 assensus
598 646 846 734 principiorum,
863 650 934 736 ipsa
958 666 1093 738 quoque
1118 654 1200 721 iuret
1214 656 1265 722 lu-

143 768 220 817 men
249 752 459 821 manifestans
483 754 921 841 praedictam-extremorum
946 760 1200 830 connexionem.
1229 763 1265 830 ld

141 876 240 942 porro
260 859 458 944 impossibile
478 863 617 930 videtur.

207 966 291 1033 Nam
307 970 505 1055 experientia
524 972 632 1039 solum
653 973 748 1038 relert
766 973 908 1049 facturn,
929 988 1118 1057 purumque
1134 975 1266 1061 piraeno-
1296 968 1301 982 '

142 1091 277 1142 menum
295 1078 427 1157 actualis
444 1080 657 1146 connexionis
675 1088 899 1147 extremorum
918 1082 951 1148 in
971 1081 1021 1149 iris
1038 1082 1167 1152 casibus
1185 1101 1265 1152 cort·

140 1182 253 1258 cretis,
274 1202 416 1267 quorum
436 1186 592 1254 memoria
612 1186 783 1264 retinetur,
805 1186 941 1254 miirime
959 1198 1071 1256 autem
1090 1192 1132 1258 ad
1156 1192 1262 1276 ipsam

140 1299 264 1373 spectat
284 1293 439 1374 iudicium
458 1293 500 1359 de
519 1296 708 1363 necessitate
727 1304 826 1379 atque
846 1286 1088 1364 universalitate
1102 1298 1264 1382 predictae

142 1399 355 1467 connexionis
375 1401 406 1467 in
426 1420 637 1486 quocumque
655 1420 733 1468 casu
752 1402 848 1475 etiarn
869 1403 1032 1489 possibili,
1061 1414 1095 1470 et
1114 1408 1262 1473 rtondurn

141 1505 347 1589 experientiae
361 1508 520 1593 subjecto.
538 1509 678 1576 Aliunde
693 1528 771 1577 vero
787 1530 827 1576 ex
843 1512 913 1577 sola
930 1510 1045 1599 actuali
1060 1513 1264 1580 connexione

141 1626 363 1681 extremorum
386 1618 497 1700 nequit
516 1618 692 1683 necessitas
710 1616 817 1703 colligi
846 1618 1008 1703 praedictae
1036 1620 1260 1699 connexionis,

141 1722 408 1806 quandoquidem
434 1725 566 1791 actualis
593 1725 754 1791 connexio
782 1726 878 1791 datur
906 1744 1017 1791 revera
1053 1745 1121 1792 non
1151 1730 1260 1793 solum

140 1828 224 1893 inter
241 1849 296 1906 ea,
313 1850 387 1915 quae
405 1832 544 1916 separari
565 1841 753 1915 nequeunt,
775 1841 811 1899 ut
831 1840 909 1899 sunt
928 1852 960 1901 rr.
981 1852 1018 1919 g.
1038 1834 1125 1899 bomo
1137 1842 1171 1900 et
1189 1835 1263 1901 risi-
1344 1847 1347 1856 ’

142 1935 218 2013 dile,
235 1940 295 2004 sed
310 1938 405 2007 etiam
420 1940 503 2005 inter
521 1960 574 2015 ea,
592 1959 667 2024 quae
682 1958 749 2006 non
763 1950 924 2025 repugnat
937 1940 1093 2025 separari,
1109 1950 1142 2006 et
1157 1942 1263 2026 proin·

141 2048 181 2111 de
199 2048 426 2132 contingenter
443 2049 701 2133 conjunguntur,
723 2048 831 2132 qualia
846 2058 923 2115 sunt
938 2049 1026 2115 homo
1039 2056 1073 2115 et
1088 2050 1192 2115 mum
1211 2052 1261 2117 vel

140 2156 275 2219 docum.
296 2152 379 2221 Vide
400 2154 684 2223 Conimbricenses
700 2152 764 2243 (r).

183 2318 260 2383 208.
310 2318 500 2387 Prorosrrro
514 2324 566 2381 a·
610 2314 789 2384 Ascensus
801 2319 1059 2400 principiorum,
1077 2324 1156 2387 lieet
1171 2340 1262 2402 prae·

138 2428 232 2493 viam
249 2430 398 2507 postulet
411 2428 669 2507 experientiae,
685 2428 900 2493 discursivus
913 2437 1031 2494 tamen
1044 2446 1114 2493 rrorr
1128 2438 1182 2494 est
1194 2422 1259 2513 (2).

182 2583 359 2652 Prob.1.⁰
406 2585 452 2651 Ex
476 2585 647 2653 communi
676 2582 947 2669 Philosophorum
975 2586 1087 2663 elfato,
1112 2583 1262 2653 dictitan-

137 2692 220 2756 tium
239 2691 282 2758 ira
297 2710 332 2758 se
351 2693 468 2759 habere
487 2692 640 2779 principia
656 2694 687 2758 in
703 2692 919 2778 speculativis,
937 2692 1021 2759 sicut
1034 2692 1110 2760 finis
1125 2691 1261 2760 ultimus
1324 2751 1330 2764 .
1361 2696 1387 2765 ,⁰

138 2797 170 2863 in
197 2800 354 2883 practicis.
380 2801 480 2884 Atqui
508 2801 541 2866 in
570 2799 716 2885 practicis
740 2799 814 2866 srrris
841 2800 977 2868 ultimus
1006 2819 1071 2867 non
1099 2801 1262 2886 appetitur
1324 2825 1330 2838 ·
1395 2826 1400 2836 ·

137 2917 269 2990 propter
286 2908 383 2984 aliud,
404 2908 462 2973 sed
480 2927 498 2974 e
516 2925 675 2974 converso
693 2915 808 2972 caetera
828 2916 960 2992 propter
974 2907 1084 2993 ipsum
1099 2916 1261 2993 appetun-

136 3029 201 3080 tur.
223 3015 305 3100 Ergo
323 3015 420 3080 etiam
441 3013 602 3100 principiis
621 3032 687 3080 rron
707 3013 913 3091 assentimur,
936 3024 1066 3100 propter
1085 3016 1173 3084 aliud
1189 3033 1262 3082 mo·

137 3121 244 3188 tivum
263 3121 304 3187 ab
322 3119 400 3206 ipsis
420 3122 575 3188 extremis
588 3121 769 3190 diversum.

184 3235 284 3297 Prob.
307 3229 360 3297 a.⁰
407 3228 437 3294 Si
457 3247 610 3296 assensus
629 3229 861 3314 principiorum
877 3232 959 3296 roret
976 3230 1193 3308 discordans,
1209 3232 1261 3298 vel

138 3337 240 3404 habet'
261 3337 444 3405 discursum
465 3358 483 3403 a
502 3337 619 3423 priori,
639 3339 690 3404 vel
714 3357 732 3403 a
751 3337 933 3422 posteriori.
954 3338 997 3405 At
1024 3346 1178 3407 neutrum
1196 3339 1257 3407 dici

140 3454 259 3529 potest.
279 3445 352 3510 Non
371 3445 528 3530 primurn,
550 3443 626 3529 quia
643 3463 737 3513 secus
752 3445 839 3511 nulla
857 3446 988 3512 daretur
1003 3445 1181 3531 propositio
1199 3445 1262 3513 im-

139 3551 278 3618 mediate
298 3560 385 3618 nota.
408 3551 482 3618 Non
501 3554 652 3628 alterum,
673 3551 748 3635 quia
767 3562 845 3619 tunc
862 3552 1038 3620 dicendum
1061 3556 1143 3620 foret
1163 3573 1263 3640 expe·
1334 3542 1336 3545 ’

140 3659 288 3726 rientiam
302 3658 436 3725 inliuere
455 3678 513 3744 per
532 3677 565 3726 se
585 3659 617 3726 in
629 3677 802 3727 assensum
818 3661 1061 3746 principiorum:
1077 3663 1173 3748 cujus
1184 3682 1262 3730 con-

139 3768 273 3834 trarium
288 3767 505 3835 ostendimus.
1136 3757 1139 3761 ’

206 3879 437 3943 Geniis-matur
463 3874 514 3942 1.⁰
543 3875 756 3959 congruentia
783 3876 847 3952 illa,
873 3895 938 3961 qua
956 3878 1060 3945 utitur
1083 3876 1262 3964 Angelicus

142 3979 262 4048 Doctor
278 3979 330 4070 (3)
348 4001 389 4048 ex
404 3981 560 4070 Dionysio
578 3979 641 4070 (4).
661 3984 746 4050 Nam
764 3983 875 4049 diuina
892 3984 1045 4066 sapientia
1057 3984 1102 4050 sic
1115 3985 1263 4052 univesa

141 4089 308 4172 disposuit,
329 4093 367 4154 ut
381 4097 559 4172 supremum
577 4089 678 4177 infimi
692 4090 860 4175 attingeret
874 4091 1016 4179 infimum
1032 4094 1179 4175 supremi.
1200 4092 1265 4161 Sed

177 4307 217 4370 (r)
255 4301 320 4362 Lib.
339 4315 377 4360 1.·
386 4302 553 4370 Posterior..
568 4321 634 4374 cap.
652 4321 675 4371 r,
686 4322 715 4374 q.
728 4321 754 4372 a,
771 4315 827 4361 art.
842 4313 883 4376 3.·

175 4397 215 4458 (2)
253 4392 329 4451 Vide
350 4393 383 4451 S.
405 4391 509 4450 Thorn.
531 4392 565 4450 de
592 4393 729 4462 Vere'lul.¹
758 4412 788 4464 q.
816 4393 857 4462 1⁶,
887 4414 915 4451 a.
941 4413 966 4463 ις
989 4391 1115 4453 Elbocor.
1153 4395 1203 4455 lib.
1232 4397 1261 4469 6,

140 4482 208 4540 lect.
225 4501 251 4555 53
268 4481 359 4553 ὅσοι,
380 4489 416 4540 r.·
427 4482 495 4542 dist.
513 4503 538 4553 3.
554 4502 583 4554 q.
598 4502 626 4554 43
642 4497 671 4541 et
683 4492 721 4540 n·
733 4483 860 4553 Foster„
875 4503 938 4556 cap.
959 4503 983 4554 r,
998 4504 1028 4556 q.
1046 4504 1071 4554 r,
1082 4497 1112 4544 et
1128 4497 1264 4548 auctores

141 4571 221 4631 citet.
238 4573 269 4631 in
280 4571 399 4646 praeced.
416 4571 556 4644 proposit.
889 4571 894 4578 “

178 4664 220 4732 (3)
237 4671 239 4676 ’
256 4665 299 4721 De
320 4661 455 4729 Verilal„
472 4681 501 4733 q.
520 4660 599 4732 r6‚a.
615 4683 639 4718 r.

178 4751 221 4824 (4)
259 4753 303 4810 De
317 4752 416 4810 Divite.
432 4752 632 4822 Nomin.,cap.
648 4773 675 4824 7.
