3492 5525
263 477 383 545 Anntc.
401 494 460 545 2.*
473 478 595 546 Umutt
606 495 690 544 culn.
706 496 827 543 REPON·
845 498 897 544 Sl'l'
911 500 944 545 ill
958 495 1105 546 AUCTOR·
1149 490 1208 562 549

122 662 221 729 etiam
250 664 412 731 moraliter
440 664 652 731 necessariam
677 667 823 731 humano
850 667 980 752 generi;
999 666 1033 733 id
1051 664 1143 751 quod
1158 666 1246 733 ultro

121 772 333 840 concedimus
349 790 426 839 cum
445 772 615 841 communi
634 772 881 857 Theologorum
899 774 1075 841 sententia.

168 884 276 963 obite.
297 878 351 949 3.⁰
396 878 480 948 Cum
500 878 652 947 videmus
671 892 806 947 ceteros
828 881 981 948 homines
999 900 1018 947 a
1041 888 1156 949 nostra
1172 896 1248 945 sen

121 989 225 1053 tentia
241 988 440 1073 discrepare,
456 996 512 1054 aut
527 986 710 1065 nescimus,
727 1007 768 1062 an
784 990 926 1056 sentiant
946 987 1135 1064 nobiscum,
1151 986 1248 1054 dubi·

120 1107 249 1172 tamus,
269 1096 442 1165 autetiam
455 1106 624 1163 mutamus
636 1108 796 1165 mentem.
817 1096 841 1161 E
859 1091 1035 1174 converso,
1052 1115 1130 1163 cum
1144 1095 1248 1162 cerni·

123 1204 201 1269 mtis
228 1203 309 1269 alios
337 1202 432 1270 nobis
457 1204 716 1279 consentientes,
745 1212 818 1271 tum
842 1204 978 1270 demum
1002 1203 1094 1271 omni
1117 1204 1248 1287 repulsa

122 1311 239 1375 erroris
264 1309 454 1389 formidine,
481 1310 617 1376 tirmiter
640 1312 846 1378 adhaeremus
872 1310 1012 1397 objecto.
1038 1312 1073 1378 ld
1095 1328 1174 1377 vero
1191 1310 1248 1375 de·

123 1427 285 1485 monstrat
310 1437 372 1484 nos
395 1417 427 1483 in
449 1417 667 1503 comparanda
690 1419 884 1486 certitudine
909 1436 1060 1485 nonnam
1079 1416 1248 1501 sequiau·

121 1526 292 1593 ctoritatis.
312 1526 439 1611 Ergo...

190 1640 295 1717 Resp.
319 1634 393 1699 dist.
416 1634 527 1719 Major.
550 1629 704 1717 Semper,
724 1632 1032 1717 nego;·aliquand0,
1046 1632 1196 1713 subdist.;
1212 1629 1246 1697 in

123 1740 231 1808 dubiis
249 1749 283 1805 et
296 1740 461 1817 obscuris,
475 1759 576 1816 conc„
590 1739 622 1805 in
636 1740 859 1817 evidentibus,
879 1760 951 1825 neg.

191 1848 316 1916 Revera
336 1847 391 1914 ubi
415 1848 552 1932 affulget
579 1832 751 1913 evidentiae
781 1849 911 1924 lumen,
937 1866 1108 1934 nunquam
1131 1866 1246 1931 exspe

122 1963 250 2020 ctamus
274 1955 411 2021 aliorum
438 1955 610 2040 suffragia,
640 1964 676 2021 ut
702 1954 745 2020 rei
764 1964 851 2021 certo
871 1956 1113 2037 adhaereamus3
1141 1972 1248 2037 neque

123 2062 263 2129 aliorum
295 2061 484 2128 auctoritate
518 2080 767 2146 permovemur,
802 2074 839 2129 ut
870 2062 1069 2130 sententiam
1100 2073 1247 2130 nostram

123 2152 416 2239 deseramus.'lloc
436 2188 540 2237 unum
559 2171 748 2256 contingere
762 2172 962 2255 quandoque
978 2180 1104 2257 potest,
1121 2170 1176 2238 ubi
1191 2180 1247 2237 aut

123 2278 284 2345 evidentia
302 2280 381 2345 satis
397 2278 570 2371 manifesta
590 2296 655 2343 non
675 2287 741 2355 est,
759 2286 815 2344 aut
828 2280 934 2344 fucata
951 2279 1105 2362 quaedam
1123 2279 1248 2363 species

124 2386 296 2453 evidentiae
330 2385 468 2453 mentito
497 2386 623 2451 lumine
652 2386 800 2470 decipere
829 2395 954 2470 potest,
982 2395 1019 2453 ut
1046 2386 1246 2453 contrarium

122 2494 260 2560 aliorum
280 2493 449 2560 audientes
463 2492 640 2578 judicium,
666 2492 852 2559 illusionem
876 2493 1019 2577 aliquam
1035 2496 1109 2578 jure
1131 2493 1247 2560 timea-

125 2620 213 2671 mus.
247 2602 281 2667 ld
312 2600 401 2685 quod
432 2599 641 2685 potissimum
672 2601 769 2665 habet
799 2602 907 2666 locum
938 2601 970 2666 in
1000 2618 1061 2667 usu
1089 2618 1246 2678 sensuum

126 2718 331 2787 nostrorum,
356 2708 388 2775 in
408 2708 528 2792 quibus
548 2726 606 2792 per
627 2706 775 2773 accidens
799 2706 921 2774 falsitas
939 2708 1046 2776 inesse
1065 2716 1193 2793 potest;
1214 2718 1249 2774 et

123 2817 156 2882 in
176 2817 237 2882 illis
260 2817 410 2902 objectis,
431 2818 462 2883 in
483 2815 602 2899 quibus
621 2824 677 2881 aut
697 2815 838 2900 partium
861 2815 1008 2884 studium
1028 2825 1085 2883 aut
1103 2815 1248 2883 allectio-

126 2943 185 2990 nes
213 2925 302 2989 facile
330 2943 365 2990 se
392 2925 424 2990 in
455 2925 603 2990 animum
629 2923 792 2988 insinuare
819 2933 977 3008 possunt,
1003 2932 1039 2992 ut
1061 2924 1143 2990 illud
1165 2926 1249 2990 clare

125 3033 294 3098 videamur
312 3031 438 3109 videre,
459 3031 550 3114 quod
569 3049 681 3114 reapse
700 3031 877 3096 obscurum
895 3040 958 3098 est.

168 3143 276 3221 Obiic.
304 3153 352 3222 4.·
398 3139 468 3222 lpsa
497 3146 610 3203 natura
643 3137 737 3202 docet
766 3154 826 3202 nos
855 3137 1080 3204 auctoritatem
1111 3138 1248 3204 aliorum

125 3265 307 3330 proponere
331 3245 425 3311 nobis
446 3263 596 3311 normam
621 3243 776 3310 veritatis.
802 3245 887 3311 Nam
910 3243 946 3330 α)
965 3245 1056 3329 pueri
1080 3265 1117 3310 ac
1136 3247 1246 3322 rudes,

124 3354 156 3419 in
177 3353 296 3437 quibus
314 3352 467 3420 sincerior
486 3371 522 3418 ac
540 3352 650 3436 purior
668 3352 810 3418 cernitur
834 3361 958 3417 naturae
976 3351 1158 3428 inclinatio,
1180 3371 1246 3418 non
1334 3438 1339 3447 ,

125 3461 212 3526 aliud
226 3469 409 3544 sequuntur
419 3458 597 3542 criterium;
619 3456 654 3548 β)
672 3459 732 3543 ipsi
748 3458 848 3526 adulti
863 3459 996 3524 acdocti
1006 3460 1158 3526 homines
1171 3479 1247 3526 curn

125 3567 285 3634 dissident
308 3570 396 3634 inter'
418 3585 508 3645 sese,
529 3566 685 3632 arbitrum
713 3565 856 3651 eligunt,
882 3567 976 3650 cujus
998 3575 1087 3633 stent
1110 3567 1246 3654 judicio.

193 3683 298 3760 Resp.
318 3676 392 3741 dist.
409 3683 582 3741 assertum.
599 3675 721 3741 Natura
734 3673 831 3739 docet
845 3692 906 3740 nos
924 3673 1095 3758 exquirere
1111 3693 1250 3762 consen·

125 3803 200 3850 sum
217 3779 393 3868 generalem
415 3781 570 3858 omnium,
599 3799 739 3865 eamque
766 3779 861 3846 nobis
889 3799 1070 3865 proponere
1098 3801 1248 3848 normam

125 3889 288 3966 veritatis,
317 3909 405 3974 ηιμ·
434 3906 634 3955 consensum
654 3887 752 3954 unius
777 3896 833 3954 aut
858 3889 1006 3965 alterius,
1025 3890 1175 3971 subdist.,·
1192 3889 1250 3956 ali·

125 3997 276 4083 quando,
306 4001 409 4078 trans·
436 3997 468 4062 in
500 3996 654 4062 omnibus
682 4004 715 4060 et
742 4005 913 4079 tamquam
938 4013 1133 4082 supremum
1152 3997 1250 4064 moti-

125 4125 225 4182 vum,
245 4123 316 4189 neg.

192 4219 248 4280 Ad
269 4216 505 4296 probationem
529 4206 569 4298 e)
587 4209 733 4275 similiter
752 4210 935 4294 respondeo
958 4211 1196 4296 distinguendo;
1214 4210 1248 4277 in

125 4321 297 4397 omnibus,
317 4337 406 4403 ηιμ·
424 4319 457 4384 in
482 4316 612 4395 multis,
634 4317 806 4400 inquibus
834 4317 878 4384 ob
902 4317 1098 4386 imbecillem
1116 4328 1248 4385 aetatem

126 4438 160 4494 et
180 4426 327 4493 nondum
346 4427 512 4492 euolutam
541 4424 608 4490 vim
628 4423 768 4509 ingenii,
791 4443 856 4490 non
876 4436 956 4492 sunt
974 4427 1082 4493 idonei
1106 4426 1147 4492 ad
1168 4427 1251 4493 veri-

124 4545 228 4602 tatem
248 4553 304 4618 per
321 4533 449 4618 seipsos
468 4531 697 4617 detegendam,
717 4551 802 4598 conc.
832 4531 866 4598 ld
896 4533 984 4600 enim
1011 4533 1249 4619 sapientissime

127 4641 268 4727 providit
297 4639 401 4717 Deus,
432 4649 469 4707 ut
488 4640 520 4706 in
540 4637 646 4724 prima
664 4637 717 4705 illa
735 4646 842 4713 aetate,
865 4640 899 4705 in
917 4661 983 4725 qua
1001 4653 1174 4727 parentum
1193 4653 1250 4711 aut

126 4747 266 4816 aliorum
299 4748 447 4814 educatio
477 4753 510 4814 et
543 4744 766 4831 magisterium
799 4754 971 4832 tantopere
1003 4748 1174 4833 requiritur
1210 4749 1251 4814 ad
