3492 5525
554 460 614 542 qpb
664 458 789 522 Lonlca
805 457 1038 531 blason-Len.
1058 470 1126 532 sen,
1144 456 1234 520 Drse.
1252 469 1296 519 a·
1310 456 1394 520 Cae.
1410 470 1483 519 aem

440 724 442 729 Δ
513 661 613 720 nere
635 644 691 708 sed
707 641 800 707 etiam
810 642 920 727 salse.
939 640 1030 708 Sicut
1044 640 1129 706 enim
1145 643 1196 706 esi
1208 639 1314 722 opinio
1332 656 1408 707 vera
1423 641 1571 725 eisaisa,
1589 639 1637 705 ita

514 752 654 838 efficies:
666 768 724 815 nec
736 749 842 815 minus
851 748 991 834 fimiter
1003 746 1263 832 inliceretnliquis
1274 746 1417 826 mritaii,
1433 746 1638 833 quassabi-

463 884 468 892 ’
515 858 588 937 fati,
599 856 700 942 (forte
714 854 846 944 contra)
860 856 1193 938 utPlrilosopbusdieit
1202 856 1238 920 in
1247 870 1300 941 7.⁰
1314 856 1502 923 Etbicorum.
1523 854 1640 930 Tertio,

503 968 587 1052 'quia
605 965 757 1032 certitudo
774 963 957 1031 intensionis
969 983 1033 1029 non
1044 970 1164 1047 semper
1174 963 1324 1046 provenit
1336 982 1377 1043 ex
1393 964 1501 1049 aliquo
1518 964 1643 1045 babitu·

513 1077 569 1139 sed
585 1094 625 1140 ex
638 1074 769 1157 proprio
785 1072 916 1139 arbirio
933 1071 1051 1156 aliquis
1063 1074 1166 1153 potest
1180 1090 1343 1137 assensum
1354 1072 1583 1159 suumfirmare
1595 1074 1646 1137 ad

513 1180 637 1267 aliquid
652 1200 762 1247 neum
786 1183 838 1246 vel
846 1180 987 1265 salsum,
1015 1182 1181 1264 numnam
1199 1179 1311 1245 babeat
1323 1178 1464 1245 habim
1482 1187 1544 1245 etc.
1571 1176 1642 1267 (ι).

561 1298 610 1375 i·⁰
658 1286 826 1354 Certitudo
841 1287 1004 1354 adbaesiva
1022 1286 1132 1371 augeri
1151 1288 1203 1353 vel
1223 1286 1335 1370 minui,
1345 1294 1454 1370 potest
1472 1304 1515 1353 ex
1532 1287 1644 1370 impe·

514 1400 562 1465 rio
580 1398 775 1477 voluntatis3
796 1394 943 1479 Reliquae
967 1413 1046 1460 vero
1073 1413 1207 1479 prorsus
1234 1394 1492 1476 independentes
1519 1404 1597 1460 sunt
1625 1416 1647 1459 a

515 1505 695 1571 voluntatis
715 1504 851 1569 influxa.
872 1504 986 1586 Neque
1005 1502 1093 1567 enim
1115 1504 1183 1568 haec
1202 1502 1332 1569 efficere
1352 1510 1478 1587 potest,
1499 1510 1537 1568 ut
1551 1502 1648 1587 obje-

515 1624 605 1681 ctum
625 1612 667 1681 sit
686 1613 716 1678 in
737 1630 773 1677 se
794 1612 901 1695 magis
919 1608 1100 1677 autminus
1118 1610 1359 1695 necessarium,
1376 1612 1428 1676 vel
1446 1618 1485 1677 ut
1499 1609 1647 1696 cognitio

515 1722 624 1805 aliqua
643 1720 748 1805 magis
763 1728 819 1785 aut
839 1717 950 1785 minus
969 1725 1131 1803 repugnet
1150 1717 1293 1783 falsitati.

561 1838 608 1911 4.⁰
659 1826 808 1910 Denique
835 1836 928 1909 actus
956 1825 1132 1893 formaliter
1156 1834 1266 1892 certus
1294 1825 1444 1911 specifice
1471 1826 1579 1892 diflert
1600 1826 1647 1893 ab

516 1944 589 2003 actu
617 1934 797 2020 opinativ03
830 1943 923 2000 actus
950 1951 1028 1999 vero
1056 1940 1187 1999 tantum
1215 1952 1322 1999 exeo
1347 1934 1439 2017 quod
1465 1934 1648 2020 subjective

516 2054 626 2111 certus
643 2043 698 2119 sit,
720 2060 786 2108 non
807 2042 981 2108 intrinsece
999 2039 1241 2135 discriminatur
1254 2041 1296 2106 ab
1314 2040 1481 2126 opinione,
1497 2060 1575 2108 cum
1594 2043 1649 2109 in-

517 2152 568 2218 fici
587 2152 724 2218 falsitate
740 2151 855 2234 possit,
877 2150 933 2215 sed
952 2151 1133 2215 extrinsece
1146 2150 1332 2225 dumtaxat,
1349 2135 1504 2217 nimirum
1520 2150 1648 2216 ratione

517 2259 707 2325 constantie
732 2276 768 2323 ac
786 2258 987 2333 tenacitatis,
1010 2274 1079 2340 quo
1103 2258 1144 2322 ab
1166 2257 1332 2324 intellectu
1358 2259 1490 2342 ponitur
1517 2259 1649 2341 absque

518 2367 633 2433 actuali
653 2366 824 2431 formidine
844 2382 880 2429 ac
899 2364 1106 2431 titubatione.
1133 2362 1218 2439 Quae
1233 2383 1312 2430 cum
1331 2365 1376 2431 ita
1393 2364 1473 2432 sint.

585 2480 736 2543 Nomine
748 2478 971 2563 ,certitudinis
989 2478 1191 2555 simpliciter
1209 2477 1430 2555 intelligenda
1446 2487 1501 2541 est
1518 2480 1650 2541 forma-

302 2557 469 2675 ‚,n‡‘¹,{,⁰„⁵”5{‚'
492 2572 578 2662 His,
599 2600 673 2665 quae
692 2590 724 2645 et
744 2580 932 2645 firmitatem
951 2580 983 2644 in
1003 2579 1199 2644 adhaerendo
1218 2598 1259 2645 ex
1278 2590 1369 2663 parte
1388 2581 1589 2665 intellectus,
1612 2593 1649 2647 et

366 2702 371 2743 ἰ
387 2715 413 2743 en
432 2714 444 2783 ξ
520 2689 776 2757 infallibilitatem
787 2696 929 2772 exparte
943 2686 1137 2773 cognitionis
1151 2686 1254 2772 ipsius
1269 2688 1510 2772 complectitur,
1527 2687 1650 2757 secun-

386 2786 456 2817 m'
519 2799 696 2865 dumillam
708 2796 1060 2879 definitionemquam
1072 2795 1162 2860 initio
1176 2796 1648 2881 exAngelicoproposuimuS.

431 2947 445 2976 0
568 2925 621 2992 50.
669 2903 837 2970 Certitudo
855 2903 1011 2968 dividitur
1032 2901 1064 2968 in
1083 2901 1334 2984 metaphysicam',
1353 2903 1515 2986 physicam
1532 2913 1565 2970 et
1580 2925 1653 2972 ηο-

337 3019 371 3049 ‘“
382 3005 398 3086 ¹,
430 3004 473 3048 ⁵⁰¹⁸
520 3017 629 3080 rabm.
646 3011 867 3099 Metaphysica
882 3021 931 3076 est
945 3011 1011 3086 illa,
1027 3010 1120 3090 cujus
1135 3010 1298 3076 motivum
1313 3011 1469 3094 repetitur
1479 3030 1521 3079 ex
1535 3031 1653 3080 essen-

313 3160 370 3192 me·
393 3091 495 3199 mnam
520 3121 650 3188 tialibus
669 3139 776 3186 rerum
793 3117 1022 3195 relationibus,
1047 3125 1104 3182 aut
1117 3116 1240 3202 gaudet
1259 3119 1449 3185 necessitate
1467 3121 1649 3197 essentiali,
1744 3138 1745 3141 ’

331 3302 343 3332 e
366 3218 478 3332 effi.
518 3237 554 3294 et
572 3227 833 3313 impossibilitate
852 3225 1006 3310 oppositi,
1028 3243 1103 3308 quae
1123 3225 1211 3290 nulla
1231 3243 1365 3310 prorsus
1381 3229 1529 3311 'potentia
1547 3247 1653 3313 supe-

521 3337 580 3402 rari
600 3345 719 3420 potest.
741 3332 826 3399 Talis
849 3341 899 3398 est
914 3333 1033 3398 borum
1051 3330 1247 3417 judiciorum
1266 3333 1438 3400 certitudo:
1466 3333 1575 3401 Totum
1596 3343 1653 3403 est

520 3447 623 3532 enjus
640 3461 699 3508 sun
712 3445 815 3525 parte:
836 3442 935 3506 Homo
955 3443 1004 3504 est
1018 3439 1195 3506 rationalis.
1216 3439 1353 3526 Physica
1370 3451 1440 3520 est,
1460 3445 1554 3530 cujus
1573 3463 1652 3510 mo-

520 3554 624 3618 tivum
650 3549 805 3633 repetitur
823 3567 864 3613 ex
890 3547 1017 3632 legibus
1046 3547 1205 3632 physiciS,
1238 3548 1417 3615 autetiam
1446 3569 1488 3616 ex
1518 3553 1654 3635 propria

519 3654 900 3740 sensuum-experientia.
914 3655 958 3721 lta
968 3650 1081 3739 judico
1093 3654 1191 3737 quem
1201 3655 1542 3737 comburere,·ebartem
1551 3659 1650 3736 banc,

519 3767 554 3831 in
572 3785 635 3851 qua
659 3763 777 3840 scribo,
808 3761 977 3828 candidam
996 3779 1075 3836 esse,
1103 3762 1235 3828 existere
1256 3773 1319 3828 etc.
1342 3765 1473 3832 Moralis
1491 3766 1650 3850 denique,

519 3894 595 3941 cum
614 3872 756 3938 sumitur
784 3889 842 3954 per
859 3868 1138 3954 comparationem
1165 3870 1205 3936 ad
1230 3872 1487 3957 metaphysicam
1510 3885 1543 3940 et
1562 3874 1651 3962 pisy-

520 3983 638 4055 sicam,
667 3978 767 4047 modo
793 3977 987 4052 declaratas,
1019 3978 1073 4042 illa
1097 3977 1306 4062 intelligitur,
1334 3978 1366 4043 in
1393 3997 1460 4062 qua
1485 3981 1652 4048 motivum

521 4105 673 4156 assensus
693 4094 744 4152 est
772 4085 894 4170 aliquid
917 4084 1042 4150 hahens
1072 4083 1299 4152 necessitatem
1326 4089 1502 4163 moralem,
1528 4097 1562 4153 et
1580 4092 1655 4173 ple-

522 4213 660 4278 rumque
674 4193 846 4260 auctoritas
866 4193 1024 4271 bumana,
1043 4211 1120 4276 quae
1138 4192 1183 4258 ob
1204 4191 1423 4259 constantiam
1447 4197 1558 4280 legum
1578 4215 1654 4264 mo-

522 4283 637 4371 ralium
668 4303 766 4368 babet
793 4299 993 4384 quandoque
1019 4301 1148 4384 plenam
1180 4299 1249 4366 eim
1287 4301 1445 4387 gignendi
1472 4321 1654 4372 assensum

523 4411 656 4476 firmum
685 4420 783 4492 atque
814 4407 1083 4474 infallibilitatem.
1107 4407 1172 4474 Etsi
1200 4405 1289 4473 enim
1317 4409 1470 4477 homines
1496 4429 1556 4496 pro
1583 4430 1649 4478 sua

524 4518 670 4588 libertate
688 4533 915 4602 saepenumero
929 4515 982 4581 alii
1005 4514 1096 4581 aliter
1120 4511 1152 4579 in
1168 4514 1283 4582 iisdem
1302 4517 1552 4584 circumstantiis
1571 4538 1657 4606 ope-

560 4755 602 4817 n>
637 4747 670 4808 s.
686 4749 802 4820 suom..
819 4747 955 4830 Quaere.
970 4747 998 4805 ⁶.
1013 4765 1044 4819 q.
1058 4765 1087 4820 4.
1103 4755 1159 4803 ars.
1173 4745 1202 4808 o.
