3492 5525
532 465 591 531 280
645 492 648 498 ·
712 471 836 534 Locren
856 469 1106 533 Minos-Due.
1132 482 1175 531 2.·
1197 468 1275 531 Cur.
1299 480 1370 550 qum
1463 466 1465 472 '

1238 569 1611 589 unfit—unffi

492 654 644 739 negativa
667 665 700 721 et
718 653 901 739 particulari
920 653 1128 727 affirmativa,
1154 670 1229 735 quae
1251 660 1330 719 sunt
1350 651 1421 717 aliae
1433 652 1516 718 ssduae
1533 664 1614 717 con·

492 761 698 830 tradictoriaes
1271 780 1276 787 ·
1521 778 1523 783 ¹
1731 754 1732 787 ³

449 880 454 889 '
560 872 718 940 Probatur
733 874 870 939 sedanda
882 877 961 954 pars
973 888 1014 936 ex
1028 869 1184 955 principio
1199 870 1321 937 exclusi
1335 867 1445 945 medii,
1465 868 1555 950 quod
1566 866 1613 933 sic

330 1010 385 1055 m„
401 1010 448 1054 1„
492 979 638 1045 effertur:
656 980 867 1061 Quolibetaut
883 982 937 1054 est,
953 982 1085 1043 autnon
1102 980 1158 1044 est.
1175 976 1258 1042 Nam
1274 978 1301 1044 si
1315 978 1392 1041 salsa
1407 974 1458 1041 e'st
1475 985 1613 1057 utraque

292 1098 319 1128 ‘¹
340 1081 374 1127 ⁰⁵
492 1086 754 1162 contradictoria,
776 1077 854 1153 falsa
873 1087 933 1152 erit
947 1084 1121 1151 affirmatio
1144 1082 1306 1169 praedicati
1325 1086 1366 1149 de
1380 1082 1488 1168 aliquo
1505 1080 1614 1166 subje-
1731 1062 1732 1085 ¹

494 1204 560 1270 cto,
572 1203 606 1259 et
614 1196 694 1261 salsa
703 1197 821 1279 pariter
830 1195 891 1259 erit
902 1194 1032 1278 negatio
1041 1193 1188 1279 ejusdem
1204 1191 1365 1277 praedicati
1380 1192 1421 1257 de
1431 1193 1486 1257 illo
1497 1192 1612 1255 eodern

370 1386 373 1398 Ι
494 1302 654 1387 subject03
671 1303 827 1368 nimirum
842 1304 960 1368 falsum
976 1300 1047 1377 erit,
1060 1300 1149 1383 quod
1160 1298 1238 1366 illud
1249 1300 1432 1385 subjectum
1443 1302 1498 1375 est,
1512 1308 1544 1364 et
1556 1299 1614 1362 tal-

495 1428 569 1500 sum
590 1418 639 1475 est
655 1408 765 1487 etiam,
782 1410 873 1493 quod
892 1428 958 1475 non
977 1413 1033 1485 est,
1050 1426 1087 1473 ac
1103 1407 1237 1490 proinde
1256 1407 1441 1493 subjectum
1457 1407 1536 1473 illud
1555 1424 1614 1471 nec

495 1525 557 1595 est,
569 1536 706 1583 necnon
721 1527 782 1583 est.
796 1516 896 1600 Atqui
906 1516 1076 1600 quodlibet
1089 1516 1270 1581 necessario
1285 1525 1341 1582 aut
1350 1524 1400 1581 est
1409 1524 1465 1581 aut
1475 1533 1540 1579 non
1549 1522 1611 1581 est.

562 1624 645 1691 Hinc
669 1638 765 1708 porro
788 1626 937 1708 sequitur
958 1642 1058 1690 unam
1089 1643 1135 1689 err
1159 1623 1413 1689 contradictoriis
1436 1624 1614 1689 necessario
1670 1622 1678 1639 '

495 1751 607 1798 veram
634 1750 705 1797 esse
735 1741 834 1814 atque
857 1734 992 1799 alterarn
1018 1732 1143 1809 salsam,
1167 1739 1200 1795 et
1223 1748 1264 1797 ex
1283 1729 1498 1798 affirmatione
1517 1730 1615 1797 unius
1731 1714 1732 1735 ³

496 1840 590 1923 sequi
605 1839 737 1906 alterius
751 1841 972 1924 negationem,
994 1858 1029 1904 ac
1043 1838 1199 1905 vicissim.

562 1946 750 2022 Quacum
780 1948 823 2012 ita
852 1948 930 2023 sint,
955 1931 1080 2012 definiri
1109 1946 1206 2013 etiarn
1236 1953 1345 2030 potest
1372 1945 1617 2012 contradictoria
1731 1940 1732 2023 f

495 2053 673 2138 oppositio:
693 2054 901 2137 repugnantia
911 2054 1061 2139 sornulis
1078 2056 1214 2119 diturum
1227 2053 1482 2135 propositionum,
1498 2056 1618 2119 eosdem
1731 2094 1732 2141 3

497 2162 645 2229 terminos
657 2162 850 2237 habentium,
868 2165 934 2232 ium
951 2162 986 2227 in
1003 2161 1207 2227 veritatetnm
1225 2180 1259 2225 m
1273 2160 1419 2233 falsitate.

395 2352 401 2363 ,
537 2277 611 2335 Lex
634 2274 898 2335 contrariarum.
946 2272 1019 2336 Non
1036 2274 1170 2351 possunt
1194 2268 1290 2333 arnboe
1314 2268 1412 2333 simut
1435 2286 1499 2339 esse
1521 2286 1614 2344 orror,
1731 2274 1732 2347 l

335 2368 407 2470 ¹¹¹„st
443 2367 465 2397 ¹¹¹
492 2379 610 2459 posunt
626 2380 728 2442 tomen
741 2377 840 2442 amice
851 2395 916 2441 essa
926 2374 1054 2463 salsae(
1080 2374 1105 2463 ).
1731 2394 1732 2401 ¹

564 2484 675 2552 Primo
688 2492 767 2567 pars
786 2493 876 2571 patet
897 2504 939 2551 ex
964 2484 1122 2570 principio
1141 2482 1416 2559 contradictionis,
1438 2492 1476 2549 ut
1493 2482 1616 2551 dictum
1731 2478 1732 2529 t

500 2601 551 2659 est
567 2594 609 2659 de
637 2592 907 2671 contradictoriis,
927 2612 1004 2659 curn
1024 2592 1144 2676 quibus
1163 2593 1195 2657 in
1220 2593 1279 2657 hac
1303 2602 1394 2677 parte
1416 2594 1619 2659 conveniunt

500 2700 681 2769 contraria.

567 2809 605 2874 Et
622 2809 807 2875 confirmari
826 2810 924 2875 etiam
945 2821 1055 2892 posset
1072 2829 1113 2874 ex
1133 2827 1189 2884 eo,
1211 2811 1301 2892 quod
1319 2811 1346 2877 si
1360 2811 1433 2876 duae
1451 2808 1619 2878 contrariae

501 2919 607 2983 forent
636 2936 737 3003 verae,
770 2935 855 2981 verae
885 2935 1018 3001 quoque
1051 2918 1157 2981 forent
1174 2935 1285 2982 earum
1314 2919 1554 2994 subalternatae,
1587 2928 1620 2984 et

501 3023 659 3108 quoniam
678 3025 730 3090 hae
755 3023 1001 3090 contradictorie
1020 3034 1234 3108 opponuntur
1256 3026 1434 3109 respective
1454 3023 1621 3092 contrariis
1731 3099 1732 3113 χ

501 3133 638 3198 diversae
650 3132 827 3215 qualitatis,
843 3139 1035 3215 sequeretur
1048 3131 1130 3197 duas
1144 3129 1408 3198 contradictorias
1425 3151 1518 3200 veras
1532 3151 1617 3200 esse.
1731 3207 1732 3228 χ

567 3241 711 3306 Secundo
724 3247 803 3322 pars
825 3240 922 3307 etiam
945 3239 1114 3304 manifesta
1140 3246 1202 3305 est.
1223 3239 1320 3304 Plane
1343 3257 1486 3323 namque
1505 3241 1622 3306 intelli-

501 3349 589 3434 gitur
603 3367 700 3433 posse
714 3350 831 3414 salsum
852 3366 936 3424 esse,
957 3358 990 3415 et
1008 3347 1097 3430 quod
1113 3346 1320 3430 praedicatum
1336 3346 1490 3413 omnibus
1507 3367 1623 3412 conve-

502 3457 586 3531 niat,
601 3466 635 3523 et
653 3456 742 3538 quod
757 3455 913 3521 omnibus
932 3455 1163 3540 denegandum
1177 3456 1235 3530 sit,
1256 3463 1293 3520 ut
1311 3457 1376 3520 tere
1396 3455 1503 3520 locum
1524 3455 1622 3521 habet

502 3565 645 3630 inomni
672 3565 805 3630 materia
823 3562 1048 3648 contingenti,
1068 3563 1101 3629 in
1128 3581 1193 3646 qua
1213 3562 1442 3647 praedicatum,
1463 3580 1539 3629 curn
1562 3580 1622 3628 nec

502 3690 561 3755 per
578 3691 615 3737 se
646 3671 724 3738 insit
754 3690 816 3736 nec
847 3679 1008 3755 repugnet
1034 3671 1198 3756 subjecto,
1218 3673 1325 3736 solum
1361 3670 1515 3740 verificari
1538 3673 1623 3737 solet

504 3779 537 3846 in
557 3781 668 3862 aliquo
687 3781 738 3843 vel
763 3778 1132 3868 aliquibusjndividuis.
1236 3851 1238 3856 ,

571 3888 604 3952 ln
624 3887 760 3953 materia
778 3904 856 3951 vero
876 3885 1053 3951 necessaria
1073 3896 1105 3952 et
1124 3884 1331 3970 impossibili,
1353 3901 1483 3970 semper
1497 3903 1562 3951 una
1580 3905 1623 3952 ex

502 3994 672 4061 contrariis
685 4013 761 4060 vera
780 4004 850 4068 est,
866 4000 900 4057 et
918 3994 1017 4058 altera
1033 3993 1121 4058 salsa.

571 4102 664 4169 Unde
678 4112 790 4186 posset
803 4100 902 4167 etiarn
917 4098 1077 4166 contraria
1087 4099 1250 4184 oppositio
1265 4097 1402 4165 definiri:
1409 4100 1562 4184 formatis
1574 4119 1624 4164 re-

497 4210 671 4293 pugnantia
687 4213 826 4274 duarum
837 4208 1084 4292 propositionum
1097 4208 1132 4272 in
1145 4209 1212 4274 solo
1225 4207 1364 4294 veritate.

305 4326 476 4372 Subonoaria·
546 4325 621 4384 Lex
638 4323 968 4386 subcontrariarum.
1014 4315 1547 4396 Possuntessearnbusimuloeroe;
1560 4333 1624 4381 non

338 4401 439 4446 ’Μ
500 4424 694 4511 urrosatsae.

517 4619 756 4636 ——————

537 4681 579 4746 (1)
615 4674 692 4734 Vide
717 4673 751 4732 S.
770 4673 874 4733 Thorn.
905 4673 955 4734 lib.
980 4695 1005 4732 r.
1026 4673 1281 4742 Peribom.,lect.
1313 4695 1355 4744 rr,
1380 4691 1480 4746 parag.
1506 4691 1533 4744 c,
1556 4689 1623 4730 cum

502 4767 624 4827 Aristot.
640 4764 724 4836 ibid..
739 4784 801 4837 oap.
817 4785 844 4836 7.
1428 4797 1432 4806 .
1450 4793 1456 4806 .
