3492 5525
274 461 361 545 5111.
386 463 626 528 Pumosoemm
647 480 751 529 omno
773 482 815 529 ετ
835 483 1050 532 enoeussus
1144 468 1183 551 65

96 651 162 712 est.-
174 666 196 711 a
208 664 399 731 qemcrmcquc
417 647 598 715 enimdicta
613 650 716 727 mant,
734 648 963 731 recipiebantur
975 652 1142 717 dummodo
1150 659 1228 734 pro-

97 755 179 819 bata
197 754 341 819 veritalis
369 754 516 821 laterent
538 756 701 823 rationem.
725 756 817 824 Unde
845 758 963 825 Seneca
985 760 1026 824 de
1046 759 1225 825 Virtutiims

95 861 311 929 cardinalem:
325 866 389 939 Nc,
402 862 473 947 quis
489 862 585 939 duat,
606 866 678 941 sed,
698 862 777 949 quid
792 864 895 953 dicat,
910 849 1046 933 molitor
1060 862 1126 955 (1).
1188 856 1192 861 ’

168 967 400 1036 Similiahnbet
413 968 608 1037 Gullielmus
623 970 826 1063 Parisiensis:
845 975 946 1042 «Non
956 973 1093 1040 intret...
1108 973 1144 1038 in
1156 973 1228 1038 uni-

96 1094 184 1141 mum
199 1080 304 1153 mum,
328 1078 412 1162 quod
429 1094 481 1163 ego
494 1077 588 1143 velim
601 1078 651 1143 uti
658 1079 854 1145 sermonibus
873 1080 1056 1147 Aristotelis
1070 1083 1228 1166 tamquam

96 1184 336 1251 autlenn'ce'saa
350 1184 563 1267 probationem
578 1202 706 1264 eorum,
724 1204 795 1271 quoe
816 1187 961 1255 diturus
973 1207 1061 1268 sum,
1075 1186 1151 1275 quia
1163 1187 1228 1254 seio

96 1294 202 1357 mum
219 1291 416 1357 &melicum
435 1292 475 1358 ab
497 1292 679 1359 cumulate
703 1296 823 1359 lantum
854 1314 939 1374 esse,
962 1299 996 1361 ct
1019 1298 1122 1362 solum
1136 1302 1227 1378 posse

92 1400 324 1486 focerefidem,
362 1418 432 1465 cum
456 1398 648 1482 propositum
674 1419 774 1467 nuum
804 1402 849 1468 sit
876 1406 909 1468 et
940 1402 975 1467 in
1000 1404 1055 1471 loc
1074 1406 1225 1496 tractatio,

93 1512 126 1573 et
148 1508 332 1592 uticum
344 1506 478 1589 possin,
498 1506 715 1595 certitudinem
722 1510 831 1595 facere
850 1511 1140 1588 monstrativum,
1158 1515 1233 1595 post

93 1606 193 1700 quam
206 1634 271 1681 non
284 1616 474 1699 relinquetur
490 1615 548 1681 tibi
562 1616 768 1683 dubilationis
780 1619 882 1683 udum
894 1619 1054 1703 oestu'gium
1072 1616 1137 1706 (2).

164 1722 204 1789 Et
223 1722 259 1787 S.
276 1723 513 1789 Bonaventura:
531 1724 655 1790 «locus
678 1724 718 1791 ab
731 1725 917 1792 auctoritate
932 1728 1124 1793 concludens
1137 1726 1229 1807 inpr-

92 1850 166 1897 mus
179 1834 214 1896 et
225 1829 438 1916 inartificialis
449 1832 625 1913 appellamur
631 1838 735 1913 proco
745 1836 830 1919 quod
846 1851 909 1899 non
922 1834 1051 1918 proprio
1064 1852 1229 1918 argumen-

93 1944 142 2015 to,
155 1938 214 2004 sed
223 1937 355 2003 aliunde
368 1941 482 2021 parato
500 1939 672 2005 testimonio
688 1943 815 2019 ututur,
842 1940 902 2025 qui
910 1942 1035 2025 arguit,
1052 1944 1090 2008 ut
1102 1940 1228 2008 Bottius

92 2048 186 2111 docet
201 2044 259 2111 lib.
274 2045 305 2111 11
323 2042 602 2129 Topicorum,cap.
626 2046 695 2115 V.»
707 2044 772 2135 (3).

162 2152 325 2238 Aegidius
342 2171 421 2219 vero
439 2153 610 2220 Romanus
628 2153 673 2220 ita
691 2154 820 2232 scribit,
844 2165 1019 2241 tamquam
1044 2156 1226 2223 doctrinam

92 2278 315 2327 communem
343 2261 492 2327 tradens:
513 2262 678 2329 «Scienlia
697 2262 834 2329 humona
847 2264 1061 2347 principalius
1080 2264 1230 2331 inuititur

90 2368 229 2445 rationi,
249 2372 336 2433 etex
351 2373 562 2453 consequenti,
585 2370 778 2436 auctoritati.
802 2372 894 2439 onae
910 2372 1127 2440 consuevimus
1146 2372 1229 2437 dice·

90 2496 139 2555 re,
157 2478 245 2561 quod
256 2478 342 2541 loeus
363 2476 404 2542 ab
415 2476 599 2542 auctoritate
619 2480 667 2543 est
681 2480 775 2543 ualde
793 2479 904 2544 debilis
913 2485 944 2545 ct
959 2476 1118 2566 infirmus.
1138 2480 1179 2546 Et
1194 2478 1229 2543 in

89 2593 144 2650 2.·
152 2582 397 2665 Metophvsicor,
409 2584 564 2661 traditur,
578 2587 661 2669 quod
672 2586 922 2667 impedimentum
934 2590 984 2653 est
996 2589 1040 2651 ad
1053 2584 1227 2662 scientiam,

89 2694 222 2758 credere
242 2690 425 2757 testimoniis
430 2690 670 2777 furiosorum...
690 2692 729 2760 Si
745 2712 813 2779 ergo
829 2713 894 2762 non
912 2694 1070 2762 credimus
1088 2693 1230 2760 Philoso-

86 2801 177 2884 pbis,
194 2799 263 2865 nisi
282 2803 433 2884 quatenus
453 2800 681 2866 rationabiliter
694 2802 790 2867 locuti
798 2807 889 2880 sunt,
913 2802 1075 2889 quia(1.⁰
1090 2800 1229 2887 Poster.)

86 2911 220 2992 propter
237 2909 323 2992 quod
336 2910 593 2993 unumquodque,
608 2905 642 2974 e'l'
657 2909 740 2975 illud
761 2907 863 2993 magis
869 2931 884 2991 ,·
906 2905 1096 2995 consequens
1117 2912 1178 2987 est,
1195 2912 1232 2975 ul

90 3015 216 3082 rationi
233 3015 336 3099 nugis
346 3017 526 3093 credamus,
538 3033 632 3101 quum
646 3015 721 3098 ipsis
732 3016 938 3100 Philosophis.
955 3019 991 3084 ln
1012 3017 1143 3083 scicntia
1156 3034 1230 3100 ergo
1259 3032 1265 3043 ’

89 3123 275 3190 lurnanitus
297 3123 425 3188 moenia
442 3125 487 3188 ad
507 3126 648 3189 nostrum
666 3125 860 3206 propositum
883 3126 1124 3202 ostendendum,
1137 3123 1231 3206 prius

87 3233 238 3298 debemus
252 3229 403 3296 roin'onem
417 3234 566 3316 tanqrcam
578 3229 657 3315 quid
674 3231 886 3314 principalius
899 3234 1072 3310 adducere,
1086 3235 1117 3298 el
1123 3234 1230 3314 postea

87 3341 237 3405 deimnus
264 3340 405 3404 nostrum
425 3339 544 3404 dudem
567 3345 628 3422 per
648 3337 866 3406 auctoritatem
891 3339 1134 3423 philosophicum
1155 3357 1229 3404 con-

81 3447 255 3532 firmare»
270 3442 335 3534 (4).

158 3553 200 3619 Et
213 3535 486 3638 Rogerius'Buc'ot
506 3556 604 3622 «Non
614 3557 796 3636 oportetuos
810 3554 970 3622 adherere
983 3555 1145 3632 omnum,
1160 3573 1231 3639 qua

88 3663 243 3727 cuduinus
260 3665 293 3725 et
308 3659 453 3745 legonus,
471 3664 527 3726 sed
548 3661 730 3728 examinare
752 3663 898 3730 debemus
912 3663 1142 3729 districtissime
1158 3679 1230 3727 scn-

89 3771 207 3836 tentias
230 3771 405 3857 majorum,
429 3773 468 3835 ut
482 3771 636 3835 addamus
658 3770 787 3854 quaeis
804 3770 1016 3856 defuemulct
1034 3770 1231 3856 corrigamus

87 3896 161 3962 qua
174 3879 285 3943 errata
302 3879 393 3954 sunt,
405 3894 476 3942 cum
492 3877 580 3942 omni
589 3879 691 3943 maten
701 3877 850 3943 umdeslia
868 3881 900 3944 el
906 3866 1116 3946 ructuatione.
1138 3878 1232 3948 ttae

89 3987 173 4050 lanc
193 3981 362 4050 amoenam
379 3983 459 4068 erigi
473 3991 640 4067 possumus
660 4004 722 4050 non
736 3987 838 4052 solum
850 3990 980 4069 propter
997 3982 1250 4063 necessitatem„

88 4113 128 4158 ne
146 4091 334 4178 deficiamus
354 4091 406 4157 uel
417 4109 571 4170 erremus,
586 4095 642 4158 sed
645 4100 703 4176 per
716 4095 854 4176 exempla
867 4096 902 4160 et
911 4095 1130 4173 auctoritates,
1145 4097 1184 4162 ut
1196 4092 1231 4160 in

126 4405 172 4469 (ι)
210 4397 315 4457 Albert
328 4395 370 4456 Μ.
385 4395 554 4466 Periberm,
570 4393 621 4456 tib.
640 4415 664 4468 ι,
680 4409 715 4456 tr.
737 4415 761 4468 1,
775 4415 838 4470 cap.
858 4416 882 4456 1.
897 4395 960 4457 cir.
975 4399 1089 4458 Foster.
1103 4398 1228 4473 Anuiyt.

89 4490 141 4548 lib.
163 4509 177 4547 s
194 4499 234 4548 tr.
254 4508 279 4556 1,
291 4505 354 4558 cap.
370 4505 402 4556 23
421 4485 531 4545 Summ.
550 4483 651 4545 Theoi.
665 4498 740 4558 part.
755 4506 780 4556 ι,
791 4497 877 4547 tract.
895 4506 919 4558 ι,
930 4507 959 4559 q.
976 4485 1017 4558 V,
1032 4507 1072 4547 m.
1090 4487 1114 4547 11
1131 4488 1169 4547 cd
1182 4497 1230 4562 4.·

127 4583 173 4645 (ι)
211 4576 543 4648 DeAne'mucap.1,p.
563 4596 587 4634 1.

128 4669 177 4742 (3)
214 4665 328 4738 opusc.
344 4664 529 4739 Principium
542 4663 577 4725 S.
591 4663 764 4740 Scriptura.
855 4706 859 4714 ·

126 4762 174 4833 (4)
211 4753 350 4830 AEgidiut
364 4753 522 4816 Columna.
534 4755 568 4815 ln
583 4754 608 4814 11
623 4753 708 4816 Sunt·
724 4754 801 4816 bist.
820 4769 923 4829 epact.
942 4776 966 4827 1,
982 4775 1012 4829 q.
1030 4777 1042 4815 ι
1059 4769 1115 4818 art.
1131 4776 1158 4816 2.

1153 4870 1167 4942 5
