3492 5525
361 450 477 517 Are-rte.
503 468 562 535 3³¹·
584 453 794 521 Soevumure
815 475 1075 525 orrrrcuermes
1181 461 1238 527 681

157 643 268 717 potest
292 634 429 704 existere
455 638 579 705 realiter
606 648 693 707 certo
720 640 863 725 quodam
889 644 1002 721 modo,
1028 664 1096 712 non
1114 654 1222 729 potest
1241 666 1280 718 eo

157 744 260 809 modo
277 746 423 831 cogitari,
438 764 508 830 neg.

90 900 100 913 .
218 839 433 929 ¹Animalitas,
455 870 529 938 quae
548 862 598 921 est
617 854 649 920 in
665 855 814 935 homine,
836 858 948 945 nequit
962 867 1048 925 certe
1061 859 1197 926 existere
1209 860 1280 927 sine

156 960 382 1039 rationalitate,
403 980 463 1028 nec
481 961 676 1029 rationalitas
694 964 764 1031 sine
787 964 976 1047 risibilitate3
1005 975 1039 1031 et
1066 968 1278 1036 nihilominus

156 1075 266 1152 potest
284 1068 461 1137 certissime
486 1068 633 1156 cogitari.
666 1071 769 1139 Secus
791 1092 857 1141 non
886 1073 1016 1139 daretur
1041 1076 1107 1141 ulla
1133 1075 1278 1160 cognitio

153 1177 332 1261 praecisiva.

199 1290 307 1368 Objie.
330 1284 382 1353 5.⁰
430 1284 600 1370 Singulare
622 1295 655 1352 et
673 1287 853 1354 universale
872 1299 949 1356 sunt
962 1290 1161 1356 correlative.
1176 1290 1277 1373 Atqui

152 1391 285 1460 relativa
304 1401 381 1459 sunt
395 1392 506 1459 simul.
520 1394 604 1479 Ergo
623 1395 649 1460 si
668 1395 763 1460 datur
780 1414 798 1460 a
817 1406 908 1480 parte
927 1394 971 1462 rei
990 1396 1166 1481 singulare,
1180 1399 1276 1465 detur

151 1520 288 1587 quoque
307 1500 487 1567 universale
506 1518 640 1568 necesse
659 1510 721 1569 est.

220 1618 323 1694 Resp.
350 1610 423 1676 dist.
455 1610 546 1694 Maj.;
567 1620 645 1677 sunt
662 1609 848 1675 correlative
868 1612 1050 1677 secundum
1071 1630 1160 1692 esse,
1186 1632 1273 1697 neg.;

148 1728 228 1787 sunt
239 1716 426 1786 correlativa
440 1717 621 1783 secundum
637 1717 711 1793 dici,
726 1718 877 1799 ucbdist.,·
892 1719 1045 1785 relatione
1058 1721 1272 1806 oppositionis

148 1836 185 1893 et
204 1826 441 1912 repugnantiae,
456 1843 559 1907 conc.;
577 1823 639 1890 alio
657 1843 776 1909 genere
795 1824 957 1892 relationis
967 1846 1038 1911 neg.

217 1934 321 2001 Simili
348 1934 447 1999 modo
473 1950 609 2017 arguere
636 1932 866 1999 absurdissime
888 1934 1067 2017 potuisses:
1096 1935 1210 2003 Unitas
1236 1946 1270 2003 et

149 2040 373 2126 multiplicitas
398 2038 455 2106 Dei
479 2047 558 2105 sunt
581 2038 785 2106 correlativa:
808 2040 910 2125 Atqui
935 2041 1030 2107 datur
1058 2042 1145 2110 Deus
1170 2062 1267 2112 unus.

146 2150 234 2235 Ergo
253 2158 286 2215 et
305 2148 488 2232 multiplex.
512 2147 676 2213 Caeterum
697 2146 862 2230 loquimur
883 2148 925 2213 de
950 2148 1158 2217 universalia
1179 2161 1267 2236 parte

146 2257 207 2335 rei,
233 2256 323 2340 quod
343 2255 437 2322 nobis
455 2262 504 2320 est
521 2254 752 2320 chimericum.
779 2254 966 2321 Universale
985 2264 1095 2321 tamen
1113 2258 1155 2323 ab
1174 2259 1268 2326 intel-

143 2366 232 2430 lectu
257 2366 378 2430 factum
403 2362 559 2446 importat
585 2362 772 2427 relationem
797 2361 928 2428 rationis
953 2364 995 2428 ad
1019 2364 1182 2449 singulare
1199 2363 1266 2454 (r).

203 2541 222 2633 ᾗ
241 2542 403 2609 lll.-Pno
422 2557 601 2607 uurvensxu
621 2556 789 2606 exrsreurn
808 2556 836 2606 ru
855 2557 1020 2608 rumvrours
1037 2560 1206 2610 secundun

344 2665 507 2716 unitatem
525 2664 664 2713 NATURAE
682 2664 711 2713 tu
730 2664 873 2713 OMNIBUS
891 2664 1067 2718 REPERTAM.

194 2809 266 2896 165.
313 2817 421 2895 objie.
445 2809 496 2877 1.⁰
543 2781 654 2874 Petrus
672 2817 705 2875 et
723 2808 877 2876 Paulusa
900 2821 989 2894 parte
1013 2811 1057 2878 rei
1078 2831 1145 2878 non
1171 2814 1264 2880 diffe-

137 2930 219 2986 runt
240 2918 467 2994 essentialiter,
488 2917 547 2982 sed
573 2934 711 2983 numero
734 2915 922 2996 dumtaxat,
942 2937 1017 2983 cum
1042 2919 1083 2983 ad
1109 2921 1260 2987 eamdem

134 3025 282 3111 speciem
297 3025 489 3111 pertineant.
506 3023 604 3107 Atqui
624 3023 650 3089 si
672 3042 737 3090 non
756 3023 911 3090 differunt
929 3024 1143 3092 essentialiter
1159 3048 1258 3095 unam

134 3134 259 3202 habent
278 3133 464 3199 essentiam.
482 3131 564 3215 Ergo
579 3130 779 3196 admittenda
799 3139 848 3196 est
865 3131 899 3196 in
918 3132 1016 3198 rebus
1034 3141 1109 3198 ante
1123 3154 1258 3202 omnem

133 3241 257 3307 mentis
289 3240 531 3325 operationem,
560 3238 668 3304 unitas
693 3238 800 3321 aliqua
826 3239 937 3305 multis
966 3239 1140 3308 individuis
1168 3263 1260 3311 com·

132 3348 258 3415 munis.

203 3463 306 3539 Reep.
333 3454 409 3521 dist.
430 3454 507 3538 Maj.
527 3451 601 3517 Non
625 3453 777 3518 differunt
799 3452 1026 3532 essentialiter,
1046 3455 1079 3522 id
1102 3469 1169 3536 est,
1190 3479 1256 3527 non

130 3563 255 3630 habent
272 3561 429 3629 essentias
446 3560 605 3637 diversas,
634 3579 691 3626 seu
716 3559 902 3636 dissimiles,
921 3579 1025 3644 conc.,·
1043 3581 1110 3630 non
1137 3567 1257 3633 habent

128 3672 289 3738 essentias
306 3669 488 3745 distinctos,
508 3676 541 3733 et
560 3687 635 3734 vere
654 3667 779 3735 realiter
798 3668 923 3752 plures,
944 3689 1014 3752 neg.

200 3775 394 3844 Contradist.
416 3775 550 3852 Minor„
575 3775 602 3842 si
622 3794 688 3840 non
707 3775 863 3842 differunt
885 3778 1116 3855 essentialiter,
1136 3781 1251 3859 idest,

125 3885 161 3953 si
179 3903 244 3952 non
263 3884 384 3951 habent
402 3883 561 3949 essentias
583 3881 766 3960 distinctas,
784 3901 886 3959 conc„
909 3883 936 3950 si
957 3902 1023 3951 non
1050 3887 1171 3952 habent
1188 3883 1254 3955 dis'-

121 3993 268 4069 similes,
288 3991 438 4073 subdisf.,·
456 3991 577 4057 habent
595 4009 695 4056 unam
714 3991 888 4057 essentiam
908 3991 1031 4059 unitate
1050 3994 1155 4078 aliqua
1178 3997 1250 4064 reali

122 4119 168 4169 ac
186 4099 335 4187 physica,
355 4117 442 4184 neg,
462 4098 587 4164 unitate
605 4098 710 4180 aliqua
729 4099 831 4183 logica
850 4107 884 4164 et
902 4099 1045 4178 rationis,
1065 4083 1163 4172 conc]

196 4207 293 4274 Aliud
311 4215 361 4272 est
380 4205 497 4272 habere
512 4206 669 4271 essentias
689 4203 872 4283 distinctas,
888 4215 923 4271 et
936 4207 1023 4274 aliud
1037 4212 1249 4278 essentialiter

122 4314 267 4392 differre,
286 4323 343 4380 aut
359 4314 457 4380 etiam
478 4311 691 4380 essentialiter
707 4312 873 4399 distingui.
887 4313 1032 4394 Differre,
1044 4328 1099 4384 aut
1114 4319 1249 4386 «distin-

121 4423 184 4510 gui
198 4422 411 4489 essentialiter
425 4422 476 4486 vel
493 4420 672 4486 formaliter
685 4437 752 4486 non
767 4421 875 4486 solum
890 4421 1051 4508 significat
1066 4426 1186 4491 habere
1199 4429 1248 4494 di-

121 4529 277 4597 stinctam
296 4528 474 4595 essentiam
495 4546 553 4594 seu
577 4529 719 4603 forman,
740 4527 797 4594 sed
815 4529 913 4594 etiam
929 4531 1047 4597 habere
1065 4535 1245 4600 secundum

159 4766 199 4830 (r)
236 4759 380 4833 Losseda,
397 4761 512 4836 logie,
528 4771 611 4818 tract.
627 4778 655 4817 a.
669 4757 745 4832 ἀὴρ.
761 4778 788 4818 a.
804 4778 866 4832 cap.
880 4779 909 4818 a.
922 4781 953 4821 n.
964 4761 994 4821 6.
