3492 5525
573 418 632 503 890
694 422 819 487 Loorcn
835 420 1065 497 Maiore-Lus.
1082 436 1152 499 μ’,
1169 422 1259 486 Drse.
1275 437 1320 507 4·
1335 423 1416 487 Cae.
1436 436 1510 485 μου

535 626 627 685 mus,
660 616 841 676 statuentes
870 609 912 675 ad
940 608 1100 677 rationem
1128 608 1272 675 scientiae
1296 627 1333 691 ac
1365 607 1644 676 demonstrationis

532 716 680 782 sulficere
694 715 923 783 certitudinem
942 717 1013 782 stne
1027 714 1210 783 evidentia?

599 830 703 909 Reep.
735 841 808 890 esse
834 824 1008 891 discrimen
1038 824 1123 891 intes
1148 823 1316 890 scientiam
1346 834 1380 891 et
1410 823 1643 891 certitudinem.

533 930 617 1010 Quia
634 930 794 998 certitudo
814 950 855 999 ex
878 930 1049 998 communi
1074 948 1173 998 sensu
1197 930 1470 1016 Philosophorum
1496 930 1646 997 adhesio

534 1058 610 1105 nem
634 1038 764 1105 sirmam
793 1039 914 1105 mentis
941 1037 1116 1125 importat,
1139 1039 1367 1116 excludentem
1386 1057 1488 1105 omne
1517 1039 1645 1105 dubium

533 1156 632 1231 atque
660 1146 802 1231 oppositi
829 1144 1052 1228 formidinem.
1084 1146 1122 1212 Et
1156 1144 1308 1231 quamvis
1337 1156 1465 1213 veteres
1490 1146 1647 1231 sapientes

533 1254 762 1321 arbitrarentur
780 1262 889 1321 actum
910 1254 1100 1339 hujusmodi
1119 1251 1349 1320 rationabiliter
1366 1254 1458 1340 gigni
1473 1273 1543 1320 non
1563 1272 1647 1338 posse

534 1361 594 1430 nisi
612 1382 653 1428 ex
670 1362 797 1449 objecto
815 1362 975 1439 evidenti,
995 1371 1095 1446 atque
1114 1363 1197 1429 adeo
1218 1363 1404 1447 sejunctum
1429 1363 1471 1428 ab
1494 1362 1648 1428 evidentia

533 1488 606 1537 esse
625 1488 692 1537 non
711 1488 825 1553 posse;
847 1478 960 1555 postea
991 1489 1068 1537 vero
1096 1470 1128 1536 id
1156 1471 1274 1536 salsum
1302 1488 1374 1537 esse
1403 1471 1646 1556 comprobatum

536 1586 586 1645 est
604 1597 622 1643 a
642 1576 789 1643 Patribus
807 1589 840 1645 et
859 1577 1035 1663 Theologis
1053 1578 1086 1644 in
1105 1586 1179 1643 actu
1197 1576 1315 1643 divinae
1337 1577 1425 1643 fidei.
1448 1579 1525 1645 Non
1545 1587 1647 1643 umen

537 1686 610 1762 idep
628 1685 740 1751 debuit
759 1685 829 1769 ipsa
847 1685 1051 1752 certitudinis
1069 1685 1159 1751 notio
1179 1684 1308 1760 variari,
1336 1694 1451 1770 utpote
1470 1704 1547 1768 quae
1576 1703 1648 1769 pra

535 1792 652 1861 scindit
670 1793 711 1859 ab
731 1792 909 1869 evidentia,
930 1794 988 1859 sed
1006 1794 1114 1860 solum
1133 1792 1259 1858 deserta
1273 1794 1351 1871 tuit,
1372 1802 1542 1876 tamquam
1562 1794 1646 1865 falsa,

535 1900 647 1986 opinio
665 1902 718 1967 illa
737 1907 769 1966 et
788 1900 972 1985 persuasio,
993 1919 1069 1984 quae
1081 1902 1191 1985 ipsam
1210 1899 1411 1967 certitudinis
1430 1900 1648 1969 definitionem

536 2026 603 2073 non
622 2008 815 2093 attingebat.
836 2008 881 2073 At
900 2026 978 2075 vero
996 2024 1085 2073 nunc
1107 2026 1300 2075 econverso
1320 2009 1353 2074 in
1377 2009 1445 2091 ipsa
1468 2008 1649 2074 delinitione

537 2116 772 2200 communique
787 2114 1000 2201 intelligentia
1018 2115 1161 2181 scientiae
1178 2116 1362 2183 continetur
1378 2116 1552 2183 evidentia.
1566 2114 1650 2190 Qu-

539 2241 572 2290 re
592 2241 724 2290 necesse
742 2232 793 2291 est
811 2224 919 2289 dicere
938 2222 1209 2308 significationem
1234 2223 1394 2308 propriam
1419 2225 1508 2291 vocis
1528 2224 1649 2290 nanti

538 2331 718 2398 restrictam
738 2350 808 2397 esse
821 2331 861 2396 ad
877 2342 986 2406 actum
1002 2330 1209 2415 cognitionis,
1227 2331 1367 2399 evidenti
1381 2332 1529 2399 discursu
1544 2342 1647 2417 partae,

537 2439 679 2522 ideoque
698 2456 764 2505 non
784 2438 856 2504 licet
875 2438 1050 2524 'theologis
1070 2439 1313 2523 Philosopbisve
1326 2437 1507 2527 christian&
1522 2459 1578 2524 pro
1593 2458 1648 2505 suo
1710 2447 1712 2456 ’

537 2547 668 2613 arbitrio
687 2547 754 2613 vim
774 2547 863 2615 vocis
883 2554 1084 2630 pervertere,
1104 2547 1161 2611 sed
1181 2547 1290 2630 potius
1308 2566 1326 2610 e
1344 2566 1505 2615 converso
1523 2549 1648 2631 loquen-

537 2656 618 2721 dum
638 2652 699 2722 illis
718 2662 769 2721 est
787 2654 970 2721 secundum
989 2672 1088 2720 usum
1107 2654 1278 2720 communi
1298 2666 1445 2721 veterum
1469 2656 1648 2722 auctoritate
1712 2663 1713 2672 ’

538 2763 717 2830 firmatum.
1009 2755 1011 2758 ’

581 2877 684 2940 Dices
710 2870 764 2940 3.⁰
810 2871 926 2937 Teneri
955 2879 1079 2956 potest,
1111 2871 1324 2956 Theologiam
1349 2883 1513 2949 nostram,
1542 2874 1648 2940 saltem

538 2977 718 3046 secundum
752 2997 787 3044 se
819 2979 1069 3057 consideratam,
1104 2979 1314 3046 subalternari
1342 2978 1486 3046 scientia
1513 2980 1569 3046 Dei
1603 2981 1649 3044 vel

538 3086 679 3153 scientiae
707 3087 894 3164 Beatorum,
925 3095 958 3152 et
988 3087 1034 3153 sic
1061 3105 1159 3170 posse
1181 3105 1253 3155 esse
1281 3105 1391 3152 veram
1429 3106 1466 3152 ac
1495 3089 1648 3172 proprian

539 3187 722 3272 scientiam,
756 3194 829 3260 licet
848 3203 953 3260 careat
980 3195 1153 3262 evidentia.
1187 3195 1221 3260 ld
1246 3208 1388 3278 namque
1416 3196 1583 3279 proprium
1606 3206 1650 3260 est

539 3302 680 3369 scientiae
702 3302 943 3380 subalternata,
963 3312 1086 3370 utnon
1106 3303 1222 3368 babeat
1240 3301 1435 3369 evidentiam
1452 3302 1514 3368 nisi
1539 3305 1651 3387 depen-

539 3413 653 3478 denter
682 3429 702 3475 a
727 3410 965 3487 subalternata,
999 3409 1040 3476 ad
1072 3429 1171 3494 quam
1208 3417 1333 3494 spectat
1362 3409 1496 3494 probare
1524 3431 1542 3476 a
1566 3411 1651 3496 priori

542 3518 694 3605 principia
722 3518 964 3600 subalternata,
995 3519 1111 3584 saltem
1138 3519 1165 3584 si
1184 3521 1252 3584 baec
1275 3527 1417 3603 nequeat
1439 3537 1496 3605 per
1520 3521 1651 3604 seipsam

542 3627 676 3713 probare
699 3647 717 3692 a
746 3627 914 3711 posteriori
945 3626 1100 3710 principia
1130 3645 1201 3693 sua.
1222 3627 1267 3692 lta
1285 3645 1363 3711 ergo
1390 3626 1569 3712 Theologia
1592 3631 1652 3692 haec

543 3755 617 3802 vera
629 3735 762 3801 scientia
781 3753 850 3800 esse
867 3743 994 3819 potest,
1014 3734 1233 3801 subalternata
1247 3734 1382 3811 scilicet,
1399 3735 1475 3818 quia
1486 3735 1559 3802 licet
1574 3755 1653 3802 nunc

545 3863 610 3910 non
630 3844 745 3908 babeat
763 3843 977 3919 evidentiam,
998 3843 1115 3908 habere
1133 3851 1244 3908 tamen
1264 3841 1352 3907 illam
1369 3852 1494 3926 potest,
1515 3862 1553 3908 ac
1567 3862 1655 3928 pono

544 3951 690 4026 habebit,
716 3969 790 4016 cum
819 3951 1006 4036 'theologus
1033 3949 1186 4035 principia
1212 3948 1288 4014 fidei
1310 3950 1395 4015 clare
1421 3950 1603 4018 intuebitur
1628 3951 1657 4014 in

455 4064 461 4074 '
501 4137 502 4148 ἵ
542 4061 668 4128 visione
685 4059 843 4126 beatifica.

610 4163 714 4252 Resp.
746 4167 777 4233 ln
806 4165 919 4250 primis
946 4160 1016 4232 baec
1038 4165 1210 4233 difficultas
1241 4164 1403 4231 convincit
1433 4164 1656 4252 Theologiam,

543 4288 639 4363 prout
657 4285 708 4341 est
734 4273 767 4341 in
795 4274 906 4350 nobis,
929 4292 994 4340 non
1013 4291 1086 4340 esse
1108 4271 1291 4340 scientiam.
1319 4272 1403 4338 Nam
1427 4274 1522 4358 juxta
1554 4293 1658 4338 veram

544 4384 757 4460 sententiam,
778 4401 857 4448 mox
884 4380 1101 4466 probandam,
1121 4380 1339 4448 subalternata
1358 4397 1424 4446 non
1443 4380 1544 4448 babet
1570 4383 1661 4448 ratio·

545 4511 621 4558 nem
647 4489 806 4566 scientiae,
837 4489 897 4556 nisi
920 4490 1141 4575 dependenter
1166 4508 1185 4553 a
1212 4488 1472 4564 subalternante,
1501 4497 1661 4572 quatenus

546 4619 666 4684 nempe
684 4598 891 4667 continuetur
909 4615 984 4663 cum
1006 4600 1076 4672 hac,
1097 4605 1133 4662 ut
1152 4595 1198 4662 sic
1214 4594 1411 4662 evidentiam
1427 4613 1565 4662 suorum
1580 4596 1662 4681 prin-

545 4707 705 4804 cipiorum
726 4705 905 4790 participet,
933 4708 1047 4772 saltem
1078 4705 1105 4770 si
1129 4703 1200 4789 ipsa
1223 4711 1365 4788 nequeat
1381 4704 1511 4771 aliunde
1531 4705 1661 4789 probare
