3492 5525
267 509 386 576 Anrrc.
404 526 464 576 2¹¹·
477 509 711 577 Srecrrrcnrro
725 530 950 580 scrennanuu
965 532 1082 579 roric.
1128 510 1187 599 983

169 700 335 779 objicitur
354 694 421 772 αθ,
444 697 476 765 in
491 696 699 781 Philosophia
716 699 854 765 naturali
875 702 984 784 plures
1010 718 1081 766 esse
1106 700 1229 767 abstra-

101 802 219 869 ctionis
245 803 366 888 gradus
393 823 412 869 a
441 804 589 880 materia,
620 824 697 871 nam
726 806 833 892 magis
861 809 1006 891 protecto
1035 801 1229 875 'abstrahita

102 909 235 977 materia
264 909 389 987 anima,
419 930 494 996 quae
513 912 682 979 materiam
708 921 817 981 actuat
836 915 877 980 ad
895 934 1016 1000 corpus
1044 914 1226 981 animatum

101 1019 384 1094 constituendum,
405 1029 437 1086 et
457 1019 667 1104 potissimum
698 1022 725 1087 si
745 1021 910 1089 rationalis
940 1033 1006 1099 est,
1027 1024 1127 1107 quam
1156 1023 1227 1088 aliae

102 1128 219 1193 iormae
238 1134 430 1192 caeterorum
451 1145 643 1212 corporum3
665 1138 698 1195 et
729 1130 941 1198 nihilominus
967 1132 1077 1197 omnia
1095 1131 1165 1197 haec
1185 1130 1225 1195 ad

104 1252 204 1301 unam
225 1234 391 1301 scientiam
412 1236 663 1303 concluduntur.

168 1349 272 1425 Resp.
303 1341 377 1407 licet
409 1360 475 1408 non
513 1343 637 1419 desint,
670 1344 727 1427 qui
752 1344 900 1411 diversos
928 1344 1078 1430 specifice
1104 1343 1226 1430 gradus

101 1459 281 1535 agnoscant
300 1448 332 1515 in
352 1450 448 1515 variis
466 1451 618 1537 objectis,
631 1452 686 1516 ·de
705 1450 825 1535 quibus
845 1452 1053 1537 Philosophia
1072 1452 1226 1519 naturalis

101 1556 262 1641 disputat,
287 1566 320 1623 et
347 1567 585 1641 consequenter
610 1558 644 1624 in
670 1559 774 1625 varias
800 1560 924 1644 species
950 1561 1033 1625 hanc
1057 1558 1224 1625 scientiam

103 1664 283 1749 partiantur
301 1661 370 1752 (r);
392 1664 442 1729 alii
460 1665 586 1731 veroid
606 1676 740 1751 negant.
757 1664 882 1733 Verum
899 1676 949 1734 est
963 1666 1122 1743 animam,
1140 1668 1226 1733 mul·

102 1782 203 1856 toque
223 1772 329 1857 tnagis
348 1773 377 1839 si
396 1771 558 1839 rationalis
576 1773 634 1849 sit,
657 1770 953 1840 immaterialiorem
973 1773 1097 1841 caetetis
1112 1774 1225 1840 lormis

100 1881 264 1965 corporeis
279 1898 369 1955 esse,
386 1891 421 1970 at
440 1880 646 1965 Philosophia
661 1882 816 1948 naturalis
830 1882 870 1947 de
885 1882 934 1949 his
950 1880 1063 1947 lormis
1078 1900 1144 1950 non
1159 1881 1225 1967 agit

102 1988 163 2054 nisi
194 1996 359 2071 quatenus
387 1996 465 2054 sunt
482 1996 574 2055 actus
599 1998 774 2072 partesque
800 1991 961 2073 corporis,
988 2008 1123 2073 corpora
1147 2008 1225 2054 vero

102 2096 172 2162 sive
197 2105 350 2164 constent
378 2098 482 2161 forma
513 2096 642 2181 penitus
670 2098 843 2173 materiali,
872 2098 942 2164 sive
971 2086 1076 2163 iorm'a
1100 2098 1225 2163 elevata

102 2222 200 2288 supra
229 2203 418 2279 materiam,
448 2222 543 2288 aeque
571 2204 807 2271 mutationibus
844 2204 1051 2271 sensibilibus
1083 2205 1225 2270 obnoxia

102 2320 192 2379 sunt.
214 2310 311 2377 Addo
330 2312 446 2385 etiam,
467 2312 556 2395 quod
575 2330 693 2378 omnes
707 2312 768 2378 illae
784 2314 898 2378 iormae
914 2314 1119 2379 essentialem
1140 2312 1226 2378 ordi-

101 2439 177 2485 nem
197 2420 238 2485 ad
258 2419 424 2486 materiam
440 2419 626 2495 continent,
648 2429 679 2485 et
699 2438 756 2504 per
775 2418 984 2486 ordinem'ad
1003 2420 1152 2486 eamdem
1168 2420 1225 2485 de·

98 2528 276 2604 finiuntur,
310 2537 343 2593 et
371 2527 547 2594 essentiam
580 2525 723 2612 corpoiis
751 2528 976 2605 constituunt,
1009 2547 1067 2596 nec
1102 2547 1224 2613 cogno-

100 2644 238 2701 scuntur
267 2636 392 2702 nisiex
422 2634 631 2702 sensibilibus
662 2635 912 2712 mutationibus,
934 2643 1031 2719 atque
1062 2636 1143 2702 adeo
1167 2655 1224 2720 per

100 2744 215 2810 eadem
245 2744 400 2829 principia
419 2752 546 2819 motus,
578 2762 636 2827 per
665 2743 797 2827 quaein
826 2752 1015 2811 caeterarum
1043 2744 1221 2812 formarunt

100 2853 288 2918 interiorum
308 2853 529 2937 cognitionem
544 2852 751 2917 devenimus.

166 2966 274 3043 Objic.
296 2959 349 3028 3.⁰
368 2961 458 3043 quod
477 2960 631 3025 Mathesis
649 2960 711 3025 sub
731 2959 847 3025 eodem
870 2960 1098 3026 abstractionis
1117 2960 1222 3046 gradu

98 3070 130 3134 in
151 3070 260 3153 plures
278 3065 385 3152 specie
403 3067 538 3132 diversis
556 3066 705 3133 scientias
732 3067 953 3151 dispescatur,
980 3076 1059 3153 puta
1078 3065 1222 3133 Geome-

98 3175 194 3242 triam
214 3183 247 3240 et
266 3173 514 3241 Arithmeticam
530 3185 562 3241 et
578 3172 767 3260 Algebram.

167 3289 223 3351 nd
246 3291 336 3350 hanc
362 3287 596 3348 difficultatem
617 3282 815 3366 respondent
843 3283 941 3366 aliqui
969 3281 1221 3349 abstractionem

100 3411 119 3456 a
139 3390 271 3456 materia
288 3389 449 3465 sensibili,
470 3408 570 3473 quam
590 3390 719 3474 attingit
737 3389 909 3466 Mathesis,
931 3391 1116 3476 genericam
1134 3409 1219 3468 esse,

99 3498 162 3564 sub
185 3517 250 3581 qua
268 3495 404 3580 proinde
422 3498 530 3580 specie
548 3495 715 3562 distinctas
735 3496 885 3563 scientias
911 3497 978 3564 dari
1000 3489 1221 3566 Geometriam

102 3616 134 3671 et
155 3603 421 3681 Arithmeticam,
442 3622 516 3688 quae
534 3603 699 3671 diversum
722 3599 859 3671 moduni
880 3606 1001 3672 habent
1027 3607 1223 3673 immateria-

99 3711 199 3780 litatis
217 3707 281 3799 (2).
303 3711 403 3777 Aliter
422 3711 519 3776 etiam
535 3712 721 3796 responderi
741 3720 866 3797 potest,
889 3713 1041 3798 principia
1056 3713 1222 3780 Arithme·

100 3823 173 3886 ticae
193 3828 225 3885 et
244 3819 437 3886 Geometriae
456 3838 527 3885 esse
548 3820 653 3904 primo
671 3821 814 3896 diversa,
837 3838 895 3886 nec
914 3821 1043 3887 aliunde
1062 3822 1219 3888 derivata.

101 3928 258 3994 Mathesis
277 3927 365 3993 enirn
385 3927 567 3993 considerat
584 3928 800 4011 quantitatem
822 3947 887 3994 non
906 3929 1088 3995 secundum
1110 3947 1223 3996 essen-

100 4036 211 4104 tialern
225 4034 371 4120 ejusdem
393 4035 567 4110 rationem,
590 4035 648 4100 sed
663 4036 844 4102 secundum
865 4036 1024 4103 rationem
1045 4056 1220 4115 mensurae,

100 4145 283 4209 secundum
298 4161 400 4226 quam
420 4141 572 4227 prIncipia
586 4152 665 4209 sunt
678 4142 821 4220 diversa,
838 4145 999 4226 siquidem
1020 4142 1223 4211 Geometn'ca

102 4252 310 4316 resolvuntur
328 4250 360 4315 in
377 4259 554 4332 punctum,
574 4250 665 4332 quod
679 4259 729 4316 est
747 4251 851 4335 prima
866 4270 1019 4317 mensura
1033 4253 1222 4334 quantitatis

100 4357 264 4424 continuae
283 4358 334 4422 vel
362 4368 531 4440 tamquam
559 4357 718 4424 terminus
746 4358 945 4425 extensionis
972 4360 1022 4424 vel
1051 4368 1220 4444 tamquam
1327 4345 1331 4352 ’

137 4536 178 4607 (ι)
215 4534 257 4592 lta
283 4531 442 4601 Soneinas,
458 4531 620 4605 Caietanus
646 4533 754 4608 aliique
778 4535 855 4607 apud
882 4535 1060 4596 Conimbric.
1085 4537 1138 4596 loc.
1161 4537 1222 4608 cit„

100 4638 157 4682 art.
178 4645 201 4693 r,
214 4624 310 4682 Sectio
325 4624 456 4692 articuli,
473 4643 588 4696 paragr.
601 4624 697 4696 Maior
710 4629 852 4683 contentio
866 4635 920 4685 est.

136 4719 178 4780 (ι)
215 4713 291 4772 Vide
313 4711 489 4771 Conimbric.
519 4714 574 4771 loe.
588 4712 650 4783 eit.;
674 4727 703 4772 et
727 4717 892 4788 Physicor„
912 4717 1050 4785 Prooem.,
1066 4729 1170 4788 quaeat.
1198 4739 1222 4787 r,

102 4817 158 4862 art.
173 4824 206 4875 4,
225 4803 339 4884 Quibus
353 4802 397 4858 iia
408 4803 614 4876 explicatas...,·
626 4816 656 4861 et
669 4802 811 4871 ‚loannem
831 4825 847 4861 a
862 4803 895 4862 S.
911 4803 1035 4864 Thema.
1051 4805 1105 4864 loc.
1125 4805 1222 4864 citato.
