3492 5525
547 427 606 492 740
661 411 787 476 Lootcn
800 410 1031 487 alnon-tn.
1049 427 1120 490 au,
1136 408 1227 475 Dtse.
1247 424 1288 474 1.·
1304 407 1383 474 Cae.
1400 423 1472 493 qam

506 589 589 666 Quae
608 603 718 659 tamen
738 594 886 662 doctrina
898 605 1048 662 statuens
1065 593 1192 660 nullutn
1211 593 1366 677 angelum
1385 590 1635 657 communicare

505 717 580 763 cum
609 699 671 765 alio
691 701 723 767 in
755 702 880 768 ratione
907 702 1076 786 specifica,
1097 719 1163 767 non
1183 699 1313 766 videtur
1336 699 1375 765 D.
1396 701 1636 774 bonaventurae

504 806 686 884 rationales,
714 809 772 874 sed
797 810 905 894 potius
917 809 1136 892 praenrmplio,
1161 808 1296 873 maxime
1312 824 1385 872 cum
1401 825 1465 871 non
1481 812 1636 889 appareat

504 913 538 978 in
548 919 693 998 promptu
704 917 813 1001 aliqua
826 919 909 983 ratio
923 937 1035 1002 cogens
1052 919 1093 984 ad
1108 935 1180 983 earn
1195 916 1372 982 tenendam
1387 912 1417 1003 (ι
1426 912 1451 1002 ).
1473 914 1540 981 Sed
1556 932 1631 989 nos,

508 1021 617 1088 missis
644 1025 836 1110 theologicis
863 1027 1117 1110 quaestionibus,
1149 1025 1258 1091 solum
1289 1021 1485 1108 quaerimus,
1518 1032 1632 1088 utrum

510 1130 635 1212 species
646 1130 712 1196 dari
727 1134 840 1216 possit,
853 1133 880 1200 si
895 1152 999 1200 unum
1012 1142 1141 1200 tantum
1154 1133 1238 1198 toret
1249 1130 1401 1217 possibile
1411 1129 1633 1203 individuum,

504 1237 555 1300 vel
587 1249 696 1304 utrum
729 1251 844 1306 natura
862 1241 988 1327 quaevis
1017 1261 1051 1306 r.
1071 1261 1106 1326 g.
1133 1239 1166 1307 S.
1192 1238 1368 1314 Michaelis,
1397 1237 1423 1304 si
1443 1255 1510 1303 noo
1530 1239 1634 1321 possit

503 1344 621 1410 babere
635 1347 713 1412 alias
725 1347 785 1413 sibi
800 1348 940 1426 similes,
957 1349 1103 1432 solisque
1118 1347 1203 1414 notis
1217 1345 1498 1413 individuantibus
1511 1345 1635 1411 discre-

504 1465 634 1536 pantes,
667 1455 733 1520 veri
755 1456 898 1523 nominis
923 1458 1047 1540 species
1075 1458 1175 1530 foret,
1201 1465 1300 1537 atque
1323 1455 1404 1519 adeo
1431 1451 1556 1537 species
1576 1472 1634 1517 ne-

442 1564 445 1570 '
502 1561 641 1628 cessario
662 1563 802 1646 requirat
830 1566 950 1629 bab'ere
968 1563 1031 1630 sub
1053 1583 1090 1629 se
1110 1565 1201 1647 plura
1225 1562 1391 1629 individua
1418 1563 1536 1626 saltem
1557 1578 1634 1643 pos-

502 1667 618 1735 sibilia.
650 1671 723 1748 Qua
741 1671 794 1737 de
825 1690 858 1737 re
890 1673 965 1738 licet
994 1671 1175 1737 Thomistae
1208 1669 1479 1735 communissime
1509 1675 1633 1752 negent
1726 1723 1728 1770 t

501 1776 644 1859 speciem
661 1780 842 1845 necessario
857 1781 1083 1863 requirerent
1097 1780 1232 1855 dentur,
1250 1779 1301 1842 vel
1320 1785 1406 1843 certe
1425 1776 1553 1862 possint
1568 1779 1633 1842 sub
1726 1772 1728 1839 l

502 1903 539 1949 ea
556 1885 625 1950 dari
644 1886 736 1970 plura
756 1886 939 1963 indiuidua,
959 1896 1016 1954 aut
1029 1895 1200 1971 propterea
1218 1885 1366 1952 desinere
1383 1901 1457 1950 esse
1471 1894 1630 1950 ‹natoram

502 1992 717 2059 universalem
738 2012 774 2058 ac
794 1995 859 2060 veri
881 1994 1025 2060 nominis
1048 1993 1209 2079 speciem,
1236 1994 1399 2077 quianon
1424 1991 1544 2056 babeat
1567 1992 1630 2056 nisi
1726 2036 1727 2039 ,

502 2100 633 2165 unicum
654 2101 857 2166 individuum
879 2081 1037 2186 possibile
1053 2100 1115 2189 (2);
1137 2099 1249 2187 opinio
1266 2110 1378 2166 tamen
1402 2099 1630 2184 frequentissi-

503 2225 556 2272 rna
586 2207 802 2275 Scotistarum
832 2220 865 2276 et
892 2211 1087 2276 Nostrorum
1116 2209 1315 2275 contrarium
1334 2210 1447 2276 sentit.

566 2322 610 2382 Et
640 2325 719 2384 haec
745 2323 917 2386 sententia
942 2324 1029 2384 mibi
1065 2323 1271 2400 probabilior
1302 2321 1450 2383 videtur.
1485 2316 1523 2381 Et
1547 2316 1630 2382 ratio

500 2431 561 2497 est,
592 2423 667 2506 quia
699 2433 840 2490 nonest
868 2427 993 2509 species
1023 2425 1075 2489 illa
1106 2427 1186 2491 ratio
1214 2425 1264 2490 vel
1294 2433 1420 2500 natura,
1451 2442 1528 2525 quae
1560 2443 1629 2490 non
1726 2427 1728 2498 i

427 2581 428 2587 .
500 2540 549 2596 est
573 2539 647 2615 apta
671 2532 837 2617 praedicari
863 2534 904 2598 de
933 2533 1057 2601 multis.
1080 2534 1182 2618 Atqui
1201 2543 1317 2598 natura
1335 2533 1399 2608 illa,
1422 2549 1497 2615 quae
1516 2533 1629 2598 solum

499 2637 532 2704 in
549 2639 646 2704 unico
665 2639 833 2706 individuo
854 2659 929 2705 esse
946 2650 1065 2724 potest,
1086 2658 1143 2706 seu
1163 2658 1263 2723 quarn
1283 2647 1444 2724 repugnat
1462 2638 1494 2703 in
1514 2640 1630 2704 multis

499 2746 674 2819 individuis
692 2748 868 2824 similibus,
892 2750 960 2816 sola
979 2747 1236 2815 individuatione
1250 2746 1522 2832 discrepantibus,
1543 2749 1631 2812 mul·

422 2850 427 2861 '
498 2855 674 2938 tiplicatam
705 2876 789 2933 esse,
827 2876 893 2924 non
921 2866 977 2924 est
1006 2867 1081 2941 apta
1118 2856 1283 2942 praedicari
1310 2856 1351 2921 de
1383 2855 1510 2923 multis.
1543 2856 1630 2941 Ergo

498 2972 611 3028 natura
639 2966 827 3049 hujusmodi
858 2984 925 3031 non
953 2974 1003 3033 est
1030 2964 1290 3048 speciosaque
1318 2962 1561 3047 adeospecies,
1593 2975 1629 3028 ut
1726 2955 1728 2958 ’

497 3072 539 3137 sit
566 3072 633 3138 veri
664 3074 807 3140 nominis
835 3072 980 3156 Species,
1011 3075 1102 3157 plura
1129 3073 1192 3138 sub
1219 3091 1255 3137 se
1283 3072 1417 3186 requirit
1443 3072 1627 3146 individua,
1726 3115 1728 3124 ι

407 3226 411 3235 .
481 3179 613 3245 ,saltem
632 3180 811 3264 possibilia.

562 3294 678 3355 Minor
694 3298 834 3367 constat,
856 3290 931 3374 quia
951 3309 1017 3356 non
1035 3300 1086 3355 est
1104 3288 1307 3373 praedicabile
1326 3290 1369 3356 de
1387 3290 1513 3367 multis,
1532 3290 1630 3374 quod
1726 3351 1727 3354 ,

496 3413 561 3461 non
593 3407 643 3462 est
668 3406 781 3480 aptum
810 3397 917 3467 inesse
937 3399 969 3464 in
985 3396 1125 3466 ‘multis
1158 3397 1257 3481 Atqui
1284 3407 1411 3487 natura,
1442 3416 1544 3480 quant
1577 3420 1630 3463 re-

495 3512 621 3587 pugnat
634 3504 838 3589 multiplieari
857 3506 890 3571 in
913 3506 1027 3573 moltis
1045 3504 1220 3573 individuis
1238 3505 1386 3589 ejusdem
1401 3506 1534 3589 speciei,
1555 3527 1628 3573 non

389 3598 393 3605 ’
494 3620 544 3676 est
563 3620 637 3695 apta
652 3612 758 3679 inesse
778 3614 904 3682 multis.
926 3615 1053 3700 Ergo...

492 3724 496 3734 '
561 3719 669 3803 Atque
684 3720 754 3786 haec
768 3721 850 3787 ratio
868 3724 998 3789 videtur
1014 3724 1092 3789 satis
1111 3722 1239 3799 efficax,
1255 3721 1408 3806 quamvis
1419 3741 1493 3787 eam
1510 3724 1631 3790 multi-

467 3908 468 3913 *
494 3827 601 3893 modis
618 3829 744 3895 solvere
763 3839 923 3898 conentur
950 3830 1142 3907 Thomistae,
1163 3848 1305 3914 quorum
1331 3848 1486 3914 responsa
1511 3839 1544 3896 et
1564 3832 1631 3897 ob-

489 3934 649 4026 jectiones
667 3937 767 4002 videri
788 3947 928 4023 possunt
947 3940 1034 4023 apud
1053 3938 1196 4005 Lossada
1212 3934 1278 4026 (3).

527 4104 566 4163 (ι)
604 4096 637 4155 S.
654 4099 828 4181 Bonavent.,
843 4096 893 4154 lib.
909 4105 949 4155 a·
962 4096 1030 4157 dist.
1048 4118 1073 4171 3,
1088 4111 1144 4156 art.
1160 4118 1187 4168 2,
1202 4116 1232 4168 q.
1251 4118 1275 4166 ι,
1291 4096 1451 4157 Resolutr'o.

525 4188 566 4257 (a)
603 4186 677 4245 Vide
685 4186 913 4259 Compluteoses
922 4188 1052 4262 (Logia,
1064 4187 1138 4259 disp.
1149 4189 1177 4256 6,
1189 4208 1219 4258 q.
1233 4207 1259 4245 a.
1271 4207 1302 4246 n.
1314 4206 1360 4256 2¹3
1370 4202 1474 4258 quaest.
1487 4206 1517 4259 4,
1534 4208 1566 4247 ιι.
1581 4195 1630 4263 39)

489 4276 567 4348 apud
582 4296 656 4347 quos
670 4278 791 4348 quidam
805 4278 847 4347 (in
863 4291 967 4348 quaet.
982 4297 1010 4350 4.
1027 4297 1057 4335 n.
1074 4298 1108 4349 39
1122 4278 1187 4343 lio.)
1201 4278 1334 4336 scribunt
1353 4296 1409 4335 non
1423 4296 1487 4335 esse
1500 4296 1630 4337 censen·

489 4369 555 4423 dum
574 4367 767 4435 Themistum,
782 4370 835 4443 qui
848 4370 1013 4442 oppositum
1026 4369 1163 4426 senserit.
1179 4368 1335 4427 Pelluntur
1355 4380 1453 4427 umen
1472 4366 1545 4439 quio
1563 4390 1629 4430 nou
1726 4446 1728 4452 Ι

488 4456 596 4514 desunt
616 4457 776 4516 Thomistae
798 4457 882 4516 aliter
902 4456 1071 4582 opinantes,
1094 4456 1172 4580 opud
1200 4456 1329 4516 Lossada
1348 4458 1464 4531 Lagea,
1485 4472 1573 4519 tract.
1600 4483 1628 4535 3,

489 4544 567 4767 ἀιίῗὲ)Ι
590 4566 751 4701 impla&
753 4566 898 4687 1gravide
908 4641 1047 4701 praeterea
1055 4626 1235 4689 Conimbtic.
1247 4627 1447 4699 rnProeselson
1457 4628 1629 4706 Porpayv

486 4723 512 4779 q
552 4720 631 4777 ,art
649 4728 676 4783 3.
