3492 5525
306 477 422 546 Annio.
439 493 499 544 as·
510 478 600 558 Qun>
615 495 658 544 ετ
669 495 875 556 Quorueuex
890 479 1125 546 PRAEulcnulLE
1180 477 1237 561 169

218 661 365 746 Denique
389 663 569 731 differentia
592 662 771 750 generatim
799 672 849 730 est
874 663 923 741 id,
949 682 1016 747 quo
1040 682 1091 730 res
1116 670 1173 729 aut
1195 681 1214 728 a
1238 681 1274 730 se

150 771 220 854 ipsa
237 769 271 837 in
290 771 353 838 alio
371 780 404 837 et
421 771 484 838 aiio
501 780 666 856 tempore,
680 778 736 836 aut
751 770 791 836 ab
806 771 867 836 alia
882 790 916 836 re
928 771 1048 838 differt.
1060 771 1190 855 Triplex
1202 788 1275 838 esse

150 887 274 961 potest,
294 879 482 957 communes,
498 879 630 963 propria
643 888 677 945 et
690 878 825 946 maxime
837 878 982 964 propria.
996 877 1192 945 Communis
1209 888 1271 956 est,

149 1005 224 1070 quae
251 1005 310 1054 nec
329 987 370 1053 ad
398 987 636 1080 reiesscntiam
666 985 820 1071 pertinet,
843 981 1143 1072 nec'inseparabile
1169 987 1210 1054 ab
1236 1005 1274 1052 ea

150 1105 218 1170 est,
238 1115 271 1162 v.
292 1114 327 1181 g.
347 1098 448 1172 stare,
469 1096 520 1162 vel
538 1097 662 1172 sedere,
681 1095 853 1172 affirmet
869 1098 994 1162 mtrem
1009 1094 1186 1162 velsr'mum
1201 1113 1274 1162 esse

147 1210 298 1287 respectu
317 1203 474 1270 hominis.
495 1202 625 1286 Propria
644 1210 713 1285 est,
730 1221 805 1286 quae
824 1199 1053 1288 inseparabilis
1068 1203 1204 1287 quidem
1222 1214 1274 1270 est

148 1331 166 1376 a
186 1328 236 1387 re,
258 1310 299 1375 ad
317 1311 493 1406 essentiam
503 1319 615 1376 tamen
629 1307 734 1394 ipsius
748 1308 884 1377 minime
900 1318 1045 1396 spectat;
1062 1309 1273 1378 utrisiririras

147 1427 299 1502 respectu
314 1417 462 1495 dominis,
480 1417 670 1486 latrabilitas
684 1427 835 1502 respectu
849 1417 952 1486 canu.
970 1418 1115 1486 Maxime
1129 1415 1270 1504 propria,

147 1545 223 1610 quae
244 1537 277 1592 et
297 1525 440 1613 specifica
458 1526 592 1603 dicitur,
607 1535 658 1594 est
671 1545 747 1610 quae
765 1545 833 1594 non
848 1527 950 1594 modo
967 1526 1193 1612 inseparabilis
1207 1534 1272 1604 est,

146 1634 208 1702 sed
243 1634 285 1700 ad
315 1633 490 1702 essentiam
525 1653 660 1719 quoque
687 1635 732 1701 rei
758 1635 917 1720 pertinet,
946 1657 980 1706 v,
1005 1655 1042 1722 g.
1072 1634 1274 1702 rationalitas

148 1749 298 1826 respectu
322 1741 466 1809 hominis
488 1738 553 1831 (1).
573 1744 693 1810 Praeter
715 1744 774 1809 has
791 1743 888 1809 datur
905 1743 966 1809 alia
984 1742 1179 1827 differentia,
1197 1762 1273 1827 quae

146 1849 356 1916 individualis
374 1859 526 1928 vocatur,
544 1869 601 1935 per
619 1869 719 1934 quam
740 1849 897 1918 nimirum
915 1851 982 1918 duo
1001 1849 1170 1918 individua
1187 1853 1275 1933 ejus·
1328 1859 1334 1874 ‘

145 1957 223 2024 dem
241 1955 361 2041 speciei
379 1956 464 2024 inter
478 1976 551 2025 sese
564 1956 826 2043 distinguuntur.
840 1957 974 2025 Caeteris
986 1977 1065 2045 ergo
1077 1958 1272 2043 praetermis-

146 2067 210 2142 sis,
230 2067 362 2151 agimus
381 2083 441 2132 nos
461 2084 549 2132 nunc
568 2067 609 2132 de
627 2064 810 2133 differentia
827 2066 970 2152 specefica
988 2066 1174 2133 dumtaxat.

214 2173 395 2258 Tripliciter
412 2185 523 2242 autem
543 2173 736 2242 describitur
756 2195 773 2240 a
793 2175 974 2262 Porphyrio
994 2172 1194 2251 differentia,
1212 2193 1271 2259 pro
1294 2179 1382 2264 Triplex
1395 2196 1476 2264 muna·

146 2280 264 2367 triplici
283 2281 430 2367 ejusdem
451 2300 600 2350 munere.
622 2281 811 2350 Differentia
824 2282 914 2349 enim
932 2281 1096 2349 constituit
1111 2281 1269 2367 speciem,
1318 2249 1452 2300 *hm*

143 2391 263 2456 diuidit
277 2409 401 2477 genus,
421 2398 454 2456 et
467 2391 663 2473 proedt'cancr
681 2392 722 2457 de
739 2391 848 2476 specie
870 2400 961 2457 certo
984 2390 1130 2474 quodam
1154 2391 1269 2458 modo.
1310 2443 1314 2450 .

145 2499 259 2582 ltaque
279 2498 384 2583 primo
402 2519 443 2565 ex
461 2497 570 2566 officio
588 2497 810 2566 constituendi
834 2497 979 2584 speciem
1003 2497 1183 2566 differentia
1205 2507 1268 2566 est:

143 2606 181 2673 id
196 2625 257 2692 quo
273 2607 388 2688 species
404 2625 496 2672 suum
512 2625 613 2690 genus
625 2607 761 2683 excedit,
780 2605 927 2692 intellige
941 2625 1075 2674 excessu
1090 2605 1268 2685 essentiali,

144 2725 181 2783 ut
201 2713 423 2801 distinguatur
441 2733 459 2780 a
477 2714 669 2783 differentiis
689 2733 754 2783 non
775 2713 951 2801 specificis,
969 2734 1026 2800 per
1044 2733 1128 2800 quas
1145 2715 1270 2801 species
1370 2800 1375 2810 .

142 2823 310 2889 excedunt
328 2840 463 2890 excessu
482 2824 688 2901 accidentali,
710 2824 897 2891 dumtaxat.
921 2822 1073 2891 «Dicitur
1095 2842 1173 2891 vero
1196 2842 1272 2909 spe·

141 2932 210 2997 cies
236 2949 294 3015 per
316 2930 534 2999 differentiam
558 2932 716 3000 excedere
738 2950 845 3018 genus
867 2932 1052 2999 secundum
1076 2932 1267 3011 essentiam,

141 3039 221 3125 quia
229 3036 355 3123 species
369 3038 521 3106 coalescit
537 3056 709 3125 exgenere
722 3048 755 3105 et
768 3040 968 3116 differentia,
983 3040 1268 3122 quemadmodum

141 3166 203 3214 ens
215 3146 410 3214 naturaleex
420 3147 553 3213 materia
567 3158 599 3214 et
611 3148 757 3215 forma...
773 3148 817 3214 ita
832 3158 869 3215 ut
878 3166 986 3232 genus
996 3166 1032 3213 se
1042 3147 1159 3214 habeat
1168 3148 1270 3215 instar

142 3254 303 3331 materiae,
320 3267 352 3323 et
367 3255 547 3324 differentia
562 3256 664 3323 instar
678 3257 803 3323 formae.
819 3256 862 3324 Ut
877 3274 958 3342 ergo
971 3264 1083 3322 toturn
1097 3274 1158 3321 ens
1175 3265 1271 3323 natu-

140 3364 208 3431 rale
228 3364 303 3447 plus
321 3362 457 3429 includit
475 3361 507 3429 in
527 3364 681 3440 essentia,
702 3382 803 3449 quarn
828 3366 896 3431 sola
908 3364 1060 3441 materia,
1080 3364 1124 3431 ita
1141 3364 1268 3448 species

140 3472 286 3555 amplius
305 3470 420 3549 habet,
442 3488 542 3555 quam
572 3489 697 3557 genus,
730 3471 947 3541 differentiam
980 3472 1135 3539 nimirum
1163 3472 1269 3557 speci·

140 3576 304 3665 ficamrr(
327 3576 354 3664 ).

209 3686 364 3753 Secundo
386 3705 428 3753 ex
455 3705 591 3754 munere
623 3707 660 3753 ac
695 3688 797 3755 modo
822 3686 1062 3774 predicationis
1088 3687 1267 3755 differentia

138 3794 336 3862 describitur
353 3815 371 3859 a
389 3794 588 3882 Porphyrio:
610 3797 643 3863 id
660 3798 745 3883 quod
760 3798 798 3863 de
814 3796 964 3880 plurilus
980 3795 1079 3879 specie
1095 3796 1267 3881 differenti-

136 3904 198 3971 bus
213 3903 408 3986 predicatur
426 3904 461 3969 in
478 3906 571 3991 quale
588 3904 677 3990 quid.
698 3904 821 3972 Verum
848 3907 917 3971 haec
939 3903 1103 3982 definitio,
1125 3916 1162 3973 ut
1180 3914 1267 3971 recte

10 4044 12 4067 ·
134 4014 295 4079 observat
314 4010 455 4077 Fonseca
473 4009 541 4101 (3),
559 4031 627 4079 non
645 4013 874 4097 complectitur
892 4031 947 4079 eas
965 4012 1177 4092 differentias,
1192 4032 1267 4097 quae

171 4250 218 4313 (1)
255 4244 330 4304 Dure
344 4244 455 4318 priores
465 4243 651 4317 differentiae,
666 4245 837 4305 deriuantur
850 4266 885 4305 ex
898 4245 997 4318 aliquo
1006 4244 1161 4317 accidenti3
1172 4245 1266 4317 prima

130 4336 261 4411 quidem
275 4356 311 4393 ex
323 4334 468 4393 accidenti
476 4335 642 4406 communi,
657 4337 737 4409 quod
751 4335 890 4409 quintum
903 4335 1088 4408 praedicabile
1100 4336 1265 4408 constitum

129 4428 231 4487 alten
245 4444 316 4483 vero
329 4445 364 4483 ex
377 4424 518 4487 accidenti
537 4426 656 4499 proprio
676 4446 729 4486 eeu
742 4439 848 4500 quarto
862 4426 1055 4500 praedicabili,
1074 4426 1112 4486 de
1125 4446 1267 4499 quo-mox

128 4531 178 4577 eet
192 4514 366 4575 dicendum.

167 4605 217 4679 (a)
254 4602 408 4665 Conimbr.
432 4604 463 4665 in
488 4605 647 4667 Commeat.
674 4616 748 4667 text.
772 4609 923 4685 Porpuyr.
946 4626 1063 4684 parav.
1084 4605 1149 4668 Has
1167 4608 1265 4684 itaque

128 4695 320 4773 defim'enfes.

165 4792 213 4860 (3)
249 4785 351 4845 instit.
366 4784 493 4846 Dialecf.
511 4785 562 4845 lib.
577 4784 610 4858 a',
626 4807 654 4847 c.
669 4805 693 4861 5.
