3492 5525
533 433 589 479 roo
861 483 866 493 ,
990 413 1116 480 Lomcn

488 598 690 666 intellectum
701 595 1613 686 humanum,instarsapientismagistrae,tutamdoceat

489 705 576 771 viam
593 707 633 772 ad
647 707 799 774 scientias
810 707 1062 792 comparandas.

555 801 629 881 ideo
641 815 740 881 etiam
764 835 821 899 per
834 816 987 901 Logicam
1002 816 1119 882 dicitur
1133 816 1235 882 iiomo
1248 813 1393 889 edoceri,
1414 824 1452 881 ut
1476 813 1534 878 «in
1545 812 1613 894 ipso

487 925 559 988 actu
573 923 707 988 ratrbnis
719 923 863 988 ordinate
877 922 1053 1009 etfacilitcr
1062 927 1094 988 et
1104 922 1173 988 sinc
1184 941 1290 988 errore
1297 924 1469 1004 procedat»
1484 921 1609 986 Etenim

488 1042 598 1113 potest
626 1030 761 1114 quidem
785 1032 971 1097 intellectus
992 1031 1088 1097 insita
1114 1030 1176 1096 sibi
1200 1031 1232 1096 vi
1260 1028 1430 1102 veritatem
1452 1029 1610 1114 attingere

486 1129 704 1222 scientiasque
720 1139 905 1219 addiscere3
927 1127 1089 1205 ut‘autem
1103 1137 1136 1202 id
1156 1137 1315 1213 ordinate,
1326 1137 1469 1222 faciliter
1484 1155 1522 1201 ae
1542 1135 1611 1200 sine

485 1263 592 1311 errore
619 1246 781 1322 obtineat,
804 1246 930 1330 absque
959 1246 1085 1331 Logicae
1114 1245 1263 1329 praesidio
1289 1243 1358 1310 fieri
1383 1244 1508 1326 nequit.
1534 1245 1608 1310 Non

487 1352 563 1435 quia
579 1352 694 1438 Logica
707 1351 938 1420 infallibilitatis
950 1355 1075 1419 donum
1095 1353 1274 1420 intellectui
1293 1359 1425 1436 praestet
1438 1351 1471 1417 in
1493 1351 1610 1416 verita-

484 1460 527 1525 tis
541 1459 709 1545 indagine;
735 1462 793 1527 sed
813 1462 889 1544 quia
903 1461 1106 1546 quicumque
1129 1464 1212 1527 hanc
1235 1469 1339 1549 artem
1353 1457 1497 1535 callebit,
1518 1477 1609 1524 exer-

484 1568 654 1652 cebitque,
670 1577 834 1651 quantum
859 1569 981 1653 patitur
1002 1569 1036 1633 in
1050 1570 1110 1634 hac
1134 1567 1199 1634 vita
1224 1566 1426 1634 imbecillitas
1448 1557 1605 1643 humana,

486 1675 617 1742 habebit
632 1677 720 1743 unde
740 1677 843 1761 possit
862 1678 987 1743 facilius
1008 1695 1134 1742 errores
1150 1695 1282 1754 cavere,
1305 1675 1426 1758 quibus
1445 1685 1605 1751 mentem,

487 1783 613 1878 Logicae
631 1784 830 1868 adiumentis
843 1784 1039 1862 distitutam,
1056 1785 1177 1868 turpari
1198 1802 1329 1849 necesse
1343 1792 1406 1850 est.
1463 1791 1466 1795 ’

552 1891 634 1959 Huic
658 1892 765 1958 affinis
784 1903 834 1958 est
853 1891 1000 1959 definitio
1019 1893 1088 1968 illa,
1104 1911 1170 1975 qua
1190 1891 1306 1976 Logica
1324 1891 1440 1956 dicitur
1458 1909 1531 1956 esse
1552 1909 1608 1957 ars

485 2000 554 2065 sive
567 2000 711 2065 doctrina
723 1999 901 2065 disserendi
911 1997 924 2087 (
933 2019 942 2064 r
951 1997 976 2086 ).
991 1998 1101 2075 Quam
1115 1999 1341 2064 definitionem
1357 2007 1394 2063 ut
1408 2009 1495 2065 recte
1508 1999 1609 2064 inter-

485 2105 812 2191 preteris,notacum
824 2105 1290 2184 Conimbricensibus,vocem
1300 2105 1606 2190 dissererequando-

485 2232 552 2296 que
568 2213 654 2279 idem
676 2215 782 2280 valere
800 2231 836 2280 ac
854 2232 993 2280 sannone
1002 2214 1051 2279 uti
1066 2211 1135 2300 (2),
1155 2213 1232 2279 alias
1251 2213 1338 2278 idem
1359 2233 1394 2279 ac
1403 2209 1606 2295 probabiliter

484 2321 645 2421 disputage
666 2299 735 2409 (35,
761 2323 866 2418 tertio·
880 2321 967 2386 idem
996 2328 1095 2403 atque
1120 2320 1339 2404 argumentari
1363 2318 1438 2408 (4),
1462 2323 1605 2405 denique

485 2428 571 2495 idem
587 2448 623 2494 ac
638 2429 816 2515 «ignotum
832 2448 873 2494 ex
887 2429 925 2494 iis
939 2448 1015 2513 quae
1030 2437 1106 2494 nota
1118 2439 1196 2495 sunt
1207 2431 1403 2512 patefacere,
1420 2428 1489 2495 sive
1500 2430 1533 2495 id
1547 2429 1606 2495 siat

485 2536 785 2622 argumentatione,
808 2535 895 2602 utin
916 2535 1011 2603 tertio
1028 2535 1229 2621 significato,
1254 2535 1324 2602 sive
1344 2535 1535 2603 definitione
1548 2547 1606 2604 aut

485 2641 670 2710 divisiones>
685 2643 748 2731 (5).
764 2645 798 2710 ln
814 2643 909 2708 allata
923 2662 1002 2728 ergo
1016 2643 1142 2729 Logicae
1164 2642 1354 2710 delinitione
1371 2662 1437 2710 vox
1454 2641 1606 2711 disserere

484 2750 518 2818 in
533 2753 592 2819 hac
607 2764 773 2836 postrema
784 2751 1022 2838 significatione
1037 2752 1237 2818 desumitur:
1255 2771 1321 2819 non
1336 2753 1430 2835 quasi
1444 2754 1513 2819 sola
1530 2753 1605 2819 Dia-

485 2860 597 2929 lectica
620 2862 672 2927 vel
697 2861 813 2947 Logica
838 2861 1036 2928 «veritatem
1061 2861 1203 2943 inquirat
1225 2859 1432 2938 disserendo,
1458 2862 1491 2927 id
1513 2862 1601 2928 enim

484 2968 610 3035 caeteris
623 2968 799 3053 disciplinis
813 2987 993 3034 commune
1014 2976 1084 3043 est,
1100 2968 1159 3033 sed
1171 2968 1261 3051 quod
1276 2988 1314 3033 ea
1325 2978 1456 3038 tantum
1471 2970 1602 3046 doceat,

484 3093 553 3159 quo
574 3086 669 3161 pacto
689 3094 783 3141 mens
802 3086 913 3143 nostra
932 3083 1018 3141 recte
1037 3084 1069 3140 et
1087 3074 1159 3140 sine
1178 3094 1287 3143 errore
1309 3075 1463 3157 disserat,
1485 3078 1517 3145 id
1537 3088 1600 3155 est,

387 3178 391 3187 '
484 3183 650 3270 incognita
664 3202 705 3249 ex
718 3183 899 3249 notioribus
913 3181 1116 3268 investiget»
1129 3179 1194 3269 (6).

529 3310 562 3357 a.
610 3289 835 3367 Quamobrem
860 3298 946 3355 recte
961 3291 1142 3374 appellatur
1162 3291 1233 3355 haec
1255 3289 1422 3375 disciplina
1436 3291 1605 3379 Logica,a

483 3418 589 3485 graeca
615 3418 696 3465 voce
723 3394 827 3491 λόγος,
853 3417 913 3463 seu
942 3397 1107 3463 rationalis
1128 3397 1273 3464 scientia.
1304 3399 1384 3481 Qure
1410 3418 1473 3464 non
1502 3403 1605 3467 solum

483 3506 649 3574 ratr'onalis
667 3510 715 3572 est
728 3524 768 3605 ‘i‘
785 3506 840 3571 boc
852 3507 937 3590 quod
948 3508 995 3571 est
1005 3506 1175 3570 secundum
1187 3506 1358 3582 rationem,
1373 3510 1457 3590 quod
1472 3512 1520 3573 est
1537 3527 1603 3574 om-

483 3615 575 3681 nibus
586 3615 707 3681 artibus
724 3630 902 3695 commune;
918 3614 974 3678 sed
990 3612 1084 3678 etiam
1100 3630 1140 3677 ex
1159 3611 1214 3677 boc
1233 3614 1317 3697 quod
1336 3617 1384 3678 est
1402 3613 1488 3680 circa
1502 3616 1603 3699 ipsum

518 3817 558 3879 (ι)
593 3811 671 3869 Vide
685 3808 765 3881 apud
778 3808 907 3867 Fonseea
920 3809 1137 3867 institutionum
1149 3808 1381 3869 dialecticarum.
1395 3778 1447 3868 lib'.
1461 3831 1485 3881 r,
1495 3832 1559 3884 cap.
1575 3834 1601 3883 ις

482 3900 661 3961 Conimbrie.
678 3900 734 3971 Op.
750 3912 779 3957 et
792 3899 846 3955 loc.
861 3897 925 3969 cit„
938 3910 1042 3968 quaest.
1056 3916 1075 3970 4
1089 3895 1308 3969 prooemialart.
1324 3919 1349 3955 1.

517 3994 557 4057 (a)
594 3990 636 4048 ita
648 3988 726 4061 apud
742 3988 895 4046 Platonem
909 3999 938 4044 et
948 3986 1132 4045 Aristotelem
1148 3985 1252 4045 citatos
1266 4008 1284 4045 a
1298 3986 1599 4051 Conimbricensibus.

516 4084 557 4153 (3)
594 4078 636 4137 ltu
650 4079 728 4150 apud
744 4076 915 4135 Ciceronem
926 4075 976 4134 lib.
990 4098 1005 4149 3
1020 4078 1054 4133 de
1064 4076 1179 4134 Natura
1193 4079 1310 4135 deorum
1319 4077 1383 4149 fim,
1394 4092 1423 4137 et
1432 4098 1509 4152 saepe
1520 4082 1600 4153 apud

479 4169 678 4237 Aristotelem,
694 4168 731 4226 de
744 4187 803 4238 quo
814 4166 882 4224 vide
892 4164 1154 4225 Conimbricenses.

515 4264 555 4333 (4)
593 4258 635 4316 itu
649 4258 727 4330 apud
743 4256 927 4325 Ciceronem,
942 4259 978 4314 de
990 4257 1126 4314 Finibus.
1194 4320 1198 4328 ,

514 4354 555 4423 (5)
592 4346 770 4406 Conimbrie.
784 4346 838 4404 loe.
853 4346 904 4405 cit.
920 4345 982 4403 Hae
995 4345 1146 4417 ereptione
1156 4347 1237 4406 vocis
1252 4368 1324 4406 usus
1339 4360 1385 4407 est
1396 4347 1509 4408 Cicero.
1520 4349 1570 4409 lib.
1589 4352 1599 4409 Ι

478 4440 683 4498 Academicar.
711 4439 872 4510 quaestion„
905 4455 971 4495 cum
999 4436 1038 4494 ita
1058 4434 1185 4508 scripsit:
1213 4436 1316 4496 «Nihil
1336 4436 1499 4507 definiunt,
1523 4440 1600 4499 nihil

479 4530 661 4603 partiuntur,
678 4524 751 4584 nihil
765 4540 833 4597 apta
853 4525 1080 4599 interrogatione
1091 4527 1286 4596 concludunt,
1296 4528 1408 4586 nullam
1417 4529 1554 4602 denique,
1566 4544 1600 4590 ut

477 4622 539 4678 haec
548 4618 646 4677 omnia
655 4616 821 4675 disserendi
827 4617 915 4675 verbo
925 4615 1110 4687 complectar,
1118 4628 1211 4675 artem
1221 4637 1284 4676 esse
1292 4618 1454 4677 disserendi
1462 4632 1598 4691 putant.»

512 4710 553 4775 (6)
591 4705 743 4766 Conimbr.
761 4706 815 4765 loe.
831 4704 880 4763 cit.
