<?xml version="1.0" encoding="UTF-8"?>
<!DOCTYPE html PUBLIC "-//W3C//DTD XHTML 1.0 Transitional//EN"
    "http://www.w3.org/TR/xhtml1/DTD/xhtml1-transitional.dtd">
<html xmlns="http://www.w3.org/1999/xhtml" xml:lang="en" lang="en">
 <head>
  <title>
</title>
<meta http-equiv="Content-Type" content="text/html;charset=utf-8" />
  <meta name='ocr-system' content='tesseract 3.04.00' />
  <meta name='ocr-capabilities' content='ocr_page ocr_carea ocr_par ocr_line ocrx_word'/>
</head>
<body>
  <div class='ocr_page' id='page_1' title='image "./institutionesph00urrgoog/institutionesph00urrgoog_0733.png"; bbox 0 0 3492 5525; ppageno 0'>
   <div class='ocr_carea' id='block_1_1' title="bbox 258 420 1220 550">
    <p class='ocr_par' dir='ltr' id='par_1_1' title="bbox 258 420 1220 550">
     <span class='ocr_line' id='line_1_1' title="bbox 258 420 1220 550; baseline 0.001 -22"><span class='ocrx_word' id='word_1_1' title='bbox 258 467 376 531; x_wconf 80' lang='lat' dir='ltr'>Anne.</span> <span class='ocrx_word' id='word_1_2' title='bbox 391 480 454 549; x_wconf 76' lang='lat'>4²¹·</span> <span class='ocrx_word' id='word_1_3' title='bbox 467 464 517 529; x_wconf 83' lang='lat' dir='ltr'>Du</span> <span class='ocrx_word' id='word_1_4' title='bbox 536 482 642 529; x_wconf 81' lang='lat' dir='ltr'>cnusn</span> <span class='ocrx_word' id='word_1_5' title='bbox 664 480 861 529; x_wconf 74' lang='lat' dir='ltr'>entrcreure</span> <span class='ocrx_word' id='word_1_6' title='bbox 877 420 1137 531; x_wconf 71' lang='lat' dir='ltr'>Uurvensnuruir</span> <span class='ocrx_word' id='word_1_7' title='bbox 1162 486 1220 550; x_wconf 85' lang='lat'>7¹3</span> 
     </span>
    </p>
   </div>
   <div class='ocr_carea' id='block_1_2' title="bbox 95 650 1451 3530">
    <p class='ocr_par' dir='ltr' id='par_1_2' title="bbox 135 650 1260 951">
     <span class='ocr_line' id='line_1_2' title="bbox 135 650 1260 736; baseline 0.001 -21"><span class='ocrx_word' id='word_1_8' title='bbox 135 650 283 716; x_wconf 79' lang='lat' dir='ltr'><strong>bifariam</strong></span> <span class='ocrx_word' id='word_1_9' title='bbox 298 650 367 716; x_wconf 84' lang='lat' dir='ltr'>steri</span> <span class='ocrx_word' id='word_1_10' title='bbox 389 658 509 735; x_wconf 89' lang='lat' dir='ltr'>potest:</span> <span class='ocrx_word' id='word_1_11' title='bbox 527 651 578 717; x_wconf 88' lang='lat' dir='ltr'>vel</span> <span class='ocrx_word' id='word_1_12' title='bbox 594 669 650 734; x_wconf 90' lang='lat' dir='ltr'>per</span> <span class='ocrx_word' id='word_1_13' title='bbox 672 668 796 717; x_wconf 90' lang='lat' dir='ltr'>meram</span> <span class='ocrx_word' id='word_1_14' title='bbox 816 651 1120 736; x_wconf 81' lang='lat' dir='ltr'>apprehensionem,</span> <span class='ocrx_word' id='word_1_15' title='bbox 1142 659 1174 716; x_wconf 90' lang='lat' dir='ltr'>et</span> <span class='ocrx_word' id='word_1_16' title='bbox 1202 670 1260 716; x_wconf 85' lang='lat' dir='ltr'>vo-</span> 
     </span>
     <span class='ocr_line' id='line_1_3' title="bbox 135 746 1259 843; baseline -0.001 -19"><span class='ocrx_word' id='word_1_17' title='bbox 135 766 229 824; x_wconf 88' lang='lat' dir='ltr'>catur</span> <span class='ocrx_word' id='word_1_18' title='bbox 254 758 394 841; x_wconf 80' lang='lat' dir='ltr'>simplex</span> <span class='ocrx_word' id='word_1_19' title='bbox 412 746 634 843; x_wconf 83' lang='lat' dir='ltr'>comparatio,¹</span> <span class='ocrx_word' id='word_1_20' title='bbox 651 758 702 823; x_wconf 88' lang='lat' dir='ltr'>vel</span> <span class='ocrx_word' id='word_1_21' title='bbox 722 767 907 841; x_wconf 88' lang='lat' dir='ltr'>peractum</span> <span class='ocrx_word' id='word_1_22' title='bbox 923 756 1033 842; x_wconf 89' lang='lat' dir='ltr'>judicii</span> <span class='ocrx_word' id='word_1_23' title='bbox 1052 758 1259 826; x_wconf 91' lang='lat' dir='ltr'>attribuendo</span> 
     </span>
     <span class='ocr_line' id='line_1_4' title="bbox 137 864 1113 951; baseline 0 -20"><span class='ocrx_word' id='word_1_24' title='bbox 137 875 287 931; x_wconf 88' lang='lat' dir='ltr'>naturam</span> <span class='ocrx_word' id='word_1_25' title='bbox 302 864 489 942; x_wconf 88' lang='lat' dir='ltr'>individuis,</span> <span class='ocrx_word' id='word_1_26' title='bbox 507 876 539 931; x_wconf 92' lang='lat' dir='ltr'>et</span> <span class='ocrx_word' id='word_1_27' title='bbox 554 873 687 932; x_wconf 85' lang='lat' dir='ltr'>vocatur</span> <span class='ocrx_word' id='word_1_28' title='bbox 701 866 901 951; x_wconf 89' lang='lat' dir='ltr'>comparatio</span> <span class='ocrx_word' id='word_1_29' title='bbox 918 864 1113 949; x_wconf 88' lang='lat' dir='ltr'>composita.</span> 
     </span>
    </p>

    <p class='ocr_par' dir='ltr' id='par_1_3' title="bbox 133 970 1438 1809">
     <span class='ocr_line' id='line_1_5' title="bbox 205 970 1259 1056; baseline 0.001 -18"><span class='ocrx_word' id='word_1_30' title='bbox 205 972 512 1056; x_wconf 80' lang='lat' dir='ltr'>Hisce-prenotatis,</span> <span class='ocrx_word' id='word_1_31' title='bbox 533 970 670 1055; x_wconf 87' lang='lat' dir='ltr'>quaestio</span> <span class='ocrx_word' id='word_1_32' title='bbox 697 972 863 1056; x_wconf 90' lang='lat' dir='ltr'>proposita</span> <span class='ocrx_word' id='word_1_33' title='bbox 882 973 951 1037; x_wconf 73' lang='lat' dir='ltr'>baec</span> <span class='ocrx_word' id='word_1_34' title='bbox 970 981 1032 1049; x_wconf 90' lang='lat' dir='ltr'>est,</span> <span class='ocrx_word' id='word_1_35' title='bbox 1053 981 1165 1039; x_wconf 92' lang='lat' dir='ltr'>utrum</span> <span class='ocrx_word' id='word_1_36' title='bbox 1185 973 1259 1039; x_wconf 91' lang='lat' dir='ltr'>uni·</span> 
     </span>
     <span class='ocr_line' id='line_1_6' title="bbox 136 1078 1435 1165; baseline 0.002 -21"><span class='ocrx_word' id='word_1_37' title='bbox 136 1082 261 1148; x_wconf 87' lang='lat' dir='ltr'>versale</span> <span class='ocrx_word' id='word_1_38' title='bbox 280 1078 435 1146; x_wconf 83' lang='lat' dir='ltr'>efficiatur</span> <span class='ocrx_word' id='word_1_39' title='bbox 459 1098 516 1164; x_wconf 91' lang='lat' dir='ltr'>per</span> <span class='ocrx_word' id='word_1_40' title='bbox 535 1079 797 1154; x_wconf 80' lang='lat' dir='ltr'>abstractionem,</span> <span class='ocrx_word' id='word_1_41' title='bbox 823 1079 893 1146; x_wconf 87' lang='lat' dir='ltr'>sive</span> <span class='ocrx_word' id='word_1_42' title='bbox 920 1079 1104 1147; x_wconf 90' lang='lat' dir='ltr'>intellectus</span> <span class='ocrx_word' id='word_1_43' title='bbox 1133 1078 1259 1165; x_wconf 90' lang='lat' dir='ltr'>agentis</span> <span class='ocrx_word' id='word_1_44' title='bbox 1340 1126 1399 1157; x_wconf 62' lang='grc' dir='ltr'>,η</span> <span class='ocrx_word' id='word_1_45' title='bbox 1425 1127 1435 1156; x_wconf 84' lang='lat'>,</span> 
     </span>
     <span class='ocr_line' id='line_1_7' title="bbox 136 1186 1438 1273; baseline 0 -20"><span class='ocrx_word' id='word_1_46' title='bbox 136 1188 345 1272; x_wconf 87' lang='lat' dir='ltr'>producentis</span> <span class='ocrx_word' id='word_1_47' title='bbox 367 1188 515 1272; x_wconf 84' lang='lat' dir='ltr'>&#39;speciem</span> <span class='ocrx_word' id='word_1_48' title='bbox 540 1186 786 1273; x_wconf 82' lang='lat' dir='ltr'>intelligibilem,</span> <span class='ocrx_word' id='word_1_49' title='bbox 807 1187 876 1253; x_wconf 91' lang='lat' dir='ltr'>sive</span> <span class='ocrx_word' id='word_1_50' title='bbox 895 1187 1078 1253; x_wconf 89' lang='lat' dir='ltr'>intellectus</span> <span class='ocrx_word' id='word_1_51' title='bbox 1097 1186 1258 1272; x_wconf 90' lang='lat' dir='ltr'>possibilis</span> <span class='ocrx_word' id='word_1_52' title='bbox 1291 1196 1438 1229; x_wconf 52' lang='lat' dir='ltr'>”tumet</span> 
     </span>
     <span class='ocr_line' id='line_1_8' title="bbox 135 1294 1260 1379; baseline 0 -18"><span class='ocrx_word' id='word_1_53' title='bbox 135 1314 206 1361; x_wconf 89' lang='lat' dir='ltr'>rem</span> <span class='ocrx_word' id='word_1_54' title='bbox 237 1294 308 1362; x_wconf 90' lang='lat' dir='ltr'>sine</span> <span class='ocrx_word' id='word_1_55' title='bbox 336 1295 420 1363; x_wconf 89' lang='lat' dir='ltr'>notis</span> <span class='ocrx_word' id='word_1_56' title='bbox 447 1294 699 1361; x_wconf 87' lang='lat' dir='ltr'>individualibus</span> <span class='ocrx_word' id='word_1_57' title='bbox 725 1294 998 1379; x_wconf 78' lang='lat' dir='ltr'>repraesentantis,</span> <span class='ocrx_word' id='word_1_58' title='bbox 1031 1314 1071 1361; x_wconf 95' lang='lat' dir='ltr'>an</span> <span class='ocrx_word' id='word_1_59' title='bbox 1093 1314 1178 1369; x_wconf 76' lang='lat' dir='ltr'>,vero</span> <span class='ocrx_word' id='word_1_60' title='bbox 1201 1314 1260 1379; x_wconf 90' lang='lat' dir='ltr'>per</span> 
     </span>
     <span class='ocr_line' id='line_1_9' title="bbox 133 1400 1260 1486; baseline -0.001 -17"><span class='ocrx_word' id='word_1_61' title='bbox 133 1403 414 1486; x_wconf 81' lang='lat' dir='ltr'>comparationem</span> <span class='ocrx_word' id='word_1_62' title='bbox 436 1418 516 1469; x_wconf 85' lang='lat' dir='ltr'>mox</span> <span class='ocrx_word' id='word_1_63' title='bbox 533 1402 803 1485; x_wconf 84' lang='lat' dir='ltr'>subsequentem,</span> <span class='ocrx_word' id='word_1_64' title='bbox 825 1422 891 1486; x_wconf 88' lang='lat' dir='ltr'>qua</span> <span class='ocrx_word' id='word_1_65' title='bbox 910 1409 1023 1468; x_wconf 88' lang='lat' dir='ltr'>natura</span> <span class='ocrx_word' id='word_1_66' title='bbox 1037 1402 1083 1468; x_wconf 89' lang='lat' dir='ltr'>sic</span> <span class='ocrx_word' id='word_1_67' title='bbox 1098 1400 1260 1470; x_wconf 89' lang='lat' dir='ltr'>intellecta</span> 
     </span>
     <span class='ocr_line' id='line_1_10' title="bbox 135 1508 1260 1595; baseline 0.003 -19"><span class='ocrx_word' id='word_1_68' title='bbox 135 1509 313 1577; x_wconf 85' lang='lat' dir='ltr'>individuis</span> <span class='ocrx_word' id='word_1_69' title='bbox 330 1511 513 1587; x_wconf 83' lang='lat' dir='ltr'>confertur,</span> <span class='ocrx_word' id='word_1_70' title='bbox 534 1518 566 1575; x_wconf 91' lang='lat' dir='ltr'>et</span> <span class='ocrx_word' id='word_1_71' title='bbox 581 1510 613 1576; x_wconf 92' lang='lat' dir='ltr'>in</span> <span class='ocrx_word' id='word_1_72' title='bbox 633 1508 695 1575; x_wconf 93' lang='lat' dir='ltr'>illis</span> <span class='ocrx_word' id='word_1_73' title='bbox 714 1510 821 1576; x_wconf 89' lang='lat' dir='ltr'>inesse</span> <span class='ocrx_word' id='word_1_74' title='bbox 840 1510 1104 1595; x_wconf 81' lang='lat' dir='ltr'>deprehenditur.</span> <span class='ocrx_word' id='word_1_75' title='bbox 1125 1510 1162 1578; x_wconf 88' lang='lat' dir='ltr'>Et</span> <span class='ocrx_word' id='word_1_76' title='bbox 1181 1523 1260 1579; x_wconf 90' lang='lat' dir='ltr'>sunt</span> 
     </span>
     <span class='ocr_line' id='line_1_11' title="bbox 135 1615 1260 1705; baseline 0.001 -22"><span class='ocrx_word' id='word_1_77' title='bbox 135 1620 246 1703; x_wconf 89' lang='lat' dir='ltr'>plures</span> <span class='ocrx_word' id='word_1_78' title='bbox 264 1618 447 1702; x_wconf 82' lang='lat' dir='ltr'>opiniones,</span> <span class='ocrx_word' id='word_1_79' title='bbox 469 1627 504 1683; x_wconf 93' lang='lat' dir='ltr'>ut</span> <span class='ocrx_word' id='word_1_80' title='bbox 524 1618 634 1683; x_wconf 88' lang='lat' dir='ltr'>videre</span> <span class='ocrx_word' id='word_1_81' title='bbox 658 1625 709 1682; x_wconf 93' lang='lat' dir='ltr'>est</span> <span class='ocrx_word' id='word_1_82' title='bbox 727 1617 814 1701; x_wconf 86' lang='lat' dir='ltr'>apud</span> <span class='ocrx_word' id='word_1_83' title='bbox 832 1617 995 1683; x_wconf 86' lang='lat' dir='ltr'>Eximium</span> <span class='ocrx_word' id='word_1_84' title='bbox 1016 1617 1189 1684; x_wconf 87' lang='lat' dir='ltr'>Doctorem</span> <span class='ocrx_word' id='word_1_85' title='bbox 1209 1615 1222 1705; x_wconf 94' lang='lat'>(</span> <span class='ocrx_word' id='word_1_86' title='bbox 1229 1616 1260 1703; x_wconf 90' lang='lat' dir='ltr'>r)</span> 
     </span>
     <span class='ocr_line' id='line_1_12' title="bbox 137 1723 1260 1809; baseline 0.002 -20"><span class='ocrx_word' id='word_1_87' title='bbox 137 1725 286 1809; x_wconf 87' lang='lat' dir='ltr'>aliosque</span> <span class='ocrx_word' id='word_1_88' title='bbox 312 1733 473 1791; x_wconf 85' lang='lat' dir='ltr'>auctores.</span> <span class='ocrx_word' id='word_1_89' title='bbox 494 1723 555 1791; x_wconf 80' lang='lat' dir='ltr'>Alii</span> <span class='ocrx_word' id='word_1_90' title='bbox 576 1726 663 1790; x_wconf 89' lang='lat' dir='ltr'>enim</span> <span class='ocrx_word' id='word_1_91' title='bbox 692 1725 860 1807; x_wconf 87' lang='lat' dir='ltr'>requirunt</span> <span class='ocrx_word' id='word_1_92' title='bbox 886 1725 1175 1809; x_wconf 87' lang='lat' dir='ltr'>comparationem,</span> <span class='ocrx_word' id='word_1_93' title='bbox 1207 1726 1260 1791; x_wconf 93' lang='lat' dir='ltr'>alii</span> 
     </span>
    </p>

    <p class='ocr_par' dir='ltr' id='par_1_4' title="bbox 95 1831 1261 1916">
     <span class='ocr_line' id='line_1_13' title="bbox 95 1831 1261 1916; baseline 0 -19"><span class='ocrx_word' id='word_1_94' title='bbox 95 1838 99 1844; x_wconf 88' lang='lat'>&#39;</span> <span class='ocrx_word' id='word_1_95' title='bbox 135 1834 387 1900; x_wconf 89' lang='lat' dir='ltr'>abstractionem</span> <span class='ocrx_word' id='word_1_96' title='bbox 408 1832 556 1899; x_wconf 85' lang='lat' dir='ltr'>sufficere</span> <span class='ocrx_word' id='word_1_97' title='bbox 571 1832 777 1908; x_wconf 88' lang='lat' dir='ltr'>arbitrantur,</span> <span class='ocrx_word' id='word_1_98' title='bbox 794 1840 830 1898; x_wconf 91' lang='lat' dir='ltr'>ut</span> <span class='ocrx_word' id='word_1_99' title='bbox 846 1833 942 1916; x_wconf 87' lang='lat' dir='ltr'>plene</span> <span class='ocrx_word' id='word_1_100' title='bbox 960 1833 1175 1899; x_wconf 90' lang='lat' dir='ltr'>constituatur</span> <span class='ocrx_word' id='word_1_101' title='bbox 1189 1831 1261 1899; x_wconf 93' lang='lat' dir='ltr'>uni-</span> 
     </span>
    </p>

    <p class='ocr_par' dir='ltr' id='par_1_5' title="bbox 134 1939 1375 2544">
     <span class='ocr_line' id='line_1_14' title="bbox 134 1939 1260 2025; baseline -0.001 -20"><span class='ocrx_word' id='word_1_102' title='bbox 134 1942 272 2023; x_wconf 88' lang='lat' dir='ltr'>versale;</span> <span class='ocrx_word' id='word_1_103' title='bbox 301 1940 352 2006; x_wconf 88' lang='lat' dir='ltr'>alii</span> <span class='ocrx_word' id='word_1_104' title='bbox 380 1942 515 2005; x_wconf 91' lang='lat' dir='ltr'>demum</span> <span class='ocrx_word' id='word_1_105' title='bbox 544 1940 583 2005; x_wconf 88' lang='lat' dir='ltr'>ad</span> <span class='ocrx_word' id='word_1_106' title='bbox 612 1939 791 2005; x_wconf 86' lang='lat' dir='ltr'>universale</span> <span class='ocrx_word' id='word_1_107' title='bbox 819 1940 963 2025; x_wconf 88' lang='lat' dir='ltr'>logicum</span> <span class='ocrx_word' id='word_1_108' title='bbox 997 1949 1030 2006; x_wconf 87' lang='lat' dir='ltr'>et</span> <span class='ocrx_word' id='word_1_109' title='bbox 1058 1939 1260 2025; x_wconf 83' lang='lat' dir='ltr'>praedicabile</span> 
     </span>
     <span class='ocr_line' id='line_1_15' title="bbox 136 2047 1262 2131; baseline -0.002 -16"><span class='ocrx_word' id='word_1_110' title='bbox 136 2048 325 2115; x_wconf 88' lang='lat' dir='ltr'>babendum</span> <span class='ocrx_word' id='word_1_111' title='bbox 355 2048 522 2131; x_wconf 91' lang='lat' dir='ltr'>requirunt</span> <span class='ocrx_word' id='word_1_112' title='bbox 550 2048 841 2131; x_wconf 86' lang='lat' dir='ltr'>comparationem,</span> <span class='ocrx_word' id='word_1_113' title='bbox 868 2047 1003 2113; x_wconf 90' lang='lat' dir='ltr'>minime</span> <span class='ocrx_word' id='word_1_114' title='bbox 1031 2066 1109 2114; x_wconf 89' lang='lat' dir='ltr'>vero</span> <span class='ocrx_word' id='word_1_115' title='bbox 1131 2048 1172 2113; x_wconf 92' lang='lat' dir='ltr'>ad</span> <span class='ocrx_word' id='word_1_116' title='bbox 1191 2068 1262 2113; x_wconf 91' lang='lat' dir='ltr'>me-</span> 
     </span>
     <span class='ocr_line' id='line_1_16' title="bbox 134 2142 1260 2242; baseline -0.001 -22"><span class='ocrx_word' id='word_1_117' title='bbox 134 2154 342 2242; x_wconf 88' lang='lat' dir='ltr'>taphysicum</span> <span class='ocrx_word' id='word_1_118' title='bbox 363 2164 394 2221; x_wconf 89' lang='lat' dir='ltr'>et</span> <span class='ocrx_word' id='word_1_119' title='bbox 414 2155 446 2221; x_wconf 91' lang='lat' dir='ltr'>in</span> <span class='ocrx_word' id='word_1_120' title='bbox 466 2155 618 2222; x_wconf 87' lang='lat' dir='ltr'>essendo.</span> <span class='ocrx_word' id='word_1_121' title='bbox 640 2142 683 2220; x_wconf 77' lang='lat' dir='ltr'>At</span> <span class='ocrx_word' id='word_1_122' title='bbox 702 2155 856 2238; x_wconf 91' lang='lat' dir='ltr'>quoniam</span> <span class='ocrx_word' id='word_1_123' title='bbox 877 2164 911 2221; x_wconf 90' lang='lat' dir='ltr'>et</span> <span class='ocrx_word' id='word_1_124' title='bbox 928 2155 1100 2221; x_wconf 87' lang='lat' dir='ltr'>abstractio</span> <span class='ocrx_word' id='word_1_125' title='bbox 1119 2161 1152 2220; x_wconf 90' lang='lat' dir='ltr'>et</span> <span class='ocrx_word' id='word_1_126' title='bbox 1169 2174 1260 2221; x_wconf 90' lang='lat' dir='ltr'>corn-</span> 
     </span>
     <span class='ocr_line' id='line_1_17' title="bbox 136 2262 1257 2350; baseline -0.001 -23"><span class='ocrx_word' id='word_1_127' title='bbox 136 2262 272 2347; x_wconf 90' lang='lat' dir='ltr'>paratio,</span> <span class='ocrx_word' id='word_1_128' title='bbox 293 2271 329 2328; x_wconf 92' lang='lat' dir='ltr'>ut</span> <span class='ocrx_word' id='word_1_129' title='bbox 344 2264 413 2349; x_wconf 85' lang='lat' dir='ltr'>jam</span> <span class='ocrx_word' id='word_1_130' title='bbox 433 2262 705 2346; x_wconf 85' lang='lat' dir='ltr'>praemonuimus,</span> <span class='ocrx_word' id='word_1_131' title='bbox 734 2262 871 2346; x_wconf 87' lang='lat' dir='ltr'>duplicis</span> <span class='ocrx_word' id='word_1_132' title='bbox 899 2262 1027 2348; x_wconf 90' lang='lat' dir='ltr'>generis</span> <span class='ocrx_word' id='word_1_133' title='bbox 1046 2280 1118 2350; x_wconf 90' lang='lat' dir='ltr'>esse</span> <span class='ocrx_word' id='word_1_134' title='bbox 1136 2269 1257 2347; x_wconf 88' lang='lat' dir='ltr'>potest,</span> 
     </span>
     <span class='ocr_line' id='line_1_18' title="bbox 136 2369 1375 2455; baseline 0 -20"><span class='ocrx_word' id='word_1_135' title='bbox 136 2388 247 2440; x_wconf 87' lang='lat' dir='ltr'>rursus</span> <span class='ocrx_word' id='word_1_136' title='bbox 279 2369 310 2435; x_wconf 92' lang='lat' dir='ltr'>in</span> <span class='ocrx_word' id='word_1_137' title='bbox 349 2369 452 2435; x_wconf 87' lang='lat' dir='ltr'>varias</span> <span class='ocrx_word' id='word_1_138' title='bbox 484 2370 562 2436; x_wconf 89' lang='lat' dir='ltr'>alias</span> <span class='ocrx_word' id='word_1_139' title='bbox 594 2370 773 2436; x_wconf 87' lang='lat' dir='ltr'>sententias</span> <span class='ocrx_word' id='word_1_140' title='bbox 803 2369 994 2437; x_wconf 87' lang='lat' dir='ltr'>scinduntur</span> <span class='ocrx_word' id='word_1_141' title='bbox 1031 2370 1174 2455; x_wconf 83' lang='lat' dir='ltr'>praedicti</span> <span class='ocrx_word' id='word_1_142' title='bbox 1202 2388 1260 2435; x_wconf 90' lang='lat' dir='ltr'>au·</span> <span class='ocrx_word' id='word_1_143' title='bbox 1367 2441 1375 2447; x_wconf 63' lang='grc'>,</span> 
     </span>
     <span class='ocr_line' id='line_1_19' title="bbox 134 2485 252 2544; baseline 0 -2"><span class='ocrx_word' id='word_1_144' title='bbox 134 2485 252 2544; x_wconf 89' lang='lat' dir='ltr'>ctores.</span> 
     </span>
    </p>

    <p class='ocr_par' dir='ltr' id='par_1_6' title="bbox 133 2583 1451 3315">
     <span class='ocr_line' id='line_1_20' title="bbox 203 2583 1451 2669; baseline 0.001 -18"><span class='ocrx_word' id='word_1_145' title='bbox 203 2583 307 2651; x_wconf 85' lang='lat' dir='ltr'>Prima</span> <span class='ocrx_word' id='word_1_146' title='bbox 325 2584 435 2667; x_wconf 88' lang='lat' dir='ltr'>itaque</span> <span class='ocrx_word' id='word_1_147' title='bbox 454 2583 564 2669; x_wconf 93' lang='lat' dir='ltr'>opinio</span> <span class='ocrx_word' id='word_1_148' title='bbox 582 2591 633 2649; x_wconf 91' lang='lat' dir='ltr'>est</span> <span class='ocrx_word' id='word_1_149' title='bbox 656 2585 805 2659; x_wconf 90' lang='lat' dir='ltr'>illorum,</span> <span class='ocrx_word' id='word_1_150' title='bbox 836 2584 891 2668; x_wconf 91' lang='lat' dir='ltr'>qui</span> <span class='ocrx_word' id='word_1_151' title='bbox 911 2593 1028 2669; x_wconf 92' lang='lat' dir='ltr'>putant</span> <span class='ocrx_word' id='word_1_152' title='bbox 1046 2587 1114 2651; x_wconf 91' lang='lat' dir='ltr'>sola</span> <span class='ocrx_word' id='word_1_153' title='bbox 1133 2586 1258 2652; x_wconf 91' lang='lat' dir='ltr'>intelle·</span> <span class='ocrx_word' id='word_1_154' title='bbox 1288 2608 1451 2665; x_wconf 67' lang='lat' dir='ltr'>nampulo:</span> 
     </span>
     <span class='ocr_line' id='line_1_21' title="bbox 134 2692 1257 2778; baseline 0.002 -21"><span class='ocrx_word' id='word_1_155' title='bbox 134 2700 206 2759; x_wconf 91' lang='lat' dir='ltr'>ctus</span> <span class='ocrx_word' id='word_1_156' title='bbox 225 2692 350 2778; x_wconf 88' lang='lat' dir='ltr'>agentis</span> <span class='ocrx_word' id='word_1_157' title='bbox 369 2692 582 2757; x_wconf 87' lang='lat' dir='ltr'>abstractione</span> <span class='ocrx_word' id='word_1_158' title='bbox 599 2693 665 2777; x_wconf 88' lang='lat' dir='ltr'>jam</span> <span class='ocrx_word' id='word_1_159' title='bbox 685 2692 903 2759; x_wconf 89' lang='lat' dir='ltr'>constitutum</span> <span class='ocrx_word' id='word_1_160' title='bbox 933 2711 1100 2759; x_wconf 88' lang='lat' dir='ltr'>remanere</span> <span class='ocrx_word' id='word_1_161' title='bbox 1125 2694 1257 2759; x_wconf 87' lang='lat' dir='ltr'>univer·</span> 
     </span>
     <span class='ocr_line' id='line_1_22' title="bbox 134 2798 1254 2888; baseline 0 -21"><span class='ocrx_word' id='word_1_162' title='bbox 134 2802 213 2868; x_wconf 86' lang='lat' dir='ltr'>sale.</span> <span class='ocrx_word' id='word_1_163' title='bbox 235 2801 317 2878; x_wconf 84' lang='lat' dir='ltr'>Quae</span> <span class='ocrx_word' id='word_1_164' title='bbox 335 2800 431 2866; x_wconf 91' lang='lat' dir='ltr'>tribui</span> <span class='ocrx_word' id='word_1_165' title='bbox 451 2801 534 2865; x_wconf 88' lang='lat' dir='ltr'>solet</span> <span class='ocrx_word' id='word_1_166' title='bbox 552 2799 722 2865; x_wconf 89' lang='lat' dir='ltr'>Dominico</span> <span class='ocrx_word' id='word_1_167' title='bbox 741 2799 819 2866; x_wconf 92' lang='lat' dir='ltr'>Soto</span> <span class='ocrx_word' id='word_1_168' title='bbox 838 2798 902 2887; x_wconf 87' lang='lat'>(2),</span> <span class='ocrx_word' id='word_1_169' title='bbox 922 2800 1036 2866; x_wconf 91' lang='lat' dir='ltr'>Zumel</span> <span class='ocrx_word' id='word_1_170' title='bbox 1051 2810 1084 2875; x_wconf 87' lang='lat' dir='ltr'>et</span> <span class='ocrx_word' id='word_1_171' title='bbox 1102 2801 1171 2868; x_wconf 89' lang='lat' dir='ltr'>aliis</span> <span class='ocrx_word' id='word_1_172' title='bbox 1190 2799 1254 2888; x_wconf 79' lang='lat'>(3),</span> 
     </span>
     <span class='ocr_line' id='line_1_23' title="bbox 133 2906 1254 2998; baseline 0.002 -24"><span class='ocrx_word' id='word_1_173' title='bbox 133 2909 190 2992; x_wconf 89' lang='lat' dir='ltr'>qui</span> <span class='ocrx_word' id='word_1_174' title='bbox 222 2927 287 2974; x_wconf 92' lang='lat' dir='ltr'>non</span> <span class='ocrx_word' id='word_1_175' title='bbox 316 2927 382 2974; x_wconf 91' lang='lat' dir='ltr'>uno</span> <span class='ocrx_word' id='word_1_176' title='bbox 412 2907 444 2972; x_wconf 92' lang='lat' dir='ltr'>in</span> <span class='ocrx_word' id='word_1_177' title='bbox 474 2908 544 2972; x_wconf 84' lang='lat' dir='ltr'>loco</span> <span class='ocrx_word' id='word_1_178' title='bbox 572 2908 678 2973; x_wconf 85' lang='lat' dir='ltr'>lavere</span> <span class='ocrx_word' id='word_1_179' title='bbox 697 2907 756 2974; x_wconf 91' lang='lat' dir='ltr'>sibi</span> <span class='ocrx_word' id='word_1_180' title='bbox 785 2916 902 2992; x_wconf 89' lang='lat' dir='ltr'>putant</span> <span class='ocrx_word' id='word_1_181' title='bbox 930 2906 966 2973; x_wconf 89' lang='lat' dir='ltr'>S.</span> <span class='ocrx_word' id='word_1_182' title='bbox 994 2908 1156 2974; x_wconf 84' lang='lat' dir='ltr'>Thomam</span> <span class='ocrx_word' id='word_1_183' title='bbox 1189 2907 1254 2998; x_wconf 79' lang='lat'>(4).</span> 
     </span>
     <span class='ocr_line' id='line_1_24' title="bbox 133 3015 1255 3099; baseline 0.003 -19"><span class='ocrx_word' id='word_1_184' title='bbox 133 3015 294 3093; x_wconf 78' lang='lat' dir='ltr'>Quamvis</span> <span class='ocrx_word' id='word_1_185' title='bbox 322 3015 423 3081; x_wconf 86' lang='lat' dir='ltr'>Sotus</span> <span class='ocrx_word' id='word_1_186' title='bbox 451 3033 562 3081; x_wconf 89' lang='lat' dir='ltr'>revera</span> <span class='ocrx_word' id='word_1_187' title='bbox 585 3029 652 3080; x_wconf 94' lang='lat' dir='ltr'>non</span> <span class='ocrx_word' id='word_1_188' title='bbox 677 3015 884 3081; x_wconf 81' lang='lat' dir='ltr'>abstractioni</span> <span class='ocrx_word' id='word_1_189' title='bbox 912 3015 1044 3099; x_wconf 80' lang='lat' dir='ltr'>praecise</span> <span class='ocrx_word' id='word_1_190' title='bbox 1073 3017 1255 3084; x_wconf 86' lang='lat' dir='ltr'>intellectus</span> 
     </span>
     <span class='ocr_line' id='line_1_25' title="bbox 133 3121 1253 3209; baseline 0.003 -21"><span class='ocrx_word' id='word_1_191' title='bbox 133 3123 278 3209; x_wconf 89' lang='lat' dir='ltr'>agentis,</span> <span class='ocrx_word' id='word_1_192' title='bbox 312 3124 371 3190; x_wconf 90' lang='lat' dir='ltr'>sed</span> <span class='ocrx_word' id='word_1_193' title='bbox 403 3121 584 3208; x_wconf 80' lang='lat' dir='ltr'>generatim</span> <span class='ocrx_word' id='word_1_194' title='bbox 618 3121 826 3189; x_wconf 89' lang='lat' dir='ltr'>abstractioni</span> <span class='ocrx_word' id='word_1_195' title='bbox 845 3122 967 3188; x_wconf 88' lang='lat' dir='ltr'>tribuat</span> <span class='ocrx_word' id='word_1_196' title='bbox 984 3123 1253 3192; x_wconf 87' lang='lat' dir='ltr'>constitutionem</span> 
     </span>
     <span class='ocr_line' id='line_1_26' title="bbox 134 3229 1252 3315; baseline 0.002 -19"><span class='ocrx_word' id='word_1_197' title='bbox 134 3231 337 3312; x_wconf 86' lang='lat' dir='ltr'>universalis;</span> <span class='ocrx_word' id='word_1_198' title='bbox 358 3249 457 3315; x_wconf 86' lang='lat' dir='ltr'>quare</span> <span class='ocrx_word' id='word_1_199' title='bbox 478 3230 584 3315; x_wconf 89' lang='lat' dir='ltr'>potius</span> <span class='ocrx_word' id='word_1_200' title='bbox 602 3238 688 3296; x_wconf 86' lang='lat' dir='ltr'>stare</span> <span class='ocrx_word' id='word_1_201' title='bbox 708 3229 836 3296; x_wconf 89' lang='lat' dir='ltr'>videtur</span> <span class='ocrx_word' id='word_1_202' title='bbox 850 3248 910 3313; x_wconf 89' lang='lat' dir='ltr'>pro</span> <span class='ocrx_word' id='word_1_203' title='bbox 928 3231 1071 3296; x_wconf 92' lang='lat' dir='ltr'>secunda</span> <span class='ocrx_word' id='word_1_204' title='bbox 1087 3229 1252 3315; x_wconf 87' lang='lat' dir='ltr'>opinione.</span> 
     </span>
    </p>

    <p class='ocr_par' dir='ltr' id='par_1_7' title="bbox 131 3337 1423 3530">
     <span class='ocr_line' id='line_1_27' title="bbox 200 3337 1423 3421; baseline 0.001 -17"><span class='ocrx_word' id='word_1_205' title='bbox 200 3337 351 3404; x_wconf 88' lang='lat' dir='ltr'>Secunda</span> <span class='ocrx_word' id='word_1_206' title='bbox 377 3338 537 3404; x_wconf 91' lang='lat' dir='ltr'>sententia</span> <span class='ocrx_word' id='word_1_207' title='bbox 565 3345 653 3404; x_wconf 89' lang='lat' dir='ltr'>tenet</span> <span class='ocrx_word' id='word_1_208' title='bbox 681 3338 862 3404; x_wconf 89' lang='lat' dir='ltr'>universale</span> <span class='ocrx_word' id='word_1_209' title='bbox 891 3339 986 3421; x_wconf 88' lang='lat' dir='ltr'>plene</span> <span class='ocrx_word' id='word_1_210' title='bbox 1014 3357 1051 3404; x_wconf 89' lang='lat' dir='ltr'>ac</span> <span class='ocrx_word' id='word_1_211' title='bbox 1078 3339 1256 3405; x_wconf 82' lang='lat' dir='ltr'>formaliter</span> <span class='ocrx_word' id='word_1_212' title='bbox 1319 3358 1423 3405; x_wconf 67' lang='lat' dir='ltr'>manua:</span> 
     </span>
     <span class='ocr_line' id='line_1_28' title="bbox 131 3443 1256 3530; baseline 0 -18"><span class='ocrx_word' id='word_1_213' title='bbox 131 3447 216 3514; x_wconf 84' lang='lat' dir='ltr'>effici</span> <span class='ocrx_word' id='word_1_214' title='bbox 249 3465 307 3530; x_wconf 89' lang='lat' dir='ltr'>per</span> <span class='ocrx_word' id='word_1_215' title='bbox 337 3445 585 3512; x_wconf 85' lang='lat' dir='ltr'>abstractionem</span> <span class='ocrx_word' id='word_1_216' title='bbox 617 3445 800 3511; x_wconf 87' lang='lat' dir='ltr'>intellectus</span> <span class='ocrx_word' id='word_1_217' title='bbox 831 3443 1013 3529; x_wconf 91' lang='lat' dir='ltr'>possibilis,</span> <span class='ocrx_word' id='word_1_218' title='bbox 1045 3464 1166 3530; x_wconf 90' lang='lat' dir='ltr'>nempe</span> <span class='ocrx_word' id='word_1_219' title='bbox 1198 3465 1256 3530; x_wconf 87' lang='lat' dir='ltr'>pet</span> 
     </span>
    </p>
   </div>
   <div class='ocr_carea' id='block_1_3' title="bbox 118 3550 1256 3747">
    <p class='ocr_par' dir='ltr' id='par_1_8' title="bbox 118 3550 1256 3747">
     <span class='ocr_line' id='line_1_29' title="bbox 130 3550 1256 3641; baseline -0.001 -22"><span class='ocrx_word' id='word_1_220' title='bbox 130 3553 355 3639; x_wconf 86' lang='lat' dir='ltr'>cognitionem</span> <span class='ocrx_word' id='word_1_221' title='bbox 389 3552 601 3636; x_wconf 84' lang='lat' dir='ltr'>praecisivam.</span> <span class='ocrx_word' id='word_1_222' title='bbox 636 3553 682 3618; x_wconf 91' lang='lat' dir='ltr'>lta</span> <span class='ocrx_word' id='word_1_223' title='bbox 708 3551 826 3618; x_wconf 90' lang='lat' dir='ltr'>docent</span> <span class='ocrx_word' id='word_1_224' title='bbox 859 3551 1032 3618; x_wconf 88' lang='lat' dir='ltr'>Durandus</span> <span class='ocrx_word' id='word_1_225' title='bbox 1059 3550 1127 3641; x_wconf 80' lang='grc'>(5),</span> <span class='ocrx_word' id='word_1_226' title='bbox 1161 3553 1256 3620; x_wconf 89' lang='lat' dir='ltr'>Tole-</span> 
     </span>
     <span class='ocr_line' id='line_1_30' title="bbox 118 3655 1256 3747; baseline -0.001 -21"><span class='ocrx_word' id='word_1_227' title='bbox 118 3671 187 3728; x_wconf 91' lang='lat' dir='ltr'>·tus</span> <span class='ocrx_word' id='word_1_228' title='bbox 206 3655 274 3747; x_wconf 84' lang='lat'>(6),</span> <span class='ocrx_word' id='word_1_229' title='bbox 291 3659 462 3726; x_wconf 87' lang='lat' dir='ltr'>llurtadus</span> <span class='ocrx_word' id='word_1_230' title='bbox 479 3655 547 3746; x_wconf 84' lang='lat'>(7),</span> <span class='ocrx_word' id='word_1_231' title='bbox 568 3657 700 3726; x_wconf 85' lang='lat' dir='ltr'>Rhodes</span> <span class='ocrx_word' id='word_1_232' title='bbox 714 3655 782 3747; x_wconf 87' lang='lat'>(8),</span> <span class='ocrx_word' id='word_1_233' title='bbox 799 3658 963 3745; x_wconf 86' lang='lat' dir='ltr'>Sylvester</span> <span class='ocrx_word' id='word_1_234' title='bbox 981 3659 1083 3725; x_wconf 88' lang='lat' dir='ltr'>Mauri</span> <span class='ocrx_word' id='word_1_235' title='bbox 1097 3657 1166 3747; x_wconf 90' lang='lat'>(9),</span> <span class='ocrx_word' id='word_1_236' title='bbox 1188 3661 1256 3726; x_wconf 80' lang='lat' dir='ltr'>An-</span> 
     </span>
    </p>
   </div>
   <div class='ocr_carea' id='block_1_4' title="bbox 130 3943 1251 4832">
    <p class='ocr_par' dir='ltr' id='par_1_9' title="bbox 167 3943 646 4018">
     <span class='ocr_line' id='line_1_31' title="bbox 167 3943 646 4018; baseline -0.004 -16"><span class='ocrx_word' id='word_1_237' title='bbox 167 3949 207 4012; x_wconf 92' lang='lat' dir='ltr'>(r)</span> <span class='ocrx_word' id='word_1_238' title='bbox 246 3945 330 4015; x_wconf 85' lang='lat' dir='ltr'>Disp.</span> <span class='ocrx_word' id='word_1_239' title='bbox 347 3944 478 4018; x_wconf 72' lang='lat' dir='ltr'>Melopb.</span> <span class='ocrx_word' id='word_1_240' title='bbox 492 3945 521 4013; x_wconf 86' lang='grc'>6,</span> <span class='ocrx_word' id='word_1_241' title='bbox 536 3955 604 4001; x_wconf 81' lang='lat' dir='ltr'>sect.</span> <span class='ocrx_word' id='word_1_242' title='bbox 618 3943 646 4000; x_wconf 86' lang='lat'>6.</span> 
     </span>
    </p>

    <p class='ocr_par' dir='ltr' id='par_1_10' title="bbox 166 4032 1022 4108">
     <span class='ocr_line' id='line_1_32' title="bbox 166 4032 1022 4108; baseline 0 -16"><span class='ocrx_word' id='word_1_243' title='bbox 166 4039 208 4104; x_wconf 82' lang='lat' dir='ltr'>ta)</span> <span class='ocrx_word' id='word_1_244' title='bbox 245 4033 280 4091; x_wconf 83' lang='lat' dir='ltr'>In</span> <span class='ocrx_word' id='word_1_245' title='bbox 293 4033 458 4107; x_wconf 75' lang='lat' dir='ltr'>Porphyrii</span> <span class='ocrx_word' id='word_1_246' title='bbox 466 4032 627 4108; x_wconf 82' lang='lat' dir='ltr'>Isagogerr,</span> <span class='ocrx_word' id='word_1_247' title='bbox 643 4035 677 4091; x_wconf 80' lang='lat' dir='ltr'>de</span> <span class='ocrx_word' id='word_1_248' title='bbox 695 4033 903 4102; x_wconf 59' lang='lat' dir='ltr'>verbosatio,</span> <span class='ocrx_word' id='word_1_249' title='bbox 918 4047 1022 4105; x_wconf 72' lang='lat' dir='ltr'>queat.</span> 
     </span>
    </p>

    <p class='ocr_par' dir='ltr' id='par_1_11' title="bbox 130 4121 1251 4282">
     <span class='ocr_line' id='line_1_33' title="bbox 167 4121 1251 4199; baseline 0.003 -18"><span class='ocrx_word' id='word_1_250' title='bbox 167 4130 207 4196; x_wconf 83' lang='lat'>(3)</span> <span class='ocrx_word' id='word_1_251' title='bbox 244 4121 453 4195; x_wconf 75' lang='lat' dir='ltr'>npudSuan,</span> <span class='ocrx_word' id='word_1_252' title='bbox 479 4121 532 4179; x_wconf 90' lang='lat' dir='ltr'>loc.</span> <span class='ocrx_word' id='word_1_253' title='bbox 557 4121 616 4190; x_wconf 81' lang='lat' dir='ltr'>eit..</span> <span class='ocrx_word' id='word_1_254' title='bbox 641 4122 820 4182; x_wconf 88' lang='lat' dir='ltr'>Bartholom.</span> <span class='ocrx_word' id='word_1_255' title='bbox 845 4123 949 4191; x_wconf 81' lang='lat' dir='ltr'>Amici,</span> <span class='ocrx_word' id='word_1_256' title='bbox 977 4125 1090 4198; x_wconf 68' lang='lat' dir='ltr'>Logt&#39;c„</span> <span class='ocrx_word' id='word_1_257' title='bbox 1116 4138 1199 4185; x_wconf 87' lang='lat' dir='ltr'>tract.</span> <span class='ocrx_word' id='word_1_258' title='bbox 1225 4143 1251 4199; x_wconf 83' lang='lat'>4,</span> 
     </span>
     <span class='ocr_line' id='line_1_34' title="bbox 130 4215 364 4282; baseline -0.017 -9"><span class='ocrx_word' id='word_1_259' title='bbox 130 4215 201 4274; x_wconf 89' lang='lat' dir='ltr'>dub.</span> <span class='ocrx_word' id='word_1_260' title='bbox 216 4215 245 4282; x_wconf 84' lang='lat'>6,</span> <span class='ocrx_word' id='word_1_261' title='bbox 260 4226 316 4270; x_wconf 84' lang='lat' dir='ltr'>ert.</span> <span class='ocrx_word' id='word_1_262' title='bbox 338 4233 364 4270; x_wconf 86' lang='lat' dir='ltr'>a.</span> 
     </span>
    </p>

    <p class='ocr_par' dir='ltr' id='par_1_12' title="bbox 167 4298 647 4376">
     <span class='ocr_line' id='line_1_35' title="bbox 167 4298 647 4376; baseline -0.008 -13"><span class='ocrx_word' id='word_1_263' title='bbox 167 4304 208 4376; x_wconf 84' lang='lat'>(4)</span> <span class='ocrx_word' id='word_1_264' title='bbox 246 4305 278 4364; x_wconf 95' lang='lat' dir='ltr'>ln</span> <span class='ocrx_word' id='word_1_265' title='bbox 293 4301 364 4360; x_wconf 75' lang='lat' dir='ltr'>locis</span> <span class='ocrx_word' id='word_1_266' title='bbox 378 4298 499 4359; x_wconf 79' lang='lat' dir='ltr'>inferius</span> <span class='ocrx_word' id='word_1_267' title='bbox 513 4299 647 4360; x_wconf 83' lang='lat' dir='ltr'>citandis.</span> 
     </span>
    </p>

    <p class='ocr_par' dir='ltr' id='par_1_13' title="bbox 166 4391 1119 4466">
     <span class='ocr_line' id='line_1_36' title="bbox 166 4391 1119 4466; baseline 0.001 -16"><span class='ocrx_word' id='word_1_268' title='bbox 166 4397 208 4466; x_wconf 79' lang='grc' dir='ltr'>(ς)</span> <span class='ocrx_word' id='word_1_269' title='bbox 248 4401 286 4450; x_wconf 82' lang='grc' dir='ltr'>ι.·</span> <span class='ocrx_word' id='word_1_270' title='bbox 300 4391 376 4449; x_wconf 87' lang='lat' dir='ltr'>Dist.</span> <span class='ocrx_word' id='word_1_271' title='bbox 394 4413 424 4460; x_wconf 82' lang='lat'>3,</span> <span class='ocrx_word' id='word_1_272' title='bbox 440 4403 542 4461; x_wconf 78' lang='lat' dir='ltr'>quaest.</span> <span class='ocrx_word' id='word_1_273' title='bbox 561 4408 589 4462; x_wconf 84' lang='lat'>5,</span> <span class='ocrx_word' id='word_1_274' title='bbox 607 4410 635 4448; x_wconf 90' lang='lat' dir='ltr'>n.</span> <span class='ocrx_word' id='word_1_275' title='bbox 651 4411 701 4465; x_wconf 76' lang='grc' dir='ltr'>ης</span> <span class='ocrx_word' id='word_1_276' title='bbox 717 4391 881 4450; x_wconf 82' lang='lat' dir='ltr'>cta.⁰[)iat.</span> <span class='ocrx_word' id='word_1_277' title='bbox 896 4413 963 4464; x_wconf 81' lang='lat' dir='ltr'>3,q.</span> <span class='ocrx_word' id='word_1_278' title='bbox 980 4414 1012 4466; x_wconf 84' lang='lat'>7,</span> <span class='ocrx_word' id='word_1_279' title='bbox 1033 4413 1061 4451; x_wconf 89' lang='lat' dir='ltr'>n.</span> <span class='ocrx_word' id='word_1_280' title='bbox 1078 4414 1119 4451; x_wconf 80' lang='lat' dir='ltr'>aa.</span> 
     </span>
    </p>

    <p class='ocr_par' dir='ltr' id='par_1_14' title="bbox 166 4480 639 4556">
     <span class='ocr_line' id='line_1_37' title="bbox 166 4480 639 4556; baseline -0.006 -15"><span class='ocrx_word' id='word_1_281' title='bbox 166 4483 207 4556; x_wconf 76' lang='lat' dir='ltr'>lb)</span> <span class='ocrx_word' id='word_1_282' title='bbox 244 4485 289 4542; x_wconf 87' lang='lat' dir='ltr'>De</span> <span class='ocrx_word' id='word_1_283' title='bbox 306 4480 482 4549; x_wconf 74' lang='lat' dir='ltr'>Universoi.,</span> <span class='ocrx_word' id='word_1_284' title='bbox 494 4499 523 4550; x_wconf 89' lang='lat' dir='ltr'>q.</span> <span class='ocrx_word' id='word_1_285' title='bbox 540 4494 598 4538; x_wconf 84' lang='lat' dir='ltr'>aet</span> <span class='ocrx_word' id='word_1_286' title='bbox 613 4503 639 4554; x_wconf 84' lang='lat'>3.</span> 
     </span>
    </p>

    <p class='ocr_par' dir='ltr' id='par_1_15' title="bbox 166 4570 654 4645">
     <span class='ocr_line' id='line_1_38' title="bbox 166 4570 654 4645; baseline -0.035 -1"><span class='ocrx_word' id='word_1_287' title='bbox 166 4574 207 4644; x_wconf 90' lang='lat'>(7)</span> <span class='ocrx_word' id='word_1_288' title='bbox 245 4570 387 4645; x_wconf 74' lang='lat' dir='ltr'>Metapin,</span> <span class='ocrx_word' id='word_1_289' title='bbox 402 4570 478 4642; x_wconf 86' lang='lat' dir='ltr'>diep.</span> <span class='ocrx_word' id='word_1_290' title='bbox 497 4587 526 4641; x_wconf 83' lang='grc' dir='ltr'>ς,</span> <span class='ocrx_word' id='word_1_291' title='bbox 543 4583 612 4628; x_wconf 86' lang='lat' dir='ltr'>sect.</span> <span class='ocrx_word' id='word_1_292' title='bbox 628 4571 654 4627; x_wconf 90' lang='lat'>8.</span> 
     </span>
    </p>

    <p class='ocr_par' dir='ltr' id='par_1_16' title="bbox 166 4658 1021 4736">
     <span class='ocr_line' id='line_1_39' title="bbox 166 4658 1021 4736; baseline 0.002 -17"><span class='ocrx_word' id='word_1_293' title='bbox 166 4663 220 4728; x_wconf 86' lang='lat'>(8).</span> <span class='ocrx_word' id='word_1_294' title='bbox 243 4661 358 4719; x_wconf 82' lang='lat' dir='ltr'>Plrilos.</span> <span class='ocrx_word' id='word_1_295' title='bbox 371 4662 478 4734; x_wconf 66' lang='lat' dir='ltr'>perip„</span> <span class='ocrx_word' id='word_1_296' title='bbox 491 4658 539 4718; x_wconf 89' lang='lat' dir='ltr'>lib.</span> <span class='ocrx_word' id='word_1_297' title='bbox 555 4679 588 4732; x_wconf 82' lang='lat'>4,</span> <span class='ocrx_word' id='word_1_298' title='bbox 603 4659 679 4731; x_wconf 85' lang='lat' dir='ltr'>disp.</span> <span class='ocrx_word' id='word_1_299' title='bbox 695 4681 727 4734; x_wconf 80' lang='lat'>3,</span> <span class='ocrx_word' id='word_1_300' title='bbox 743 4671 849 4731; x_wconf 81' lang='lat' dir='ltr'>quaest.</span> <span class='ocrx_word' id='word_1_301' title='bbox 863 4683 893 4734; x_wconf 86' lang='lat'>3,</span> <span class='ocrx_word' id='word_1_302' title='bbox 910 4675 979 4720; x_wconf 75' lang='lat' dir='ltr'>sect.</span> <span class='ocrx_word' id='word_1_303' title='bbox 993 4680 1021 4736; x_wconf 86' lang='lat'>4.</span> 
     </span>
    </p>

    <p class='ocr_par' dir='ltr' id='par_1_17' title="bbox 166 4750 844 4832">
     <span class='ocr_line' id='line_1_40' title="bbox 166 4750 844 4832; baseline 0 -24"><span class='ocrx_word' id='word_1_304' title='bbox 166 4755 206 4824; x_wconf 89' lang='lat'>(9)</span> <span class='ocrx_word' id='word_1_305' title='bbox 245 4751 405 4832; x_wconf 81' lang='lat' dir='ltr'>Quoestion.</span> <span class='ocrx_word' id='word_1_306' title='bbox 417 4750 541 4824; x_wconf 74' lang='lat' dir='ltr'>philos,</span> <span class='ocrx_word' id='word_1_307' title='bbox 556 4761 625 4808; x_wconf 86' lang='lat' dir='ltr'>torn.</span> <span class='ocrx_word' id='word_1_308' title='bbox 644 4771 672 4821; x_wconf 83' lang='grc' dir='ltr'>ι,</span> <span class='ocrx_word' id='word_1_309' title='bbox 684 4763 789 4822; x_wconf 75' lang='lat' dir='ltr'>querat.</span> <span class='ocrx_word' id='word_1_310' title='bbox 801 4771 844 4824; x_wconf 81' lang='lat'>33.</span> 
     </span>
    </p>
   </div>
   <div class='ocr_carea' id='block_1_5' title="bbox 0 0 1750 5525">
    <p class='ocr_par' dir='ltr' id='par_1_18' title="bbox 0 0 1750 5525">
     <span class='ocr_line' id='line_1_41' title="bbox 0 0 1750 5525; baseline 0 1"><span class='ocrx_word' id='word_1_311' title='bbox 0 0 1750 5525; x_wconf 95' lang='lat' dir='ltr'> </span> 
     </span>
    </p>
   </div>
  </div>
 </body>
</html>
