3492 5525
389 691 424 741 9,.

560 500 618 564 31⁰
750 483 876 548 Locren
897 481 1144 548 Minoa-orso.
1169 494 1213 566 3.·
1234 483 1312 549 Cro.
1340 499 1409 549 nun

562 675 693 753 Regula
709 667 765 752 9.·
805 668 860 735 En
887 684 1076 753 quocunqne
1107 667 1246 752 insertur
1271 671 1469 746 antecedam,
1503 668 1647 754 insertur

516 794 702 862 consequens
705 797 720 858 ;
738 779 771 841 ct
786 774 942 862 quidquid
961 776 1102 861 seqnitur
1118 794 1158 841 ex
1174 777 1372 862 consequenti
1392 777 1532 862 seqnitur
1548 776 1644 845 ciram

516 904 557 951 cx
568 884 770 951 antecedenti.

582 992 693 1059 Prion
706 990 899 1075 dorsetiam
920 990 1106 1059 enuntiatur
1120 993 1182 1057 hoc
1200 992 1317 1059 modo:
1337 992 1501 1077 Quidquid
1520 997 1645 1059 anna-

515 1101 779 1177 ditantecedens,
805 1098 961 1166 antecedit
975 1102 1010 1163 et
1030 1117 1237 1185 consequens,·
1255 1098 1297 1166 sit
1319 1120 1352 1167 v.
1374 1119 1408 1185 g.
1435 1101 1503 1166 lraec
1527 1117 1644 1167 conse-

516 1208 666 1292 quentia:
686 1209 745 1275 Est
762 1206 904 1273 animat:
921 1225 992 1290 crgo
1013 1210 1061 1273 cst
1082 1207 1201 1285 oioens,
1224 1206 1258 1273 Si
1282 1226 1323 1274 ex
1349 1208 1469 1273 homine
1495 1208 1643 1291 sequitur

513 1314 637 1381 aninrat
648 1315 681 1381 in
696 1314 783 1382 bona
792 1314 1037 1399 consequentia,
1049 1314 1148 1381 etiam
1164 1333 1205 1381 ex
1219 1315 1336 1383 eodem
1352 1316 1472 1382 hornae
1483 1324 1643 1399 sequetur

512 1440 632 1491 nuens.

506 1590 510 1597 .
582 1530 677 1599 Ratio
690 1537 757 1606 est,
777 1530 856 1614 quia
872 1528 930 1597 ubi
949 1548 1016 1595 non
1036 1537 1085 1595 est
1099 1528 1226 1606 vivens,
1244 1547 1310 1596 non
1329 1539 1379 1597 est
1395 1530 1517 1597 antaral
1531 1550 1572 1597 ex
1592 1545 1644 1597 re-

513 1638 593 1723 gula
612 1635 681 1715 αθ,
697 1655 756 1705 seu
772 1637 887 1722 nequit
896 1638 1176 1725 esseantecedens
1192 1638 1315 1704 animal
1330 1638 1400 1705 sine
1417 1650 1643 1722 consequente

515 1745 636 1811 vivens.
655 1745 726 1825 lam
747 1746 774 1811 si
799 1764 840 1810 ex
858 1738 1062 1811 antecedenti
1085 1746 1307 1812 antecedentis
1330 1745 1417 1811 banco
1440 1757 1552 1831 posset
1573 1738 1642 1813 non

515 1851 617 1919 iluere
644 1870 852 1936 consequens
877 1853 1002 1929 vivens,
1023 1860 1137 1937 posset
1163 1871 1234 1919 esse
1256 1852 1327 1920 sine
1356 1854 1423 1919 illo.
1452 1852 1553 1937 Atqui
1573 1872 1643 1920 non

372 2000 397 2041 .·
516 1967 641 2044 potest,
661 1958 740 2044 quia
757 1970 807 2026 est
824 1960 1021 2027 antecedens
1038 1960 1203 2037 animalis,
1220 1970 1253 2027 et
1271 1960 1333 2027 hoc
1353 1961 1466 2045 nequit
1485 1980 1557 2028 esse
1570 1961 1643 2029 sine

516 2066 649 2135 αἰαααία.

584 2174 664 2241 Aliis
688 2174 813 2251 verbis,
833 2175 860 2241 si
885 2194 926 2241 ex
943 2176 971 2240 B
989 2174 1136 2258 sequitur
1152 2174 1195 2251 C,
1216 2185 1249 2243 et
1267 2177 1294 2241 B
1316 2176 1465 2262 sequitur
1487 2180 1536 2256 A,
1549 2198 1590 2245 ex
1608 2182 1645 2245 A

516 2282 697 2349 necessario
716 2282 863 2366 sequitur
882 2282 927 2349 C:
946 2282 1022 2365 quia
1040 2283 1067 2347 B
1091 2282 1203 2366 nequit
1221 2302 1293 2349 esse
1312 2284 1437 2368 absque
1459 2284 1504 2360 C,
1533 2285 1559 2351 si
1579 2288 1646 2351 hoc

516 2408 557 2457 ex
575 2391 630 2456 lllo
649 2389 733 2472 lluit.
755 2389 853 2473 Atqui
872 2392 906 2457 A
924 2390 1037 2473 nequit
1056 2389 1172 2475 pariter
1190 2409 1263 2457 esse
1281 2391 1352 2458 sine
1370 2394 1413 2468 B,
1429 2394 1456 2459 si
1476 2401 1526 2459 est
1544 2395 1644 2479 hujus

516 2498 723 2565 antecedens,
739 2497 823 2583 Ergo
841 2496 990 2564 similiter
1008 2498 1041 2563 A
1060 2498 1172 2581 nequit
1191 2516 1264 2564 esse
1282 2500 1351 2565 sine
1371 2499 1409 2565 C.

583 2604 729 2671 Secunda
741 2612 821 2687 pars
838 2613 927 2688 patet
955 2624 995 2670 ex
1015 2604 1134 2687 prima,
1156 2605 1224 2671 imo
1243 2623 1309 2672 non
1332 2615 1383 2672 est
1409 2607 1469 2674 nisi
1492 2608 1644 2694 ejusdem
1734 2626 1735 2685 ξ

517 2714 643 2799 regulae·
657 2713 804 2797 repetitio
831 2712 894 2780 sub
913 2712 974 2778 alla
1002 2713 1119 2782 forma.
1149 2712 1232 2778 Nam
1262 2732 1467 2798 consequens
1493 2726 1645 2801 respectu

515 2819 663 2899 alterius,
680 2822 770 2904 quod
782 2839 823 2886 ex
836 2839 877 2885 eo
895 2819 982 2896 lluit,
1001 2819 1159 2887 rationem
1172 2821 1269 2887 habet
1287 2822 1524 2889 antecedentis:
1541 2843 1646 2908 quare

515 3036 572 3104 bet
588 3044 758 3119 tamquam
777 3034 1221 3100 antecedens‘antecedentis.

582 3141 748 3228 Ejusmodi
766 3141 1000 3225 consequentia
1014 3159 1093 3207 usus
1117 3151 1167 3209 est
1186 3141 1233 3209 M.
1254 3141 1460 3227 Augustinus
1477 3142 1543 3231 (1),
1563 3165 1643 3214 cum

516 3251 586 3318 haec
603 3249 745 3334 scripsit:
766 3247 874 3316 Maria
893 3249 998 3315 ande?
1015 3249 1065 3315 Ex
1089 3248 1206 3315 Adon.
1227 3249 1334 3316 Adam
1354 3251 1462 3318 unde?
1482 3253 1521 3318 de
1540 3257 1643 3324 terra.
1732 3275 1733 3329 l

514 3359 599 3443 Ergo
615 3361 648 3423 et
666 3356 773 3425 Μανία
786 3359 825 3422 de
848 3360 944 3422 terra
961 3355 1117 3441 Stantem
1134 3355 1242 3422 Maria
1259 3358 1643 3444 acoremagnoscamus,

514 3467 599 3551 qaod
610 3467 774 3531 cantatur:
789 3464 914 3530 Veritas
927 3465 966 3528 de
983 3467 1068 3530 terra
1085 3467 1155 3529 orta
1173 3467 1230 3532 est.
1255 3464 1364 3548 Atque
1390 3467 1422 3532 in
1445 3469 1504 3546 hac
1528 3471 1647 3553 regula

517 3574 671 3640 fundatur
690 3569 938 3658 {argumentatio
965 3571 1030 3648 illa,
1061 3589 1135 3654 quae
1162 3571 1250 3656 apud
1275 3571 1489 3658 Philosophos
1518 3595 1645 3646 nomen
1731 3567 1732 3578 ³

517 3679 659 3747 obtinuit
675 3678 798 3754 soritis,
820 3687 877 3744 aut
895 3678 936 3743 de
949 3678 1054 3761 primo
1068 3679 1113 3743 ad
1129 3679 1285 3747 alanum.

440 2939 444 2944 ’
517 2928 659 3012 primum
679 2927 875 2994 antecedens
895 2935 1043 3010 respectu
1062 2927 1159 3012 hujus
1186 2927 1261 2994 novi
1279 2930 1510 3014 consequentis
1530 2933 1647 2998 seha-
1733 2981 1734 2996 .

563 3794 694 3871 Regula
715 3811 767 3854 ao.
814 3785 1081 3869 Enaffinnatione
1089 3785 1225 3852 notionis
1236 3786 1397 3888 inferioris
1408 3789 1649 3875 scqailnraffir-
1730 3831 1731 3876 ἦ

518 3895 614 3963 nano
631 3895 769 3960 notionis
785 3892 957 3976 superioris
983 3892 1018 3957 in
1045 3895 1149 3958 codem
1171 3893 1430 3978 praunamenlm
1449 3915 1513 3962 non
1536 3915 1649 3967 ocroe

517 4023 677 4071 aniverso.
699 4004 781 4069 Ata
799 4001 961 4085 negatione
983 4000 1154 4084 superioris
1173 4002 1314 4087 sequitur
1330 4004 1451 4088 negatio
1467 4004 1645 4090 inferioris,
1729 4049 1730 4068 .

517 4132 583 4179 non
602 4116 704 4178 amen
721 4111 789 4176 occe
801 4127 905 4175 versa.

588 4220 718 4286 Revoca
735 4217 769 4282 in
788 4225 953 4291 mentem,
974 4215 1125 4281 notiones
1142 4216 1391 4283 universaliores
1415 4220 1523 4286 vocari
1546 4237 1649 4305 supe-

521 4329 621 4394 riores
643 4334 791 4411 respectu
814 4325 924 4390 minus
948 4323 1179 4390 universalium
1210 4325 1357 4410 ejusdem
1386 4325 1647 4410 predicamenti,

521 4454 596 4521 quae
615 4431 964 4500 dicunturinleriores.
986 4429 1095 4507 Quare
1111 4433 1204 4516 juxta
1223 4432 1306 4499 lranc
1325 4435 1473 4518 regulam
1494 4443 1578 4500 recte
1598 4439 1648 4504 sic

520 4543 699 4629 colligitur:
713 4540 878 4608 listhene:
886 4558 960 4623 erga
969 4539 1107 4606 anioral:
1119 4558 1184 4606 non
1199 4549 1310 4608 autem
1326 4561 1344 4606 e
1358 4541 1532 4609 contrario.
1544 4543 1647 4612 Recte

556 4796 597 4868 (r)
635 4791 730 4852 Serm.
749 4792 801 4865 189
814 4788 864 4859 (al.
880 4788 928 4863 ας)
941 4789 978 4848 de
991 4787 1124 4848 diversis.
