3492 5525
553 452 593 533 48
649 460 653 469 '
964 460 1188 527 innnooucrro

514 640 606 707 aede
622 652 762 724 quatuor
776 643 920 710 scientiis
935 644 1091 723 realibus,
1109 646 1331 723 Aritbmctica,
1354 646 1547 723 Geornctria,
1564 648 1639 713 Mle·

513 746 594 823 sica,
612 758 645 814 et
659 750 879 827 Astronomia,
898 752 1075 836 exquibus
1091 753 1294 836 Quatriaium
1307 755 1472 820 coalescit.

381 860 399 905 n
415 876 428 905 ο
444 933 449 942 Ι
560 872 613 939 50.
661 855 802 923 Sanctus
813 858 981 925 «isidorus
996 859 1188 944 hispalensis
1201 860 1368 937 Antistes‚
1385 858 1449 948 (4-
1464 857 1553 947 636)
1567 879 1637 926 suae

354 946 364 975 ⁸
403 946 470 977 ‘⁰⁸¹⁸'
512 964 616 1029 aetatis
627 964 903 1047 sapientissimus,
917 966 1103 1033 universam
1112 968 1537 1053 lereveterumsapientiam
1550 968 1637 1033 libris

511 1070 580 1135 suis
604 1071 796 1155 complexus
815 1084 883 1150 est,
904 1075 1083 1157 praesertim
1103 1074 1192 1140 libris
1208 1076 1455 1151 Sententiarum,
1480 1074 1636 1158 Differen-

512 1177 644 1254 tiarum,
669 1181 707 1243 dc
722 1178 848 1245 Natura
866 1198 971 1245 renem
990 1193 1024 1248 et
1042 1183 1203 1265 praecipue
1228 1181 1261 1247 in
1278 1182 1501 1266 samologiis,
1525 1180 1635 1247 lloruit

510 1285 637 1350 saeculis
655 1294 749 1351 sexto
767 1295 799 1350 et
818 1286 987 1370 septimo»
1011 1285 1076 1375 (l).
1097 1288 1248 1354 Scholam
1272 1289 1413 1355 instituit
1431 1289 1575 1373 Hispali,
1601 1286 1633 1353 in

511 1411 576 1475 qua
592 1412 657 1458 non
673 1394 781 1459 solum
801 1394 941 1460 Trinium
959 1407 992 1462 et
1008 1396 1209 1478 Quatrivium
1222 1398 1417 1474 docebatur,
1432 1397 1554 1480 quibus
1568 1397 1634 1461 iere

510 1502 738 1568 absolvebatur·
756 1502 940 1569 studiorum
962 1522 1078 1570 cursus
1100 1504 1135 1569 in
1159 1525 1196 1569 ea
1216 1515 1312 1571 aetate
1333 1504 1402 1570 iteri
1422 1504 1554 1580 solitus,
1575 1505 1632 1569 sed

511 1617 654 1691 praeterae
673 1609 784 1694 lingua
804 1611 952 1677 hebraica
971 1623 1004 1678 et
1022 1630 1144 1697 graeca,
1166 1611 1390 1697 Geographia,
1405 1611 1479 1692 Jus,
1496 1610 1632 1693 aliaeque

509 1715 684 1800 disciplinae
695 1712 770 1803 (2).
787 1716 838 1782 Ad
853 1719 952 1804 hujus
966 1719 1157 1803 exemplum
1171 1720 1245 1786 alibi
1265 1738 1400 1803 quoque
1415 1731 1535 1803 apertae
1553 1728 1631 1783 sunt

509 1824 645 1901 schola,
666 1824 787 1901 Toleti,
804 1823 1062 1911 Caesaraugusta
1074 1878 1082 1904 ,
1095 1828 1292 1904 Barcinone,
1306 1828 1489 1903 Bracharae,
1506 1824 1632 1892 Cordu-

509 1931 576 2009 bae,
602 1930 690 2009 Vici,
713 1931 848 2016 aliisque
866 1932 901 2000 in
918 1934 1069 2016 urbibus;
1093 1946 1125 2002 et
1140 1935 1274 2002 illustria
1294 1935 1427 2000 nomina
1450 1935 1485 1999 S.
1504 1932 1629 2006 Brauii,

513 2038 811 2124 Caesaraugustam,
840 2051 872 2107 et
901 2039 962 2109 SS.
990 2041 1166 2124 ildephonsi
1190 2061 1228 2107 ac
1246 2042 1374 2127 juliani
1398 2040 1629 2125 episcoporum

509 2147 760 2225 Toletanorum,
777 2146 866 2212 ltacii
877 2148 1140 2228 Barcinonensis,
1156 2149 1307 2217 Conantii
1326 2148 1483 2215 Palentini
1498 2156 1531 2212 et
1550 2148 1632 2213 Fru-

508 2256 609 2320 ctuosi
634 2255 873 2332 Bracharensis,
899 2258 1068 2323 manifeste
1088 2259 1245 2342 produnt,
1268 2264 1429 2340 quantum
1458 2255 1630 2322 debuerint

510 2362 545 2428 S.
567 2362 687 2428 lsidoro
706 2364 820 2429 litterae
837 2363 1047 2447 scientiaque
1066 2366 1099 2430 in
1119 2365 1285 2451 Hispania.
1299 2364 1428 2431 Scholae
1442 2363 1505 2429 illae
1523 2363 1629 2428 adhuc

509 2482 583 2555 post
599 2471 742 2541 Arabum
766 2471 978 2555 irruptionem
996 2475 1163 2555 totiusque
1184 2475 1248 2537 fere
1268 2473 1358 2557 regni
1378 2470 1628 2555 occupationem

508 2578 699 2647 lloruerunt.
1081 2576 1095 2591 ‘

574 2686 672 2763 Quod
692 2685 724 2751 in
745 2684 897 2770 Hispania
912 2688 1018 2753 effecit
1033 2688 1069 2755 S.
1089 2686 1246 2766 Isidorus,
1272 2687 1470 2753 Claudianus
1489 2685 1629 2749 Mamer-

506 2807 560 2862 tus
575 2797 607 2861 in
622 2795 740 2875 Gallia,
762 2795 894 2860 Boetius
908 2803 941 2860 et
959 2796 1154 2862 Casiodorus
1169 2796 1201 2862 in
1216 2796 1319 2873 ltalia,
1341 2797 1428 2863 idem
1450 2795 1629 2879 praestitere

506 2905 537 2971 in
559 2902 676 2988 A'nglia
695 2912 728 2966 et
750 2882 924 2967 Germania
946 2904 1139 2969 Venerabilis
1159 2904 1244 2969 Beda
1262 2901 1316 2992 (n.
1347 2900 1557 2994 malta)
1576 2898 1628 2995 (3)

364 3011 451 3058 ‘lim
506 3011 663 3078 Alcuinas
677 3006 731 3096 (n.
755 3008 959 3098 735-1-804)
978 3029 1079 3094 quem
1102 3011 1236 3079 Carolus
1259 3013 1400 3097 Magnus
1419 3031 1438 3075 e
1457 3009 1628 3081 britanniae

506 3119 627 3186 sinibus
641 3119 674 3183 in
692 3116 828 3182 Galliam
845 3117 1024 3183 accersivit.

554 3245 606 3312 5¹·
655 3228 714 3292 Per
732 3225 903 3290 Orientem
926 3232 1001 3309 post
1017 3227 1142 3292 clausas
1160 3226 1299 3292 Athenis
1317 3226 1628 3308 decretolustiniani

506 3334 779 3418 Philosophorum
804 3332 933 3398 scholas
955 3331 1094 3399 floruere
1109 3334 1249 3416 loannes
1273 3320 1464 3416 Philoponus
1487 3333 1627 3423 (-l-6o8

505 3439 648 3528 circiter)
663 3439 719 3523 qui
740 3439 944 3506 Alexandria
962 3440 1116 3518 docebat,
1135 3460 1212 3507 cum
1230 3452 1326 3526 capta
1343 3443 1412 3507 haec
1431 3443 1510 3509 urbs
1529 3444 1588 3509 luit
1607 3465 1628 3509 a

506 3547 689 3625 Saracenis,
717 3565 804 3612 anno
828 3543 908 3629 640,
941 3555 974 3612 et
995 3547 1251 3614 commentarios
1273 3549 1401 3632 scripsit
1427 3549 1625 3633 Aristotelis;

304 3653 476 3770 ⁵·J⁰c'e{'²„,¹²¹³⁸'
488 3660 524 3726 S,
532 3657 671 3740 joannes
684 3657 899 3722 Damascemts
913 3653 967 3744 (n.
984 3651 1205 3743 676-1-754),
1219 3653 1232 3743 (
1257 3654 1423 3743 lMicbciel
1439 3655 1628 3748 Pscllrts(5)

538 3948 579 4010 (t)
617 3942 748 4012 Cuevns,
763 3961 811 4012 op.
828 3939 876 4000 cit.
892 3940 942 3999 lib.
962 3962 1004 4012 rr,
1018 3941 1135 4001 dissert.
1150 3963 1167 3999 2
1180 3963 1244 4016 cap.
1262 3964 1285 4010 1,
1299 3956 1355 4003 art.
1371 3963 1398 4003 2.

538 4037 579 4100 (2)
616 4031 775 4098 Gonznlez,
793 4051 894 4103 parag.
910 4049 955 4104 24.

539 4125 584 4196 (3)
622 4120 746 4193 Scripsit
770 4119 845 4178 inter
867 4119 925 4178 alia
951 4121 1043 4179 multe
1074 4140 1179 4195 opera,
1207 4121 1452 4182 commentarium
1475 4122 1506 4182 in
1531 4121 1627 4181 Boetii

502 4229 576 4284 opus
587 4210 624 4268 de
638 4209 841 4271 Consolatione
848 4210 973 4268 Philos:
988 4210 1222 4284 Lrbrosquetuor
1233 4212 1268 4270 de
1277 4212 1484 4288 Philosophia,
1494 4211 1628 4271 Senten-
1701 4249 1708 4262 .

503 4301 560 4358 lias
580 4321 615 4358 ex
637 4301 773 4376 operibus
796 4297 972 4358 Aristotelis
991 4308 1021 4356 et
1035 4300 1203 4370 Ciceronis,
1225 4295 1390 4359 Axiomatie
1402 4303 1587 4360 Aristotelis.

537 4393 578 4462 (4)
616 4387 741 4461 Scripsit
753 4388 830 4447 inter
838 4387 895 4446 nlia
904 4408 991 4460 opera
1002 4387 1113 4466 Capita
1122 4390 1341 4464 philosophica,
1352 4408 1418 4460 quae
1427 4390 1626 4448 Dialecticem

502 4499 537 4536 ex
550 4479 715 4537 Aristotelis
729 4477 849 4551 Orgnno
866 4478 1031 4552 decerptam
1048 4471 1217 4550 continent,
1232 4493 1261 4538 et
1273 4479 1493 4539 dissertationes
1503 4481 1537 4536 de
1552 4482 1626 4538 ani-

502 4589 555 4626 moe
567 4569 700 4643 portibus
715 4568 824 4639 tribus,
840 4569 1002 4627 uirtutibus
1022 4579 1146 4649 quataor
1159 4580 1187 4628 et
1207 4571 1243 4627 de
1254 4571 1455 4641 facultatibus
1474 4574 1555 4643 (opp.
1573 4569 1623 4630 ed.

503 4655 649 4729 laquies,
665 4655 749 4716 Paris
765 4655 856 4730 1712.)

418 4797 422 4802 .
538 4753 548 4807 l
552 4752 578 4822 5)
614 4745 707 4806 Natus
721 4765 786 4806 saee.
800 4745 869 4805 Vlll
882 4745 1050 4819 desinente,
1064 4747 1111 4806 vel
1126 4747 1166 4807 lx
1177 4745 1309 4809 ineunte.
