3492 5525
526 419 588 503 bqn
639 420 762 489 Locren
777 416 1011 496 Maron-Lm.
1030 436 1100 498 2³¹⁸,
1116 416 1210 485 Drse.
1232 435 1273 484 r.·
1288 415 1366 486 Can.
1385 433 1456 500 aaut

552 602 701 671 Secunda
727 602 865 670 intentio
884 602 1028 669 formalis
1049 611 1102 668 est
1118 602 1261 688 cognitio
1281 602 1398 671 rellexa
1417 603 1611 688 exprimens

486 712 652 798 objectum
664 711 812 795 aliquod,
828 722 926 797 prout
946 710 1033 796 prius
1047 718 1137 776 certo
1151 710 1295 793 quodam
1312 713 1412 777 modo
1430 714 1615 796 apprehen-

486 834 578 900 sum;
599 818 709 904 ipsum
727 838 805 885 vero
824 817 986 903 ejusmodi
1006 817 1173 904 objectum
1188 818 1221 885 in
1237 819 1298 884 hac
1317 820 1444 885 formali
1458 818 1615 885 intentio-

425 930 428 935 “
488 944 528 991 ne
548 935 815 1011 repraesentatum
836 926 1017 1010 appellatur
1039 926 1183 991 secunda
1204 926 1342 992 intentio
1364 926 1526 1011 objectiva
1544 924 1612 1013 (r).

487 1032 530 1098 Ea
552 1034 638 1100 enim
659 1042 710 1101 est
740 1034 788 1100 vis
806 1031 992 1100 intellectus
1016 1032 1135 1108 nostri,
1156 1042 1193 1099 ut
1220 1042 1396 1117 postquam
1417 1033 1538 1100 directe
1555 1053 1611 1099 na·

486 1153 593 1207 turam
613 1142 644 1209 in
665 1159 701 1207 se
719 1140 928 1226 cognoverit,
957 1141 990 1206 in
1019 1158 1118 1206 suurn
1143 1141 1312 1225 proprium
1336 1151 1445 1207 actum
1469 1142 1612 1217 rediens,

488 1249 624 1315 modum
644 1266 777 1333 quoque
796 1249 978 1325 intueatur,
1005 1266 1073 1332 quo
1092 1268 1130 1313 ea
1155 1246 1187 1313 in
1208 1249 1326 1332 praevia
1345 1267 1403 1314 sua
1423 1248 1613 1334 cognitione

486 1355 682 1425 continetur.
709 1356 806 1434 Quod
843 1356 869 1421 si
907 1374 964 1440 per
999 1355 1152 1422 directam
1190 1356 1278 1421 illam
1296 1356 1612 1440 ,apprehensionem

486 1464 641 1548 cognovit
669 1473 818 1531 naturam
848 1464 919 1529 sine
947 1462 1034 1530 notis
1058 1462 1354 1539 individuantibus,
1386 1466 1419 1529 in
1439 1462 1614 1530 reflexione

487 1590 524 1637 ac
543 1572 646 1637 reditu
663 1589 761 1655 supra
775 1589 872 1637 suum
889 1579 999 1637 actum
1014 1570 1228 1654 deprehendit
1243 1569 1329 1636 illam
1347 1572 1506 1637 nudatam
1521 1573 1613 1636 omni

487 1678 708 1744 contractione
736 1678 942 1753 individuali,
962 1696 1102 1761 eamque
1129 1676 1251 1743 ratione
1270 1679 1368 1763 hujus
1387 1678 1616 1744 abstractionis

357 1858 361 1867 ,
487 1785 575 1852 videt
593 1794 721 1869 aptam,
742 1794 779 1852 ut
797 1784 874 1851 insit
893 1784 1057 1869 pluribus,
1078 1784 1185 1868 deque
1204 1785 1267 1851 illis
1286 1785 1492 1870 predicetur.

325 1922 420 1969 Nm.
553 1890 718 1969 Quoniam
747 1901 857 1960 autem
889 1893 1045 1959 vocabula
1078 1892 1262 1977 significant
1292 1893 1391 1960 animi
1419 1904 1613 1979 conceptus,

271 1996 474 2113 vffit‘effi·
488 2000 622 2066 nomina
653 2000 774 2083 primas
811 1998 1010 2066 intentiones
1047 2000 1262 2083 exprimentia
1298 2002 1450 2068 dicuntur
1485 2002 1614 2091 nomina

457 2095 464 2110 '
484 2108 594 2190 prime
612 2094 809 2184 intentionis,
835 2107 943 2190 qualia
965 2115 1043 2173 sunt
1062 2107 1160 2188 rapis,
1178 2108 1291 2184 arbor,
1308 2108 1445 2184 animal,
1466 2109 1612 2183 homo...,

488 2216 723 2281 nominavero
753 2214 968 2301 significantia
999 2216 1160 2281 secundas
1187 2216 1386 2282 intentiones
1409 2216 1615 2300 appellantur

486 2324 613 2387 nomina
635 2326 778 2389 secunde
807 2322 1007 2400 intentionis,
1038 2322 1223 2410 cujusmodi
1250 2334 1327 2389 sunt
1349 2323 1480 2404 species,
1498 2342 1612 2406 genus,

485 2430 673 2513 subjectum,
689 2431 938 2512 proedr'catum...

554 2538 639 2603 lnter
658 2540 715 2603 has
743 2538 942 2610 intentiones
960 2546 1011 2603 est
1039 2538 1101 2602 hoc
1119 2537 1314 2619 discrimem
1336 2539 1427 2621 quod
1446 2539 1612 2614 formales,

365 2655 413 2685 ‘²¹¹⁰
486 2654 557 2711 tum
578 2646 681 2729 prima
709 2654 780 2711 tum
809 2647 970 2722 secunda,
992 2645 1170 2729 subjective
1198 2665 1235 2710 ac
1262 2646 1387 2711 realiter
1414 2645 1561 2715 existunt
1580 2646 1613 2711 in

486 2753 668 2830 intellectu,
688 2765 860 2836 tamquam
889 2760 983 2819 actus
1006 2762 1040 2817 et
1059 2753 1154 2819 realia
1172 2753 1320 2839 ejusdem
1340 2751 1533 2836 accidentia,
1553 2755 1613 2820 sed

485 2861 653 2945 objectivae
666 2869 745 2926 sunt
763 2869 892 2926 tantum
907 2859 1068 2946 objective
1082 2860 1114 2925 in
1129 2860 1296 2927 intellectu
1309 2872 1481 2944 tamquam
1496 2861 1615 2926 termi-

376 2981 380 2990 ·
486 2985 548 3033 nus
571 2977 603 3033 et
622 2968 788 3052 obiectum
803 2966 1017 3053 cognitionis,
1044 2967 1088 3033 ita
1106 2976 1217 3033 tamen
1237 2979 1274 3034 ut
1302 2969 1446 3033 secunda
1473 2969 1627 3048 intentio⁸
1730 2998 1731 3003 1

484 3076 643 3160 objectiva
652 3077 760 3141 solum
777 3075 894 3140 existat
905 3073 937 3139 in
949 3074 1126 3151 intellectu,
1139 3076 1215 3158 quia
1227 3075 1258 3140 in
1271 3094 1304 3141 re
1318 3075 1395 3141 nihil
1407 3076 1610 3142 abstractum

483 3195 515 3248 et
529 3183 703 3267 praecisum
723 3184 764 3248 ab
780 3182 1092 3248 individuationibus
1106 3201 1143 3248 ac
1161 3171 1352 3248 differentiis
1365 3184 1434 3250 suis
1448 3183 1611 3266 specificis
1728 3228 1729 3239 2

483 3300 591 3375 potest
609 3291 763 3367 existere,
784 3290 889 3374 prima
908 3299 1017 3355 autem
1038 3290 1176 3357 intentio
1191 3291 1351 3374 objectiva
1371 3309 1455 3374 saepe
1476 3291 1611 3378 physice
1727 3324 1728 3363 ;

483 3400 607 3464 realiter
625 3398 742 3464 existat
761 3399 793 3464 in
813 3397 988 3464 individuis
1003 3406 1094 3463 extra
1108 3396 1322 3466 intellectum.
1342 3399 1444 3480 Saepe,
1460 3381 1609 3482 inquam,
1726 3404 1727 3419 ³

482 3515 514 3572 et
535 3526 600 3572 non
629 3525 777 3590 semper,
799 3507 876 3590 quia
895 3506 963 3570 steri
984 3514 1109 3589 potest,
1135 3514 1172 3570 ut
1191 3505 1304 3589 primae
1329 3505 1528 3572 intentiones
1547 3508 1612 3571 sor·
1724 3579 1725 3587 ,

482 3615 584 3679 males
604 3614 743 3679 habeant
759 3631 818 3698 pro
837 3614 966 3697 objecto
987 3632 1038 3678 res
1052 3611 1233 3679 existentiae
1246 3613 1341 3679 realis
1359 3614 1540 3699 incapaces.

516 3809 557 3879 (r)
595 3807 734 3866 Doctrina
749 3807 811 3866 haec
825 3806 989 3866 communie
1001 3819 1045 3866 est
1060 3806 1138 3879 apud
1148 3805 1361 3892 Scholastieos,
1374 3808 1560 3868 etindieetur
1572 3814 1608 3867 eb

480 3898 619 3970 Angelico
634 3909 673 3955 ιθ
686 3897 754 3956 dist.
773 3917 818 3970 30,
834 3917 863 3968 q.
883 3917 907 3965 t,
922 3918 949 3955 e.
967 3918 998 3968 33
1014 3898 1049 3954 de
1059 3898 1209 3966 Potentia,
1223 3917 1253 3969 q.
1265 3919 1293 3970 7,
1308 3917 1335 3955 a.
1348 3919 1381 3971 93
1398 3897 1508 3971 Opusc,
1521 3910 1562 3956 a·
1574 3903 1609 3958 de

484 3989 633 4056 (lairere,
649 3998 677 4046 et
692 3987 802 4060 Opusc.
819 3987 853 4042 de
867 3988 959 4044 totius
974 3985 1051 4062 Log.
1068 3988 1164 4044 Arist.
1179 4005 1297 4054 summ,
1309 3987 1365 4044 loc.
1382 4007 1454 4059 nup.
1469 3987 1520 4046 cit.
1533 3988 1609 4046 Vide

481 4090 616 4148 preterea
626 4076 811 4135 Dominicum
822 4074 903 4142 Soto,
919 4074 977 4148 Op.
990 4074 1082 4133 citde
1096 4075 1270 4145 Praedrcah,
1282 4095 1312 4148 q.
1329 4098 1355 4148 33
1371 4076 1464 4145 Tolet,
1480 4079 1516 4134 de
1531 4077 1608 4137 Uni·

481 4167 600 4234 verset..
611 4167 646 4222 de
656 4167 758 4240 primis
768 4175 795 4223 el
806 4167 942 4223 secundis
952 4165 1169 4234 intentionibus,
1179 4177 1341 4237 quaest.r.·;
1352 4163 1477 4235 Suarez,
1487 4169 1523 4224 de
1533 4168 1609 4225 Arri·

480 4277 540 4322 mo,
559 4255 608 4314 lib.
623 4274 657 4328 4,
668 4276 729 4328 cap.
746 4277 775 4327 3,
788 4275 818 4312 n.
831 4275 875 4323 αι,
885 4254 957 4311 dub.
971 4273 1000 4326 53
1012 4253 1117 4324 Joann.
1129 4275 1146 4312 a
1159 4251 1192 4313 S.
1205 4254 1322 4324 Thom,
1333 4255 1420 4335 Cprs.
1433 4255 1606 4332 Philosopir.

479 4347 569 4421 Lep„
583 4365 612 4417 q.
629 4365 662 4416 a,
681 4359 737 4404 art.
759 4365 792 4414 23
815 4343 946 4404 Lossada
966 4343 1094 4418 logico,
1118 4357 1201 4403 tract.
1228 4351 1264 4402 r.'
1290 4343 1465 4417 prooemiali,
1483 4345 1564 4418 disp.
1580 4367 1606 4414 2,

480 4455 545 4507 cap.
558 4455 592 4508 4,
608 4455 639 4494 n.
659 4456 669 4494 r
688 4453 770 4508 seqq.

532 4523 678 4583 Caeterum
700 4543 759 4582 non
782 4522 964 4582 conveniunt
986 4536 1119 4581 auctores
1140 4522 1322 4582 diversarum
1343 4522 1517 4583 Scholarum
1531 4525 1606 4584 circa

479 4613 699 4688 intelligentiam
714 4606 926 4672 et'ulteriorem
945 4612 1164 4688 explicationem
1188 4614 1382 4673 secundarum
1396 4614 1605 4676 intentionum.

478 4702 580 4764 Videri
592 4717 689 4780 potest
703 4701 848 4774 Loeeada,
864 4703 919 4772 loc.
933 4701 983 4762 cit.
999 4700 1092 4762 etalii
1106 4701 1339 4777 persianoeteres
1353 4703 1537 4779 Philosophi.
