3492 5525
280 438 399 503 Anrrc.
417 452 476 522 3³¹·
490 436 614 505 Urnun
627 454 802 513 oeJecrun
816 414 952 505 L'oorcm
965 436 1041 503 siut
1054 455 1118 504 nes
1149 456 1225 522 1127

138 621 301 708 definitam
310 623 465 711 formalia
482 623 646 709 oerficore
662 622 775 689 cubent
794 624 835 688 de
861 626 967 691 eodem
983 626 1137 713 subierim
1155 623 1267 714 Subje·

138 734 223 795 ctum
240 733 273 795 et
286 732 498 798 Pradiratum
507 730 662 817 formalia
680 735 903 815 repraesentare
915 733 1155 821 debantobjecta
1172 734 1268 799 reoli-

139 842 189 903 ter
214 838 426 925 identificato;
453 842 489 906 ln
515 839 690 925 syllogismo
720 839 855 921 exprimi
885 840 973 907 debet
995 840 1144 908 identitas
1171 842 1267 909 realis

138 949 345 1013 extremorum
361 966 433 1013 cum
451 946 540 1015 tertio
557 950 590 1012 et
604 946 688 1013 inter
710 966 754 1013 se.
777 947 866 1014 ldem
892 958 970 1031 puta
991 948 1032 1015 de
1052 947 1188 1016 caeteris.
1214 948 1266 1016 Sic

139 1062 251 1121 autem
270 1055 435 1139 explicati,
457 1054 585 1140 proprie
604 1054 811 1121 verificantur
829 1055 889 1121 abs
911 1055 1012 1121 dubio
1036 1056 1077 1122 de
1100 1056 1266 1141 concepti·

138 1162 204 1228 bus
221 1162 426 1239 formalibus,
447 1180 569 1246 eosque
587 1162 708 1237 directe
727 1160 939 1246 respiciunt.»

210 1270 268 1335 «in
297 1270 384 1335 idem
418 1269 546 1345 recidit,
580 1268 670 1353 quod
702 1267 753 1334 alii
786 1269 916 1347 dicunt,
943 1270 1114 1355 praedictos
1137 1270 1266 1358 Logicae

141 1386 251 1453 actus,
272 1385 309 1443 ut
323 1378 448 1463 jacent,
465 1374 619 1443 verificari
638 1375 679 1442 de
692 1377 905 1461 conceptibus
919 1377 1127 1455 formalibus,
1149 1382 1269 1445 nonar

41 1482 43 1487 ’
141 1487 241 1570 quod,
268 1486 389 1551 sedat
412 1504 489 1571 quo,
518 1502 584 1551 non
615 1484 651 1549 in
679 1485 826 1561 essendo,
861 1485 972 1551 sedin
1000 1489 1264 1569 repraesentando:

141 1593 295 1675 quamvis
323 1592 410 1659 enim
434 1592 619 1678 subjectum
643 1600 676 1657 et
699 1591 910 1679 praedicatum
941 1593 1087 1659 formalia
1109 1612 1177 1664 non
1200 1594 1266 1661 sint
1304 1597 1310 1607 “

139 1702 188 1779 id,
216 1701 305 1786 quod
330 1700 565 1779 identificatur,
592 1709 704 1767 tamen
729 1709 962 1783 repraesentant
987 1687 1113 1787 objecta
1139 1702 1268 1770 realiter

139 1808 352 1875 identificata:
375 1817 408 1874 et
427 1808 579 1892 quamvis
593 1815 772 1892 conceptus
790 1808 913 1874 animal
930 1827 997 1903 non
1015 1807 1069 1885 sit,
1084 1812 1169 1895 quod
1186 1829 1267 1896 prae·

139 1917 279 1993 dicatur,
300 1924 349 1983 est
368 1916 416 1993 id,
436 1921 498 2001 quo
518 1916 663 1982 redditur
682 1916 848 2001 objectum
867 1915 1068 2000 praedicabile
1074 1938 1094 2019 ιι
1113 1915 1127 2005 (
1151 1903 1178 2006 )}

184 2030 293 2107 objic.
324 2033 375 2092 2.⁰
422 2022 583 2089 Concreta
618 2042 739 2109 genus,
774 2022 962 2110 subjectum,
993 2024 1203 2113 predicatum
1233 2036 1266 2091 et

139 2131 274 2207 similia,
307 2133 348 2198 ad
377 2132 523 2215 aliquam
551 2130 719 2197 scientiam
747 2130 910 2215 pertinent
936 2131 1120 2199 secundum
1148 2150 1266 2199 omnes

138 2246 262 2323 partes,
284 2258 366 2323 quas
374 2238 560 2306 involvunt.
577 2237 641 2304 Sed
657 2255 723 2303 non
734 2237 775 2303 ad
793 2238 907 2315 aliam,
924 2256 1024 2323 quam
1044 2241 1085 2305 ad
1100 2238 1264 2325 Logicam.

139 2347 265 2431 Ergo...
286 2346 340 2435 (2)

184 2462 288 2539 Resp.
313 2454 377 2522 r.⁰'
404 2455 478 2521 Non
499 2472 599 2519 omne
617 2461 807 2519 concretum
827 2470 886 2521 seu
905 2453 1128 2523 denominatio
1146 2455 1267 2524 extrin-

139 2580 214 2629 seca
232 2561 370 2629 adscribi
389 2561 488 2628 debet
505 2561 598 2628 alicui
618 2559 778 2639 scientiae,
800 2570 836 2627 ut
855 2570 945 2647 patet
962 2562 996 2629 in
1023 2563 1093 2629 his:
1113 2569 1263 2643 ansatum,

137 2670 254 2747 visum,
274 2674 406 2746 matum,
427 2670 601 2737 irrisum...

185 2787 290 2862 Resp.
312 2787 361 2844 2.⁰
407 2779 475 2846 «Ut
502 2798 540 2844 ea
567 2788 719 2844 concreta
750 2787 898 2863 spectent
930 2779 971 2844 ad
1001 2777 1169 2865 Logicam,
1198 2799 1266 2848 non

139 2889 238 2955 debet
257 2895 394 2970 utraque
414 2905 488 2970 pars
508 2887 627 2953 babere
646 2904 768 2953 munus
792 2885 909 2971 objecti
934 2887 1097 2966 formalis,
1117 2888 1175 2956 sed
1198 2891 1266 2957 suf·

138 2995 222 3072 neit,
244 2994 335 3079 quod
354 2995 451 3059 altera
480 2993 673 3070 formaliter,
693 2994 797 3063 altera
825 2994 1047 3073 materialiter,
1083 3014 1141 3081 per
1172 3006 1266 3065 actus

142 3102 265 3188 logicos
284 3101 478 3187 attingatur,
490 3110 536 3174 ¹ut
554 3099 668 3166 accidit
686 3100 737 3167 his
755 3101 931 3168 concretis:
956 3120 1091 3187 congrue
1107 3103 1267 3192 signfica-

141 3214 224 3286 tum,
244 3213 352 3276 ornate
369 3209 503 3285 dicaam,
517 3207 665 3292 graphia
683 3215 877 3290 expressum,
892 3197 1135 3294 comparatione
1151 3209 1268 3280 Gram-

143 3317 286 3392 maticae,
307 3315 488 3382 Rhetoricae
507 3324 540 3381 et
559 3313 731 3382 Pictoriae»
751 3311 815 3403 (3).

207 3431 328 3493 Dices:
349 3424 485 3510 Physica
504 3442 570 3490 non
590 3423 699 3514 solum
719 3423 878 3500 formam,
904 3425 962 3491 sed
980 3423 1078 3492 etiam
1097 3427 1266 3496 materiam

143 3533 242 3600 habet
260 3551 319 3618 pro
339 3532 465 3599 formali
483 3532 624 3616 objecto.

209 3648 315 3724 Resp.
337 3658 409 3724 neg.
427 3637 609 3724 paritatem.
626 3637 908 3716 Ratioenim,cur
921 3640 1128 3728 Philosophia
1137 3653 1268 3711 natura·

143 3749 181 3815 lis
200 3757 233 3814 et
251 3748 420 3814 materiam
440 3755 472 3814 et
490 3748 630 3812 formam
656 3746 775 3812 directe
799 3765 836 3812 ac
860 3765 919 3831 per
941 3766 977 3813 se
997 3749 1197 3828 considerat,
1217 3761 1268 3820 est

143 3856 218 3942 quia
237 3863 375 3938 utraque
394 3853 560 3938 participat
579 3853 739 3920 rationem
760 3853 843 3920 entis
861 3853 1007 3933 mobilis,
1024 3875 1099 3941 quae
1119 3869 1170 3928 est
1186 3859 1267 3926 ratio

144 3964 304 4036 formalis,
324 3963 386 4028 sub
405 3979 471 4045 qua
488 3959 594 4027 tendit
613 3959 667 4026 illa
687 3959 831 4028 scientia.

187 4077 294 4155 Objic.
314 4076 364 4140 3.⁰
409 4069 578 4136 Tractatus
596 4069 637 4134 de
656 4067 777 4134 Anima
796 4086 861 4135 non
877 4071 987 4136 solum
1004 4073 1071 4157 agit
1085 4073 1126 4139 de
1140 4074 1267 4144 actibus

143 4180 325 4246 intellectus
345 4186 378 4242 et
397 4176 574 4243 voluntatis
598 4183 655 4241 aut
679 4193 856 4254 sensuum,
878 4178 1052 4246 sedetiam
1072 4182 1114 4247 de
1132 4182 1268 4269 objectis

143 4306 271 4354 eorum.
292 4285 377 4370 Ergo
394 4283 482 4350 idem
501 4281 676 4350 dicendum
697 4293 746 4350 est
763 4284 806 4349 de
825 4283 954 4370 Logica.

178 4465 219 4536 (1)
256 4461 399 4529 Lossada,
415 4462 469 4520 loe.
485 4461 535 4520 cit.
551 4481 582 4520 n.
598 4478 645 4530 ιο,
660 4459 739 4533 apud
753 4480 840 4532 quem
853 4460 921 4521 vide
935 4461 1048 4523 solutos
1063 4463 1094 4525 in
1108 4485 1139 4526 n.
1158 4487 1205 4539 ιι,
1220 4487 1266 4536 ar,

145 4551 303 4614 instantias
316 4564 415 4611 eontra
429 4551 505 4610 hanc
519 4551 695 4612 solutionem
707 4548 808 4610 factas.

180 4649 221 4713 (a)
257 4640 356 4714 Apud.
370 4639 503 4712 Lossad.,
518 4640 558 4700 ib.
579 4659 610 4700 u.
628 4660 670 4713 13.

181 4737 222 4806 (3)
259 4729 556 4804 Losead.,ib.n.13.
