3492 5525
1 401 3 450 l

1 623 3 696 l

293 475 412 538 Anrrc.
436 487 495 538 aa·
516 474 566 537 De
587 461 898 538 Anousreurnrrou'a
918 489 1108 556 nnoosrsrcr·
1155 469 1208 554 381

201 653 272 720 lluc
289 655 386 719 etiam
407 672 520 721 revoca
539 658 755 737 argumentum
771 652 914 722 mirabile
936 655 1166 738 iiludnempe,
1186 672 1254 736 quo
1287 666 1448 749 numerum

134 779 175 826 ex
211 761 412 828 antecedenti
449 760 650 827 concluditur
681 779 887 845 consequens
918 761 1025 827 eidem
1053 751 1289 830 antecedenti⁸
1316 737 1422 783 “mm‘'

135 885 336 954 repugnans;
355 867 520 952 servitque
539 868 673 952 proinde
692 869 825 935 mirifice
839 869 883 934 ad
895 870 1123 938 lacessendum
1142 847 1257 935 adver*-

135 974 257 1042 sarium
273 995 313 1041 ex
324 994 383 1041 sua
397 975 498 1059 ipsius
510 975 668 1042 doctrina.
685 975 729 1043 lta
743 985 854 1042 contra
868 974 1040 1042 Calvinum
1056 985 1256 1044 asserentem

137 1089 305 1167 peccatum
324 1083 366 1148 ab
391 1083 522 1148 homine
543 1101 608 1149 non
628 1083 726 1149 libere
744 1084 802 1149 sed
822 1084 1002 1150 necessario
1029 1085 1159 1167 patrari,
1179 1103 1259 1149 con·
1328 1131 1334 1144 .

136 1191 248 1256 eludes
266 1191 433 1256 hominem
454 1209 520 1256 non
539 1209 681 1274 peccare:
702 1191 765 1257 Per
783 1195 810 1258 te
829 1192 932 1268 bomo,
948 1210 1019 1257 cum
1032 1210 1095 1257 non
1108 1193 1263 1274 prevalet

135 1297 254 1382 gratia,
269 1302 378 1380 peccat
392 1299 576 1364 necessario.
606 1299 707 1382 Atqui
716 1299 880 1381 'peccalum
906 1299 1115 1365 necessarium
1136 1318 1199 1364 non
1216 1301 1263 1364 rsl

131 1403 471 1490 paramentum
483 1408 527 1472 ad
535 1407 728 1487 peccandum
740 1405 867 1472 libertas
880 1407 1066 1490 requiritur.
1080 1407 1164 1490 Ergo
1175 1406 1263 1471 bomo

138 1529 299 1596 nunquam
311 1516 429 1594 peccat.
450 1512 572 1578 Eodem
588 1523 682 1595 pacto
695 1521 807 1578 contra
826 1513 987 1598 scepticos
1005 1513 1073 1579 dari
1089 1513 1261 1580 veritatem

143 1618 311 1702 probabis:
328 1617 400 1686 Non
418 1621 515 1685 daber
530 1621 657 1688 veritas.
678 1621 756 1704 Ergo
773 1622 869 1686 datur
887 1621 1014 1687 ueritas.
1037 1619 1132 1686 Prob.
1148 1639 1259 1688 conse·

138 1743 262 1809 quens:
288 1725 372 1793 Nam
389 1726 560 1809 propositio
578 1727 656 1804 bec,
684 1730 756 1798 Non
777 1713 873 1794 dalrrr
891 1729 1020 1817 veritas,
1048 1731 1101 1793 uel
1121 1732 1169 1794 est
1187 1746 1263 1794 vera

137 1836 188 1898 orl
195 1833 299 1918 salsa.
318 1833 460 1911 Sinera,
479 1837 575 1900 datrrr
586 1835 718 1915 veritas
736 1833 767 1900 si
775 1836 879 1920 salsa,
899 1838 996 1901 datur
1021 1835 1114 1901 elr'am
1132 1836 1261 1912 ventos,
1311 1789 1337 1921 ζ

139 1941 213 2025 quic
239 1942 269 2007 si
284 1941 406 2026 salsum
431 1947 478 2008 eri
500 1962 563 2009 non
585 1943 661 2010 dari
687 1943 863 2020 verim,
891 1963 967 2028 ergo
990 1961 1099 2009 oerum
1124 1946 1172 2009 esi
1190 1941 1267 2008 dari
1339 1931 1346 1948 “

139 2049 300 2116 veritatem
314 2045 380 2137 (r).

209 2155 351 2221 Mirabile
371 2173 467 2239 porro
491 2157 608 2224 dicitur
636 2160 697 2224 hoc
721 2157 1014 2243 argumentationis
1037 2174 1163 2243 genus,
1189 2157 1266 2241 quia

141 2263 389 2329 admirationem
408 2264 614 2332 audientibus
638 2265 732 2350 parit,
753 2266 796 2332 ob
816 2267 954 2333 modurn
974 2264 1183 2332 concludendi
1211 2284 1267 2348 pa-

143 2373 331 2440 radoxicum
351 2383 383 2439 et
410 2375 664 2458 inexpectatum.
695 2373 789 2440 Ratio
813 2393 903 2450 vero,
923 2392 980 2439 cur
1006 2393 1048 2440 ex
1076 2373 1263 2459 hujusmodi

143 2481 409 2548 antecedentibus
434 2485 622 2567 oppositum
652 2483 817 2560 inseratur,
846 2492 908 2558 est,
929 2483 1005 2566 quia
1027 2480 1265 2566 propositiones

143 2589 205 2654 illae
224 2591 342 2656 saltem
363 2591 539 2656 virtualiter
558 2599 590 2655 et
607 2591 847 2674 aequivalenter,
868 2590 1049 2674 complexae
1067 2597 1157 2666 sunt,
1174 2589 1265 2655 ideo-

143 2715 209 2782 que
228 2698 354 2764 ratione
368 2715 497 2776 eorum,
512 2699 632 2783 quaein
648 2697 709 2766 illis
724 2698 879 2783 implicite
890 2699 1111 2775 continentur,
1123 2698 1174 2764 vel
1184 2714 1264 2781 sup-

142 2816 327 2890 ponuntur,
343 2807 399 2873 tali
418 2806 539 2875 virtute
553 2808 731 2874 donantur.

522 3030 824 3131 riurrc'unus
845 3054 895 3129 Π.

337 3223 408 3288 De
431 3224 822 3302 argumentatione
839 3222 1077 3305 probabili.

197 3437 271 3517 ¹84·
319 3435 374 3501 Est
399 3435 611 3523 syllogismus
628 3438 680 3504 vel
711 3440 953 3523 argumentatio
981 3437 1101 3504 iaciens
1129 3435 1265 3523 opinari,
1355 3444 1415 3500 Quid
1444 3518 1449 3527 Ι

145 3562 205 3609 seu
220 3560 296 3627 quae
315 3562 356 3609 ex
372 3553 508 3627 utraque
528 3545 578 3611 vel
602 3546 755 3614 alterutra
775 3546 941 3630 praemissa
961 3543 1117 3630 probabili
1136 3546 1269 3613 conclu·
1303 3526 1464 3642 'ffifflm

145 3651 274 3717 sionem
290 3650 407 3735 pariter
416 3652 615 3735 probabilem
627 3652 733 3720 insert.
745 3653 926 3720 probabilia
940 3666 1068 3731 autem,
1081 3651 1188 3737 inquit
1200 3652 1272 3718 Ari-

147 3758 480 3843 stupueruntque
496 3760 644 3825 videniur
655 3760 796 3826 onmibru
813 3765 871 3827 aut
884 3760 1033 3844 plurimis
1048 3759 1268 3843 eutrapienli-

147 3866 218 3940 hus,
232 3870 264 3932 ei
276 3866 335 3943 bis,
351 3868 403 3931 oei
414 3868 557 3933 omnibus
570 3868 787 3952 velplurimis,
802 3870 938 3935 maxime
950 3870 1032 3935 notis
1045 3874 1078 3935 et
1091 3870 1189 3935 claris
1202 3864 1267 3956 (2).

148 3972 196 4039 En
222 3972 365 4040 medium
385 3973 603 4043 extrinsecum
627 3976 858 4062 cognoscendi,
889 3994 1043 4062 quaenam
1061 3975 1104 4043 sit
1122 3976 1269 4043 doctrina

185 4206 228 4277 (ι)
264 4205 365 4265 Simile
378 4220 423 4266 est
435 4209 599 4280 exemplum
614 4207 687 4266 illud
701 4206 790 4268 scoti:
811 4209 866 4267 Est
882 4218 993 4267 lentum
1009 4216 1104 4284 paler.
1120 4210 1203 4285 Ergo
1215 4228 1273 4267 rrorr

147 4306 194 4355 est
213 4304 322 4355 mulum
332 4306 426 4372 paler.
444 4298 531 4357 Prob.
545 4317 662 4371 conseq.
675 4298 712 4357 Si
728 4308 771 4357 esi
787 4309 900 4358 rantum
913 4308 1009 4375 paler.
1024 4300 1106 4375 Ergo
1117 4308 1162 4358 esi
1175 4308 1271 4374 poter,

148 4406 220 4445 nam
234 4388 270 4446 ab
279 4387 422 4447 exclusiva
432 4386 469 4445 ad
483 4386 684 4461 praejacentem
697 4388 773 4447 volet
786 4409 901 4461 conseq.
909 4390 979 4462 Jam
992 4390 1023 4446 si
1030 4397 1074 4448 esi
1082 4397 1175 4464 pater.
1190 4390 1272 4463 Ergo

146 4472 298 4553 esifiir'rrr,
310 4498 378 4535 nom
392 4480 569 4555 correlolipa
578 4478 666 4536 simui
678 4488 755 4536 sunl.
771 4477 808 4539 se·
824 4488 920 4537 aulem
932 4478 1078 4553 cststlius,
1088 4480 1172 4537 aliud
1187 4500 1205 4538 a
1213 4487 1275 4554 po-

148 4572 195 4625 ire
219 4576 272 4635 cst,
287 4566 400 4625 ratione
412 4566 605 4640 oppositionis
623 4566 758 4627 relativae.
783 4569 861 4642 Ergo
874 4590 910 4628 ex
928 4570 978 4628 illa
1000 4568 1208 4643 propositione.
1221 4570 1274 4631 Esr

148 4664 265 4715 lantum
274 4663 369 4730 poter,
383 4657 513 4731 sequitur
527 4662 601 4733 quod
614 4668 724 4717 nonest
741 4668 852 4719 lantiam
864 4668 960 4735 paler.

187 4746 230 4817 (a)
266 4746 356 4807 Arist.
373 4746 424 4806 lib.
442 4770 464 4817 r,
484 4748 617 4830 Topicor.
633 4770 658 4809 c.
676 4771 699 4807 1.
974 4753 978 4759 ⁴
