3492 5525
670 448 900 528 Akme.
935 482 1056 538 aq„
1085 463 1422 544 Quomono
1454 482 1731 530 existar
1761 465 2195 532 Umvzasstz
2355 463 2472 548 695

313 625 758 729 distinguitur,
799 654 969 712 certe
998 644 1211 731 seipsa
1239 646 1685 732 distinguam
1719 648 2250 733 quandoquidem
2282 648 2437 713 nihfl
2475 646 2555 713 ab

311 752 436 818 alio
473 752 896 838 distinguitur
933 753 1052 819 nisi
1093 772 1207 838 per
1242 772 1430 821 suam
1471 755 1800 840 propriam
1839 739 2203 823 entitatem.
2238 754 2305 821 Si
2336 747 2553 839 autem

311 877 427 942 per
461 878 651 925 suam
678 862 1015 926 entitatem
1055 861 1512 947 distinguitur,
1555 873 1819 940 natura,
1853 881 2006 948 quae
2042 872 2146 929 est
2180 864 2245 929 in
2285 881 2422 928 uno
2458 861 2555 927 in-

309 952 600 1043 dividuo,
641 968 853 1052 seipsa
884 977 949 1036 et
986 969 1499 1054 independenter
1534 991 1570 1036 a
1598 971 1842 1055 quavis,
1857 970 1978 1037 alia
2006 972 2275 1038 entitate
2305 969 2557 1037 realiter

310 1074 611 1141 distincta
641 1076 897 1161 sibique
921 1079 1415 1162 supperaddita,
1450 1078 1783 1146 individua
1820 1086 1946 1147 est.
1987 1078 2235 1162 ltaque,
2265 1077 2411 1144 licet
2445 1078 2559 1143 ad-

309 1183 442 1249 sint
479 1183 544 1250 in
596 1184 947 1252 individuis
995 1188 1176 1270 plura
1213 1186 1566 1253 accidentia
1602 1186 2018 1254 individuali‘a
2074 1195 2140 1252 et
2195 1185 2556 1271 personalia

310 1292 562 1359 realiter
597 1293 901 1359 distincta
938 1294 1019 1358 ab
1072 1313 1300 1360 eorum
1341 1295 1620 1362 essentia
1675 1296 1778 1361 vel
1827 1302 2087 1371 natura,
2146 1294 2557 1379 agnoscenda

308 1412 532 1466 tamen
563 1410 662 1467 est
699 1401 764 1467 in
805 1399 1036 1485 quavis
1071 1412 1285 1468 creata
1321 1412 1550 1467 natura
1586 1403 1801 1486 aliqua
1837 1401 2067 1468 intima
2104 1402 2264 1468 ratio
2304 1401 2558 1468 realiter

309 1508 715 1585 indistincta,
777 1510 987 1593 ipsam
1035 1508 1104 1575 in
1143 1509 1462 1575 rationem
1517 1512 1665 1577 talis
1702 1508 2056 1577 individuae
2113 1520 2359 1576 naturae
2396 1494 2557 1576 con-

306 1616 624 1691 stituens,
666 1616 832 1684 sicut
871 1617 1031 1683 ratio
1071 1617 1450 1685 differentiae
1484 1617 1829 1701 specificae,
1864 1617 2123 1702 penitus
2160 1617 2379 1701 quoad
2418 1635 2552 1682 rem

310 1725 708 1803 indistincta,
738 1724 1079 1792 constituit
1116 1743 1328 1811 genus
1365 1725 1431 1790 in
1470 1726 1717 1791 ratione
1756 1725 2313 1812 speciequerum
2338 1726 2419 1792 de
2456 1724 2556 1791 his

305 1832 517 1899 fusius
554 1834 618 1898 in
650 1833 1005 1918 Ontologia
1033 1834 1484 1900 disserendum
1518 1842 1649 1909 est,
1683 1834 1797 1900 ubi
1824 1834 1906 1900 de
1934 1832 2351 1901 distinctione
2388 1834 2557 1900 inter

306 1941 554 2025 gradus
593 1940 1084 2028 metaphysicos
1123 1940 1405 2007 entitatis
1438 1938 1565 2028 (1).

395 2053 710 2115 Secunda
772 2071 933 2131 pars
986 2054 1336 2132 probatur.
1433 2050 1664 2114 Forma
1723 2048 2220 2115 universalitatis
2268 2057 2368 2115 est
2412 2048 2555 2115 uni-

304 2166 406 2221 tas
461 2163 528 2219 et
575 2143 1016 2222 communitas
1073 2156 1173 2221 vel
1231 2156 1524 2240 aptitudo
1569 2157 1650 2222 ad
1688 2157 1872 2240 plura
1910 2156 2205 2242 ejusdem
2270 2155 2555 2222 nominis

305 2282 381 2328 ac
418 2263 706 2330 rationis.
759 2263 962 2346 Atqui
991 2281 1128 2328 nec
1174 2271 1404 2328 natura
1449 2263 1815 2330 secundum
1872 2282 1943 2329 se
2000 2262 2549 2330 universalitatem

305 2371 524 2446 habet,
569 2390 687 2436 nec
716 2391 752 2435 a
781 2379 960 2454 parte
999 2371 1085 2435 rei
1126 2371 1256 2435 ulla
1292 2369 1899 2448 inveniturnatura,
1932 2390 2081 2454 quae
2112 2389 2241 2436 una
2278 2390 2428 2437 cum
2468 2370 2553 2437 sit

309 2478 580 2554 realiter,
623 2480 860 2543 realem
913 2478 1146 2544 habeat
1192 2477 1570 2562 hujusmodi
1625 2480 2167 2547 communitatem
2224 2497 2342 2544 seu
2388 2478 2553 2563 apti·
2609 2511 2613 2515 ·

303 2584 642 2671 tudinem,
685 2594 758 2651 ut
793 2585 947 2652 insit
985 2585 1279 2669 pluribus
1306 2584 1655 2653 individuis
1691 2605 1808 2670 per
1837 2585 2275 2661 identitatem,
2317 2606 2554 2670 quem-

304 2693 662 2758 admodum
701 2695 847 2759 suse
901 2692 1312 2759 ostendimus
1365 2701 1591 2758 contra
1630 2693 1965 2780 rigidiores
2022 2694 2333 2759 realistaS.
2385 2694 2550 2779 Ergo

305 2812 536 2866 natura
573 2801 1127 2868 universalitatem
1167 2799 1449 2867 nancisci
1481 2803 1729 2886 nequit,
1763 2802 1886 2870 nisi
1920 2811 2115 2886 prout
2142 2810 2243 2868 est
2271 2801 2337 2869 in
2366 2804 2552 2869 intel-³

303 2909 474 2974 lectu
510 2904 637 2995 (2).

438 3015 609 3081 Sane
667 3027 928 3091 natura,
968 3016 1069 3083 cui
1122 3016 1348 3084 accidit
1403 3016 1677 3084 intentio
1735 3016 2264 3093 universalitatis,
2306 3017 2549 3103 duplex

299 3131 560 3189 tantum
589 3142 734 3190 esse
757 3124 993 3189 habere
1016 3132 1257 3208 potest,
1290 3126 1566 3190 alterum
1590 3125 1754 3190 reale
1778 3124 1843 3189 in
1870 3123 2244 3202 individuis,
2269 3128 2545 3192 alterurn

301 3231 507 3296 ideale
569 3231 632 3298 in
691 3239 937 3297 mente.
992 3230 1476 3311 Quamobrem,
1537 3232 1849 3316 quoniam
1917 3242 2242 3318 repugnat
2302 3244 2547 3300 naturae

301 3340 515 3404 forma
545 3338 1046 3405 universalitatis
1083 3340 1148 3404 in
1177 3357 1299 3405 suo
1337 3358 1482 3405 esse
1519 3358 1593 3404 ac
1629 3347 1802 3404 statu
1842 3337 2017 3422 reali,
2063 3340 2385 3424 reliquum
2419 3354 2543 3419 est,

304 3455 378 3512 ut
415 3447 762 3513 convenire
802 3465 933 3513 non
983 3446 1192 3532 possit
1230 3447 1347 3517 nisi
1397 3448 1462 3512 in
1510 3457 1684 3513 statu
1723 3447 1943 3523 ideali,
1986 3455 2187 3531 atque
2233 3449 2396 3515 adeo
2435 3468 2550 3534 per

300 3553 753 3638 operationem
792 3556 1158 3621 intellectus
1185 3552 1324 3642 (3).

392 3668 630 3729 Tertia
673 3685 836 3746 pars
881 3671 982 3727 est
1015 3662 1425 3728 corollarium
1468 3662 1795 3728 secundae.
1841 3663 2006 3729 Nam
2056 3663 2109 3729 si
2149 3665 2357 3729 forma
2408 3665 2550 3730 uni·
2619 3685 2647 3713 n
2728 3686 2784 3714 un

299 3769 687 3836 versalitatis
741 3788 870 3836 non
901 3779 999 3836 est
1037 3770 1258 3845 realis,
1299 3771 1416 3835 sed
1453 3769 1715 3837 advenit
1754 3780 2000 3837 naturae
2038 3791 2118 3837 ex
2171 3770 2547 3855 operatione

2709 3826 2772 3858 ut
2796 3830 2836 3854 :n

297 3878 702 3959 intellectus;
748 3879 1015 3962 planum
1070 3885 1200 3952 est,
1262 3878 1624 3944 universale
1679 3878 2030 3944 formaliter
2090 3898 2221 3945 non
2272 3898 2466 3964 posse
2512 3899 2548 3946 a
2639 3877 2663 3928 'i
2715 3902 2736 3926 e
2828 3902 2888 3938 τι,

372 4115 452 4176 (ι)
527 4110 680 4168 Vide
708 4109 929 4168 interea
960 4109 1430 4180 complutensem
1461 4110 1664 4183 Logic.
1698 4109 1851 4181 disp.
1888 4131 1939 4181 3,
1971 4130 2029 4180 q.
2059 4132 2115 4184 4.

373 4209 452 4266 (a)
525 4199 677 4257 Vide
705 4198 770 4257 S.
811 4199 950 4266 Th.¹
996 4219 1043 4256 1.
1075 4219 1131 4270 p.
1173 4218 1230 4270 q.
1261 4200 1354 4271 85,
1404 4212 1512 4256 art.
1556 4220 1605 4270 3.
1647 4197 1718 4255 ad
1771 4208 1914 4268 1.¹·';
1953 4213 2063 4258 art.
2115 4221 2146 4257 2
2176 4199 2248 4257 ad
2292 4211 2439 4271 2.·¹·;
2477 4208 2552 4260 ι.·

297 4290 452 4349 Dist.
482 4311 567 4362 19,
588 4308 648 4360 q.
676 4307 727 4360 ς,
752 4304 863 4348 art.
900 4308 951 4357 ις
981 4287 1082 4346 lib.
1115 4310 1168 4363 7.
1189 4289 1446 4362 Metapa.
1476 4289 1604 4345 lect.
1644 4309 1728 4360 ¹33
1751 4288 1853 4346 lib.
1877 4309 1907 4346 2
1934 4290 2002 4348 de
2025 4289 2268 4360 Anima,
2297 4290 2425 4350 lect.
2462 4312 2546 4361 υς

297 4380 521 4452 Opusc.
553 4381 622 4437 de
649 4380 795 4437 Eme
821 4388 876 4436 et
902 4379 1176 4448 essentia,
1206 4398 1331 4449 cap.
1359 4397 1416 4449 43
1444 4377 1663 4450 Opusc.
1690 4380 1761 4436 de
1788 4379 2022 4436 Natura
2048 4381 2303 4455 generis,
2334 4400 2461 4453 cap.
2494 4400 2546 4453 53

294 4483 358 4527 et
385 4469 607 4542 Opusc.
643 4476 715 4526 1.'
742 4482 799 4526 et
828 4478 910 4525 2.·
937 4469 1005 4526 de
1032 4468 1499 4529 Universalt'bus.

370 4561 451 4633 (3)
526 4558 676 4617 Vide
706 4556 770 4617 S.
802 4557 1037 4628 Thom.‚
1073 4578 1118 4615 1.
1147 4577 1203 4628 p.
1234 4578 1292 4628 q.
1322 4558 1415 4626 85,
1445 4571 1558 4616 art.
1591 4578 1641 4628 3.
1664 4557 1736 4615 ad
1771 4571 1920 4628 1.⁰=²;
1942 4570 2053 4616 art.
2086 4578 2139 4616 2.
2169 4559 2244 4616 ad
2276 4574 2434 4629 κως
2475 4572 2550 4620 1.·

299 4649 454 4707 Dist.
493 4670 578 4720 19,
609 4668 668 4720 q.
705 4667 762 4720 5,
812 4661 921 4705 art.
962 4667 1020 4717 ις
1058 4646 1158 4705 lib.
1191 4658 1274 4704 2.·
1299 4646 1372 4705 de
1398 4647 1633 4713 Anima,
1668 4647 1796 4705 lect.
1835 4664 1920 4718 123
1965 4646 2184 4721 Opusc.
2224 4648 2293 4708 de
2320 4650 2467 4708 Eme
2494 4661 2548 4709 et

299 4740 578 4808 essentia,
608 4758 734 4811 cap.
761 4758 818 4811 4.
