3492 5525
548 461 584 507 ro
953 446 1177 513 lurreooucno

503 626 535 691 in
551 627 738 714 Physicam,
760 629 1023 696 Mathematicam
1040 641 1072 695 et
1092 633 1367 717 Metaphysicam;
1391 630 1529 715 practica
1543 647 1620 693 vero

503 736 535 799 in
551 735 705 799 Moralem
723 746 755 801 et
770 735 973 802 Rationalem
990 757 1047 803 seu
1063 738 1227 822 logicam.
1243 738 1364 803 Harum
1381 756 1476 822 porro
1490 736 1620 801 divisio

505 860 584 906 num
603 844 682 908 ratio
702 844 763 908 alio
779 844 810 908 in
828 846 899 909 loco
914 845 1078 910 reddenda
1091 847 1299 911 commodius
1314 858 1374 913 est.

466 956 469 963 '
570 948 695 1015 Omnes
715 952 783 1016 istae
808 964 913 1035 partes
932 952 1148 1035 Philosophiae
1169 954 1300 1034 aliquod
1318 971 1424 1037 genus
1438 958 1545 1016 reruni
1563 969 1621 1033 per

503 1075 617 1123 causas
632 1058 763 1125 ultimas
777 1060 997 1139 demonstran
1014 1060 1072 1124 sed
1085 1060 1250 1141 objectum
1267 1061 1496 1125 nonnullarum
1513 1067 1621 1142 potest

503 1167 668 1249 postulare
694 1166 840 1232 notitiam
861 1167 978 1251 objecti
1001 1166 1131 1232 alterius
1154 1168 1194 1231 ad
1218 1167 1491 1233 absolutissimam
1510 1165 1621 1249 cogni-

416 1306 418 1309 ·
503 1270 627 1337 tionem
651 1274 693 1337 rei
710 1292 766 1357 per
782 1292 899 1338 omnes
912 1292 1038 1339 causas.
1055 1273 1110 1339 Sic
1124 1275 1279 1340 Mathesis
1293 1276 1365 1339 licet
1380 1274 1411 1339 io
1427 1291 1488 1338 suo
1502 1292 1621 1358 genere

502 1379 705 1445 demonstrat
721 1400 777 1463 per
790 1399 904 1445 causas
918 1380 1067 1457 ultimas,
1087 1381 1313 1461 nihilominus,
1330 1380 1386 1462 qui
1402 1383 1498 1447 vellet
1511 1382 1619 1463 ipsum

502 1486 666 1571 objectum
692 1486 846 1553 Mathesis
866 1507 922 1571 per
943 1506 1057 1553 causas
1080 1506 1156 1553 suas
1183 1507 1397 1573 cognoscere,
1428 1489 1558 1552 deberet
1582 1488 1620 1550 ad

504 1598 681 1661 naturalem
699 1594 940 1679 Philosophiam
958 1593 1151 1679 confugere,
1168 1613 1243 1677 quae
1261 1605 1375 1661 tractat
1395 1595 1435 1659 de
1458 1595 1622 1679 corporeis

485 1704 710 1785 =substantiis3
732 1722 807 1769 nam
823 1722 919 1769 causa
940 1702 1113 1767 materialis
1131 1722 1189 1769 seu
1213 1705 1397 1787 subjectum
1422 1703 1622 1768 extensionis

503 1822 535 1879 et
550 1812 739 1894 quantitatis
757 1828 877 1894 corpus
892 1818 953 1875 est.
971 1811 1050 1875 ltem
1076 1811 1190 1876 ultima
1205 1812 1354 1875 absolute
1373 1829 1469 1876 causa
1484 1810 1622 1892 reliqua-

500 1935 573 1983 rum
585 1918 950 1983 omniumscientiarum
964 1918 996 1982 in
1007 1916 1229 2003 Metaphysica
1243 1919 1410 2000 reperitur,
1422 1936 1496 1999 quae
1511 1918 1622 2001 dispu-

503 2035 550 2093 tat
576 2033 648 2091 tum
674 2027 713 2091 de
740 2025 850 2109 primis
879 2045 920 2089 ac
941 2024 1103 2089 latissimis
1128 2025 1290 2107 principiis
1316 2034 1350 2089 et
1378 2024 1567 2090 notionibus
1590 2026 1622 2089 in

503 2135 618 2216 quavis
637 2133 695 2199 alia
716 2132 850 2198 scientia
865 2131 1105 2214 supponendis,
1125 2142 1198 2197 tum
1218 2132 1258 2195 de
1278 2137 1363 2207 lieo,
1384 2133 1441 2214 qui
1456 2141 1507 2197 est
1525 2150 1622 2198 causa

505 2239 665 2316 efficiens,
686 2238 790 2305 finalis
810 2247 841 2303 et
861 2236 1054 2321 exemplaris
1068 2256 1176 2302 rerum
1190 2239 1353 2303 omnium.

688 2416 706 2506 ἓ
731 2417 1047 2482 lll.-·-Prucos0m1a
1061 2434 1158 2482 omoo
1176 2434 1216 2480 er
1234 2433 1442 2483 eaooanssus

548 2560 581 2629 6.
628 2564 748 2627 Natura
759 2560 848 2624 dedit
862 2559 955 2625 nobis
966 2610 973 2634 ‚
986 2568 1022 2623 ut
1037 2560 1079 2623 ait
1095 2558 1237 2639 Seneca,
1256 2558 1426 2642 ingenium
1441 2560 1622 2634 curiosum,

502 2672 552 2736 vel
572 2670 853 2752 quemadmodum
864 2666 1020 2749 scriptum
1034 2665 1161 2747 reliquit
1172 2666 1379 2740 Aristoteles,
1394 2664 1446 2752 (1)
1461 2676 1493 2731 et
1509 2668 1626 2749 probat

502 2781 669 2863 eleganter
682 2777 714 2843 S.
737 2775 882 2840 Thomas
904 2772 955 2861 (2)
972 2792 1101 2838 <ramnes
1115 2774 1249 2838 homines
1271 2779 1387 2839 notzere
1405 2776 1487 2838 scire
1505 2776 1626 2840 deside-

501 2888 610 2950 rant.»
634 2883 742 2959 Quare
768 2880 872 2946 osicut
894 2881 1008 2946 oculus
1028 2881 1339 2946 naturaliter'lucem
1364 2882 1497 2963 requirit
1521 2894 1554 2947 et
1578 2883 1627 2947 vi-

290 3017 378 3060 nnium
391 3015 489 3069 philoso-
503 3011 594 3077 sum,
609 2999 641 3055 et
651 3007 768 3073 corpus
784 2999 933 3054 nostrum
947 3005 1037 3052 escas
1050 2996 1083 3050 et
1094 2999 1207 3068 potum
1219 2988 1377 3052 desiderat
1389 3008 1446 3071 per
1459 2999 1622 3070 naturam3

289 3087 372 3144 thud*
382 3086 490 3130 mli·
504 3099 546 3164 ita
562 3117 656 3162 mens
676 3107 785 3162 nostra
800 3095 939 3160 sciendae
958 3093 1100 3159 veritatis
1113 3093 1170 3157 Dei
1186 3107 1218 3157 et
1233 3112 1340 3158 rerum
1355 3114 1470 3161 causas
1487 3115 1626 3162 noscen-

347 3157 430 3204 ratione

505 3208 536 3272 di
554 3205 720 3290 proprium
736 3223 772 3268 ac
788 3203 933 3268 naturale
951 3201 1146 3265 desiderium
1162 3202 1270 3285 gerit»
1282 3199 1295 3288 (
1303 3199 1338 3288 3)
1635 3269 1643 3284 ,

570 3312 651 3376 llinc
674 3309 829 3386 efficitur,
855 3320 892 3373 ut
914 3326 991 3373 cum
1014 3307 1165 3371 homines
1189 3307 1300 3376 vident
1321 3311 1625 3393 effectusquorum

268 3417 284 3442 ’
384 3407 394 3420 ’
504 3438 618 3488 causas
631 3418 798 3503 ignorant,
820 3415 1036 3490 admirentur,
1053 3423 1086 3477 et
1100 3415 1139 3478 ad
1153 3433 1269 3480 causas
1282 3416 1527 3500 investigandas
1552 3439 1628 3503 pro-

504 3528 678 3612 pellantur;
701 3535 733 3590 et
757 3523 801 3588 sic
826 3523 958 3587 tandem
975 3519 1194 3604 philosophari
1212 3521 1383 3604 incipiunt.
1408 3523 1628 3592 «Naturaliter

502 3637 603 3710 inest,
635 3633 740 3715 inquit
763 3631 939 3714 Angelicus
968 3627 1087 3691 Doctor
1106 3627 1260 3692 omnibus
1285 3629 1475 3695 hominibus
1498 3632 1629 3698 deside-

504 3743 584 3806 rium
600 3738 819 3824 cognoscendi
834 3754 948 3799 causas
962 3753 1094 3808 eorum,
1110 3753 1184 3815 quae
1199 3737 1366 3815 videntur;
1390 3739 1477 3802 unde
1494 3751 1629 3823 propter

502 3846 750 3913 admirationem
776 3860 889 3907 eorum
915 3858 989 3922 quae
1012 3839 1222 3917 videbantur,
1244 3861 1386 3923 quorum
1414 3848 1522 3908 causae
1548 3848 1628 3911 late-

502 3956 597 4029 bant,
614 3951 765 4017 homines
783 3949 887 4033 primo
902 3947 1120 4029 philosophari
1135 3961 1328 4031 caeperunt»
1342 3947 1406 4036 (4).

366 4150 377 4172 .
459 4109 465 4120 ’
538 4119 577 4172 (1)
617 4105 991 4179 l.ib.1.·ltletapla.lnltio.

538 4207 577 4267 (a)
617 4199 648 4256 S.
665 4199 769 4256 Thom.
786 4197 824 4254 ib.
845 4197 910 4251 lect.
930 4215 940 4250 r
965 4193 1027 4250 Cir.
1044 4193 1119 4250 idem
1134 4193 1167 4252 S.
1186 4194 1306 4262 Doctor,
1330 4199 1373 4254 De
1398 4197 1527 4255 Verium
1544 4201 1633 4257 Fidei

504 4292 615 4350 Cothol.
631 4299 731 4345 contra
753 4287 868 4346 Gentes.
886 4284 935 4339 lib.
953 4304 979 4354 3.
1001 4302 1062 4352 cap.
1079 4302 1123 4349 25.
1143 4303 1202 4354 arg.
1218 4283 1630 4357 8Amplt'us-Naruralircr

503 4390 588 4540 Μῗςι)Ι
621 4467 763 4537 Origenes
774 4463 810 4519 de
825 4462 1001 4534 Principiis,
1017 4460 1066 4517 lib.
1080 4481 1106 4516 2.
1123 4481 1185 4530 cap.
1204 4481 1249 4526 rr,
1265 4483 1322 4532 aa.

539 4558 580 4629 (4)
617 4555 649 4612 S.
666 4555 769 4610 Thom.
787 4551 850 4609 Lib.
872 4559 908 4620 3.⁰
924 4550 1023 4607 Conlr.
1041 4548 1157 4606 Gentes.
1174 4550 1226 4606 loc.
1242 4549 1290 4607 cir.
1307 4551 1370 4609 Cir.
1392 4553 1440 4610 lib.
1463 4576 1472 4610 1
1496 4557 1628 4630 Meropia.

503 4649 566 4704 lect.
590 4667 614 4717 3.
639 4643 720 4700 initio
739 4661 805 4697 eum
829 4639 919 4695 Arist.
943 4638 982 4694 ib.
1004 4636 1053 4693 lib.
1075 4645 1111 4692 1.·
1125 4638 1255 4712 Metoph.
1272 4660 1333 4710 cap.
1359 4661 1385 4698 a.
1406 4657 1434 4699 et
1457 4643 1577 4702 Platon.
1599 4646 1629 4703 in

494 4737 601 4796 Tteet.
620 4751 686 4806 pag.
707 4747 737 4802 53
754 4730 790 4786 A.
807 4727 879 4786 edit.
900 4727 937 4782 H.
954 4723 1113 4796 Stephani,
1128 4725 1211 4784 Paris
1228 4729 1304 4799 1578.
