3492 5525
526 474 642 553 Anrrc‘.
665 502 725 552 av
741 489 871 554 Drvrsro
1159 502 1215 573 ²¹5

132 693 188 751 se,
217 674 259 740 ab
286 673 473 751 existentia,
501 673 676 759 reliquum.
695 683 746 741 est
779 673 1003 742 definitionem
1038 693 1092 743 eas
1119 693 1186 760 prae
1221 693 1257 742 se

133 785 217 848 ferre
235 782 356 848 debere
374 793 486 859 notas,
506 800 583 865 quae
603 783 648 848 rei
670 783 852 850 necessario
869 790 1066 868 competunt
1089 801 1148 866 pro
1167 771 1257 854 omni
1316 846 1321 856 ,

133 900 284 976 tempore
302 908 340 956 ac
357 889 543 968 duratione,
564 890 648 957 etin
667 890 758 957 omni
776 899 882 968 statu,
903 891 973 958 slve
992 890 1172 960 existentiae
1189 889 1258 959 sive
1311 935 1319 954 .

132 997 369 1083 possibilitatis.

487 1315 827 1393 ARTICULUS
848 1318 904 1392 ΙΙ.

525 1501 598 1567 De
619 1501 868 1593 Divisione.

180 1758 238 1820 82.
288 1751 415 1840 Divisio=
436 1761 486 1818 est
505 1754 607 1819 oratio
634 1761 741 1820 totum
765 1754 799 1821 in
818 1771 895 1821 suas
918 1761 1025 1838 partes
1050 1751 1259 1820 distribuens.
1297 1775 1452 1832 purarum.

134 1863 261 1929 Dicitur
274 1861 392 1936 mauu,
408 1859 485 1943 quia
495 1860 659 1926 dialectica
669 1861 786 1928 divisio
801 1880 868 1928 non
883 1873 932 1930 est
946 1861 1119 1927 materialis
1128 1879 1164 1926 ac
1179 1860 1262 1945 phy-

133 1974 201 2038 sica
216 1970 370 2053 quaedam
387 1968 525 2053 partium
541 1968 659 2045 sectio,
677 1969 736 2035 sed
748 1969 932 2053 complexio
945 1967 1179 2044 terminorum,
1197 1985 1262 2051 qua

133 2080 177 2145 de
196 2087 270 2144 toto
289 2077 400 2160 aliquo
418 2077 593 2159 loquentes
613 2087 722 2161 partes
746 2079 816 2161 ejus
839 2078 1059 2160 assignamus.
1088 2075 1195 2142 Totum
1213 2084 1263 2142 est
1336 2097 1415 2144 rorum

134 2205 208 2264 res,
225 2204 302 2268 quae
316 2184 486 2261 dividitur,
503 2194 535 2251 et
550 2184 709 2268 apellatur
724 2172 882 2266 diuisum
895 2187 1003 2266 partes
1020 2202 1099 2250 vero
1114 2183 1262 2250 membra
1316 2185 1343 2218 ⁸⁰
1355 2179 1435 2227 Μ’·

133 2293 330 2367 dividentia,
350 2292 402 2357 vel
420 2290 601 2359 divisionis.

203 2400 329 2466 Divisio
347 2398 407 2464 alia
424 2407 475 2464 est
492 2399 648 2476 nominis,
668 2400 729 2464 alia
746 2399 807 2464 rei.
828 2396 950 2465 Divisio
970 2395 1113 2465 nominis
1133 2397 1262 2483 proprio

135 2506 273 2574 nomine
293 2514 500 2611 nuncupatur
516 2502 694 2582 distinctio,
715 2515 830 2590 estque
843 2505 1027 2573 distributio
1047 2506 1196 2572 vocabuli
1211 2507 1262 2573 vel
1313 2492 1432 2611 affl„

133 2615 294 2682 orationis
317 2614 350 2680 in
378 2614 524 2680 diversas
548 2632 624 2680 suas
650 2613 905 2699 significationes
929 2621 985 2679 aut
1008 2632 1137 2680 sensus:
1171 2623 1208 2680 ut
1235 2613 1262 2680 si
1433 2598 1440 2618 '

134 2727 237 2793 dicas:
265 2723 338 2790 Vox
359 2701 486 2790 usurus
502 2723 608 2805 primo
632 2721 791 2822 significat
812 2723 933 2789 animi
959 2723 1132 2809 quoddam,
1151 2723 1264 2788 duride

135 2834 262 2917 Qnum
288 2832 423 2916 ccelesle,
443 2838 516 2895 tum
534 2829 623 2896 Asia
639 2834 784 2896 mntem.
805 2830 927 2896 Harum
947 2829 1155 2897 divisionum¹
1167 2832 1263 2915 plena

133 2950 215 3008 sunt
245 2938 362 3013 lexica,
382 2956 456 3020 quae
484 2938 628 3006 diversas
656 2957 776 3004 vocum
794 2939 971 3022 explanant
993 2937 1260 3023 significationes,

133 3050 167 3114 in
182 3047 306 3113 scholis
315 3064 394 3112 vero
406 3065 444 3110 ac
454 3044 729 3129 disputationibus
738 3045 1024 3129 frequentissimus
1037 3054 1086 3112 est
1098 3063 1176 3112 usus
1185 3065 1261 3112 cum

135 3154 303 3239 ambiguae
318 3154 406 3220 vocis
421 3154 474 3218 vel
492 3153 647 3219 orationis
666 3153 866 3219 enumeratis
887 3153 1057 3230 sensibus,
1078 3154 1261 3220 secundum

134 3266 278 3329 altemm
294 3260 510 3345 approbatur,
531 3261 715 3326 secundum
734 3261 871 3327 alterum
893 3260 1055 3345 respuitur
1069 3260 1261 3347 propositio.

206 3368 330 3435 Divisio
349 3366 393 3435 rei
409 3376 460 3433 est
474 3368 623 3452 eiusdem
644 3367 827 3434 distributio
842 3367 875 3433 in
899 3386 975 3435 suas
998 3377 1118 3454 partes.
1135 3368 1264 3453 Totque

135 3486 216 3545 sunt
232 3477 327 3543 realis
345 3474 513 3542 divisionis
527 3476 669 3559 species,
686 3483 770 3558 quot
792 3475 914 3554 Totius,
936 3477 1026 3560 quod
1050 3477 1263 3544 dividendum
1291 3474 1467 3552 rotumam-re

136 3598 200 3653 est.
225 3583 349 3650 Totum
370 3602 467 3668 porro
490 3581 577 3649 aliud
596 3593 646 3649 est
663 3586 801 3660 murale,
822 3583 910 3651 aliud
922 3584 1101 3666 potentiale.
1127 3583 1264 3651 Actuale
1314 3558 1444 3608 ‘¹⁰⁰¹¹¹¹''‘¹²

136 3702 207 3770 est,
218 3691 318 3777 ‘quod
331 3698 440 3775 partes
453 3701 528 3757 actu
551 3692 583 3758 in
598 3710 635 3757 se
649 3690 797 3757 includit.
818 3690 855 3756 Et
871 3699 980 3776 potest
995 3710 1065 3758 esse
1090 3693 1140 3758 vel
1163 3711 1266 3757 essen-

136 3801 214 3867 tiale
235 3800 288 3865 vel
312 3799 475 3882 integrale.
495 3798 618 3864 Totum
636 3798 798 3864 essentiale
815 3799 932 3866 dicitur
951 3808 1098 3883 respectu
1124 3800 1264 3884 partium

135 3907 262 3994 quibus
279 3924 331 3971 res
354 3904 386 3971 in
406 3924 466 3971 sua
484 3905 624 3971 essentia
643 3904 867 3974 constituitur:
893 3907 973 3973 tales
992 3917 1071 3973 sunt
1094 3926 1213 3992 corpus
1232 3919 1264 3974 et

136 4014 248 4081 anima
268 4012 303 4079 in
322 4012 509 4079 viventibus
530 4014 707 4098 corporeis.
733 4013 860 4097 Duplex
878 4023 928 4080 est
951 4024 1059 4081 totum
1079 4016 1263 4093 essentiale,
1323 4052 1440 4097 mmm,

130 4122 302 4208 physicum
324 4132 357 4187 et
374 4120 629 4204 metaphysicum,
654 4121 827 4208 physicum
848 4131 914 4197 est,
941 4124 1032 4205 quod
1055 4124 1206 4190 coalescit
1224 4143 1265 4189 ex
1337 4122 1426 4205 dude*

137 4228 288 4317 partibus
316 4228 442 4295 realiter
460 4228 635 4303 distinctis,
664 4230 778 4310 quales
802 4237 880 4295 sunt
908 4248 1026 4313 corpus
1054 4238 1087 4295 et
1105 4228 1213 4296 anima
1232 4232 1264 4297 in
1286 4192 1469 4325 ωἶῗῖζζῖἶζζ,

136 4338 295 4417 homine3
318 4336 582 4423 metaphysicum
597 4353 676 4401 vero
695 4346 763 4413 est,
781 4336 872 4418 quod
887 4337 1038 4403 coalescit
1062 4356 1102 4405 ex
1121 4337 1266 4422 partibus

134 4449 208 4513 sola
232 4442 360 4512 mentis
377 4444 636 4509 consideratione
659 4441 835 4517 distinctis,
854 4444 1039 4530 cujusmodi
1058 4453 1137 4512 sunt
1160 4445 1192 4512 in
1211 4466 1267 4513 eo-

134 4556 215 4621 dem
236 4552 376 4619 bomine
394 4550 577 4617 animalitas
591 4559 625 4616 et
644 4551 851 4618 rationalitas.
889 4568 893 4577 ’

203 4660 331 4728 Totum
360 4659 516 4747 integrale
543 4657 661 4725 dicitur
686 4666 835 4743 respectu
858 4657 1017 4743 partium,
1047 4678 1121 4743 quae
1141 4678 1206 4726 non
1226 4662 1266 4727 ad
1280 4692 1480 4753 nmmum,

138 4768 323 4837 essentiam
344 4766 388 4831 rei
407 4777 571 4851 spectant,
592 4766 650 4832 sed
669 4785 741 4831 eam
760 4766 958 4849 completam
982 4776 1080 4851 atque
1106 4769 1265 4853 integram

1291 3332 1375 3381 Divisio
1390 3335 1463 3380 realis.
