3492 5525
382 464 495 528 Anne.
521 477 580 527 ψ
601 460 651 525 Da
672 479 807 525 tatone
828 476 1031 523 rasarnoun,
1160 454 1216 517 oar

1048 562 1261 577 —-—-

136 642 361 718 ostendimus,
388 641 534 725 satisque
555 640 803 725 explanavimus
819 640 987 724 adjuncta,
1009 636 1181 719 inquibus
1202 654 1262 703 nec

137 748 569 834 iraus'necdeceptiotimeri
580 747 811 815 rationabiliter
820 754 941 832 potest.
953 745 1036 811 Vide
1047 763 1128 810 num
1138 742 1264 811 dubita·

138 878 175 923 re
188 876 290 943 queas
300 858 340 923 de
351 856 523 923 existentia
538 856 685 939 Berolini,
699 859 752 921 vel
763 855 887 929 Pekini,
901 854 952 920 vel
968 852 1092 937 imperii
1107 852 1260 927 Romani,

138 968 192 1034 vel
202 966 412 1051 Napol'eonis,
426 965 498 1031 licet
512 950 578 1030 itaec'
589 984 628 1031 ex
639 964 775 1030 aliorum
786 962 960 1031 dumtaxat
971 961 1125 1027 relatione
1136 978 1265 1044 accepe

138 1075 196 1141 ris.
214 1074 361 1140 Proiecto
376 1072 403 1139 si
415 1074 447 1139 id
461 1074 592 1149 lacereS,
611 1081 722 1138 mente
734 1080 849 1156 captus
864 1070 904 1135 ab
916 1069 1074 1168 omnibus
1088 1066 1261 1135 habereris.

185 1187 292 1264 Objic.
314 1188 364 1264 4.⁰
413 1180 581 1247 Certitudo
599 1178 689 1266 gigni
711 1178 825 1263 nequit
853 1177 914 1243 nisi
935 1197 975 1242 ex
1001 1178 1126 1242 motivo
1153 1174 1264 1258 aliquo

138 1288 334 1357 necessario.
370 1286 469 1372 Atqui
503 1288 625 1353 nullam
651 1289 749 1355 habet
782 1287 1009 1352 necessitatem
1035 1283 1264 1375 testimonium

138 1416 272 1472 eorum,
293 1395 349 1479 qui
368 1414 503 1479 capaces
522 1397 653 1461 luerunt
673 1394 794 1462 erroris
805 1414 840 1459 ac
860 1392 1032 1459 mendacii.
1054 1390 1148 1477 Ergo.

207 1512 312 1587 Resp.
336 1502 411 1570 dist.
432 1503 561 1590 Major„
590 1523 630 1583 ex
657 1502 781 1568 motivo
803 1501 985 1569 necessario
1005 1499 1075 1565 sive
1101 1499 1264 1573 absolute,

137 1611 210 1678 sive
229 1611 454 1698 hypothetice,
475 1612 544 1677 sive
569 1611 810 1698 metaphysice,
840 1610 908 1675 sive
928 1608 1080 1695 physice,
1107 1608 1175 1672 sive
1196 1623 1268 1670 mo-

139 1719 263 1796 raliter,
284 1737 386 1795 conc„
402 1737 448 1783 ex
462 1718 588 1784 motivo
608 1718 790 1784 necessario
804 1716 1018 1783 solummodo
1031 1716 1198 1788 absolute,
1216 1712 1267 1777 vel

139 1826 365 1912 metaplt'ys'ice
383 1834 440 1891 aut
457 1825 610 1913 physice,
630 1844 702 1909 neg.

209 1932 246 1999 Et
263 1932 521 2000 contradistincta
540 1934 674 2009 Minori,
695 1951 768 2016 neg.
788 1949 942 2015 conseq.-

188 2046 296 2124 Objic.
318 2046 366 2109 5.⁰
412 2040 535 2105 Saltem
554 2040 782 2107 testimonium
800 2040 924 2105 nullam
941 2037 1058 2104 retinet
1073 2035 1141 2102 vim
1156 2045 1269 2102 aucto·
1290 2114 1294 2123 Ι

140 2148 357 2231 ritatemque,
378 2166 453 2239 cum
474 2148 581 2233 agitur
599 2147 639 2212 de
661 2145 840 2214 miraculis.
1369 2140 1372 2145 ’

208 2257 309 2321 Nam:
342 2259 379 2339 a)
410 2255 692 2338 quemadmodum
717 2262 967 2339 argumentatur
991 2252 1150 2327 Humius,
1178 2248 1268 2315 infrr-

141 2364 228 2428 mior
246 2362 394 2446 probatio
413 2362 526 2427 cedere
547 2362 691 2429 validiori
710 2361 820 2427 debet.
838 2364 908 2443 Jam
937 2369 1049 2426 contra
1073 2357 1266 2423 miraculum

139 2478 208 2536 stat
227 2469 408 2537 constantia
427 2471 538 2555 legum
564 2470 773 2555 physicarum
800 2480 833 2535 et
856 2467 1047 2559 communis
1066 2464 1266 2550 expetentia,

141 2590 219 2661 quae
249 2578 321 2661 plus
355 2577 476 2642 habent
496 2574 667 2661 ponderis,
696 2596 796 2660 quarn
817 2576 943 2659 quaevis
961 2573 1134 2640 auctoritas
1154 2574 1270 2638 huma-

141 2704 199 2751 na.
216 2682 250 2772 β)
270 2685 432 2769 ltemque,
456 2694 491 2748 ut
510 2684 620 2750 scribit
639 2684 787 2759 Diderot,
811 2703 914 2749 errare
930 2683 1082 2749 homines
1102 2692 1158 2747 aut
1178 2697 1271 2745 men-

139 2794 196 2860 tiri
215 2783 406 2858 miraculum
427 2813 492 2858 non
512 2801 573 2859 est.
596 2793 679 2877 Ergo
698 2791 730 2857 id
745 2793 855 2876 potius
869 2791 1070 2857 credendum
1086 2798 1153 2867 est,
1170 2807 1270 2872 quam

141 2899 355 2978 miraculum,
376 2900 465 2983 quod
482 2909 623 2966 narrant.

212 3015 315 3090 Resp.
336 3025 408 3090 neg.
429 3015 543 3074 assert.
563 3009 647 3074 Nam
677 3006 703 3074 si
736 3005 900 3091 possibilia
925 3016 1004 3072 sunt
1032 3003 1203 3077 miracula,
1235 3009 1272 3067 ut

140 3124 230 3181 certe
249 3125 342 3190 sunt,
363 3115 514 3200 cognosci
534 3122 690 3200 possunt,
711 3135 787 3180 cum
807 3114 909 3189 liunt,
929 3120 963 3178 et
978 3111 1133 3178 veraciter
1152 3108 1271 3175 narrari

140 3222 187 3288 ab
205 3222 255 3298 iis,
275 3221 387 3306 quiea
407 3231 581 3290 noverunt.
602 3221 633 3287 Si
657 3242 737 3307 ergo
765 3242 806 3288 ex
834 3221 996 3308 adjunctis
1015 3221 1103 3284 nulla
1121 3217 1164 3284 sit
1192 3217 1272 3282 ratio

140 3330 314 3396 dubitandi
333 3331 373 3396 de
391 3330 525 3396 testium
545 3330 678 3397 scientia
705 3339 737 3395 et
765 3331 957 3406 veracitate,
988 3325 1101 3411 quidni
1130 3325 1212 3399 tides
1230 3324 1273 3390 sit

142 3437 347 3514 adhibenda,
364 3436 491 3504 etiamsi
510 3446 640 3503 narrent
654 3437 828 3504 miracula?

215 3545 266 3610 nd
297 3539 338 3632 α)“
359 3549 458 3612 trans.
488 3545 618 3632 Major„
646 3546 722 3611 dist.
753 3544 850 3629 prim.
881 3553 963 3629 part.
985 3539 1132 3607 Minoris.
1153 3539 1273 3605 Contra

142 3653 340 3719 miraculum
360 3663 409 3718 est
427 3633 612 3719 constantia
630 3632 741 3738 legum
757 3653 984 3738 physicarum,
1000 3667 1076 3732 quae
1089 3647 1202 3715 tamen
1218 3666 1274 3713 su·

140 3761 214 3827 bire
242 3759 405 3827 interdum
431 3777 488 3843 per
515 3759 572 3824 Dei
600 3760 872 3845 omnipotentiam
897 3760 1001 3825 valeat
1029 3756 1271 3840 exceptionem,

139 3885 247 3944 conc„
269 3867 451 3934 constantia
470 3867 702 3961 ineluctabilis,
722 3887 793 3953 neg.

214 3975 378 4058 Distinguo
389 3976 486 4041 etiam
502 3975 639 4040 alterum
656 3977 858 4043 membrum.
878 3975 999 4040 Contra
1014 3973 1207 4038 miraculum
1225 3979 1276 4036 est

140 4083 334 4150 communis
354 4083 551 4168 experientia
570 4085 667 4150 etiam
690 4084 763 4150 lacti
786 4083 891 4168 ipsius
907 4071 1107 4158 miraculosi,
1124 4078 1214 4164 quod
1225 4089 1275 4145 te·

142 4201 216 4258 stes
236 4199 382 4264 narrant,
403 4209 489 4275 neg„
511 4190 648 4257 aliorum
667 4193 844 4267 sactorum,
866 4192 1015 4255 transeat.

216 4298 362 4381 Denique
376 4298 454 4363 dist.
474 4297 608 4364 tertium
629 4299 831 4365 membrum.
850 4296 1042 4364 Constantia
1058 4296 1170 4380 legum
1191 4294 1273 4379 phy-

140 4405 287 4474 sicarum
299 4405 429 4471 firmius
440 4406 539 4473 habet
554 4407 696 4489 pondus,
714 4407 741 4473 si
754 4405 887 4490 quando
899 4404 1030 4470 aliunde
1044 4409 1172 4469 constet
1183 4400 1217 4466 in
1231 4419 1272 4465 eo

140 4516 220 4600 ipso
234 4531 329 4589 casu,
348 4531 407 4598 pro
422 4531 489 4596 quo
504 4513 621 4580 militat
636 4514 813 4581 auctoritas
825 4510 1018 4588 testimonii,
1036 4511 1159 4577 nullam
1171 4505 1273 4574 luisse

140 4625 181 4690 in
194 4623 270 4707 lege
288 4621 421 4706 physica
439 4621 684 4705 exceptionem,
704 4641 793 4687 conc.
810 4621 844 4687 Si
861 4620 894 4687 id
909 4637 976 4686 non
991 4627 1137 4694 constet,
1156 4635 1234 4701 neg.-

218 4730 269 4795 Ad
288 4726 322 4815 β)
340 4747 428 4794 conc.
449 4737 519 4798 ant.
540 4737 573 4795 et
591 4749 662 4814 neg.
683 4748 820 4813 conseq.
