3492 5525
541 449 597 531 382
729 453 855 520 Locren
875 455 1122 519 Mmorr-Drsn.
1150 468 1190 538 3.·
1211 456 1291 519 Can.
1317 471 1387 542 5.¹¹¹¹¹

500 633 550 698 vel
562 635 740 719 propositio
754 635 943 721 probabilis.
964 637 1142 713 Caeterum,
1154 637 1181 703 si
1190 636 1441 715 declarationem
1454 639 1498 706 rei
1512 639 1619 723 magis

477 735 485 758 ¹
499 737 648 806 intimam
661 743 790 826 quaeris,
802 743 880 812 illud
891 744 1008 812 dicitur
1017 743 1195 829 probabile,
1207 746 1299 828 quod
1309 745 1415 813 solido
1426 744 1538 813 nititur
1546 747 1619 812 iun-

498 845 655 916 damento
673 867 837 927 assensus,
858 851 930 918 lieet
950 861 1104 918 nontam
1123 852 1227 937 gravi,
1248 853 1338 936 quod
1356 854 1462 920 valeat
1480 871 1615 919 omnem

499 955 703 1024 formidinem
723 959 895 1042 expellere,
916 979 950 1026 v.
969 979 1004 1043 g.
1025 959 1094 1024 haec
1113 957 1302 1043 propositio:
1328 957 1517 1044 Obsequium
1537 959 1619 1025 ami-

429 1111 433 1122 .
498 1079 549 1128 cos
566 1065 724 1131 conciliat.
1143 1078 1147 1086 '
1215 1140 1219 1149 ,

500 1151 503 1165 ’
564 1169 685 1256 Opinio
698 1191 791 1250 vero,
808 1173 914 1257 inquit
927 1173 964 1240 S.
977 1171 1134 1249 Thomas,
1151 1173 1417 1259 sgnpicatactum
1430 1175 1625 1248 intellectus,

497 1276 554 1360 qui
560 1278 671 1362 fertur
687 1279 722 1344 in
738 1299 835 1346 unam
848 1285 970 1363 partem
994 1264 1249 1347 contradictionis
1266 1300 1336 1346 cum
1346 1281 1522 1366 formidine
1539 1283 1618 1346 olte-

498 1383 571 1450 rius
597 1382 661 1473 (r).
693 1386 912 1474 syllogismus
938 1397 1049 1454 autern
1072 1387 1245 1472 probabilis
1269 1399 1406 1456 vocatur
1435 1389 1618 1454 dialecticus

497 1487 530 1577 (a
547 1486 686 1586 διαλεγές
697 1490 772 1576 lar),
786 1495 879 1578 quasi
890 1494 1103 1578 domabas,
1120 1495 1197 1579 quia
1207 1496 1375 1580 proprium
1387 1505 1437 1561 est
1447 1495 1572 1582 logicae
1582 1496 1615 1560 in

497 1617 534 1663 ea
553 1610 653 1684 parte,
675 1620 749 1686 quae
767 1602 877 1669 stricte
895 1602 936 1668 ab
954 1601 1096 1688 antiquis
1106 1601 1277 1668 Dialectico
1291 1602 1479 1678 vocabatur,
1499 1603 1616 1670 docere

497 1707 633 1774 modum
653 1709 858 1794 probabiliter
885 1712 926 1776 de
952 1697 1068 1795 guavis
1091 1729 1125 1775 re
1143 1711 1330 1794 disputandi
1349 1730 1390 1776 ex
1416 1710 1616 1793 quibusdam

496 1813 575 1880 locis
600 1817 847 1884 communibus.
880 1817 975 1884 Unde
995 1827 1029 1884 et
1055 1818 1188 1900 topicam
1217 1818 1333 1884 dicitur
1359 1838 1378 1884 a
1400 1837 1483 1886 voce
1508 1837 1617 1902 graeca
1688 1828 1692 1836 ·

495 1941 585 1998 τοπος
604 1925 701 2000 ocus,
718 1925 840 1992 ratione
860 1927 978 1992 horum
992 1926 1220 1992 communium
1239 1928 1386 1992 locorum
1399 1926 1487 1991 unde
1497 1925 1617 2010 proba-

496 2027 568 2096 bilia
596 2041 786 2118 argumenta
805 2033 1055 2118 depromuntur.
1080 2032 1290 2117 Quamquam
1320 2033 1466 2100 nonnulli
1494 2034 1614 2100 horum

496 2137 655 2217 locorum,
672 2158 738 2207 non
749 2140 949 2225 probabilem
960 2143 1082 2216 solum,
1094 2141 1151 2206 sed
1166 2141 1263 2207 etlam
1274 2149 1394 2207 certam
1406 2140 1615 2225 suppeditare

495 2255 633 2329 possunt
653 2248 984 2332 argumentationem,
998 2257 1036 2314 ut
1053 2269 1087 2319 ν.
1104 2267 1139 2334 g.
1160 2247 1318 2316 definitio.

560 2353 642 2437 Hinc
656 2357 747 2422 vides
764 2355 939 2423 discrimen
958 2357 1042 2423 inter
1064 2355 1294 2444 syllogismum
1314 2356 1614 2424 demonstrativum

289 2453 384 2569 ΜΤ*
398 2469 469 2570 {gem
492 2479 528 2526 ac
543 2461 764 2540 dialecticum,
785 2464 860 2548 quia
875 2464 949 2529 licet
962 2464 1138 2530 convenire
1152 2464 1283 2548 penitus
1297 2464 1329 2530 in
1348 2465 1453 2530 lorma
1471 2465 1613 2548 possint,

288 2609 300 2640 ι
318 2609 330 2640 ι
389 2596 470 2642 num
492 2570 676 2655 discrepant
694 2571 726 2637 in
742 2571 881 2637 ‘materia
898 2569 980 2636 circa
997 2589 1116 2656 quam.
1135 2569 1420 2638 Demonstrativus
1444 2570 1533 2636 enim
1555 2591 1618 2655 po-

492 2679 593 2745 stulat
617 2679 732 2744 ambas
766 2677 950 2763 praemissas
976 2689 1079 2746 certas
1112 2697 1148 2744 ac
1176 2677 1389 2753 necessarias,
1425 2677 1615 2746 dialecticus

492 2796 603 2853 autem
623 2796 789 2863 neutram,
809 2806 886 2853 curn
905 2798 1052 2853 versetur
1064 2788 1147 2853 circa
1161 2787 1332 2853 materiam
1348 2786 1612 2871 contingentem3

492 2902 549 2961 aut
567 2894 593 2961 si
612 2894 745 2977 quando
764 2902 912 2960 versetur
924 2894 1009 2961 circa
1022 2894 1190 2960 materiam
1206 2894 1240 2959 in
1255 2912 1292 2960 se
1311 2894 1542 2985 necessariam,
1558 2894 1614 2959 illa
1730 2921 1731 2976 g

493 3020 558 3069 non
573 3010 661 3069 certo
675 3002 733 3067 sed
747 3000 912 3086 opinative
926 3002 1098 3067 dumtaxat
1106 3001 1314 3087 cognoscitur
1329 3000 1370 3066 ab
1379 3009 1616 3086 argumentan-

491 3117 540 3175 te.
557 3108 665 3185 Quare
679 3107 914 3175 demonstratio
927 3108 1033 3195 gignit
1047 3109 1216 3175 scientiam
1231 3127 1289 3174 seu
1303 3108 1525 3192 cognitionem
1539 3128 1615 3175 cer-

491 3226 577 3294 tam,
607 3216 790 3283 dialecticus
818 3234 897 3281 vero
924 3217 1029 3281 solam
1054 3216 1257 3301 opinionem,
1286 3216 1365 3299 quia
1388 3236 1464 3283 cum
1494 3217 1613 3284 ambas

491 3324 674 3409 praemisas,
691 3324 741 3389 vel
751 3333 837 3391 certe
851 3324 1038 3389 alterutram
1051 3323 1252 3407 probabilem
1265 3322 1395 3400 habeat,
1409 3322 1523 3407 nequit
1535 3342 1616 3391 con·
1729 3355 1730 3358 ¹

490 3431 671 3499 elusionem
689 3432 804 3497 elicere
825 3438 960 3496 certam.
976 3428 1268 3506 Quemadmodum
1297 3430 1326 3497 si
1342 3432 1406 3497 lroc
1422 3440 1517 3515 pacto
1535 3432 1614 3515 quis

490 3546 616 3626 arguat:
628 3536 856 3617 Omnisinfans
865 3536 924 3603 rite
932 3537 1118 3624 baptizabo,
1125 3538 1232 3621 patra
1240 3536 1456 3624 sanctificante
1462 3542 1611 3605 maner.

490 3646 591 3733 Atqui
606 3646 766 3715 Antonius
783 3646 842 3711 rile
859 3645 1035 3732 baptizatus
1046 3649 1104 3711 est.
1120 3646 1200 3729 Ergo
1207 3647 1315 3731 grado
1326 3646 1542 3733 sensificante
1557 3665 1616 3712 or-

489 3758 597 3833 natur,
608 3751 853 3821 conclusionem
865 3751 1067 3837 probabilem
1079 3753 1249 3819 dumtaxat
1259 3762 1296 3820 et
1307 3754 1511 3841 opinativam
1527 3752 1614 3821 obti-

491 3863 594 3931 nebit.
613 3859 774 3939 Quamvis
791 3860 881 3925 enirn
894 3858 998 3945 Major
1010 3859 1053 3925 sit
1070 3859 1112 3941 de
1126 3860 1219 3938 Fide,
1240 3869 1274 3926 at
1287 3860 1366 3946 quia
1378 3861 1517 3928 firmitas
1529 3880 1615 3928 con-

489 3968 644 4037 clusionis
655 3986 721 4035 non
732 3986 773 4035 ex
789 3967 919 4053 Maioris
931 3966 1046 4045 solius,
1061 3966 1121 4035 sed
1135 3986 1176 4034 err
1190 3967 1326 4035 Minoris
1338 3968 1439 4036 etiam
1452 3968 1613 4037 firmitate

489 4077 664 4163 dependet,
675 4076 703 4143 si
717 4074 795 4141 mini
809 4084 898 4141 certo
912 4092 979 4142 non
992 4084 1122 4142 constet
1131 4074 1314 4141 Antonium
1331 4077 1392 4143 rite
1405 4076 1611 4162 baptizatum

489 4204 577 4263 esse,
598 4182 712 4269 nequit
724 4182 821 4249 etiarn
839 4190 1001 4257 constare,
1012 4200 1094 4249 num
1106 4182 1210 4267 gratia
1220 4182 1445 4251 sanctificante
1458 4194 1611 4252 ornetur.

550 4294 620 4377 Jarn
639 4292 667 4359 si
681 4292 749 4357 loca
763 4287 971 4369 communia,
986 4291 1075 4356 unde
1089 4289 1268 4375 probabilia
1280 4301 1474 4377 argumenta
1488 4310 1615 4360 eruun-

487 4409 558 4479 tur,
577 4417 774 4487 cognoscere
792 4398 891 4473 velis,
910 4396 963 4463 adi
977 4398 1184 4465 Aristotelem
1202 4395 1267 4487 (a),
1287 4398 1324 4465 P.
1339 4398 1471 4466 Petrum
1489 4398 1615 4468 Fense-

523 4656 565 4721 (ι)
601 4647 1068 4725 innatorum-⁸⁶4⁸·

522 4744 565 4817 (a)
600 4740 633 4803 tn
647 4739 731 4801 uuis
746 4737 881 4813 rotor.
