3492 5525
760 175 767 208 l

371 437 448 500 Gne.
473 451 544 500 num
565 435 616 498 Dc
636 451 799 508 sumsero
819 452 998 502 contraris
1143 450 1203 515 417

123 617 225 684 modo
242 619 327 684 mala
338 617 420 704 fieri
436 621 467 683 ct
480 619 564 684 mala
582 635 645 682 non
652 617 733 704 fieri
748 616 994 698 contradictorie
1016 624 1240 701 opponuntur,

4 783 6 808 ,
122 733 157 790 al
174 743 252 791 vero
270 727 349 791 vella
365 727 449 790 arola
456 725 537 812 fieri
561 743 597 790 ac
615 727 693 790 velle
710 743 773 790 non
786 723 865 809 fieri
881 727 967 791 mla
989 743 1058 792 non
1080 722 1245 791 contradi·

4 813 6 850 ³
121 833 275 910 cton'am,
296 833 354 900 sed
371 833 565 900 contrariam
580 832 701 898 habent
715 831 956 916 oppositionem
976 829 1041 921 (r).
1295 914 1301 924 .

4 933 6 968 ³
191 940 283 1007 Unde
310 941 402 1006 vides
425 942 507 1006 delas
534 940 773 1024 propositiones
799 940 960 1025 objective
993 950 1028 1009 et
1057 941 1241 1008 secundum

121 1048 262 1133 logicam
276 1048 568 1118 considerationem
583 1047 864 1126 contradictorias,
879 1067 952 1116 esse
964 1049 1100 1136 physice
1113 1067 1153 1115 ac
1165 1047 1246 1116 sub-

117 1157 238 1240 jective
252 1157 438 1224 contrarias.
1202 1176 1206 1184 '

169 1270 245 1348 obj.
266 1264 319 1334 3.⁰
367 1265 445 1332 Esse
472 1274 591 1332 elnon
614 1283 686 1332 esse
704 1266 827 1332 habent
844 1283 882 1332 se
896 1263 1157 1332 contradictorie.
1178 1263 1245 1330 Sed

123 1390 240 1438 verum
259 1381 292 1437 et
309 1374 426 1440 salsum
446 1392 481 1442 se
495 1374 632 1450 habent,
648 1374 732 1440 sicut
745 1391 818 1442 esse
831 1381 946 1440 etnon
960 1391 1045 1440 esse.
1068 1372 1153 1458 Ergo
1166 1389 1247 1438 con-

4 1549 5 1556 4
121 1477 305 1546 tradictorie
323 1490 537 1567 opponuntur
555 1478 620 1569 (2).

4 1673 6 1690 μ
189 1594 294 1672 Resp.
322 1588 398 1656 dist.
423 1588 499 1674 Maj.
528 1589 604 1655 Esse
631 1597 664 1654 et
692 1608 758 1656 non
786 1607 857 1655 esse
882 1597 979 1672 prout
996 1587 1245 1655 considerantur

4 1711 6 1800 ξ
121 1693 283 1782 objective
301 1703 335 1760 et
357 1705 448 1762 extra
466 1697 687 1776 intellectum,
706 1715 811 1779 conc.;
830 1704 928 1780 prout
945 1695 1192 1762 considerantur
1209 1694 1243 1760 in

121 1803 305 1880 intellectu,
344 1823 403 1871 seu
436 1805 468 1870 in
501 1793 574 1871 ac'tu
610 1805 794 1871 intellectus
822 1803 1006 1870 affirmante
1037 1814 1071 1869 et
1102 1812 1243 1888 negante
1342 1857 1349 1871 .

4 1915 6 1932 ’
121 1930 211 1988 csse,
227 1930 294 1996 neg.

190 2020 244 2087 Est
272 2019 385 2086 eadem
412 2020 589 2088 difficultas
615 2013 684 2088 sub'
701 2021 770 2089 aliis
793 2021 944 2089 terminis
963 2021 1147 2108 proposita,
1168 2038 1243 2105 quae

121 2129 258 2212 proinde
276 2129 392 2194 eodem
414 2131 514 2196 modo
528 2141 579 2198 est
596 2131 780 2196 enodanda.
800 2128 989 2206 «Quamvis
1009 2147 1123 2196 verum
1140 2137 1173 2194 ct
1186 2130 1244 2194 lal-

120 2253 212 2313 sum,
228 2237 335 2319 inquit
353 2237 540 2303 Franciscus
559 2238 707 2325 Sylvius,
726 2247 824 2323 prout
838 2247 918 2304 sunt
931 2239 966 2304 ln
979 2240 1091 2315 rebus,
1104 2237 1244 2304 habeant

4 2393 5 2396 ,
120 2363 170 2420 se,
192 2347 234 2410 ut'
242 2363 314 2414 esse
332 2355 366 2410 et
384 2364 450 2411 non
469 2364 557 2428 esse;
579 2343 676 2430 prout
694 2355 804 2413 tamen
826 2347 952 2414 suntin
969 2347 1154 2425 intellectu,
1175 2365 1242 2412 non

4 2483 5 2488 .
121 2453 244 2518 habent
263 2471 318 2531 se,
340 2462 376 2520 ut
395 2472 468 2520 esse
486 2463 520 2520 et
538 2473 605 2520 non
629 2473 719 2531 esse,
738 2456 799 2521 sed
825 2455 910 2521 sicut
926 2455 1155 2538 apprehendere
1179 2473 1246 2520 esse

120 2570 156 2624 et
171 2561 397 2643 apprehendere
419 2581 483 2628 non
506 2580 589 2644 esse;
616 2573 648 2628 et
668 2582 724 2647 per
746 2581 953 2646 consequens
978 2563 1100 2629 habent
1116 2571 1245 2628 contra-

4 2693 5 2696 *
120 2669 269 2734 rietatem
284 2669 326 2734 ad
344 2670 509 2738 invicem»
527 2668 593 2758 (3).
619 2669 701 2737 Vide
719 2672 780 2738 alia
794 2672 881 2756 apud
897 2671 933 2737 S.
949 2669 1113 2738 Thomam
1131 2668 1197 2759 (4).

538 2990 738 3077 CAPUT
768 2990 819 3077 ll.

255 3192 358 3255 DE
389 3190 784 3257 SUBJEGTO
815 3190 1116 3259 LOGIGAE

483 3343 885 3413 VERITATIS.

171 3556 222 3605 lo.
269 3541 304 3606 ln
317 3539 505 3626 cognitione
523 3559 600 3607 vera
617 3542 750 3625 cogitari
769 3551 909 3625 possunt
927 3541 1000 3609 tria:
1022 3543 1156 3608 facultas
1174 3540 1245 3625 ipsa

118 3647 344 3733 cognoscitlva
358 3648 519 3741 veritatis,
538 3649 663 3733 specics
675 3646 896 3716 intentionalis
910 3661 943 3717 et
962 3650 1107 3728 habitus,
1123 3650 1246 3733 quibus

22 3830 36 3855 ⁶
118 3758 254 3837 iuuatur
271 3752 417 3841 potentia
430 3755 471 3824 ad
485 3756 772 3841 cognoscendum,
793 3766 825 3822 et
839 3756 910 3841 ipsa
924 3741 1068 3823 formalis
1085 3758 1241 3842 cognitio.

121 3864 211 3930 Cum
229 3880 308 3949 ergo
326 3863 511 3949 subjectum
530 3863 702 3947 inquiritur
719 3862 882 3942 veritatis,
901 3864 1121 3932 controversia
1138 3864 1249 3932 dehis

118 3971 227 4039 tribus
244 3970 368 4039 institui
385 3980 508 4058 posset.
525 3970 648 4037 Verum
663 3990 822 4055 quaerere,
839 3992 991 4057 quaenam
1006 3974 1174 4040 facultates
1186 3989 1243 4038 seu

119 4080 278 4166 potentiae
292 4078 425 4146 veritate
440 4079 623 4165 potiantur,
639 4080 774 4165 perinde
787 4088 849 4159 est,
863 4099 901 4147 ac
914 4099 1058 4165 quaerere
1071 4081 1113 4148 de
1128 4080 1246 4149 mediis

155 4296 197 4361 (r)
234 4292 311 4351 Vide
323 4292 357 4353 S.
371 4294 525 4364 Thomala,
545 4314 569 4352 r.
585 4314 615 4367 p.
631 4312 660 4365 q.
679 4314 725 4368 19,
742 4313 769 4354 s.
785 4316 813 4369 9,
829 4294 867 4354 ad
884 4310 953 4368 μω

156 4388 198 4451 (a)
235 4382 752 4457 S.Th.1p.q.17‚s.4,argum.
771 4396 809 4443 ιθ

156 4478 198 4541 (3)
235 4472 269 4531 ln
287 4484 344 4531 ι.·“
359 4485 447 4546 pach,
462 4493 492 4545 q.
512 4492 552 4546 17,
570 4493 602 4543 a.
615 4492 644 4547 4.
665 4472 727 4532 Cir.
741 4473 775 4532 S.
790 4474 847 4533 Th.
863 4474 904 4532 ib.
919 4474 958 4533 ad
974 4485 1020 4534 n·

156 4564 200 4635 (4)
236 4561 306 4623 Luc.
323 4560 372 4621 cit.
388 4561 448 4620 Sed
469 4561 535 4621 duae
555 4561 619 4621 aliae
632 4561 833 4631 difficultates,
852 4583 928 4636 quas
946 4564 1027 4637 apud
1041 4563 1075 4624 S.
1091 4564 1245 4625 Doctorem

119 4650 271 4721 inuenies,
285 4650 368 4711 facile
380 4651 552 4723 solvuntur,
562 4651 632 4725 quia
643 4672 702 4712 non
713 4652 873 4727 respiciunt
881 4654 1034 4715 ventutem
1044 4675 1078 4715 cc
1088 4654 1245 4727 falsitatem

119 4741 297 4859 logicam‘eo
310 4742 413 4814 modo,
427 4760 487 4815 quo
502 4764 519 4803 s
533 4740 618 4803 nobis
630 4741 866 4804 considerantur.
958 4761 963 4769 ·

1165 4864 1203 4929 ²7
