<?xml version="1.0" encoding="UTF-8"?>
<!DOCTYPE html PUBLIC "-//W3C//DTD XHTML 1.0 Transitional//EN"
    "http://www.w3.org/TR/xhtml1/DTD/xhtml1-transitional.dtd">
<html xmlns="http://www.w3.org/1999/xhtml" xml:lang="en" lang="en">
 <head>
  <title>
</title>
<meta http-equiv="Content-Type" content="text/html;charset=utf-8" />
  <meta name='ocr-system' content='tesseract 3.04.00' />
  <meta name='ocr-capabilities' content='ocr_page ocr_carea ocr_par ocr_line ocrx_word'/>
</head>
<body>
  <div class='ocr_page' id='page_1' title='image "./institutionesph00urrgoog/institutionesph00urrgoog_0687.png"; bbox 0 0 3492 5525; ppageno 0'>
   <div class='ocr_carea' id='block_1_1' title="bbox 412 445 1330 527">
    <p class='ocr_par' dir='ltr' id='par_1_1' title="bbox 412 445 1330 527">
     <span class='ocr_line' id='line_1_1' title="bbox 412 445 1330 527; baseline -0.004 -16"><span class='ocrx_word' id='word_1_1' title='bbox 412 448 530 511; x_wconf 77' lang='lat' dir='ltr'>Annio.</span> <span class='ocrx_word' id='word_1_2' title='bbox 555 460 615 513; x_wconf 67' lang='grc' dir='ltr'><em>ψ</em></span> <span class='ocrx_word' id='word_1_3' title='bbox 635 446 828 511; x_wconf 62' lang='lat' dir='ltr'>nannenus</span> <span class='ocrx_word' id='word_1_4' title='bbox 849 464 1004 513; x_wconf 76' lang='lat' dir='ltr'>marmore.</span> <span class='ocrx_word' id='word_1_5' title='bbox 1167 445 1226 527; x_wconf 82' lang='lat'>667</span> <span class='ocrx_word' id='word_1_6' title='bbox 1326 465 1330 474; x_wconf 65' lang='lat'>¹</span> 
     </span>
    </p>
   </div>
   <div class='ocr_carea' id='block_1_2' title="bbox 124 628 1459 3626">
    <p class='ocr_par' dir='ltr' id='par_1_2' title="bbox 139 628 1266 1042">
     <span class='ocr_line' id='line_1_2' title="bbox 150 628 1266 718; baseline -0.004 -21"><span class='ocrx_word' id='word_1_7' title='bbox 150 628 226 697; x_wconf 83' lang='lat' dir='ltr'>Tale</span> <span class='ocrx_word' id='word_1_8' title='bbox 250 634 352 697; x_wconf 75' lang='lat' dir='ltr'>aarum</span> <span class='ocrx_word' id='word_1_9' title='bbox 374 630 568 707; x_wconf 83' lang='lat' dir='ltr'>um&#39;uersale,</span> <span class='ocrx_word' id='word_1_10' title='bbox 594 634 678 718; x_wconf 82' lang='lat' dir='ltr'>quod</span> <span class='ocrx_word' id='word_1_11' title='bbox 704 632 796 699; x_wconf 87' lang='lat' dir='ltr'>Plato</span> <span class='ocrx_word' id='word_1_12' title='bbox 817 630 953 714; x_wconf 89' lang='lat' dir='ltr'>ponebat</span> <span class='ocrx_word' id='word_1_13' title='bbox 978 632 1174 713; x_wconf 68' lang='lat' dir='ltr'>separabam·</span> <span class='ocrx_word' id='word_1_14' title='bbox 1201 648 1266 695; x_wconf 89' lang='lat' dir='ltr'>non</span> 
     </span>
     <span class='ocr_line' id='line_1_3' title="bbox 139 737 1262 824; baseline -0.002 -19"><span class='ocrx_word' id='word_1_15' title='bbox 139 740 336 819; x_wconf 80' lang='lat' dir='ltr'>proedr&#39;cataar</span> <span class='ocrx_word' id='word_1_16' title='bbox 356 743 395 805; x_wconf 85' lang='lat' dir='ltr'>de</span> <span class='ocrx_word' id='word_1_17' title='bbox 410 740 476 805; x_wconf 84' lang='lat' dir='ltr'>sra&#39;s</span> <span class='ocrx_word' id='word_1_18' title='bbox 495 739 685 817; x_wconf 77' lang='lat' dir='ltr'>indiuiduis,</span> <span class='ocrx_word' id='word_1_19' title='bbox 710 758 765 805; x_wconf 85' lang='lat' dir='ltr'>nee</span> <span class='ocrx_word' id='word_1_20' title='bbox 786 739 916 824; x_wconf 77' lang='lat' dir='ltr'><em>aliquod</em></span> <span class='ocrx_word' id='word_1_21' title='bbox 932 738 1071 821; x_wconf 83' lang='lat' dir='ltr'>ipsorum</span> <span class='ocrx_word' id='word_1_22' title='bbox 1086 741 1135 804; x_wconf 89' lang='lat' dir='ltr'>est</span> <span class='ocrx_word' id='word_1_23' title='bbox 1149 737 1262 819; x_wconf 86' lang='lat' dir='ltr'>ipsum.</span> 
     </span>
     <span class='ocr_line' id='line_1_4' title="bbox 143 844 1262 930; baseline -0.002 -18"><span class='ocrx_word' id='word_1_24' title='bbox 143 846 227 930; x_wconf 83' lang='lat' dir='ltr'>Ergo</span> <span class='ocrx_word' id='word_1_25' title='bbox 253 851 395 913; x_wconf 88' lang='lat' dir='ltr'>autnon</span> <span class='ocrx_word' id='word_1_26' title='bbox 420 850 469 913; x_wconf 90' lang='lat' dir='ltr'>est</span> <span class='ocrx_word' id='word_1_27' title='bbox 489 856 602 929; x_wconf 82' lang='lat' dir='ltr'>ponere</span> <span class='ocrx_word' id='word_1_28' title='bbox 626 846 817 923; x_wconf 81' lang='lat' dir='ltr'>uniuersale,</span> <span class='ocrx_word' id='word_1_29' title='bbox 842 852 901 913; x_wconf 89' lang='lat' dir='ltr'>aut</span> <span class='ocrx_word' id='word_1_30' title='bbox 921 866 985 913; x_wconf 80' lang='lat' dir='ltr'>raon</span> <span class='ocrx_word' id='word_1_31' title='bbox 1004 849 1053 913; x_wconf 89' lang='lat' dir='ltr'>est</span> <span class='ocrx_word' id='word_1_32' title='bbox 1070 844 1116 911; x_wconf 86' lang='lat' dir='ltr'>sic</span> <span class='ocrx_word' id='word_1_33' title='bbox 1135 853 1262 928; x_wconf 82' lang='lat' dir='ltr'>ponere,</span> 
     </span>
     <span class='ocr_line' id='line_1_5' title="bbox 141 952 563 1042; baseline 0 -23"><span class='ocrx_word' id='word_1_34' title='bbox 141 954 228 1019; x_wconf 86' lang='lat' dir='ltr'>sicut</span> <span class='ocrx_word' id='word_1_35' title='bbox 243 954 336 1021; x_wconf 84' lang='lat' dir='ltr'>Plato</span> <span class='ocrx_word' id='word_1_36' title='bbox 348 952 513 1041; x_wconf 83' lang='lat' dir='ltr'>ponebat(</span> <span class='ocrx_word' id='word_1_37' title='bbox 537 952 563 1042; x_wconf 91' lang='lat'>).</span> 
     </span>
    </p>

    <p class='ocr_par' dir='ltr' id='par_1_3' title="bbox 142 1060 1266 1471">
     <span class='ocr_line' id='line_1_6' title="bbox 190 1060 1266 1146; baseline -0.006 -15"><span class='ocrx_word' id='word_1_38' title='bbox 190 1068 292 1131; x_wconf 81' lang='lat' dir='ltr'>Prob.</span> <span class='ocrx_word' id='word_1_39' title='bbox 312 1070 362 1130; x_wconf 59' lang='grc' dir='ltr'>ιθ</span> <span class='ocrx_word' id='word_1_40' title='bbox 407 1062 442 1129; x_wconf 90' lang='lat' dir='ltr'>Si</span> <span class='ocrx_word' id='word_1_41' title='bbox 470 1078 594 1129; x_wconf 87' lang='lat' dir='ltr'>naturae</span> <span class='ocrx_word' id='word_1_42' title='bbox 612 1062 809 1137; x_wconf 87' lang='lat' dir='ltr'>universales</span> <span class='ocrx_word' id='word_1_43' title='bbox 834 1060 1010 1129; x_wconf 86' lang='lat' dir='ltr'>existerent</span> <span class='ocrx_word' id='word_1_44' title='bbox 1033 1080 1090 1146; x_wconf 89' lang='lat' dir='ltr'>per</span> <span class='ocrx_word' id='word_1_45' title='bbox 1104 1078 1141 1127; x_wconf 86' lang='lat' dir='ltr'>se</span> <span class='ocrx_word' id='word_1_46' title='bbox 1159 1060 1266 1129; x_wconf 90' lang='lat' dir='ltr'>subsi-</span> 
     </span>
     <span class='ocr_line' id='line_1_7' title="bbox 143 1166 1265 1254; baseline -0.003 -18"><span class='ocrx_word' id='word_1_47' title='bbox 143 1178 271 1237; x_wconf 87' lang='lat' dir='ltr'>stentes</span> <span class='ocrx_word' id='word_1_48' title='bbox 290 1178 399 1237; x_wconf 86' lang='lat' dir='ltr'><strong>essent</strong></span> <span class='ocrx_word' id='word_1_49' title='bbox 419 1171 517 1237; x_wconf 90' lang='lat' dir='ltr'>simul</span> <span class='ocrx_word' id='word_1_50' title='bbox 536 1171 695 1237; x_wconf 84' lang='lat' dir='ltr'>distinrtae</span> <span class='ocrx_word' id='word_1_51' title='bbox 719 1181 817 1254; x_wconf 80' lang='lat' dir='ltr'>atque</span> <span class='ocrx_word' id='word_1_52' title='bbox 836 1166 1041 1240; x_wconf 79' lang='lat' dir='ltr'>identificatae</span> <span class='ocrx_word' id='word_1_53' title='bbox 1058 1188 1134 1234; x_wconf 88' lang='lat' dir='ltr'>cum</span> <span class='ocrx_word' id='word_1_54' title='bbox 1149 1168 1265 1235; x_wconf 88' lang='lat' dir='ltr'>indivi-</span> 
     </span>
     <span class='ocr_line' id='line_1_8' title="bbox 142 1264 1262 1365; baseline -0.002 -22"><span class='ocrx_word' id='word_1_55' title='bbox 142 1278 229 1343; x_wconf 88' lang='lat' dir='ltr'><strong>duis.</strong></span> <span class='ocrx_word' id='word_1_56' title='bbox 256 1276 358 1361; x_wconf 82' lang='lat' dir='ltr'>Atqui</span> <span class='ocrx_word' id='word_1_57' title='bbox 378 1264 591 1363; x_wconf 80' lang='lat' dir='ltr'>nilrilpotest</span> <span class='ocrx_word' id='word_1_58' title='bbox 617 1279 714 1345; x_wconf 90' lang='lat' dir='ltr'>simul</span> <span class='ocrx_word' id='word_1_59' title='bbox 739 1277 895 1363; x_wconf 83' lang='lat' dir='ltr'>distingui</span> <span class='ocrx_word' id='word_1_60' title='bbox 919 1285 953 1343; x_wconf 91' lang='lat' dir='ltr'>et</span> <span class='ocrx_word' id='word_1_61' title='bbox 975 1274 1262 1365; x_wconf 74' lang='lat' dir='ltr'>identificaricum</span> 
     </span>
     <span class='ocr_line' id='line_1_9' title="bbox 142 1386 364 1471; baseline 0.009 -22"><span class='ocrx_word' id='word_1_62' title='bbox 142 1386 218 1451; x_wconf 80' lang='lat' dir='ltr'>alio.</span> <span class='ocrx_word' id='word_1_63' title='bbox 239 1386 364 1471; x_wconf 83' lang='lat' dir='ltr'>Erg0...</span> 
     </span>
    </p>

    <p class='ocr_par' dir='ltr' id='par_1_4' title="bbox 142 1491 1264 1899">
     <span class='ocr_line' id='line_1_10' title="bbox 210 1491 1264 1578; baseline -0.004 -19"><span class='ocrx_word' id='word_1_64' title='bbox 210 1500 340 1577; x_wconf 77' lang='lat' dir='ltr'>Majm,</span> <span class='ocrx_word' id='word_1_65' title='bbox 359 1492 391 1558; x_wconf 93' lang='lat' dir='ltr'>in</span> <span class='ocrx_word' id='word_1_66' title='bbox 408 1502 575 1578; x_wconf 89' lang='lat' dir='ltr'>comperto</span> <span class='ocrx_word' id='word_1_67' title='bbox 596 1502 657 1559; x_wconf 89' lang='lat' dir='ltr'>est.</span> <span class='ocrx_word' id='word_1_68' title='bbox 679 1494 793 1560; x_wconf 86' lang='lat' dir='ltr'>Essent</span> <span class='ocrx_word' id='word_1_69' title='bbox 813 1510 956 1576; x_wconf 85' lang='lat' dir='ltr'>namque</span> <span class='ocrx_word' id='word_1_70' title='bbox 975 1491 1147 1567; x_wconf 74' lang='lat' dir='ltr'>distinctae,</span> <span class='ocrx_word' id='word_1_71' title='bbox 1167 1498 1264 1575; x_wconf 90' lang='lat' dir='ltr'>utpo-</span> 
     </span>
     <span class='ocr_line' id='line_1_11' title="bbox 142 1600 1264 1684; baseline -0.002 -19"><span class='ocrx_word' id='word_1_72' title='bbox 142 1608 176 1665; x_wconf 89' lang='lat' dir='ltr'>te</span> <span class='ocrx_word' id='word_1_73' title='bbox 195 1608 350 1684; x_wconf 85' lang='lat' dir='ltr'>separatae</span> <span class='ocrx_word' id='word_1_74' title='bbox 368 1600 410 1665; x_wconf 85' lang='lat' dir='ltr'>ab</span> <span class='ocrx_word' id='word_1_75' title='bbox 430 1600 619 1681; x_wconf 87' lang='lat' dir='ltr'>individuis;</span> <span class='ocrx_word' id='word_1_76' title='bbox 642 1602 718 1667; x_wconf 86' lang='lat' dir='ltr'>nihil</span> <span class='ocrx_word' id='word_1_77' title='bbox 739 1600 860 1684; x_wconf 86' lang='lat' dir='ltr'>quippe</span> <span class='ocrx_word' id='word_1_78' title='bbox 880 1608 1024 1683; x_wconf 85' lang='lat' dir='ltr'>potesta</span> <span class='ocrx_word' id='word_1_79' title='bbox 1043 1600 1151 1683; x_wconf 87' lang='lat' dir='ltr'>seipso</span> <span class='ocrx_word' id='word_1_80' title='bbox 1170 1616 1264 1683; x_wconf 89' lang='lat' dir='ltr'>sepa-</span> 
     </span>
     <span class='ocr_line' id='line_1_12' title="bbox 144 1705 1262 1792; baseline -0.001 -20"><span class='ocrx_word' id='word_1_81' title='bbox 144 1707 218 1772; x_wconf 85' lang='lat' dir='ltr'>rari.</span> <span class='ocrx_word' id='word_1_82' title='bbox 252 1707 368 1773; x_wconf 85' lang='lat' dir='ltr'>Essent</span> <span class='ocrx_word' id='word_1_83' title='bbox 398 1707 562 1784; x_wconf 78' lang='lat' dir='ltr'>identitas,</span> <span class='ocrx_word' id='word_1_84' title='bbox 597 1705 673 1792; x_wconf 85' lang='lat' dir='ltr'>quia</span> <span class='ocrx_word' id='word_1_85' title='bbox 699 1708 742 1775; x_wconf 91' lang='lat' dir='ltr'>de</span> <span class='ocrx_word' id='word_1_86' title='bbox 767 1706 943 1774; x_wconf 90' lang='lat' dir='ltr'>individuis</span> <span class='ocrx_word' id='word_1_87' title='bbox 972 1724 1030 1791; x_wconf 87' lang='lat' dir='ltr'>per</span> <span class='ocrx_word' id='word_1_88' title='bbox 1061 1705 1262 1774; x_wconf 84' lang='lat' dir='ltr'>identitatem</span> 
     </span>
     <span class='ocr_line' id='line_1_13' title="bbox 143 1814 517 1899; baseline 0.005 -18"><span class='ocrx_word' id='word_1_89' title='bbox 143 1814 370 1899; x_wconf 84' lang='lat' dir='ltr'>praedicantur.</span> <span class='ocrx_word' id='word_1_90' title='bbox 506 1858 517 1883; x_wconf 82' lang='lat'><strong>.</strong></span> 
     </span>
    </p>

    <p class='ocr_par' dir='ltr' id='par_1_5' title="bbox 124 1921 1262 2225">
     <span class='ocr_line' id='line_1_14' title="bbox 188 1921 1262 1997; baseline -0.002 -9"><span class='ocrx_word' id='word_1_91' title='bbox 188 1927 288 1988; x_wconf 84' lang='lat' dir='ltr'>Prob.</span> <span class='ocrx_word' id='word_1_92' title='bbox 312 1928 362 1991; x_wconf 72' lang='grc' dir='ltr'>3.ο</span> <span class='ocrx_word' id='word_1_93' title='bbox 407 1922 483 1989; x_wconf 88' lang='lat' dir='ltr'>Haec</span> <span class='ocrx_word' id='word_1_94' title='bbox 502 1941 578 1990; x_wconf 85' lang='lat' dir='ltr'>vera</span> <span class='ocrx_word' id='word_1_95' title='bbox 592 1934 642 1990; x_wconf 91' lang='lat' dir='ltr'>est</span> <span class='ocrx_word' id='word_1_96' title='bbox 656 1923 807 1990; x_wconf 83' lang='lat' dir='ltr'>assertio:</span> <span class='ocrx_word' id='word_1_97' title='bbox 823 1922 936 1989; x_wconf 85' lang='lat' dir='ltr'>Petrus</span> <span class='ocrx_word' id='word_1_98' title='bbox 948 1926 995 1988; x_wconf 85' lang='lat' dir='ltr'>est</span> <span class='ocrx_word' id='word_1_99' title='bbox 1006 1921 1109 1997; x_wconf 85' lang='lat' dir='ltr'>borno,</span> <span class='ocrx_word' id='word_1_100' title='bbox 1130 1930 1180 1986; x_wconf 88' lang='lat' dir='ltr'>et:</span> <span class='ocrx_word' id='word_1_101' title='bbox 1200 1921 1262 1989; x_wconf 86' lang='lat' dir='ltr'>Hic</span> 
     </span>
     <span class='ocr_line' id='line_1_15' title="bbox 124 2021 1259 2114; baseline 0 -20"><span class='ocrx_word' id='word_1_102' title='bbox 124 2030 233 2099; x_wconf 73' lang='lat' dir='ltr'>,canis</span> <span class='ocrx_word' id='word_1_103' title='bbox 253 2034 302 2096; x_wconf 90' lang='lat' dir='ltr'>est</span> <span class='ocrx_word' id='word_1_104' title='bbox 322 2030 455 2098; x_wconf 87' lang='lat' dir='ltr'>animal.</span> <span class='ocrx_word' id='word_1_105' title='bbox 487 2030 588 2114; x_wconf 78' lang='lat' dir='ltr'>Atqui</span> <span class='ocrx_word' id='word_1_106' title='bbox 614 2032 731 2098; x_wconf 85' lang='lat' dir='ltr'>falsum</span> <span class='ocrx_word' id='word_1_107' title='bbox 761 2040 811 2097; x_wconf 90' lang='lat' dir='ltr'>est</span> <span class='ocrx_word' id='word_1_108' title='bbox 839 2031 972 2104; x_wconf 85' lang='lat' dir='ltr'>Petrum</span> <span class='ocrx_word' id='word_1_109' title='bbox 995 2048 1067 2095; x_wconf 88' lang='lat' dir='ltr'>esse</span> <span class='ocrx_word' id='word_1_110' title='bbox 1085 2021 1259 2095; x_wconf 76' lang='lat' dir='ltr'>hominem</span> 
     </span>
     <span class='ocr_line' id='line_1_16' title="bbox 141 2134 1260 2225; baseline -0.001 -23"><span class='ocrx_word' id='word_1_111' title='bbox 141 2138 361 2214; x_wconf 83' lang='lat' dir='ltr'>abstractum,</span> <span class='ocrx_word' id='word_1_112' title='bbox 375 2146 408 2203; x_wconf 90' lang='lat' dir='ltr'>et</span> <span class='ocrx_word' id='word_1_113' title='bbox 418 2139 627 2204; x_wconf 85' lang='lat' dir='ltr'>hunccanem</span> <span class='ocrx_word' id='word_1_114' title='bbox 641 2156 712 2204; x_wconf 91' lang='lat' dir='ltr'>esse</span> <span class='ocrx_word' id='word_1_115' title='bbox 723 2138 841 2204; x_wconf 86' lang='lat' dir='ltr'>animal</span> <span class='ocrx_word' id='word_1_116' title='bbox 856 2146 1056 2221; x_wconf 85' lang='lat' dir='ltr'>separatum.</span> <span class='ocrx_word' id='word_1_117' title='bbox 1068 2136 1195 2224; x_wconf 79' lang='lat' dir='ltr'>Ergo...</span> <span class='ocrx_word' id='word_1_118' title='bbox 1209 2134 1260 2225; x_wconf 88' lang='lat'>(2)</span> 
     </span>
    </p>

    <p class='ocr_par' dir='ltr' id='par_1_6' title="bbox 134 2244 1459 3626">
     <span class='ocr_line' id='line_1_17' title="bbox 208 2244 1407 2332; baseline 0.005 -23"><span class='ocrx_word' id='word_1_119' title='bbox 208 2244 319 2328; x_wconf 86' lang='lat' dir='ltr'>ltaque</span> <span class='ocrx_word' id='word_1_120' title='bbox 346 2253 431 2311; x_wconf 85' lang='lat' dir='ltr'>recte</span> <span class='ocrx_word' id='word_1_121' title='bbox 449 2246 546 2312; x_wconf 89' lang='lat' dir='ltr'>docet</span> <span class='ocrx_word' id='word_1_122' title='bbox 570 2246 760 2332; x_wconf 82' lang='lat' dir='ltr'>Angelicus:</span> <span class='ocrx_word' id='word_1_123' title='bbox 786 2245 917 2313; x_wconf 84' lang='lat' dir='ltr'>Patet...</span> <span class='ocrx_word' id='word_1_124' title='bbox 942 2244 1108 2329; x_wconf 78' lang='lat' dir='ltr'>diligenter</span> <span class='ocrx_word' id='word_1_125' title='bbox 1127 2244 1263 2309; x_wconf 85' lang='lat' dir='ltr'>intuenti</span> <span class='ocrx_word' id='word_1_126' title='bbox 1336 2270 1407 2316; x_wconf 64' lang='lat' dir='ltr'>naeu</span> 
     </span>
     <span class='ocr_line' id='line_1_18' title="bbox 139 2341 1459 2459; baseline 0 -42"><span class='ocrx_word' id='word_1_127' title='bbox 139 2352 279 2419; x_wconf 83' lang='lat' dir='ltr'>rationes</span> <span class='ocrx_word' id='word_1_128' title='bbox 304 2352 464 2430; x_wconf 82' lang='lat' dir='ltr'>Platonis,</span> <span class='ocrx_word' id='word_1_129' title='bbox 484 2356 568 2439; x_wconf 87' lang='lat' dir='ltr'>quod</span> <span class='ocrx_word' id='word_1_130' title='bbox 587 2372 627 2419; x_wconf 85' lang='lat' dir='ltr'>ex</span> <span class='ocrx_word' id='word_1_131' title='bbox 650 2354 704 2419; x_wconf 84' lang='lat' dir='ltr'>boc</span> <span class='ocrx_word' id='word_1_132' title='bbox 721 2353 755 2417; x_wconf 87' lang='lat' dir='ltr'>in</span> <span class='ocrx_word' id='word_1_133' title='bbox 773 2372 831 2419; x_wconf 88' lang='lat' dir='ltr'>sue</span> <span class='ocrx_word' id='word_1_134' title='bbox 854 2351 1009 2435; x_wconf 69' lang='lat' dir='ltr'>positam</span> <span class='ocrx_word' id='word_1_135' title='bbox 1030 2352 1258 2437; x_wconf 67' lang='lat' dir='ltr'>erravitque</span> <span class='ocrx_word' id='word_1_136' title='bbox 1290 2341 1459 2459; x_wconf 53' lang='lat' dir='ltr'>Pffi‘gffin</span> 
     </span>
     <span class='ocr_line' id='line_1_19' title="bbox 138 2459 1258 2545; baseline 0.003 -22"><span class='ocrx_word' id='word_1_137' title='bbox 138 2459 287 2537; x_wconf 78' lang='lat' dir='ltr'>credidit,</span> <span class='ocrx_word' id='word_1_138' title='bbox 307 2462 391 2545; x_wconf 83' lang='lat' dir='ltr'>quod</span> <span class='ocrx_word' id='word_1_139' title='bbox 407 2462 516 2527; x_wconf 86' lang='lat' dir='ltr'>modus</span> <span class='ocrx_word' id='word_1_140' title='bbox 533 2462 581 2527; x_wconf 87' lang='lat' dir='ltr'>rei</span> <span class='ocrx_word' id='word_1_141' title='bbox 600 2462 759 2527; x_wconf 78' lang='lat' dir='ltr'>intellecta</span> <span class='ocrx_word' id='word_1_142' title='bbox 781 2462 815 2525; x_wconf 88' lang='lat' dir='ltr'>in</span> <span class='ocrx_word' id='word_1_143' title='bbox 832 2479 890 2527; x_wconf 87' lang='lat' dir='ltr'>suo</span> <span class='ocrx_word' id='word_1_144' title='bbox 906 2478 972 2527; x_wconf 87' lang='lat' dir='ltr'>esse</span> <span class='ocrx_word' id='word_1_145' title='bbox 992 2460 1037 2526; x_wconf 88' lang='lat' dir='ltr'>sit</span> <span class='ocrx_word' id='word_1_146' title='bbox 1050 2460 1134 2526; x_wconf 67' lang='lat' dir='ltr'>sieut</span> <span class='ocrx_word' id='word_1_147' title='bbox 1148 2462 1258 2526; x_wconf 83' lang='lat' dir='ltr'>modies</span> 
     </span>
     <span class='ocr_line' id='line_1_20' title="bbox 139 2567 1258 2653; baseline 0.003 -21"><span class='ocrx_word' id='word_1_148' title='bbox 139 2567 337 2652; x_wconf 83' lang='lat' dir='ltr'>intelligendi</span> <span class='ocrx_word' id='word_1_149' title='bbox 350 2586 414 2634; x_wconf 89' lang='lat' dir='ltr'>rem</span> <span class='ocrx_word' id='word_1_150' title='bbox 433 2569 542 2650; x_wconf 82' lang='lat' dir='ltr'>ipsam.</span> <span class='ocrx_word' id='word_1_151' title='bbox 564 2570 605 2635; x_wconf 81' lang='lat' dir='ltr'>Et</span> <span class='ocrx_word' id='word_1_152' title='bbox 619 2568 688 2635; x_wconf 83' lang='lat' dir='ltr'>ideo</span> <span class='ocrx_word' id='word_1_153' title='bbox 701 2568 775 2653; x_wconf 88' lang='lat' dir='ltr'>quia</span> <span class='ocrx_word' id='word_1_154' title='bbox 787 2569 909 2635; x_wconf 84' lang='lat' dir='ltr'>invenit</span> <span class='ocrx_word' id='word_1_155' title='bbox 919 2568 1105 2635; x_wconf 83' lang='lat' dir='ltr'>intellectum</span> <span class='ocrx_word' id='word_1_156' title='bbox 1117 2572 1258 2635; x_wconf 84' lang='lat' dir='ltr'>nostrum</span> 
     </span>
     <span class='ocr_line' id='line_1_21' title="bbox 137 2674 1257 2772; baseline 0.003 -33"><span class='ocrx_word' id='word_1_157' title='bbox 137 2674 305 2757; x_wconf 77' lang='lat' dir='ltr'>dupliciter</span> <span class='ocrx_word' id='word_1_158' title='bbox 314 2676 468 2772; x_wconf 80' lang='lat' dir='ltr'>abstracta</span> <span class='ocrx_word' id='word_1_159' title='bbox 484 2674 670 2762; x_wconf 77' lang='lat' dir='ltr'>intelligere,</span> <span class='ocrx_word' id='word_1_160' title='bbox 686 2694 749 2742; x_wconf 91' lang='lat' dir='ltr'>uno</span> <span class='ocrx_word' id='word_1_161' title='bbox 763 2678 851 2741; x_wconf 84' lang='lat' dir='ltr'>modo</span> <span class='ocrx_word' id='word_1_162' title='bbox 863 2676 945 2741; x_wconf 75' lang='lat' dir='ltr'>siaul</span> <span class='ocrx_word' id='word_1_163' title='bbox 956 2676 1150 2742; x_wconf 79' lang='lat' dir='ltr'>universalia</span> <span class='ocrx_word' id='word_1_164' title='bbox 1164 2674 1257 2743; x_wconf 85' lang='lat' dir='ltr'>intel·</span> 
     </span>
     <span class='ocr_line' id='line_1_22' title="bbox 138 2783 1257 2870; baseline 0.004 -23"><span class='ocrx_word' id='word_1_165' title='bbox 138 2783 263 2867; x_wconf 85' lang='lat' dir='ltr'>ligimus</span> <span class='ocrx_word' id='word_1_166' title='bbox 278 2785 433 2850; x_wconf 86' lang='lat' dir='ltr'>abstracto</span> <span class='ocrx_word' id='word_1_167' title='bbox 451 2805 472 2852; x_wconf 89' lang='lat' dir='ltr'>a</span> <span class='ocrx_word' id='word_1_168' title='bbox 488 2785 718 2870; x_wconf 79' lang='lat' dir='ltr'>singularibus,</span> <span class='ocrx_word' id='word_1_169' title='bbox 742 2785 807 2851; x_wconf 91' lang='lat' dir='ltr'>atio</span> <span class='ocrx_word' id='word_1_170' title='bbox 828 2787 918 2851; x_wconf 88' lang='lat' dir='ltr'>modo</span> <span class='ocrx_word' id='word_1_171' title='bbox 939 2786 1021 2851; x_wconf 82' lang='lat' dir='ltr'>sicut</span> <span class='ocrx_word' id='word_1_172' title='bbox 1044 2786 1257 2855; x_wconf 77' lang='lat' dir='ltr'>mathematice</span> 
     </span>
     <span class='ocr_line' id='line_1_23' title="bbox 137 2878 1260 2980; baseline 0.003 -24"><span class='ocrx_word' id='word_1_173' title='bbox 137 2878 332 2958; x_wconf 81' lang='lat' dir='ltr'>abstractae</span> <span class='ocrx_word' id='word_1_174' title='bbox 350 2893 558 2968; x_wconf 82' lang='lat' dir='ltr'>sensibilibus,</span> <span class='ocrx_word' id='word_1_175' title='bbox 583 2892 706 2980; x_wconf 83' lang='lat' dir='ltr'>utrr&#39;que</span> <span class='ocrx_word' id='word_1_176' title='bbox 729 2892 934 2959; x_wconf 78' lang='lat' dir='ltr'>abstractioni</span> <span class='ocrx_word' id='word_1_177' title='bbox 959 2893 1132 2959; x_wconf 86' lang='lat' dir='ltr'>intellectus</span> <span class='ocrx_word' id='word_1_178' title='bbox 1152 2894 1260 2976; x_wconf 80' lang='lat' dir='ltr'>posuit</span> 
     </span>
     <span class='ocr_line' id='line_1_24' title="bbox 138 2999 1270 3083; baseline 0.003 -20"><span class='ocrx_word' id='word_1_179' title='bbox 138 3001 320 3082; x_wconf 82' lang='lat' dir='ltr'>respondere</span> <span class='ocrx_word' id='word_1_180' title='bbox 336 2999 574 3066; x_wconf 79' lang='lat' dir='ltr'>abstractionem</span> <span class='ocrx_word' id='word_1_181' title='bbox 582 3002 615 3065; x_wconf 90' lang='lat' dir='ltr'>in</span> <span class='ocrx_word' id='word_1_182' title='bbox 625 2999 764 3066; x_wconf 82' lang='lat' dir='ltr'>essentiis</span> <span class='ocrx_word' id='word_1_183' title='bbox 782 3019 899 3068; x_wconf 85' lang='lat' dir='ltr'>rerum.</span> <span class='ocrx_word' id='word_1_184' title='bbox 919 2999 1009 3068; x_wconf 83' lang='lat' dir='ltr'>Unde</span> <span class='ocrx_word' id='word_1_185' title='bbox 1020 3002 1130 3083; x_wconf 88' lang='lat' dir='ltr'>posuit</span> <span class='ocrx_word' id='word_1_186' title='bbox 1145 3004 1174 3067; x_wconf 87' lang='lat' dir='ltr'>et</span> <span class='ocrx_word' id='word_1_187' title='bbox 1191 3011 1270 3066; x_wconf 56' lang='lat' dir='ltr'>ma-t</span> 
     </span>
     <span class='ocr_line' id='line_1_25' title="bbox 138 3106 1257 3191; baseline 0.004 -21"><span class='ocrx_word' id='word_1_188' title='bbox 138 3106 302 3172; x_wconf 83' lang='lat' dir='ltr'>thematica</span> <span class='ocrx_word' id='word_1_189' title='bbox 318 3125 381 3174; x_wconf 85' lang='lat' dir='ltr'>esse</span> <span class='ocrx_word' id='word_1_190' title='bbox 398 3112 557 3191; x_wconf 86' lang='lat' dir='ltr'>separato,</span> <span class='ocrx_word' id='word_1_191' title='bbox 576 3113 608 3174; x_wconf 88' lang='lat' dir='ltr'>et</span> <span class='ocrx_word' id='word_1_192' title='bbox 626 3109 750 3191; x_wconf 86' lang='lat' dir='ltr'>species.</span> <span class='ocrx_word' id='word_1_193' title='bbox 774 3109 841 3174; x_wconf 87' lang='lat' dir='ltr'>Hoc</span> <span class='ocrx_word' id='word_1_194' title='bbox 858 3113 961 3174; x_wconf 87' lang='lat' dir='ltr'>autem</span> <span class='ocrx_word' id='word_1_195' title='bbox 978 3127 1041 3175; x_wconf 89' lang='lat' dir='ltr'>non</span> <span class='ocrx_word' id='word_1_196' title='bbox 1059 3113 1257 3176; x_wconf 82' lang='lat' dir='ltr'>estnecessa·</span> 
     </span>
     <span class='ocr_line' id='line_1_26' title="bbox 138 3215 1260 3303; baseline 0.002 -23"><span class='ocrx_word' id='word_1_197' title='bbox 138 3215 237 3290; x_wconf 86' lang='lat' dir='ltr'>rium,</span> <span class='ocrx_word' id='word_1_198' title='bbox 257 3233 332 3280; x_wconf 88' lang='lat' dir='ltr'>nam</span> <span class='ocrx_word' id='word_1_199' title='bbox 349 3216 523 3282; x_wconf 84' lang='lat' dir='ltr'>intellectus</span> <span class='ocrx_word' id='word_1_200' title='bbox 540 3216 599 3282; x_wconf 85' lang='lat' dir='ltr'>etsi</span> <span class='ocrx_word' id='word_1_201' title='bbox 609 3216 767 3300; x_wconf 85' lang='lat' dir='ltr'>intelligat</span> <span class='ocrx_word' id='word_1_202' title='bbox 777 3234 828 3282; x_wconf 86' lang='lat' dir='ltr'>res</span> <span class='ocrx_word' id='word_1_203' title='bbox 836 3223 896 3298; x_wconf 86' lang='lat' dir='ltr'>per</span> <span class='ocrx_word' id='word_1_204' title='bbox 909 3217 982 3295; x_wconf 85' lang='lat' dir='ltr'>boe,</span> <span class='ocrx_word' id='word_1_205' title='bbox 997 3219 1082 3303; x_wconf 85' lang='lat' dir='ltr'>quod</span> <span class='ocrx_word' id='word_1_206' title='bbox 1090 3217 1204 3284; x_wconf 88' lang='lat' dir='ltr'>similis</span> <span class='ocrx_word' id='word_1_207' title='bbox 1211 3222 1260 3283; x_wconf 90' lang='lat' dir='ltr'>est</span> 
     </span>
     <span class='ocr_line' id='line_1_27' title="bbox 135 3321 1256 3412; baseline 0.004 -26"><span class='ocrx_word' id='word_1_208' title='bbox 135 3322 193 3399; x_wconf 77' lang='lat' dir='ltr'>ers,</span> <span class='ocrx_word' id='word_1_209' title='bbox 213 3326 365 3407; x_wconf 82' lang='lat' dir='ltr'>quantum</span> <span class='ocrx_word' id='word_1_210' title='bbox 376 3325 421 3388; x_wconf 89' lang='lat' dir='ltr'>ad</span> <span class='ocrx_word' id='word_1_211' title='bbox 431 3321 558 3406; x_wconf 83' lang='lat' dir='ltr'>speciem</span> <span class='ocrx_word' id='word_1_212' title='bbox 571 3323 807 3408; x_wconf 79' lang='lat' dir='ltr'>intelligibilem,</span> <span class='ocrx_word' id='word_1_213' title='bbox 818 3331 878 3407; x_wconf 86' lang='lat' dir='ltr'>per</span> <span class='ocrx_word' id='word_1_214' title='bbox 890 3325 1075 3412; x_wconf 81' lang='lat' dir='ltr'>quamfitin</span> <span class='ocrx_word' id='word_1_215' title='bbox 1089 3328 1178 3402; x_wconf 84' lang='lat' dir='ltr'>actu,</span> <span class='ocrx_word' id='word_1_216' title='bbox 1193 3343 1256 3391; x_wconf 89' lang='lat' dir='ltr'>non</span> 
     </span>
     <span class='ocr_line' id='line_1_28' title="bbox 137 3429 1256 3520; baseline 0.005 -26"><span class='ocrx_word' id='word_1_217' title='bbox 137 3433 239 3496; x_wconf 88' lang='lat' dir='ltr'>tamen</span> <span class='ocrx_word' id='word_1_218' title='bbox 252 3433 384 3513; x_wconf 81' lang='lat' dir='ltr'>oportet,</span> <span class='ocrx_word' id='word_1_219' title='bbox 404 3433 488 3516; x_wconf 82' lang='lat' dir='ltr'>quod</span> <span class='ocrx_word' id='word_1_220' title='bbox 503 3433 593 3497; x_wconf 84' lang='lat' dir='ltr'>modo</span> <span class='ocrx_word' id='word_1_221' title='bbox 609 3431 666 3497; x_wconf 91' lang='lat' dir='ltr'>illo</span> <span class='ocrx_word' id='word_1_222' title='bbox 679 3429 845 3516; x_wconf 86' lang='lat' dir='ltr'>sitspecies</span> <span class='ocrx_word' id='word_1_223' title='bbox 860 3433 895 3500; x_wconf 92' lang='lat' dir='ltr'>in</span> <span class='ocrx_word' id='word_1_224' title='bbox 908 3433 1082 3510; x_wconf 85' lang='lat' dir='ltr'>intellectu,</span> <span class='ocrx_word' id='word_1_225' title='bbox 1098 3453 1159 3520; x_wconf 87' lang='lat' dir='ltr'>quo</span> <span class='ocrx_word' id='word_1_226' title='bbox 1172 3433 1207 3500; x_wconf 90' lang='lat' dir='ltr'>in</span> <span class='ocrx_word' id='word_1_227' title='bbox 1220 3453 1256 3500; x_wconf 81' lang='lat' dir='ltr'>re</span> 
     </span>
     <span class='ocr_line' id='line_1_29' title="bbox 134 3534 556 3626; baseline 0.005 -24"><span class='ocrx_word' id='word_1_228' title='bbox 134 3537 289 3604; x_wconf 78' lang='lat' dir='ltr'>intellecta</span> <span class='ocrx_word' id='word_1_229' title='bbox 307 3534 371 3626; x_wconf 78' lang='lat'>(3).</span> <span class='ocrx_word' id='word_1_230' title='bbox 553 3551 556 3558; x_wconf 82' lang='lat'>&#39;</span> 
     </span>
    </p>
   </div>
   <div class='ocr_carea' id='block_1_3' title="bbox 185 3699 1438 3790">
    <p class='ocr_par' dir='ltr' id='par_1_7' title="bbox 185 3699 1438 3790">
     <span class='ocr_line' id='line_1_30' title="bbox 185 3699 1438 3790; baseline 0.003 -27"><span class='ocrx_word' id='word_1_231' title='bbox 185 3717 258 3782; x_wconf 76' lang='lat'>157.</span> <span class='ocrx_word' id='word_1_232' title='bbox 307 3699 572 3767; x_wconf 66' lang='lat' dir='ltr'>PR09051T102.⁸</span> <span class='ocrx_word' id='word_1_233' title='bbox 600 3707 806 3774; x_wconf 80' lang='lat' dir='ltr'>Univereule</span> <span class='ocrx_word' id='word_1_234' title='bbox 822 3711 943 3790; x_wconf 81' lang='lat' dir='ltr'>nequit</span> <span class='ocrx_word' id='word_1_235' title='bbox 967 3711 1087 3790; x_wconf 86' lang='lat' dir='ltr'>reponi</span> <span class='ocrx_word' id='word_1_236' title='bbox 1113 3699 1254 3774; x_wconf 77' lang='lat' dir='ltr'>iuideis</span> <span class='ocrx_word' id='word_1_237' title='bbox 1292 3721 1438 3770; x_wconf 68' lang='lat' dir='ltr'>muneram</span> 
     </span>
    </p>
   </div>
   <div class='ocr_carea' id='block_1_4' title="bbox 133 3795 1417 3916">
    <p class='ocr_par' dir='ltr' id='par_1_8' title="bbox 133 3795 1417 3916">
     <span class='ocr_line' id='line_1_31' title="bbox 133 3795 1417 3916; baseline -0.01 -42"><span class='ocrx_word' id='word_1_238' title='bbox 133 3813 264 3875; x_wconf 86' lang='lat' dir='ltr'>divinis</span> <span class='ocrx_word' id='word_1_239' title='bbox 281 3813 325 3875; x_wconf 86' lang='lat' dir='ltr'>ad</span> <span class='ocrx_word' id='word_1_240' title='bbox 344 3822 497 3877; x_wconf 86' lang='lat' dir='ltr'>mentem</span> <span class='ocrx_word' id='word_1_241' title='bbox 515 3816 765 3916; x_wconf 77' lang='lat' dir='ltr'>ontologorum.</span> <span class='ocrx_word' id='word_1_242' title='bbox 1315 3795 1417 3849; x_wconf 49' lang='grc' dir='ltr'>ΝΜ·</span> 
     </span>
    </p>
   </div>
   <div class='ocr_carea' id='block_1_5' title="bbox 134 3968 1253 4171">
    <p class='ocr_par' dir='ltr' id='par_1_9' title="bbox 134 3968 1253 4171">
     <span class='ocr_line' id='line_1_32' title="bbox 202 3968 1253 4060; baseline 0.008 -25"><span class='ocrx_word' id='word_1_243' title='bbox 202 3974 304 4036; x_wconf 85' lang='lat' dir='ltr'>Prob.</span> <span class='ocrx_word' id='word_1_244' title='bbox 334 3968 474 4047; x_wconf 79' lang='lat' dir='ltr'>Quando</span> <span class='ocrx_word' id='word_1_245' title='bbox 499 3970 618 4037; x_wconf 89' lang='lat' dir='ltr'>docent</span> <span class='ocrx_word' id='word_1_246' title='bbox 638 3973 784 4060; x_wconf 82' lang='lat' dir='ltr'>ontologi</span> <span class='ocrx_word' id='word_1_247' title='bbox 813 3976 1007 4043; x_wconf 84' lang='lat' dir='ltr'>universalia</span> <span class='ocrx_word' id='word_1_248' title='bbox 1033 3995 1105 4044; x_wconf 89' lang='lat' dir='ltr'>esse</span> <span class='ocrx_word' id='word_1_249' title='bbox 1127 3975 1253 4043; x_wconf 88' lang='lat' dir='ltr'>divinas</span> 
     </span>
     <span class='ocr_line' id='line_1_33' title="bbox 134 4077 1253 4171; baseline 0.004 -27"><span class='ocrx_word' id='word_1_250' title='bbox 134 4077 239 4154; x_wconf 84' lang='lat' dir='ltr'>ideas,</span> <span class='ocrx_word' id='word_1_251' title='bbox 260 4093 344 4160; x_wconf 82' lang='lat' dir='ltr'>quas</span> <span class='ocrx_word' id='word_1_252' title='bbox 363 4095 424 4144; x_wconf 93' lang='lat' dir='ltr'>nos</span> <span class='ocrx_word' id='word_1_253' title='bbox 442 4077 561 4144; x_wconf 84' lang='lat' dir='ltr'>directe</span> <span class='ocrx_word' id='word_1_254' title='bbox 575 4081 776 4159; x_wconf 88' lang='lat' dir='ltr'>intueamur,</span> <span class='ocrx_word' id='word_1_255' title='bbox 792 4083 871 4149; x_wconf 82' lang='lat' dir='ltr'>ideae</span> <span class='ocrx_word' id='word_1_256' title='bbox 886 4085 947 4152; x_wconf 85' lang='lat' dir='ltr'>iuae</span> <span class='ocrx_word' id='word_1_257' title='bbox 962 4085 1096 4171; x_wconf 81' lang='lat' dir='ltr'>intelligi</span> <span class='ocrx_word' id='word_1_258' title='bbox 1113 4092 1253 4170; x_wconf 86' lang='lat' dir='ltr'>possunt</span> 
     </span>
    </p>
   </div>
   <div class='ocr_carea' id='block_1_6' title="bbox 131 4289 1252 4819">
    <p class='ocr_par' dir='ltr' id='par_1_10' title="bbox 131 4289 1252 4453">
     <span class='ocr_line' id='line_1_34' title="bbox 169 4289 1252 4376; baseline 0.017 -28"><span class='ocrx_word' id='word_1_259' title='bbox 169 4295 210 4357; x_wconf 84' lang='grc' dir='ltr'>(ι)</span> <span class='ocrx_word' id='word_1_260' title='bbox 247 4289 282 4349; x_wconf 88' lang='lat' dir='ltr'>S.</span> <span class='ocrx_word' id='word_1_261' title='bbox 297 4289 416 4360; x_wconf 77' lang='lat' dir='ltr'>Thom,</span> <span class='ocrx_word' id='word_1_262' title='bbox 432 4289 541 4363; x_wconf 82' lang='lat' dir='ltr'>Opuec.</span> <span class='ocrx_word' id='word_1_263' title='bbox 560 4300 596 4351; x_wconf 85' lang='lat'>1.·</span> <span class='ocrx_word' id='word_1_264' title='bbox 608 4295 643 4352; x_wconf 78' lang='lat' dir='ltr'>de</span> <span class='ocrx_word' id='word_1_265' title='bbox 667 4295 902 4358; x_wconf 81' lang='lat' dir='ltr'>Universaiibus.</span> <span class='ocrx_word' id='word_1_266' title='bbox 923 4299 984 4360; x_wconf 84' lang='lat' dir='ltr'>Cir.</span> <span class='ocrx_word' id='word_1_267' title='bbox 1005 4301 1114 4376; x_wconf 80' lang='lat' dir='ltr'>Opuse.</span> <span class='ocrx_word' id='word_1_268' title='bbox 1129 4308 1165 4365; x_wconf 82' lang='lat' dir='ltr'>de</span> <span class='ocrx_word' id='word_1_269' title='bbox 1176 4307 1252 4366; x_wconf 83' lang='lat' dir='ltr'>Ente</span> 
     </span>
     <span class='ocr_line' id='line_1_35' title="bbox 131 4379 525 4453; baseline 0.003 -15"><span class='ocrx_word' id='word_1_270' title='bbox 131 4391 290 4449; x_wconf 71' lang='lat' dir='ltr'>abessent,</span> <span class='ocrx_word' id='word_1_271' title='bbox 305 4399 367 4451; x_wconf 84' lang='lat' dir='ltr'>cap.</span> <span class='ocrx_word' id='word_1_272' title='bbox 383 4397 415 4453; x_wconf 80' lang='lat'>4,</span> <span class='ocrx_word' id='word_1_273' title='bbox 431 4379 525 4439; x_wconf 87' lang='lat' dir='ltr'>initio.</span> 
     </span>
    </p>

    <p class='ocr_par' dir='ltr' id='par_1_11' title="bbox 132 4470 1252 4644">
     <span class='ocr_line' id='line_1_36' title="bbox 167 4470 1252 4561; baseline 0.017 -34"><span class='ocrx_word' id='word_1_274' title='bbox 167 4470 209 4542; x_wconf 85' lang='lat'>(2)</span> <span class='ocrx_word' id='word_1_275' title='bbox 244 4470 311 4528; x_wconf 83' lang='lat' dir='ltr'>Alie</span> <span class='ocrx_word' id='word_1_276' title='bbox 335 4484 509 4544; x_wconf 80' lang='lat' dir='ltr'>argumente</span> <span class='ocrx_word' id='word_1_277' title='bbox 534 4486 619 4545; x_wconf 79' lang='lat' dir='ltr'>urget</span> <span class='ocrx_word' id='word_1_278' title='bbox 642 4472 676 4532; x_wconf 92' lang='lat' dir='ltr'>S.</span> <span class='ocrx_word' id='word_1_279' title='bbox 700 4474 828 4535; x_wconf 81' lang='lat' dir='ltr'>Thomas</span> <span class='ocrx_word' id='word_1_280' title='bbox 848 4497 916 4537; x_wconf 87' lang='lat' dir='ltr'>cum</span> <span class='ocrx_word' id='word_1_281' title='bbox 936 4480 1101 4543; x_wconf 83' lang='lat' dir='ltr'>Aristotele.</span> <span class='ocrx_word' id='word_1_282' title='bbox 1121 4484 1197 4544; x_wconf 86' lang='lat' dir='ltr'>Vide</span> <span class='ocrx_word' id='word_1_283' title='bbox 1211 4498 1252 4561; x_wconf 86' lang='lat'>7.·</span> 
     </span>
     <span class='ocr_line' id='line_1_37' title="bbox 132 4560 1053 4644; baseline 0.014 -26"><span class='ocrx_word' id='word_1_284' title='bbox 132 4561 277 4635; x_wconf 71' lang='lat' dir='ltr'>Metapin,</span> <span class='ocrx_word' id='word_1_285' title='bbox 293 4560 360 4618; x_wconf 83' lang='lat' dir='ltr'>leet.</span> <span class='ocrx_word' id='word_1_286' title='bbox 379 4581 425 4633; x_wconf 72' lang='grc' dir='ltr'>ης</span> <span class='ocrx_word' id='word_1_287' title='bbox 442 4572 481 4618; x_wconf 73' lang='grc'>1.·</span> <span class='ocrx_word' id='word_1_288' title='bbox 494 4562 636 4637; x_wconf 74' lang='lat' dir='ltr'>Metapin,</span> <span class='ocrx_word' id='word_1_289' title='bbox 653 4564 716 4624; x_wconf 84' lang='lat' dir='ltr'>leet.</span> <span class='ocrx_word' id='word_1_290' title='bbox 735 4584 782 4638; x_wconf 72' lang='lat'>14³</span> <span class='ocrx_word' id='word_1_291' title='bbox 801 4587 810 4624; x_wconf 87' lang='lat' dir='ltr'>r</span> <span class='ocrx_word' id='word_1_292' title='bbox 825 4588 854 4640; x_wconf 88' lang='lat' dir='ltr'>p.</span> <span class='ocrx_word' id='word_1_293' title='bbox 869 4589 899 4641; x_wconf 91' lang='lat' dir='ltr'>q.</span> <span class='ocrx_word' id='word_1_294' title='bbox 913 4571 964 4644; x_wconf 79' lang='lat'>84,</span> <span class='ocrx_word' id='word_1_295' title='bbox 984 4593 1011 4630; x_wconf 80' lang='lat' dir='ltr'>a.</span> <span class='ocrx_word' id='word_1_296' title='bbox 1030 4594 1053 4631; x_wconf 85' lang='lat' dir='ltr'>t.</span> 
     </span>
    </p>

    <p class='ocr_par' dir='ltr' id='par_1_12' title="bbox 131 4651 1248 4819">
     <span class='ocr_line' id='line_1_38' title="bbox 168 4651 1248 4739; baseline 0.021 -36"><span class='ocrx_word' id='word_1_297' title='bbox 168 4655 210 4723; x_wconf 84' lang='lat'>(3)</span> <span class='ocrx_word' id='word_1_298' title='bbox 249 4661 289 4708; x_wconf 85' lang='lat'>1.·</span> <span class='ocrx_word' id='word_1_299' title='bbox 307 4651 514 4724; x_wconf 58' lang='lat' dir='ltr'>Meropum..</span> <span class='ocrx_word' id='word_1_300' title='bbox 536 4651 600 4710; x_wconf 87' lang='lat' dir='ltr'>leet.</span> <span class='ocrx_word' id='word_1_301' title='bbox 619 4671 665 4722; x_wconf 74' lang='lat'>¹03</span> <span class='ocrx_word' id='word_1_302' title='bbox 685 4651 760 4730; x_wconf 85' lang='lat' dir='ltr'>Vide</span> <span class='ocrx_word' id='word_1_303' title='bbox 773 4655 859 4714; x_wconf 80' lang='lat' dir='ltr'>etium</span> <span class='ocrx_word' id='word_1_304' title='bbox 879 4679 900 4715; x_wconf 91' lang='grc' dir='ltr'>ι.</span> <span class='ocrx_word' id='word_1_305' title='bbox 917 4680 946 4733; x_wconf 85' lang='lat' dir='ltr'>p.</span> <span class='ocrx_word' id='word_1_306' title='bbox 960 4679 991 4732; x_wconf 85' lang='lat' dir='ltr'>q.</span> <span class='ocrx_word' id='word_1_307' title='bbox 1003 4662 1054 4735; x_wconf 81' lang='lat'>84,</span> <span class='ocrx_word' id='word_1_308' title='bbox 1070 4683 1096 4721; x_wconf 82' lang='lat' dir='ltr'>e.</span> <span class='ocrx_word' id='word_1_309' title='bbox 1115 4672 1162 4735; x_wconf 83' lang='lat' dir='ltr'>t.·;</span> <span class='ocrx_word' id='word_1_310' title='bbox 1180 4687 1203 4726; x_wconf 88' lang='lat' dir='ltr'>r.</span> <span class='ocrx_word' id='word_1_311' title='bbox 1219 4687 1248 4739; x_wconf 85' lang='lat' dir='ltr'>p.</span> 
     </span>
     <span class='ocr_line' id='line_1_39' title="bbox 131 4738 888 4819; baseline 0.012 -24"><span class='ocrx_word' id='word_1_312' title='bbox 131 4759 161 4812; x_wconf 92' lang='lat' dir='ltr'>q,</span> <span class='ocrx_word' id='word_1_313' title='bbox 176 4739 227 4813; x_wconf 83' lang='lat'>85,</span> <span class='ocrx_word' id='word_1_314' title='bbox 242 4759 270 4798; x_wconf 81' lang='lat' dir='ltr'>e.</span> <span class='ocrx_word' id='word_1_315' title='bbox 287 4759 303 4796; x_wconf 83' lang='lat'>2</span> <span class='ocrx_word' id='word_1_316' title='bbox 317 4738 356 4796; x_wconf 82' lang='lat' dir='ltr'>ad</span> <span class='ocrx_word' id='word_1_317' title='bbox 370 4749 443 4808; x_wconf 81' lang='lat'>2.·;</span> <span class='ocrx_word' id='word_1_318' title='bbox 458 4751 488 4798; x_wconf 87' lang='lat' dir='ltr'>et</span> <span class='ocrx_word' id='word_1_319' title='bbox 500 4760 522 4796; x_wconf 90' lang='lat'>1.</span> <span class='ocrx_word' id='word_1_320' title='bbox 537 4760 567 4814; x_wconf 83' lang='lat' dir='ltr'>p.</span> <span class='ocrx_word' id='word_1_321' title='bbox 580 4759 610 4812; x_wconf 89' lang='lat' dir='ltr'>q.</span> <span class='ocrx_word' id='word_1_322' title='bbox 625 4743 676 4814; x_wconf 80' lang='lat'>76,</span> <span class='ocrx_word' id='word_1_323' title='bbox 691 4763 719 4800; x_wconf 81' lang='lat' dir='ltr'>a.</span> <span class='ocrx_word' id='word_1_324' title='bbox 734 4763 762 4815; x_wconf 79' lang='lat' dir='ltr'>u,</span> <span class='ocrx_word' id='word_1_325' title='bbox 775 4745 812 4803; x_wconf 84' lang='lat' dir='ltr'>ed</span> <span class='ocrx_word' id='word_1_326' title='bbox 824 4756 888 4819; x_wconf 76' lang='lat'>4¹¹</span> 
     </span>
    </p>
   </div>
   <div class='ocr_carea' id='block_1_7' title="bbox 0 0 1750 5525">
    <p class='ocr_par' dir='ltr' id='par_1_13' title="bbox 0 0 1750 5525">
     <span class='ocr_line' id='line_1_40' title="bbox 0 0 1750 5525; baseline 0 3"><span class='ocrx_word' id='word_1_327' title='bbox 0 0 1750 5525; x_wconf 95' lang='lat' dir='ltr'> </span> 
     </span>
    </p>
   </div>
  </div>
 </body>
</html>
