3492 5525
309 486 424 552 Anmc.
441 501 503 553 υ·
516 485 606 565 Qum
621 503 664 550 nr
674 493 883 563 Quorunsnx
896 485 1132 552 Panorcamnn
1186 500 1238 566 ¹7¹

158 665 295 732 dicabile
310 665 408 736 debet
425 685 498 734 esse
515 666 706 734 distinctum
725 687 745 732 a
764 667 895 750 reliquis
917 666 1073 734 omnibus
1096 665 1282 751 praedicabi-

160 773 258 840 libus.
279 773 317 840 Et
334 794 354 840 a
375 774 489 859 primis
503 776 637 858 quidem
660 774 765 842 tribus
784 773 1041 859 praedicabilibus
1058 775 1166 840 diflert
1180 773 1213 839 in
1227 793 1279 852 eo,

159 881 251 962 quod
265 899 332 948 non
351 883 544 976 praedicetur
559 883 765 950 essentialiter
781 882 823 952 de
838 883 1004 967 subject03
1026 890 1058 947 et
1073 879 1105 947 in
1125 883 1186 948 hoc
1204 900 1282 949 con·

160 987 251 1054 venit
268 1006 345 1056 cum
365 989 482 1074 quinto
496 990 700 1075 praedicabili.
717 988 832 1058 Diilert
848 998 960 1056 autem
980 989 1108 1065 abhoc,
1121 987 1282 1075 quiapro·
1303 1016 1307 1024 ¹

159 1093 268 1178 prium
298 1105 351 1164 est
375 1098 498 1183 aliquid
527 1099 617 1183 quod
647 1098 820 1166 necessario
837 1096 941 1175 inest,
972 1105 1006 1162 et
1032 1096 1223 1181 praedicatur
1239 1098 1281 1163 de

158 1201 319 1285 pluribus.
339 1205 378 1270 Et
401 1205 478 1272 nihil
490 1205 538 1272 'de
550 1205 697 1290 pluribus
716 1205 898 1272 necessario
917 1203 1082 1290 praedicari
1106 1213 1234 1288 potest,
1253 1205 1279 1272 si

159 1329 227 1376 non
250 1312 410 1396 pertineat
431 1315 473 1380 ad
492 1331 607 1381 eorum
630 1312 825 1390 essentiam,
847 1311 907 1380 nisi
927 1311 970 1380 sit
994 1311 1115 1396 aliquid
1136 1311 1243 1380 fluens
1261 1333 1280 1380 a

158 1418 323 1504 principiis
340 1421 567 1488 essentialibus
577 1437 638 1488 seu
656 1419 816 1506 specificis
832 1421 962 1488 illorum
980 1416 1047 1507 (1).
1063 1419 1143 1486 Hinc
1159 1421 1279 1486 tactum

157 1535 226 1603 est,
247 1536 284 1593 ut
302 1527 400 1594 etiam
416 1530 538 1616 vulgus
557 1530 690 1596 nomine
704 1528 824 1613 proprii
837 1538 895 1596 aut
909 1527 1113 1614 proprietatis
1124 1529 1280 1615 intelligat

155 1632 296 1717 aliquid,
313 1637 404 1720 quod
416 1655 454 1703 se
472 1636 590 1704 habeat
603 1636 705 1704 instar
717 1636 910 1704 characteris
929 1633 1098 1720 peculiaris
1116 1644 1150 1702 et
1167 1635 1281 1704 distin·

154 1739 232 1806 ctivi
247 1742 422 1828 cujuslibet
440 1743 501 1823 rei,
517 1743 576 1828 qui
590 1745 725 1828 proinde
742 1744 829 1812 omni
840 1744 902 1810 soti
918 1751 951 1809 et
963 1751 1081 1827 semper
1093 1743 1277 1824 conveniat,

155 1865 290 1915 necesse
300 1858 364 1916 est.

225 1955 357 2024 Definiri
375 1977 454 2045 ergo
463 1959 628 2042 proprium
646 1968 754 2044 potest
765 1961 816 2039 id‚'
832 1960 922 2043 quod
935 1959 1087 2026 convenit
1099 1959 1201 2036 omni,
1220 1959 1282 2027 soli
1342 1983 1445 2032 oenum..

154 2072 189 2128 et
216 2071 338 2146 semper
358 2073 392 2130 et
414 2067 587 2133 conversim
615 2068 656 2132 de
683 2087 717 2133 re
744 2069 948 2152 praedicatur.
979 2067 1082 2134 Debet
1105 2069 1278 2134 convenire
1292 2055 1490 2182 imfffifhffiffl

155 2172 247 2236 omni
262 2181 296 2239 et
313 2180 446 2256 semper,
470 2175 545 2258 quia
563 2194 640 2242 cum
659 2173 826 2262 proprium
841 2176 920 2242 tluat
935 2195 975 2242 ex
990 2175 1152 2260 principiis
1167 2193 1279 2242 essen·

153 2277 286 2345 cialibus
304 2299 342 2346 ac
360 2281 521 2366 specificis
540 2301 616 2348 cum
636 2283 757 2366 quibus
776 2285 956 2352 necessaria
970 2284 1086 2368 ligatur
1104 2283 1278 2350 connexio·

153 2403 214 2464 ne,
236 2375 375 2472 'semper
394 2402 427 2457 et
448 2389 481 2456 in
507 2392 663 2458 omnibus
682 2391 857 2458 individuis
882 2391 1018 2477 alicujus
1043 2392 1160 2476 speciei
1180 2389 1278 2458 debet

152 2509 273 2560 inesse.

219 2599 344 2668 Dicitur
370 2605 536 2689 proprium
560 2607 736 2674 convenire
753 2607 815 2673 soli
833 2607 928 2672 alicui
946 2605 1081 2690 speciei,
1106 2605 1183 2689 quia
1201 2607 1277 2672 Pro-

151 2709 262 2794 prium
281 2712 494 2796 consequitur
507 2715 690 2782 essentialia
705 2712 862 2799 principia
883 2713 1055 2800 cujuslibet
1075 2714 1130 2796 rei;
1149 2712 1276 2800 propria

150 2834 231 2884 vero
249 2820 422 2904 cujuslibet
437 2822 481 2888 rei
500 2825 682 2890 essentialia
702 2822 856 2908 principia
867 2833 945 2890 sunt
959 2824 1026 2898 illa,
1042 2841 1117 2907 quae
1130 2822 1275 2907 speciem

148 2924 239 2993 illius
268 2928 487 2998 constituunt.
518 2930 603 2997 Cum
631 2939 743 2997 autem
770 2929 910 3016 singulae
938 2948 1046 2997 rerum
1074 2930 1275 2999 diversarum

148 3035 278 3118 species
290 3054 371 3103 suos
391 3036 561 3105 distinctos
576 3040 697 3125 gradis
718 3039 859 3106 habeant
881 3036 1100 3105 essentialium
1123 3038 1277 3123 pefectio·
1317 3013 1340 3119 Ἰ

149 3160 248 3221 num,
262 3143 385 3212 debent
403 3163 539 3229 quoque
556 3145 696 3233 singulae
714 3165 791 3214 suas
810 3146 979 3213 distinctas
993 3145 1113 3213 habere
1132 3144 1276 3231 proprie-

147 3259 253 3318 tates.
278 3251 389 3335 ltaque
411 3253 582 3338 Proprium
597 3255 660 3321 soti
675 3254 769 3322 alicui
796 3254 915 3338 speciei
933 3260 1118 3338 competat,
1141 3272 1274 3321 necesse

147 3369 201 3427 est
218 3356 270 3447 (2)
288 3360 458 3427 Sciendum
473 3366 522 3428 est
531 3366 646 3439 autem
665 3365 749 3448 quod
761 3362 835 3427 ticet
848 3360 1017 3444 Proprium
1034 3365 1154 3429 stricto
1171 3368 1275 3429 modo

146 3470 321 3551 mmmmm
354 3470 456 3536 sotum
479 3470 646 3537 conveniat
674 3469 732 3536 uni
757 3468 869 3551 speclei
893 3467 1138 3550 specian’ssime,
1171 3473 1273 3535 mann

146 3584 246 3661 largo
271 3582 376 3646 modo
401 3577 485 3644 nillil
503 3577 649 3661 prohibet
667 3575 830 3661 proprium
853 3576 947 3643 etiam
975 3576 1141 3643 convenire
1166 3578 1276 3659 speciei

145 3688 353 3763 natatternre,
371 3704 442 3771 qaae
458 3685 606 3752 miteticet
614 3689 716 3768 potest
730 3702 795 3752 esse
808 3703 910 3769 genus
927 3680 940 3771 (
964 3682 990 3771 ).

217 3795 328 3879 Atque
347 3814 388 3862 ex
406 3794 458 3862 his
480 3793 704 3879 pusterlam,
730 3812 789 3861 cur
809 3792 979 3876 Proprium
998 3779 1169 3859 cmaersr‘m
1188 3794 1273 3861 dica-

145 3916 202 3972 tur
214 3904 256 3970 de
276 3922 327 3980 re,
343 3903 420 3987 quia
437 3920 515 3969 eum
530 3902 690 3988 exprimat
702 3900 912 3986 praedicatum
927 3902 1128 3968 conveniens
1141 3902 1227 3969 mani
1240 3914 1272 3969 et

142 4011 209 4079 soti
223 4012 373 4097 subjecto
393 4029 431 4076 ac
445 4016 579 4093 semper,
598 4018 668 4075 tam
689 4009 753 4075 late
774 4016 864 4093 patet
882 4025 919 4074 ac
936 4007 1046 4093 ipsum
1069 4009 1269 4094 subjectum.

214 4118 349 4186 Detiniri
370 4136 507 4203 quoque
525 4119 609 4185 solet
627 4116 795 4203 proprium
817 4116 853 4181 id
868 4117 953 4201 quod
968 4116 1010 4182 de
1025 4117 1172 4200 pluritas
1187 4125 1273 4201 prae-

4 4311 5 4324 *
140 4229 276 4295 taeter
290 4226 327 4293 in
343 4228 437 4312 quate
458 4226 691 4293 accidentaliter
706 4243 744 4292 ac
763 4224 957 4291 necessario:
975 4226 1165 4304 autetiam,
1190 4228 1273 4310 quod

4 4345 5 4364 ¹
39 4404 42 4412 ,
141 4339 187 4405 de
199 4334 352 4420 ptaemm
370 4334 570 4417 mediatur
584 4338 742 4420 tamqaram
757 4331 909 4420 amittam
926 4332 1097 4399 necessario
1105 4334 1216 4417 fluens
1231 4334 1271 4401 ab

138 4462 253 4513 eoram
266 4442 413 4510 essentie.

175 4610 223 4674 (ι)
261 4604 306 4663 ld.
323 4604 397 4663 ibid.
412 4624 438 4663 c.
452 4602 480 4661 6.

175 4697 224 4769 (a)
261 4693 331 4753 Vid.
350 4694 470 4754 Auctor.
486 4691 596 4766 Opuso.
611 4710 717 4766 nuper.
732 4692 792 4761 cit..
809 4689 879 4751 ibid.
895 4712 919 4749 c.
936 4711 963 4764 7.

173 4789 220 4857 (ς)
259 4783 303 4843 ld.
317 4782 388 4843 ibid.
