3492 5525
555 480 615 546 888
677 481 801 549 Locren
816 484 1047 559 Minoa-lin.
1065 500 1136 562 μ’,
1152 484 1245 549 Drse.
1263 496 1307 568 4·
1319 485 1398 549 Cae.
1419 500 1486 548 μω

514 676 612 750 ceput
640 673 706 742 est,
733 664 767 731 S.
795 668 956 745 Thomas,
983 666 1136 751 quamvis
1163 666 1205 732 ab
1228 661 1417 730 adversariis
1443 665 1477 729 in
1504 673 1631 730 contra·

506 773 595 839 riam
621 774 817 840 sententiam
841 776 1056 859 pertrahatur.
1088 774 1154 840 Sed
1171 792 1354 858 perperam.
1378 772 1463 838 Nam
1488 772 1535 837 sic
1552 771 1631 837 scri·

342 894 466 940 lucterius
515 882 574 948 bit:
609 883 659 947 De
689 882 810 950 ratione
844 882 1000 965 opinionis
1028 873 1090 959 urg
1110 884 1200 967 'quod
1228 881 1403 962 depone
1432 898 1530 945 nnnrn
1561 898 1629 944 non

337 964 362 1011 ⁵·
376 962 467 1011 Μ’·
506 988 681 1076 semum
707 990 837 1055 arenas
857 990 1003 1074 opposui,
1031 992 1115 1055 unce
1135 1009 1200 1055 noc
1227 988 1318 1054 eant
1330 988 1462 1073 nmen
1488 986 1629 1053 noeo-

515 1112 602 1179 nem,·
622 1100 663 1163 de
689 1097 809 1163 rotrone
826 1117 901 1164 vero
923 1098 1062 1164 scientie
1077 1102 1140 1175 est,
1163 1098 1247 1181 qnod
1266 1096 1517 1182 tabeotfirrnorn
1535 1096 1629 1160 inie-

514 1205 631 1270 rionem
666 1222 737 1271 cum
775 1205 896 1271 visione
928 1206 1135 1287 intellection-
1171 1204 1260 1270 econ
1295 1203 1378 1269 enim
1416 1202 1628 1268 cntinrdinen

509 1312 722 1394 procedentem
747 1330 788 1378 ex
814 1312 974 1378 intellectu
999 1312 1239 1396 principiorum.
1272 1311 1366 1379 Fides
1399 1314 1502 1376 cutem
1532 1312 1628 1375 medio

515 1421 604 1485 nodo
628 1438 661 1486 se
688 1420 793 1501 habet·
816 1421 938 1487 excedit
962 1422 1046 1486 enirn
1065 1420 1240 1501 opinionem
1264 1418 1299 1484 in
1327 1420 1397 1494 hoc,
1418 1420 1502 1502 qnod
1525 1418 1629 1482 tanat

506 1525 639 1611 firmani
657 1527 873 1609 inhaesionem
890 1528 996 1615 deficit
1009 1546 1084 1593 vcro
1099 1546 1121 1591 a
1135 1526 1264 1592 scindo
1281 1526 1315 1590 in
1327 1546 1364 1592 eo
1375 1527 1458 1611 quod
1468 1544 1533 1590 non
1547 1525 1629 1589 hebet

514 1634 664 1701 ouiomm
684 1633 746 1723 (ι).
778 1637 880 1718 Atqui
903 1636 1080 1720 Theologia
1100 1636 1174 1701 licet
1200 1631 1315 1700 habeat
1335 1634 1463 1699 tirmam
1483 1634 1625 1698 inhaesio

516 1740 613 1818 nem,'
628 1742 751 1821 visione
770 1755 881 1811 tamen
900 1744 1094 1809 intellectiva
1111 1750 1209 1808 caret.
1231 1742 1355 1826 Ergo...

582 1850 619 1915 Et
638 1850 728 1915 alibi:
748 1850 956 1936 Quaecunque
981 1851 1124 1916 sciuntur
1149 1855 1285 1933 proprie
1311 1862 1448 1931 accepta
1473 1853 1622 1923 edentia,

515 1960 744 2041 cognoscuntur
750 1966 810 2041 per
823 1954 1111 2045 resolutionem(al.
1128 1954 1332 2045 relationem)
1342 1956 1377 2021 in
1391 1956 1498 2037 primo
1514 1956 1624 2029 princi-

511 2065 580 2147 pia,
594 2073 729 2151 quoper
740 2083 773 2131 se
780 2069 896 2146 prosto
906 2069 984 2130 sunt
991 2065 1162 2130 intellectui
1169 2062 1305 2152 (nempe
1317 2071 1394 2129 sunt
1409 2062 1580 2135 evidentia,
1591 2071 1624 2125 ut

517 2174 613 2257 paulu
632 2182 706 2238 ante
725 2173 944 2239 declaraverat
964 2173 1000 2239 S.
1021 2172 1159 2247 Doctus,
1180 2174 1348 2257 exponens
1364 2171 1444 2255 quid
1459 2170 1507 2235 sit
1515 2172 1624 2252 presto
1710 2225 1711 2230 ,

515 2297 582 2345 esse
599 2280 795 2365 intellectui)
813 2280 906 2346 etsie
928 2280 1030 2345 omnis
1053 2280 1183 2346 scientio
1207 2280 1241 2345 in
1258 2278 1379 2344 victorae
1402 2278 1451 2344 rei
1468 2278 1625 2359 prountis
1710 2305 1711 2370 j

520 2387 569 2471 (id
585 2396 647 2464 est,
662 2386 833 2463 evidentis,
852 2396 888 2452 ut
900 2386 943 2453 ibi
959 2384 1155 2475 declaratur)
1164 2387 1340 2473 perficitur:
1353 2387 1437 2451 unm
1450 2383 1624 2467 impossihile
1710 2383 1711 2470 ᾗ

516 2497 580 2570 est,
600 2496 685 2579 quod
696 2498 734 2560 de
751 2498 855 2560 eodem
869 2495 1004 2581 sitfides
1022 2498 1054 2560 et
1069 2494 1198 2559 scientia
1210 2492 1274 2579 (2).
1292 2494 1392 2577 Atqui
1406 2490 1623 2559 conclusiones
1710 2491 1711 2510 ¹

517 2602 722 2687 Theologicae
752 2621 818 2668 non
845 2611 1100 2688 cognoscuntur
1123 2622 1178 2686 per
1211 2600 1431 2667 reductionem
1464 2601 1497 2665 in
1529 2599 1622 2683 prima
1710 2647 1712 2651 ,

519 2709 673 2794 principia
691 2708 868 2789 evidentia,
899 2730 958 2776 nec
987 2709 1183 2795 Theologica
1207 2708 1350 2795 cognitio
1378 2707 1410 2774 in
1438 2706 1559 2775 visione
1584 2706 1622 2770 rei

519 2817 687 2903 praesentis
706 2817 881 2902 perficitur.
897 2819 1023 2903 Ergo...

586 2925 652 2990 llac
669 2925 782 2992 eadem
803 2927 924 2992 ratione
944 2927 1044 2992 utitur
1062 2924 1137 2990 alibi
1154 2925 1189 2991 S.
1210 2923 1354 2990 Thomas
1372 2922 1622 3007 adprobandum

519 3033 605 3098 idem
626 3052 691 3100 non
712 3051 808 3117 posse
826 3051 898 3100 esse
916 3035 1033 3099 scitum
1053 3042 1085 3098 et
1103 3032 1262 3100 creditum
1281 3029 1349 3120 (3):
1367 3031 1398 3097 id
1411 3032 1501 3116 quod
1512 3031 1622 3096 iterum

519 3138 678 3216 ostendit,
698 3141 776 3224 quid
796 3140 934 3207 senserit
954 3141 987 3209 S.
1009 3141 1129 3208 Ductor
1145 3141 1187 3206 de
1205 3139 1366 3205 evidentia
1384 3140 1424 3205 ad
1443 3140 1508 3204 veri
1527 3137 1625 3204 nomi

520 3248 569 3313 nis
584 3248 751 3314 scientiam
768 3248 931 3332 requisita.

586 3353 731 3440 Denique
751 3357 783 3421 in
803 3356 864 3423 alio
880 3357 952 3421 loco
971 3356 1040 3421 haec
1060 3355 1158 3422 habet
1183 3373 1277 3440 aeque
1300 3340 1573 3420 manifestissimi:
1591 3353 1625 3417 Si

519 3467 598 3529 esset
611 3463 720 3548 aliquo
734 3464 880 3541 scientio,
900 3482 969 3548 qno
986 3482 1050 3529 non
1062 3467 1168 3547 posset
1182 3464 1292 3530 reduci
1311 3465 1356 3528 cd
1368 3463 1525 3546 principio
1541 3465 1624 3526 notn·

519 3572 630 3638 naliter
641 3571 782 3655 cognita,
796 3589 859 3636 non
875 3574 1099 3658 essetejnsdem
1111 3571 1223 3654 speciei
1234 3589 1305 3636 cun
1316 3571 1391 3637 elir's
1408 3570 1559 3645 scanni,
1574 3586 1624 3633 nce

519 3679 648 3744 univoce
663 3678 793 3744 senentio
809 3677 966 3744 diceretur
982 3676 1046 3767 (4).

586 3785 726 3861 Qrando
740 3803 819 3871 ergo
839 3785 872 3850 S.
893 3785 1038 3852 Thomas
1056 3793 1150 3852 vocat
1168 3785 1378 3870 Theologiam
1397 3784 1560 3852 scientiam
1578 3779 1626 3868 (5)

520 3892 714 3960 intellexisse
737 3891 798 3958 dici
818 3899 926 3976 potest
951 3893 1130 3970 scientiam,
1152 3912 1219 3959 non
1238 3893 1376 3960 univoce
1393 3912 1472 3960 cum
1491 3895 1625 3958 humana

520 4000 667 4076 scientia,
688 4002 747 4068 sed
766 4000 944 4084 analogice.
966 4001 1004 4066 lit
1022 4001 1118 4070 simili
1138 4001 1248 4067 modo
1257 4001 1389 4086 intelligi
1404 4011 1513 4084 potest
1524 3998 1625 4084 Ange

553 4327 594 4390 (1)
633 4321 666 4380 S.
682 4313 787 4380 Thom'.
806 4341 829 4378 1.
846 4339 872 4378 a.
887 4335 991 4393 quaest.
1006 4321 1052 4394 63,
1068 4335 1123 4380 art.
1140 4343 1166 4394 3.

554 4417 597 4480 (a)
633 4411 666 4470 S.
681 4411 797 4477 Thous..
813 4413 847 4470 de
866 4410 998 4479 Veritat,
1013 4423 1118 4482 quest.
1137 4431 1186 4484 14,
1198 4427 1254 4471 art.
1269 4434 1297 4485 9.

555 4502 597 4572 (ἶ)
635 4501 805 4572 ln·²r²rq·
825 4519 934 4574 lra'5·

556 4597 597 4664 (4)
634 4599 672 4664 3.·
696 4590 773 4650 nist.
799 4613 847 4664 33,
871 4611 902 4661 q.
927 4612 951 4660 1,
976 4611 1002 4648 a.
1027 4610 1059 4659 a,
1084 4589 1297 4663 quaestiuncula
1315 4601 1358 4665 4.·
1384 4591 1447 4651 Cir.
1475 4595 1513 4653 de
1538 4607 1629 4652 mente

521 4679 554 4740 S.
570 4680 689 4739 Thomoe
705 4679 738 4738 P.
755 4677 871 4738 Gabriel
886 4679 1035 4751 Vazquea,
1053 4680 1107 4738 loe.
1122 4679 1172 4739 eit.
1188 4701 1252 4753 cap.
1264 4682 1297 4749 6,
1311 4701 1341 4740 n.
1360 4701 1394 4756 ¹4
1406 4696 1437 4740 et
1450 4703 1492 4756 ¹3·

556 4770 598 4842 (ς)
635 4769 676 4828 ita
689 4783 770 4828 vooat
782 4789 844 4828 eam
860 4768 891 4828 in
910 4790 920 4826 r
937 4789 967 4841 p.
981 4789 1012 4841 q.
1031 4791 1055 4839 ι,
1071 4782 1127 4829 art.
1142 4790 1175 4842 ²3
1190 4783 1309 4841 στω,
1324 4790 1353 4843 q.
1370 4791 1394 4841 1,
1409 4792 1436 4829 a.
1454 4790 1480 4845 5.
