<?xml version="1.0" encoding="UTF-8"?>
<!DOCTYPE html PUBLIC "-//W3C//DTD XHTML 1.0 Transitional//EN"
    "http://www.w3.org/TR/xhtml1/DTD/xhtml1-transitional.dtd">
<html xmlns="http://www.w3.org/1999/xhtml" xml:lang="en" lang="en">
 <head>
  <title>
</title>
<meta http-equiv="Content-Type" content="text/html;charset=utf-8" />
  <meta name='ocr-system' content='tesseract 3.04.00' />
  <meta name='ocr-capabilities' content='ocr_page ocr_carea ocr_par ocr_line ocrx_word'/>
</head>
<body>
  <div class='ocr_page' id='page_1' title='image "./institutionesph00urrgoog/institutionesph00urrgoog_0533.png"; bbox 0 0 3492 5525; ppageno 0'>
   <div class='ocr_carea' id='block_1_1' title="bbox 285 459 1201 540">
    <p class='ocr_par' dir='ltr' id='par_1_1' title="bbox 285 459 1201 540">
     <span class='ocr_line' id='line_1_1' title="bbox 285 459 1201 540; baseline -0.003 -17"><span class='ocrx_word' id='word_1_1' title='bbox 285 461 399 525; x_wconf 77' lang='lat' dir='ltr'><strong>Anrrc.</strong></span> <span class='ocrx_word' id='word_1_2' title='bbox 427 476 483 523; x_wconf 62' lang='lat' dir='ltr'><strong>ru·</strong></span> <span class='ocrx_word' id='word_1_3' title='bbox 505 459 593 537; x_wconf 87' lang='lat' dir='ltr'><strong>Qum</strong></span> <span class='ocrx_word' id='word_1_4' title='bbox 613 477 655 523; x_wconf 80' lang='grc' dir='ltr'><strong>ετ</strong></span> <span class='ocrx_word' id='word_1_5' title='bbox 675 474 878 533; x_wconf 73' lang='lat' dir='ltr'><strong>Quorumax</strong></span> <span class='ocrx_word' id='word_1_6' title='bbox 902 476 1078 523; x_wconf 74' lang='lat' dir='ltr'><strong>aurosum</strong></span> <span class='ocrx_word' id='word_1_7' title='bbox 1149 473 1201 540; x_wconf 82' lang='lat'><strong>5¹¹</strong></span> 
     </span>
    </p>
   </div>
   <div class='ocr_carea' id='block_1_2' title="bbox 873 562 1244 575">
    <p class='ocr_par' dir='ltr' id='par_1_2' title="bbox 873 562 1244 575">
     <span class='ocr_line' id='line_1_2' title="bbox 873 562 1244 575; baseline -0.005 0"><span class='ocrx_word' id='word_1_8' title='bbox 873 562 1244 575; x_wconf 67' lang='lat' dir='ltr'>——n-——n-</span> 
     </span>
    </p>
   </div>
   <div class='ocr_carea' id='block_1_3' title="bbox 112 630 1284 3525">
    <p class='ocr_par' dir='ltr' id='par_1_3' title="bbox 119 630 1246 1586">
     <span class='ocr_line' id='line_1_3' title="bbox 120 630 1242 727; baseline 0 -22"><span class='ocrx_word' id='word_1_9' title='bbox 120 651 156 707; x_wconf 89' lang='lat' dir='ltr'><strong>et</strong></span> <span class='ocrx_word' id='word_1_10' title='bbox 170 630 445 710; x_wconf 79' lang='lat' dir='ltr'><strong>commensuratio</strong></span> <span class='ocrx_word' id='word_1_11' title='bbox 459 663 534 709; x_wconf 91' lang='lat' dir='ltr'><strong>cum</strong></span> <span class='ocrx_word' id='word_1_12' title='bbox 555 644 704 708; x_wconf 82' lang='lat' dir='ltr'><strong>facultate</strong></span> <span class='ocrx_word' id='word_1_13' title='bbox 718 642 959 727; x_wconf 81' lang='lat' dir='ltr'><strong>cognoscitiua,</strong></span> <span class='ocrx_word' id='word_1_14' title='bbox 979 662 1044 727; x_wconf 88' lang='lat' dir='ltr'><strong>qua</strong></span> <span class='ocrx_word' id='word_1_15' title='bbox 1064 641 1199 727; x_wconf 85' lang='lat' dir='ltr'>perspici</span> <span class='ocrx_word' id='word_1_16' title='bbox 1210 641 1242 706; x_wconf 90' lang='lat' dir='ltr'><strong>in</strong></span> 
     </span>
     <span class='ocr_line' id='line_1_4' title="bbox 120 750 1243 835; baseline 0 -20"><span class='ocrx_word' id='word_1_17' title='bbox 120 768 159 817; x_wconf 89' lang='lat' dir='ltr'><strong>se</strong></span> <span class='ocrx_word' id='word_1_18' title='bbox 185 751 329 835; x_wconf 84' lang='lat' dir='ltr'><strong>possint,</strong></span> <span class='ocrx_word' id='word_1_19' title='bbox 358 751 559 835; x_wconf 82' lang='lat' dir='ltr'><strong>firmumque</strong></span> <span class='ocrx_word' id='word_1_20' title='bbox 594 766 763 815; x_wconf 84' lang='lat' dir='ltr'><strong>assensum</strong></span> <span class='ocrx_word' id='word_1_21' title='bbox 799 750 1032 815; x_wconf 88' lang='lat' dir='ltr'><strong>determinare.</strong></span> <span class='ocrx_word' id='word_1_22' title='bbox 1066 750 1243 835; x_wconf 88' lang='lat' dir='ltr'><strong>Objectum</strong></span> 
     </span>
     <span class='ocr_line' id='line_1_5' title="bbox 120 856 1243 941; baseline -0.002 -19"><span class='ocrx_word' id='word_1_23' title='bbox 120 857 210 924; x_wconf 87' lang='lat' dir='ltr'><strong>enim</strong></span> <span class='ocrx_word' id='word_1_24' title='bbox 234 858 392 925; x_wconf 81' lang='lat' dir='ltr'>credibile</span> <span class='ocrx_word' id='word_1_25' title='bbox 409 877 475 924; x_wconf 92' lang='lat' dir='ltr'><strong>non</strong></span> <span class='ocrx_word' id='word_1_26' title='bbox 502 876 609 924; x_wconf 84' lang='lat' dir='ltr'><strong>coram</strong></span> <span class='ocrx_word' id='word_1_27' title='bbox 629 860 735 932; x_wconf 83' lang='lat' dir='ltr'><strong>adest,</strong></span> <span class='ocrx_word' id='word_1_28' title='bbox 766 865 802 922; x_wconf 92' lang='lat' dir='ltr'><strong>ut</strong></span> <span class='ocrx_word' id='word_1_29' title='bbox 827 857 870 923; x_wconf 89' lang='lat' dir='ltr'><strong>ita</strong></span> <span class='ocrx_word' id='word_1_30' title='bbox 895 858 1017 935; x_wconf 88' lang='lat' dir='ltr'><strong>dicam,</strong></span> <span class='ocrx_word' id='word_1_31' title='bbox 1046 858 1105 923; x_wconf 90' lang='lat' dir='ltr'><strong>sed</strong></span> <span class='ocrx_word' id='word_1_32' title='bbox 1131 856 1243 941; x_wconf 87' lang='lat' dir='ltr'><strong>procul</strong></span> 
     </span>
     <span class='ocr_line' id='line_1_6' title="bbox 119 952 1244 1051; baseline -0.004 -20"><span class='ocrx_word' id='word_1_33' title='bbox 119 965 237 1043; x_wconf 88' lang='lat' dir='ltr'><strong>distat,</strong></span> <span class='ocrx_word' id='word_1_34' title='bbox 266 974 394 1032; x_wconf 90' lang='lat' dir='ltr'><strong>utnon</strong></span> <span class='ocrx_word' id='word_1_35' title='bbox 423 952 525 1051; x_wconf 83' lang='lat' dir='ltr'><strong>possit</strong></span> <span class='ocrx_word' id='word_1_36' title='bbox 549 984 606 1049; x_wconf 84' lang='lat' dir='ltr'><strong>per</strong></span> <span class='ocrx_word' id='word_1_37' title='bbox 633 966 778 1048; x_wconf 91' lang='lat' dir='ltr'><strong>seipsum</strong></span> <span class='ocrx_word' id='word_1_38' title='bbox 804 983 938 1030; x_wconf 89' lang='lat' dir='ltr'><strong>movere</strong></span> <span class='ocrx_word' id='word_1_39' title='bbox 965 984 1001 1030; x_wconf 89' lang='lat' dir='ltr'><strong>ac</strong></span> <span class='ocrx_word' id='word_1_40' title='bbox 1028 963 1244 1030; x_wconf 87' lang='lat' dir='ltr'><strong>determinare</strong></span> 
     </span>
     <span class='ocr_line' id='line_1_7' title="bbox 120 1071 1243 1157; baseline 0 -21"><span class='ocrx_word' id='word_1_41' title='bbox 120 1072 339 1149; x_wconf 88' lang='lat' dir='ltr'><strong>intellectum,</strong></span> <span class='ocrx_word' id='word_1_42' title='bbox 361 1093 397 1144; x_wconf 80' lang='lat' dir='ltr'><strong>sc</strong></span> <span class='ocrx_word' id='word_1_43' title='bbox 417 1074 553 1157; x_wconf 80' lang='lat' dir='ltr'><strong>proinde</strong></span> <span class='ocrx_word' id='word_1_44' title='bbox 572 1090 638 1137; x_wconf 92' lang='lat' dir='ltr'><strong>non</strong></span> <span class='ocrx_word' id='word_1_45' title='bbox 663 1071 833 1157; x_wconf 86' lang='lat' dir='ltr'><strong>inspicitur</strong></span> <span class='ocrx_word' id='word_1_46' title='bbox 851 1072 884 1137; x_wconf 93' lang='lat' dir='ltr'><strong>in</strong></span> <span class='ocrx_word' id='word_1_47' title='bbox 904 1072 1032 1156; x_wconf 89' lang='lat' dir='ltr'><strong>seipso,</strong></span> <span class='ocrx_word' id='word_1_48' title='bbox 1057 1072 1116 1137; x_wconf 82' lang='lat' dir='ltr'><strong>secl</strong></span> <span class='ocrx_word' id='word_1_49' title='bbox 1135 1072 1243 1137; x_wconf 90' lang='lat' dir='ltr'><strong>solum</strong></span> 
     </span>
     <span class='ocr_line' id='line_1_8' title="bbox 120 1178 1244 1257; baseline -0.001 -13"><span class='ocrx_word' id='word_1_50' title='bbox 120 1180 303 1245; x_wconf 82' lang='lat' dir='ltr'><strong>affirmatur</strong></span> <span class='ocrx_word' id='word_1_51' title='bbox 317 1178 360 1245; x_wconf 90' lang='lat' dir='ltr'><strong>ob</strong></span> <span class='ocrx_word' id='word_1_52' title='bbox 374 1181 599 1253; x_wconf 88' lang='lat' dir='ltr'><strong>testimonium</strong></span> <span class='ocrx_word' id='word_1_53' title='bbox 614 1179 889 1246; x_wconf 87' lang='lat' dir='ltr'><strong>etauctoritatem</strong></span> <span class='ocrx_word' id='word_1_54' title='bbox 903 1180 1053 1257; x_wconf 86' lang='lat' dir='ltr'><strong>alterius,</strong></span> <span class='ocrx_word' id='word_1_55' title='bbox 1071 1180 1244 1245; x_wconf 85' lang='lat' dir='ltr'><strong>accedente</strong></span> 
     </span>
     <span class='ocr_line' id='line_1_9' title="bbox 120 1285 1246 1373; baseline 0 -22"><span class='ocrx_word' id='word_1_56' title='bbox 120 1287 238 1365; x_wconf 88' lang='lat' dir='ltr'><strong>etiam,</strong></span> <span class='ocrx_word' id='word_1_57' title='bbox 260 1289 375 1353; x_wconf 89' lang='lat' dir='ltr'><strong>saltem</strong></span> <span class='ocrx_word' id='word_1_58' title='bbox 392 1289 605 1373; x_wconf 88' lang='lat' dir='ltr'><strong>plerumque,</strong></span> <span class='ocrx_word' id='word_1_59' title='bbox 621 1286 729 1353; x_wconf 85' lang='lat' dir='ltr'><strong>liberae</strong></span> <span class='ocrx_word' id='word_1_60' title='bbox 748 1286 929 1352; x_wconf 83' lang='lat' dir='ltr'><strong>voluntatis</strong></span> <span class='ocrx_word' id='word_1_61' title='bbox 940 1285 1079 1371; x_wconf 87' lang='lat' dir='ltr'><strong>imperio</strong></span> <span class='ocrx_word' id='word_1_62' title='bbox 1092 1294 1128 1351; x_wconf 90' lang='lat' dir='ltr'><strong>ut</strong></span> <span class='ocrx_word' id='word_1_63' title='bbox 1144 1305 1246 1370; x_wconf 87' lang='lat' dir='ltr'><strong>pona-</strong></span> 
     </span>
     <span class='ocr_line' id='line_1_10' title="bbox 119 1392 1245 1480; baseline 0 -21"><span class='ocrx_word' id='word_1_64' title='bbox 119 1403 174 1459; x_wconf 89' lang='lat' dir='ltr'><strong>tur</strong></span> <span class='ocrx_word' id='word_1_65' title='bbox 192 1412 360 1461; x_wconf 85' lang='lat' dir='ltr'><strong>assensus:</strong></span> <span class='ocrx_word' id='word_1_66' title='bbox 382 1414 456 1479; x_wconf 85' lang='lat' dir='ltr'><strong>quae</strong></span> <span class='ocrx_word' id='word_1_67' title='bbox 471 1396 617 1461; x_wconf 89' lang='lat' dir='ltr'><strong>doctrina</strong></span> <span class='ocrx_word' id='word_1_68' title='bbox 634 1403 684 1459; x_wconf 89' lang='lat' dir='ltr'><strong>est</strong></span> <span class='ocrx_word' id='word_1_69' title='bbox 698 1394 894 1461; x_wconf 87' lang='lat' dir='ltr'><strong>Sanctorum</strong></span> <span class='ocrx_word' id='word_1_70' title='bbox 917 1394 1094 1480; x_wconf 82' lang='lat' dir='ltr'><strong>Augustini</strong></span> <span class='ocrx_word' id='word_1_71' title='bbox 1109 1413 1146 1459; x_wconf 89' lang='lat' dir='ltr'><strong>ac</strong></span> <span class='ocrx_word' id='word_1_72' title='bbox 1158 1392 1245 1459; x_wconf 89' lang='lat' dir='ltr'><strong>Tho-</strong></span> 
     </span>
     <span class='ocr_line' id='line_1_11' title="bbox 121 1502 390 1586; baseline 0.004 -19"><span class='ocrx_word' id='word_1_73' title='bbox 121 1520 185 1567; x_wconf 82' lang='lat' dir='ltr'><strong>mae</strong></span> <span class='ocrx_word' id='word_1_74' title='bbox 204 1502 390 1586; x_wconf 75' lang='lat' dir='ltr'><strong>Aquinatis.</strong></span> 
     </span>
    </p>

    <p class='ocr_par' dir='ltr' id='par_1_4' title="bbox 112 1593 1284 3415">
     <span class='ocr_line' id='line_1_12' title="bbox 187 1593 1244 1696; baseline 0 -21"><span class='ocrx_word' id='word_1_75' title='bbox 187 1593 363 1675; x_wconf 73' lang='lat' dir='ltr'><strong>Secundam</strong></span> <span class='ocrx_word' id='word_1_76' title='bbox 378 1610 594 1694; x_wconf 64' lang='lat' dir='ltr'><strong>¹augustinum</strong></span> <span class='ocrx_word' id='word_1_77' title='bbox 616 1610 651 1675; x_wconf 87' lang='lat' dir='ltr'><strong>in</strong></span> <span class='ocrx_word' id='word_1_78' title='bbox 665 1609 793 1675; x_wconf 80' lang='lat' dir='ltr'><strong>tibrada</strong></span> <span class='ocrx_word' id='word_1_79' title='bbox 806 1614 965 1678; x_wconf 83' lang='lat' dir='ltr'><strong>Videndo</strong></span> <span class='ocrx_word' id='word_1_80' title='bbox 979 1618 1093 1677; x_wconf 85' lang='lat' dir='ltr'><strong>Deum</strong></span> <span class='ocrx_word' id='word_1_81' title='bbox 1107 1605 1158 1696; x_wconf 87' lang='lat'><strong>(1)</strong></span> <span class='ocrx_word' id='word_1_82' title='bbox 1172 1630 1244 1675; x_wconf 81' lang='lat' dir='ltr'><strong>cre·</strong></span> 
     </span>
     <span class='ocr_line' id='line_1_13' title="bbox 119 1715 1245 1801; baseline 0 -18"><span class='ocrx_word' id='word_1_83' title='bbox 119 1721 249 1783; x_wconf 87' lang='lat' dir='ltr'><strong>duntur</strong></span> <span class='ocrx_word' id='word_1_84' title='bbox 260 1722 334 1795; x_wconf 82' lang='lat' dir='ltr'><strong>iila,</strong></span> <span class='ocrx_word' id='word_1_85' title='bbox 350 1738 431 1801; x_wconf 79' lang='lat' dir='ltr'><strong>quse</strong></span> <span class='ocrx_word' id='word_1_86' title='bbox 441 1722 567 1785; x_wconf 83' lang='lat' dir='ltr'><strong>absunt</strong></span> <span class='ocrx_word' id='word_1_87' title='bbox 584 1740 605 1783; x_wconf 90' lang='lat' dir='ltr'><strong>a</strong></span> <span class='ocrx_word' id='word_1_88' title='bbox 622 1722 784 1783; x_wconf 81' lang='lat' dir='ltr'><strong>sensibus</strong></span> <span class='ocrx_word' id='word_1_89' title='bbox 803 1722 962 1795; x_wconf 83' lang='lat' dir='ltr'><strong>Nostris,</strong></span> <span class='ocrx_word' id='word_1_90' title='bbox 979 1715 1011 1783; x_wconf 87' lang='lat' dir='ltr'><strong>si</strong></span> <span class='ocrx_word' id='word_1_91' title='bbox 1021 1721 1159 1783; x_wconf 83' lang='lat' dir='ltr'><strong>videtur</strong></span> <span class='ocrx_word' id='word_1_92' title='bbox 1173 1721 1245 1783; x_wconf 86' lang='lat' dir='ltr'><strong>ido·</strong></span> 
     </span>
     <span class='ocr_line' id='line_1_14' title="bbox 119 1827 1244 1908; baseline 0 -17"><span class='ocrx_word' id='word_1_93' title='bbox 119 1846 226 1891; x_wconf 84' lang='lat' dir='ltr'><strong>neum</strong></span> <span class='ocrx_word' id='word_1_94' title='bbox 243 1829 498 1902; x_wconf 85' lang='lat' dir='ltr'><strong>testimonium,</strong></span> <span class='ocrx_word' id='word_1_95' title='bbox 519 1827 610 1908; x_wconf 90' lang='lat' dir='ltr'><strong>quod</strong></span> <span class='ocrx_word' id='word_1_96' title='bbox 634 1830 687 1891; x_wconf 85' lang='lat' dir='ltr'><strong>eis</strong></span> <span class='ocrx_word' id='word_1_97' title='bbox 704 1829 920 1907; x_wconf 82' lang='lat' dir='ltr'><strong>perhibetur:</strong></span> <span class='ocrx_word' id='word_1_98' title='bbox 941 1828 1103 1891; x_wconf 82' lang='lat' dir='ltr'><strong>videntur</strong></span> <span class='ocrx_word' id='word_1_99' title='bbox 1128 1837 1244 1891; x_wconf 87' lang='lat' dir='ltr'><strong>autem</strong></span> 
     </span>
     <span class='ocr_line' id='line_1_15' title="bbox 118 1930 1245 2015; baseline 0.001 -18"><span class='ocrx_word' id='word_1_100' title='bbox 118 1952 211 2015; x_wconf 81' lang='lat' dir='ltr'><strong>quae.</strong></span> <span class='ocrx_word' id='word_1_101' title='bbox 227 1946 358 2014; x_wconf 75' lang='lat' dir='ltr'><strong>praesto</strong></span> <span class='ocrx_word' id='word_1_102' title='bbox 389 1946 472 1999; x_wconf 84' lang='lat' dir='ltr'><strong>sunt</strong></span> <span class='ocrx_word' id='word_1_103' title='bbox 498 1938 554 1999; x_wconf 84' lang='lat' dir='ltr'><strong>vel</strong></span> <span class='ocrx_word' id='word_1_104' title='bbox 576 1936 683 1999; x_wconf 81' lang='lat' dir='ltr'><strong>enimi</strong></span> <span class='ocrx_word' id='word_1_105' title='bbox 707 1936 764 1999; x_wconf 84' lang='lat' dir='ltr'><strong>vel</strong></span> <span class='ocrx_word' id='word_1_106' title='bbox 791 1936 946 2015; x_wconf 86' lang='lat' dir='ltr'><strong>corporis</strong></span> <span class='ocrx_word' id='word_1_107' title='bbox 964 1935 1136 1998; x_wconf 77' lang='lat' dir='ltr'><strong>sensibus.</strong></span> <span class='ocrx_word' id='word_1_108' title='bbox 1166 1930 1245 2011; x_wconf 76' lang='lat' dir='ltr'><strong>Qua</strong></span> 
     </span>
     <span class='ocr_line' id='line_1_16' title="bbox 118 2034 1245 2127; baseline 0.001 -25"><span class='ocrx_word' id='word_1_109' title='bbox 118 2038 245 2121; x_wconf 81' lang='lat' dir='ltr'><strong>quidem</strong></span> <span class='ocrx_word' id='word_1_110' title='bbox 261 2038 437 2122; x_wconf 69' lang='lat' dir='ltr'><strong>duy&#39;erentab</strong></span> <span class='ocrx_word' id='word_1_111' title='bbox 453 2034 580 2104; x_wconf 74' lang='lat' dir='ltr'><strong>eudem</strong></span> <span class='ocrx_word' id='word_1_112' title='bbox 596 2042 646 2107; x_wconf 70' lang='lat' dir='ltr'><strong>est</strong></span> <span class='ocrx_word' id='word_1_113' title='bbox 657 2038 690 2102; x_wconf 81' lang='lat' dir='ltr'><strong>in</strong></span> <span class='ocrx_word' id='word_1_114' title='bbox 711 2037 767 2115; x_wconf 79' lang='lat' dir='ltr'><strong>iis,</strong></span> <span class='ocrx_word' id='word_1_115' title='bbox 786 2056 857 2123; x_wconf 76' lang='lat' dir='ltr'><strong>pune</strong></span> <span class='ocrx_word' id='word_1_116' title='bbox 870 2041 986 2121; x_wconf 69' lang='lat' dir='ltr'><strong>presto</strong></span> <span class='ocrx_word' id='word_1_117' title='bbox 1002 2042 1080 2103; x_wconf 88' lang='lat' dir='ltr'><strong>sunt</strong></span> <span class='ocrx_word' id='word_1_118' title='bbox 1090 2038 1245 2127; x_wconf 61' lang='lat' dir='ltr'><strong>emmens</strong></span> 
     </span>
     <span class='ocr_line' id='line_1_17' title="bbox 118 2144 1244 2231; baseline 0.002 -22"><span class='ocrx_word' id='word_1_119' title='bbox 118 2144 276 2223; x_wconf 83' lang='lat' dir='ltr'><strong>sensibus,</strong></span> <span class='ocrx_word' id='word_1_120' title='bbox 297 2146 332 2209; x_wconf 84' lang='lat' dir='ltr'><strong>in</strong></span> <span class='ocrx_word' id='word_1_121' title='bbox 350 2145 463 2231; x_wconf 77' lang='lat' dir='ltr'><strong>quibus</strong></span> <span class='ocrx_word' id='word_1_122' title='bbox 480 2146 676 2231; x_wconf 75' lang='lat' dir='ltr'><strong>manifestum</strong></span> <span class='ocrx_word' id='word_1_123' title='bbox 694 2148 756 2220; x_wconf 85' lang='lat' dir='ltr'><strong>est,</strong></span> <span class='ocrx_word' id='word_1_124' title='bbox 775 2150 857 2229; x_wconf 86' lang='lat' dir='ltr'><strong>quid</strong></span> <span class='ocrx_word' id='word_1_125' title='bbox 876 2160 1007 2228; x_wconf 85' lang='lat' dir='ltr'><strong>praesto</strong></span> <span class='ocrx_word' id='word_1_126' title='bbox 1025 2152 1073 2213; x_wconf 86' lang='lat' dir='ltr'><strong>sit</strong></span> <span class='ocrx_word' id='word_1_127' title='bbox 1088 2150 1244 2229; x_wconf 85' lang='lat' dir='ltr'><strong>eorporis</strong></span> 
     </span>
     <span class='ocr_line' id='line_1_18' title="bbox 118 2243 1245 2337; baseline 0.004 -20"><span class='ocrx_word' id='word_1_128' title='bbox 118 2252 275 2329; x_wconf 84' lang='lat' dir='ltr'><strong>sensibus,</strong></span> <span class='ocrx_word' id='word_1_129' title='bbox 292 2257 324 2317; x_wconf 86' lang='lat' dir='ltr'><strong>et</strong></span> <span class='ocrx_word' id='word_1_130' title='bbox 337 2253 415 2337; x_wconf 83' lang='lat' dir='ltr'><strong>quid</strong></span> <span class='ocrx_word' id='word_1_131' title='bbox 428 2272 503 2320; x_wconf 89' lang='lat' dir='ltr'><strong>non.</strong></span> <span class='ocrx_word' id='word_1_132' title='bbox 519 2243 629 2319; x_wconf 82' lang='lat' dir='ltr'><strong>Sed&#39;in</strong></span> <span class='ocrx_word' id='word_1_133' title='bbox 647 2252 788 2318; x_wconf 75' lang='lat' dir='ltr'><strong>sensibus</strong></span> <span class='ocrx_word' id='word_1_134' title='bbox 800 2254 917 2329; x_wconf 84' lang='lat' dir='ltr'><strong>animi,</strong></span> <span class='ocrx_word' id='word_1_135' title='bbox 937 2271 1009 2319; x_wconf 87' lang='lat' dir='ltr'><strong>cum</strong></span> <span class='ocrx_word' id='word_1_136' title='bbox 1022 2253 1101 2337; x_wconf 78' lang='lat' dir='ltr'><strong>quid</strong></span> <span class='ocrx_word' id='word_1_137' title='bbox 1113 2267 1245 2336; x_wconf 78' lang='lat' dir='ltr'><strong>praesto</strong></span> 
     </span>
     <span class='ocr_line' id='line_1_19' title="bbox 118 2360 1284 2444; baseline -0.002 -17"><span class='ocrx_word' id='word_1_138' title='bbox 118 2382 198 2427; x_wconf 78' lang='lat' dir='ltr'><strong>esse</strong></span> <span class='ocrx_word' id='word_1_139' title='bbox 224 2364 372 2439; x_wconf 84' lang='lat' dir='ltr'><strong>dicatur,</strong></span> <span class='ocrx_word' id='word_1_140' title='bbox 392 2361 490 2444; x_wconf 75' lang='lat' dir='ltr'><strong>magis</strong></span> <span class='ocrx_word' id='word_1_141' title='bbox 507 2362 597 2435; x_wconf 83' lang='lat' dir='ltr'><strong>latet,</strong></span> <span class='ocrx_word' id='word_1_142' title='bbox 618 2362 676 2427; x_wconf 86' lang='lat' dir='ltr'><strong>illa</strong></span> <span class='ocrx_word' id='word_1_143' title='bbox 702 2364 803 2425; x_wconf 80' lang='lat' dir='ltr'><strong>tannen</strong></span> <span class='ocrx_word' id='word_1_144' title='bbox 829 2375 962 2444; x_wconf 81' lang='lat' dir='ltr'><strong>praesto</strong></span> <span class='ocrx_word' id='word_1_145' title='bbox 989 2383 1067 2428; x_wconf 84' lang='lat' dir='ltr'><strong>esse</strong></span> <span class='ocrx_word' id='word_1_146' title='bbox 1092 2360 1245 2426; x_wconf 72' lang='lat' dir='ltr'><strong>uisuntur</strong></span> <span class='ocrx_word' id='word_1_147' title='bbox 1277 2361 1284 2373; x_wconf 87' lang='lat'>&#39;</span> 
     </span>
     <span class='ocr_line' id='line_1_20' title="bbox 119 2466 1244 2552; baseline 0.004 -21"><span class='ocrx_word' id='word_1_148' title='bbox 119 2466 302 2543; x_wconf 82' lang='lat' dir='ltr'><strong>intellectui,</strong></span> <span class='ocrx_word' id='word_1_149' title='bbox 323 2486 393 2552; x_wconf 76' lang='lat' dir='ltr'><strong>quea</strong></span> <span class='ocrx_word' id='word_1_150' title='bbox 410 2473 630 2551; x_wconf 82' lang='lat' dir='ltr'><strong>capacitatem</strong></span> <span class='ocrx_word' id='word_1_151' title='bbox 649 2474 724 2551; x_wconf 80' lang='lat' dir='ltr'><strong>eius</strong></span> <span class='ocrx_word' id='word_1_152' title='bbox 745 2490 817 2535; x_wconf 89' lang='lat' dir='ltr'><strong>non</strong></span> <span class='ocrx_word' id='word_1_153' title='bbox 835 2473 1021 2545; x_wconf 82' lang='lat' dir='ltr'><strong>excedunt,</strong></span> <span class='ocrx_word' id='word_1_154' title='bbox 1041 2482 1081 2535; x_wconf 85' lang='lat' dir='ltr'><strong>ut</strong></span> <span class='ocrx_word' id='word_1_155' title='bbox 1098 2473 1244 2535; x_wconf 85' lang='lat' dir='ltr'><strong>intuitus</strong></span> 
     </span>
     <span class='ocr_line' id='line_1_21' title="bbox 118 2573 1244 2659; baseline 0.004 -20"><span class='ocrx_word' id='word_1_156' title='bbox 118 2580 312 2642; x_wconf 85' lang='lat' dir='ltr'><strong>intellectus</strong></span> <span class='ocrx_word' id='word_1_157' title='bbox 339 2580 376 2642; x_wconf 90' lang='lat' dir='ltr'><strong>in</strong></span> <span class='ocrx_word' id='word_1_158' title='bbox 404 2580 456 2642; x_wconf 85' lang='lat' dir='ltr'><strong>eis</strong></span> <span class='ocrx_word' id='word_1_159' title='bbox 471 2576 608 2659; x_wconf 46' lang='lat' dir='ltr'><strong>&amp;obers</strong></span> <span class='ocrx_word' id='word_1_160' title='bbox 637 2576 751 2641; x_wconf 85' lang='lat' dir='ltr'><strong>talibus</strong></span> <span class='ocrx_word' id='word_1_161' title='bbox 776 2576 858 2641; x_wconf 88' lang='lat' dir='ltr'><strong>enim</strong></span> <span class='ocrx_word' id='word_1_162' title='bbox 880 2573 997 2659; x_wconf 59' lang='lat' dir='ltr'><strong>biennis</strong></span> <span class='ocrx_word' id='word_1_163' title='bbox 1022 2575 1154 2641; x_wconf 82' lang='lat' dir='ltr'><strong>assentit</strong></span> <span class='ocrx_word' id='word_1_164' title='bbox 1173 2597 1244 2643; x_wconf 86' lang='lat' dir='ltr'><strong>non</strong></span> 
     </span>
     <span class='ocr_line' id='line_1_22' title="bbox 116 2687 1243 2766; baseline 0 -20"><span class='ocrx_word' id='word_1_165' title='bbox 116 2696 256 2766; x_wconf 88' lang='lat' dir='ltr'><strong>propter</strong></span> <span class='ocrx_word' id='word_1_166' title='bbox 281 2688 519 2750; x_wconf 83' lang='lat' dir='ltr'><strong>testimonium</strong></span> <span class='ocrx_word' id='word_1_167' title='bbox 547 2688 717 2762; x_wconf 86' lang='lat' dir='ltr'><strong>alienum,</strong></span> <span class='ocrx_word' id='word_1_168' title='bbox 748 2687 810 2749; x_wconf 83' lang='lat' dir='ltr'><strong>sed</strong></span> <span class='ocrx_word' id='word_1_169' title='bbox 839 2697 978 2766; x_wconf 90' lang='lat' dir='ltr'><strong>propter</strong></span> <span class='ocrx_word' id='word_1_170' title='bbox 1003 2688 1243 2749; x_wconf 86' lang='lat' dir='ltr'><strong>testimonium</strong></span> 
     </span>
     <span class='ocr_line' id='line_1_23' title="bbox 117 2789 1242 2877; baseline -0.001 -22"><span class='ocrx_word' id='word_1_171' title='bbox 117 2795 246 2873; x_wconf 87' lang='lat' dir='ltr'><strong>proprii</strong></span> <span class='ocrx_word' id='word_1_172' title='bbox 264 2795 455 2858; x_wconf 86' lang='lat' dir='ltr'><strong>intellectus</strong></span> <span class='ocrx_word' id='word_1_173' title='bbox 482 2789 658 2877; x_wconf 88' lang='lat' dir='ltr'><strong>(nimirum</strong></span> <span class='ocrx_word' id='word_1_174' title='bbox 680 2790 756 2874; x_wconf 87' lang='lat' dir='ltr'><strong>quia</strong></span> <span class='ocrx_word' id='word_1_175' title='bbox 780 2789 849 2873; x_wconf 92' lang='lat' dir='ltr'><strong>ipse</strong></span> <span class='ocrx_word' id='word_1_176' title='bbox 873 2790 1058 2858; x_wconf 88' lang='lat' dir='ltr'><strong>intellectus</strong></span> <span class='ocrx_word' id='word_1_177' title='bbox 1078 2790 1190 2866; x_wconf 83' lang='lat' dir='ltr'><strong>videt,¹</strong></span> <span class='ocrx_word' id='word_1_178' title='bbox 1206 2809 1242 2854; x_wconf 93' lang='lat' dir='ltr'><strong>ac</strong></span> 
     </span>
     <span class='ocr_line' id='line_1_24' title="bbox 119 2895 1241 2984; baseline -0.001 -22"><span class='ocrx_word' id='word_1_179' title='bbox 119 2916 178 2980; x_wconf 88' lang='lat' dir='ltr'><strong>per</strong></span> <span class='ocrx_word' id='word_1_180' title='bbox 191 2915 226 2962; x_wconf 90' lang='lat' dir='ltr'><strong>se</strong></span> <span class='ocrx_word' id='word_1_181' title='bbox 237 2895 412 2984; x_wconf 86' lang='lat' dir='ltr'><strong>intuetur).</strong></span> <span class='ocrx_word' id='word_1_182' title='bbox 427 2899 484 2964; x_wconf 87' lang='lat' dir='ltr'><strong>llla</strong></span> <span class='ocrx_word' id='word_1_183' title='bbox 502 2916 592 2982; x_wconf 86' lang='lat' dir='ltr'><strong>vero,</strong></span> <span class='ocrx_word' id='word_1_184' title='bbox 608 2917 677 2982; x_wconf 75' lang='lat' dir='ltr'><strong>qun</strong></span> <span class='ocrx_word' id='word_1_185' title='bbox 690 2899 869 2976; x_wconf 79' lang='lat' dir='ltr'><strong>facultatem</strong></span> <span class='ocrx_word' id='word_1_186' title='bbox 885 2899 1057 2964; x_wconf 67' lang='lat' dir='ltr'><strong>inuitatus</strong></span> <span class='ocrx_word' id='word_1_187' title='bbox 1070 2899 1241 2974; x_wconf 63' lang='lat' dir='ltr'><strong>sumunt,</strong></span> 
     </span>
     <span class='ocr_line' id='line_1_25' title="bbox 116 3005 1243 3083; baseline 0.002 -13"><span class='ocrx_word' id='word_1_188' title='bbox 116 3005 257 3070; x_wconf 84' lang='lat' dir='ltr'><strong>absentia</strong></span> <span class='ocrx_word' id='word_1_189' title='bbox 269 3023 332 3070; x_wconf 86' lang='lat' dir='ltr'><strong>esse</strong></span> <span class='ocrx_word' id='word_1_190' title='bbox 350 3005 501 3072; x_wconf 82' lang='lat' dir='ltr'><strong>dicuntur</strong></span> <span class='ocrx_word' id='word_1_191' title='bbox 518 3024 538 3070; x_wconf 91' lang='lat' dir='ltr'><strong>a</strong></span> <span class='ocrx_word' id='word_1_192' title='bbox 555 3005 697 3071; x_wconf 84' lang='lat' dir='ltr'><strong>sensibus</strong></span> <span class='ocrx_word' id='word_1_193' title='bbox 710 3005 826 3082; x_wconf 84' lang='lat' dir='ltr'><strong>animi,</strong></span> <span class='ocrx_word' id='word_1_194' title='bbox 848 3007 931 3070; x_wconf 75' lang='lat' dir='ltr'><strong>narde</strong></span> <span class='ocrx_word' id='word_1_195' title='bbox 945 3005 1118 3083; x_wconf 80' lang='lat' dir='ltr'><strong>intellectus</strong></span> <span class='ocrx_word' id='word_1_196' title='bbox 1135 3011 1172 3072; x_wconf 87' lang='lat' dir='ltr'><strong>in</strong></span> <span class='ocrx_word' id='word_1_197' title='bbox 1191 3011 1243 3072; x_wconf 83' lang='lat' dir='ltr'><strong>eis</strong></span> 
     </span>
     <span class='ocr_line' id='line_1_26' title="bbox 117 3112 1244 3196; baseline 0.003 -19"><span class='ocrx_word' id='word_1_198' title='bbox 117 3117 176 3193; x_wconf 80' lang='lat' dir='ltr'><strong>figi</strong></span> <span class='ocrx_word' id='word_1_199' title='bbox 194 3133 264 3179; x_wconf 86' lang='lat' dir='ltr'><strong>non</strong></span> <span class='ocrx_word' id='word_1_200' title='bbox 282 3126 409 3194; x_wconf 86' lang='lat' dir='ltr'><strong>potest:</strong></span> <span class='ocrx_word' id='word_1_201' title='bbox 426 3115 509 3178; x_wconf 81' lang='lat' dir='ltr'><strong>unde</strong></span> <span class='ocrx_word' id='word_1_202' title='bbox 526 3112 571 3178; x_wconf 82' lang='lat' dir='ltr'><strong>ets</strong></span> <span class='ocrx_word' id='word_1_203' title='bbox 591 3131 654 3178; x_wconf 90' lang='lat' dir='ltr'><strong>non</strong></span> <span class='ocrx_word' id='word_1_204' title='bbox 663 3120 828 3196; x_wconf 83' lang='lat' dir='ltr'><strong>possumus</strong></span> <span class='ocrx_word' id='word_1_205' title='bbox 845 3113 997 3178; x_wconf 83' lang='lat' dir='ltr'><strong>assentire</strong></span> <span class='ocrx_word' id='word_1_206' title='bbox 1014 3127 1153 3196; x_wconf 85' lang='lat' dir='ltr'><strong>propter</strong></span> <span class='ocrx_word' id='word_1_207' title='bbox 1165 3134 1244 3195; x_wconf 89' lang='lat' dir='ltr'><strong>pro-</strong></span> 
     </span>
     <span class='ocr_line' id='line_1_27' title="bbox 116 3219 1242 3303; baseline 0 -18"><span class='ocrx_word' id='word_1_208' title='bbox 116 3225 232 3301; x_wconf 86' lang='lat' dir='ltr'><strong>prium</strong></span> <span class='ocrx_word' id='word_1_209' title='bbox 254 3225 508 3296; x_wconf 83' lang='lat' dir='ltr'><strong>testimonium,</strong></span> <span class='ocrx_word' id='word_1_210' title='bbox 529 3221 584 3285; x_wconf 78' lang='lat' dir='ltr'><strong>sed</strong></span> <span class='ocrx_word' id='word_1_211' title='bbox 596 3225 725 3303; x_wconf 79' lang='lat' dir='ltr'><strong>propter</strong></span> <span class='ocrx_word' id='word_1_212' title='bbox 733 3219 941 3286; x_wconf 83' lang='lat' dir='ltr'><strong>testinnonium</strong></span> <span class='ocrx_word' id='word_1_213' title='bbox 957 3221 1108 3285; x_wconf 84' lang='lat' dir='ltr'><strong>alienum.</strong></span> <span class='ocrx_word' id='word_1_214' title='bbox 1129 3221 1170 3285; x_wconf 83' lang='lat' dir='ltr'><strong>Et</strong></span> <span class='ocrx_word' id='word_1_215' title='bbox 1178 3219 1242 3285; x_wconf 79' lang='lat' dir='ltr'><strong>nae</strong></span> 
     </span>
     <span class='ocr_line' id='line_1_28' title="bbox 112 3324 634 3415; baseline 0 -23"><span class='ocrx_word' id='word_1_216' title='bbox 112 3327 240 3409; x_wconf 73' lang='lat' dir='ltr'><strong>proprie</strong></span> <span class='ocrx_word' id='word_1_217' title='bbox 257 3331 385 3394; x_wconf 84' lang='lat' dir='ltr'><strong>credita</strong></span> <span class='ocrx_word' id='word_1_218' title='bbox 401 3327 552 3393; x_wconf 83' lang='lat' dir='ltr'><strong>dicuntur</strong></span> <span class='ocrx_word' id='word_1_219' title='bbox 569 3324 634 3415; x_wconf 88' lang='lat'><em>(2).</em></span> 
     </span>
    </p>

    <p class='ocr_par' dir='ltr' id='par_1_5' title="bbox 184 3433 1241 3525">
     <span class='ocr_line' id='line_1_29' title="bbox 184 3433 1241 3525; baseline 0.001 -28"><span class='ocrx_word' id='word_1_220' title='bbox 184 3433 286 3525; x_wconf 88' lang='lat' dir='ltr'><strong>Simili</strong></span> <span class='ocrx_word' id='word_1_221' title='bbox 322 3435 423 3500; x_wconf 90' lang='lat' dir='ltr'><strong>modo</strong></span> <span class='ocrx_word' id='word_1_222' title='bbox 455 3434 623 3520; x_wconf 87' lang='lat' dir='ltr'><strong>objectum·</strong></span> <span class='ocrx_word' id='word_1_223' title='bbox 651 3435 823 3518; x_wconf 83' lang='lat' dir='ltr'><strong>opinabile,</strong></span> <span class='ocrx_word' id='word_1_224' title='bbox 862 3434 937 3500; x_wconf 88' lang='lat' dir='ltr'><strong>licet</strong></span> <span class='ocrx_word' id='word_1_225' title='bbox 974 3433 1169 3519; x_wconf 86' lang='lat' dir='ltr'><strong>percipiatur</strong></span> <span class='ocrx_word' id='word_1_226' title='bbox 1203 3450 1241 3499; x_wconf 90' lang='lat' dir='ltr'><strong>ac</strong></span> 
     </span>
    </p>
   </div>
   <div class='ocr_carea' id='block_1_4' title="bbox 116 3522 1421 3751">
    <p class='ocr_par' dir='ltr' id='par_1_6' title="bbox 116 3522 1421 3751">
     <span class='ocr_line' id='line_1_30' title="bbox 116 3522 1421 3639; baseline 0 -33"><span class='ocrx_word' id='word_1_227' title='bbox 116 3549 267 3606; x_wconf 89' lang='lat' dir='ltr'><strong>teneatur</strong></span> <span class='ocrx_word' id='word_1_228' title='bbox 289 3540 330 3606; x_wconf 89' lang='lat' dir='ltr'><strong>ab</strong></span> <span class='ocrx_word' id='word_1_229' title='bbox 349 3541 512 3607; x_wconf 89' lang='lat' dir='ltr'><strong>intellectu</strong></span> <span class='ocrx_word' id='word_1_230' title='bbox 539 3561 580 3608; x_wconf 86' lang='lat' dir='ltr'><strong>ex</strong></span> <span class='ocrx_word' id='word_1_231' title='bbox 600 3543 737 3627; x_wconf 88' lang='lat' dir='ltr'><strong>propriis</strong></span> <span class='ocrx_word' id='word_1_232' title='bbox 761 3542 956 3618; x_wconf 91' lang='lat' dir='ltr'><strong>rationibus,</strong></span> <span class='ocrx_word' id='word_1_233' title='bbox 984 3551 1018 3608; x_wconf 89' lang='lat' dir='ltr'><strong>et</strong></span> <span class='ocrx_word' id='word_1_234' title='bbox 1037 3561 1103 3608; x_wconf 94' lang='lat' dir='ltr'><strong>non</strong></span> <span class='ocrx_word' id='word_1_235' title='bbox 1128 3546 1240 3608; x_wconf 91' lang='lat' dir='ltr'><strong>solum</strong></span> <span class='ocrx_word' id='word_1_236' title='bbox 1280 3522 1421 3639; x_wconf 49' lang='lat' dir='ltr'><strong>ogm‘ssju</strong></span> 
     </span>
     <span class='ocr_line' id='line_1_31' title="bbox 116 3648 1416 3751; baseline -0.002 -38"><span class='ocrx_word' id='word_1_237' title='bbox 116 3668 158 3714; x_wconf 88' lang='lat' dir='ltr'><strong>ex</strong></span> <span class='ocrx_word' id='word_1_238' title='bbox 176 3648 313 3714; x_wconf 90' lang='lat' dir='ltr'><strong>aliorum</strong></span> <span class='ocrx_word' id='word_1_239' title='bbox 333 3649 540 3751; x_wconf 79' lang='lat' dir='ltr'><strong>testimonio,</strong></span> <span class='ocrx_word' id='word_1_240' title='bbox 561 3649 646 3716; x_wconf 90' lang='lat' dir='ltr'><strong>sicut</strong></span> <span class='ocrx_word' id='word_1_241' title='bbox 664 3669 744 3734; x_wconf 89' lang='lat' dir='ltr'><strong>pure</strong></span> <span class='ocrx_word' id='word_1_242' title='bbox 757 3650 915 3726; x_wconf 75' lang='lat' dir='ltr'><strong>arntibile,</strong></span> <span class='ocrx_word' id='word_1_243' title='bbox 936 3649 1148 3716; x_wconf 91' lang='lat' dir='ltr'><strong>nihilominus</strong></span> <span class='ocrx_word' id='word_1_244' title='bbox 1167 3650 1240 3715; x_wconf 91' lang='lat' dir='ltr'><strong>ideo</strong></span> <span class='ocrx_word' id='word_1_245' title='bbox 1301 3667 1334 3710; x_wconf 66' lang='lat' dir='ltr'><strong>en</strong></span> <span class='ocrx_word' id='word_1_246' title='bbox 1351 3667 1416 3710; x_wconf 62' lang='lat' dir='ltr'><strong>aar..</strong></span> 
     </span>
    </p>
   </div>
   <div class='ocr_carea' id='block_1_5' title="bbox 114 3755 1243 4381">
    <p class='ocr_par' dir='ltr' id='par_1_7' title="bbox 114 3755 1243 4381">
     <span class='ocr_line' id='line_1_32' title="bbox 116 3755 1241 3842; baseline 0 -21"><span class='ocrx_word' id='word_1_247' title='bbox 116 3765 168 3821; x_wconf 91' lang='lat' dir='ltr'><strong>est</strong></span> <span class='ocrx_word' id='word_1_248' title='bbox 186 3755 349 3840; x_wconf 91' lang='lat' dir='ltr'><strong>opinabile</strong></span> <span class='ocrx_word' id='word_1_249' title='bbox 368 3765 465 3839; x_wconf 89' lang='lat' dir='ltr'><strong>atque</strong></span> <span class='ocrx_word' id='word_1_250' title='bbox 484 3756 670 3834; x_wconf 88' lang='lat' dir='ltr'><strong>inevidens,</strong></span> <span class='ocrx_word' id='word_1_251' title='bbox 691 3759 766 3842; x_wconf 88' lang='lat' dir='ltr'><strong>quia</strong></span> <span class='ocrx_word' id='word_1_252' title='bbox 789 3775 855 3823; x_wconf 92' lang='lat' dir='ltr'><strong>non</strong></span> <span class='ocrx_word' id='word_1_253' title='bbox 878 3770 928 3824; x_wconf 91' lang='lat' dir='ltr'><strong>est</strong></span> <span class='ocrx_word' id='word_1_254' title='bbox 946 3758 1025 3823; x_wconf 86' lang='lat' dir='ltr'><strong>satis</strong></span> <span class='ocrx_word' id='word_1_255' title='bbox 1044 3765 1241 3840; x_wconf 88' lang='lat' dir='ltr'><strong>attempera-</strong></span> 
     </span>
     <span class='ocr_line' id='line_1_33' title="bbox 115 3863 1242 3942; baseline 0 -14"><span class='ocrx_word' id='word_1_256' title='bbox 115 3871 189 3928; x_wconf 93' lang='lat' dir='ltr'><strong>tum</strong></span> <span class='ocrx_word' id='word_1_257' title='bbox 209 3871 243 3928; x_wconf 88' lang='lat' dir='ltr'><strong>et</strong></span> <span class='ocrx_word' id='word_1_258' title='bbox 260 3873 542 3930; x_wconf 88' lang='lat' dir='ltr'><strong>commesuratum</strong></span> <span class='ocrx_word' id='word_1_259' title='bbox 562 3863 761 3930; x_wconf 89' lang='lat' dir='ltr'><strong>intellectivo</strong></span> <span class='ocrx_word' id='word_1_260' title='bbox 780 3863 914 3942; x_wconf 90' lang='lat' dir='ltr'><strong>lumini,</strong></span> <span class='ocrx_word' id='word_1_261' title='bbox 935 3863 1071 3930; x_wconf 91' lang='lat' dir='ltr'><strong>utillud</strong></span> <span class='ocrx_word' id='word_1_262' title='bbox 1089 3864 1242 3930; x_wconf 89' lang='lat' dir='ltr'><strong>determi-</strong></span> 
     </span>
     <span class='ocr_line' id='line_1_34' title="bbox 117 3970 1242 4054; baseline 0.001 -19"><span class='ocrx_word' id='word_1_263' title='bbox 117 3987 194 4035; x_wconf 90' lang='lat' dir='ltr'><strong>nare</strong></span> <span class='ocrx_word' id='word_1_264' title='bbox 214 3989 271 4054; x_wconf 90' lang='lat' dir='ltr'><strong>per</strong></span> <span class='ocrx_word' id='word_1_265' title='bbox 293 3989 329 4036; x_wconf 92' lang='lat' dir='ltr'><strong>se</strong></span> <span class='ocrx_word' id='word_1_266' title='bbox 356 3971 464 4038; x_wconf 87' lang='lat' dir='ltr'><strong>solum</strong></span> <span class='ocrx_word' id='word_1_267' title='bbox 492 3971 533 4037; x_wconf 85' lang='lat' dir='ltr'><strong>ad</strong></span> <span class='ocrx_word' id='word_1_268' title='bbox 558 3989 729 4039; x_wconf 90' lang='lat' dir='ltr'><strong>assensum</strong></span> <span class='ocrx_word' id='word_1_269' title='bbox 758 3974 876 4038; x_wconf 87' lang='lat' dir='ltr'><strong>valeat.</strong></span> <span class='ocrx_word' id='word_1_270' title='bbox 903 3970 1131 4047; x_wconf 81' lang='lat' dir='ltr'><strong>Quamobrem</strong></span> <span class='ocrx_word' id='word_1_271' title='bbox 1157 3971 1242 4037; x_wconf 91' lang='lat' dir='ltr'><strong>sicut</strong></span> 
     </span>
     <span class='ocr_line' id='line_1_35' title="bbox 115 4077 1242 4166; baseline 0.002 -25"><span class='ocrx_word' id='word_1_272' title='bbox 115 4077 243 4160; x_wconf 87' lang='lat' dir='ltr'><strong>objecta</strong></span> <span class='ocrx_word' id='word_1_273' title='bbox 261 4079 373 4162; x_wconf 89' lang='lat' dir='ltr'><strong>procul</strong></span> <span class='ocrx_word' id='word_1_274' title='bbox 393 4079 497 4161; x_wconf 89' lang='lat' dir='ltr'><strong>posita</strong></span> <span class='ocrx_word' id='word_1_275' title='bbox 517 4079 675 4166; x_wconf 81' lang='lat' dir='ltr'><strong>nonsatis</strong></span> <span class='ocrx_word' id='word_1_276' title='bbox 689 4081 932 4156; x_wconf 88' lang='lat' dir='ltr'><strong>discernuntur,</strong></span> <span class='ocrx_word' id='word_1_277' title='bbox 954 4099 1013 4144; x_wconf 88' lang='lat' dir='ltr'><strong>nec</strong></span> <span class='ocrx_word' id='word_1_278' title='bbox 1028 4087 1169 4164; x_wconf 92' lang='lat' dir='ltr'><strong>possunt</strong></span> <span class='ocrx_word' id='word_1_279' title='bbox 1184 4096 1242 4163; x_wconf 88' lang='lat' dir='ltr'><strong>per</strong></span> 
     </span>
     <span class='ocr_line' id='line_1_36' title="bbox 114 4186 1242 4274; baseline 0.001 -23"><span class='ocrx_word' id='word_1_280' title='bbox 114 4204 152 4251; x_wconf 87' lang='lat' dir='ltr'><strong>se</strong></span> <span class='ocrx_word' id='word_1_281' title='bbox 171 4186 250 4274; x_wconf 86' lang='lat' dir='ltr'><strong>satis</strong></span> <span class='ocrx_word' id='word_1_282' title='bbox 276 4187 493 4252; x_wconf 86' lang='lat' dir='ltr'><strong>determinare</strong></span> <span class='ocrx_word' id='word_1_283' title='bbox 512 4187 672 4253; x_wconf 87' lang='lat' dir='ltr'><strong>visionem</strong></span> <span class='ocrx_word' id='word_1_284' title='bbox 703 4207 762 4254; x_wconf 92' lang='lat' dir='ltr'><strong>nec</strong></span> <span class='ocrx_word' id='word_1_285' title='bbox 783 4206 955 4255; x_wconf 89' lang='lat' dir='ltr'><strong>assensum</strong></span> <span class='ocrx_word' id='word_1_286' title='bbox 975 4188 1176 4263; x_wconf 89' lang='lat' dir='ltr'><strong>intellectus,</strong></span> <span class='ocrx_word' id='word_1_287' title='bbox 1205 4196 1242 4252; x_wconf 93' lang='lat' dir='ltr'><strong>ut</strong></span> 
     </span>
     <span class='ocr_line' id='line_1_37' title="bbox 114 4292 1243 4381; baseline 0 -21"><span class='ocrx_word' id='word_1_288' title='bbox 114 4292 196 4379; x_wconf 89' lang='lat' dir='ltr'><strong>quid</strong></span> <span class='ocrx_word' id='word_1_289' title='bbox 212 4295 262 4360; x_wconf 90' lang='lat' dir='ltr'><strong>vel</strong></span> <span class='ocrx_word' id='word_1_290' title='bbox 273 4295 379 4378; x_wconf 90' lang='lat' dir='ltr'><strong>qualia</strong></span> <span class='ocrx_word' id='word_1_291' title='bbox 394 4295 473 4371; x_wconf 90' lang='lat' dir='ltr'><strong>sint,</strong></span> <span class='ocrx_word' id='word_1_292' title='bbox 487 4294 613 4372; x_wconf 72' lang='lat' dir='ltr'><strong>deliniri</strong></span> <span class='ocrx_word' id='word_1_293' title='bbox 628 4306 738 4380; x_wconf 86' lang='lat' dir='ltr'><strong>queat;</strong></span> <span class='ocrx_word' id='word_1_294' title='bbox 756 4296 799 4363; x_wconf 91' lang='lat' dir='ltr'><strong>ita</strong></span> <span class='ocrx_word' id='word_1_295' title='bbox 814 4297 913 4362; x_wconf 90' lang='lat' dir='ltr'><strong>etiam</strong></span> <span class='ocrx_word' id='word_1_296' title='bbox 927 4295 1115 4381; x_wconf 86' lang='lat' dir='ltr'><strong>opinabilia,</strong></span> <span class='ocrx_word' id='word_1_297' title='bbox 1127 4304 1243 4380; x_wconf 89' lang='lat' dir='ltr'><strong>utpote</strong></span> 
     </span>
    </p>
   </div>
   <div class='ocr_carea' id='block_1_6' title="bbox 117 4485 399 4500">
    <p class='ocr_par' dir='ltr' id='par_1_8' title="bbox 117 4485 399 4500">
     <span class='ocr_line' id='line_1_38' title="bbox 117 4485 399 4500; baseline 0 0"><span class='ocrx_word' id='word_1_298' title='bbox 117 4485 399 4500; x_wconf 54' lang='lat' dir='ltr'><strong>m</strong></span> 
     </span>
    </p>
   </div>
   <div class='ocr_carea' id='block_1_7' title="bbox 111 4525 1243 4816">
    <p class='ocr_par' dir='ltr' id='par_1_9' title="bbox 111 4525 1243 4816">
     <span class='ocr_line' id='line_1_39' title="bbox 150 4525 830 4635; baseline 0.004 -15"><span class='ocrx_word' id='word_1_299' title='bbox 150 4565 194 4632; x_wconf 77' lang='lat' dir='ltr'><strong>(a)</strong></span> <span class='ocrx_word' id='word_1_300' title='bbox 231 4559 324 4635; x_wconf 85' lang='lat' dir='ltr'><strong>Epist.</strong></span> <span class='ocrx_word' id='word_1_301' title='bbox 343 4579 392 4635; x_wconf 77' lang='lat'><strong>147</strong></span> <span class='ocrx_word' id='word_1_302' title='bbox 408 4562 446 4629; x_wconf 85' lang='lat' dir='ltr'><strong>(al</strong></span> <span class='ocrx_word' id='word_1_303' title='bbox 466 4565 526 4628; x_wconf 82' lang='lat' dir='ltr'><strong>rra)</strong></span> <span class='ocrx_word' id='word_1_304' title='bbox 542 4581 604 4634; x_wconf 87' lang='lat' dir='ltr'><strong>cap.</strong></span> <span class='ocrx_word' id='word_1_305' title='bbox 619 4583 645 4622; x_wconf 83' lang='lat'><strong>2.</strong></span> <span class='ocrx_word' id='word_1_306' title='bbox 662 4577 733 4632; x_wconf 70' lang='lat' dir='ltr'><strong>eta.</strong></span> <span class='ocrx_word' id='word_1_307' title='bbox 828 4525 830 4530; x_wconf 28' lang='grc' dir='ltr'>Ι</span> 
     </span>
     <span class='ocr_line' id='line_1_40' title="bbox 149 4650 1243 4728; baseline 0.003 -17"><span class='ocrx_word' id='word_1_308' title='bbox 149 4658 192 4722; x_wconf 82' lang='lat' dir='ltr'><strong>(a)</strong></span> <span class='ocrx_word' id='word_1_309' title='bbox 231 4650 264 4710; x_wconf 88' lang='lat' dir='ltr'><strong>S.</strong></span> <span class='ocrx_word' id='word_1_310' title='bbox 283 4652 339 4710; x_wconf 81' lang='lat' dir='ltr'><strong>Th.</strong></span> <span class='ocrx_word' id='word_1_311' title='bbox 362 4653 397 4710; x_wconf 79' lang='lat' dir='ltr'><strong>de</strong></span> <span class='ocrx_word' id='word_1_312' title='bbox 417 4651 507 4710; x_wconf 75' lang='lat' dir='ltr'><strong>Verte.</strong></span> <span class='ocrx_word' id='word_1_313' title='bbox 531 4672 560 4723; x_wconf 91' lang='lat' dir='ltr'><strong>q.</strong></span> <span class='ocrx_word' id='word_1_314' title='bbox 588 4671 634 4727; x_wconf 85' lang='lat'><strong>14,</strong></span> <span class='ocrx_word' id='word_1_315' title='bbox 659 4675 686 4712; x_wconf 86' lang='lat' dir='ltr'><strong>a.</strong></span> <span class='ocrx_word' id='word_1_316' title='bbox 707 4675 735 4727; x_wconf 82' lang='lat'><strong>9.</strong></span> <span class='ocrx_word' id='word_1_317' title='bbox 760 4653 823 4712; x_wconf 78' lang='lat' dir='ltr'><strong>cn.</strong></span> <span class='ocrx_word' id='word_1_318' title='bbox 849 4652 976 4727; x_wconf 81' lang='lat' dir='ltr'><strong>3.⁰dist.</strong></span> <span class='ocrx_word' id='word_1_319' title='bbox 999 4672 1049 4728; x_wconf 77' lang='lat'><strong>243</strong></span> <span class='ocrx_word' id='word_1_320' title='bbox 1067 4673 1093 4726; x_wconf 79' lang='lat' dir='ltr'><strong>q.</strong></span> <span class='ocrx_word' id='word_1_321' title='bbox 1122 4673 1191 4724; x_wconf 63' lang='grc' dir='ltr'><strong>ηε.</strong></span> <span class='ocrx_word' id='word_1_322' title='bbox 1214 4671 1243 4714; x_wconf 77' lang='lat'><strong>2.</strong></span> 
     </span>
     <span class='ocr_line' id='line_1_41' title="bbox 111 4741 1021 4816; baseline -0.005 -11"><span class='ocrx_word' id='word_1_323' title='bbox 111 4745 204 4805; x_wconf 81' lang='lat' dir='ltr'><strong>solut.</strong></span> <span class='ocrx_word' id='word_1_324' title='bbox 224 4741 305 4802; x_wconf 40' lang='lat' dir='ltr'><strong>1.·⁴in</strong></span> <span class='ocrx_word' id='word_1_325' title='bbox 318 4761 396 4815; x_wconf 83' lang='lat' dir='ltr'><strong>corp.</strong></span> <span class='ocrx_word' id='word_1_326' title='bbox 412 4755 441 4802; x_wconf 84' lang='lat' dir='ltr'><strong>et</strong></span> <span class='ocrx_word' id='word_1_327' title='bbox 455 4743 508 4802; x_wconf 86' lang='lat' dir='ltr'><strong>sol.</strong></span> <span class='ocrx_word' id='word_1_328' title='bbox 527 4751 568 4815; x_wconf 82' lang='lat'><strong>3.·</strong></span> <span class='ocrx_word' id='word_1_329' title='bbox 581 4743 619 4800; x_wconf 85' lang='lat' dir='ltr'><strong>ad</strong></span> <span class='ocrx_word' id='word_1_330' title='bbox 632 4753 694 4816; x_wconf 62' lang='lat'><strong>4³³</strong></span> <span class='ocrx_word' id='word_1_331' title='bbox 1020 4745 1021 4748; x_wconf 72' lang='grc'>’</span> 
     </span>
    </p>
   </div>
   <div class='ocr_carea' id='block_1_8' title="bbox 0 0 1750 5525">
    <p class='ocr_par' dir='ltr' id='par_1_10' title="bbox 0 0 1750 5525">
     <span class='ocr_line' id='line_1_42' title="bbox 0 0 1750 5525; baseline 0 0"><span class='ocrx_word' id='word_1_332' title='bbox 0 0 1750 5525; x_wconf 95' lang='lat' dir='ltr'><strong> </strong></span> 
     </span>
    </p>
   </div>
  </div>
 </body>
</html>
