<?xml version="1.0" encoding="UTF-8"?>
<!DOCTYPE html PUBLIC "-//W3C//DTD XHTML 1.0 Transitional//EN"
    "http://www.w3.org/TR/xhtml1/DTD/xhtml1-transitional.dtd">
<html xmlns="http://www.w3.org/1999/xhtml" xml:lang="en" lang="en">
 <head>
  <title>
</title>
<meta http-equiv="Content-Type" content="text/html;charset=utf-8" />
  <meta name='ocr-system' content='tesseract 3.04.00' />
  <meta name='ocr-capabilities' content='ocr_page ocr_carea ocr_par ocr_line ocrx_word'/>
</head>
<body>
  <div class='ocr_page' id='page_1' title='image "./institutionesph00urrgoog/institutionesph00urrgoog_1101.png"; bbox 0 0 3492 5525; ppageno 0'>
   <div class='ocr_carea' id='block_1_1' title="bbox 278 400 1204 467">
    <p class='ocr_par' dir='ltr' id='par_1_1' title="bbox 278 400 1204 467">
     <span class='ocr_line' id='line_1_1' title="bbox 278 400 1204 467; baseline 0.001 -2"><span class='ocrx_word' id='word_1_1' title='bbox 278 402 396 466; x_wconf 81' lang='lat' dir='ltr'>Anne.</span> <span class='ocrx_word' id='word_1_2' title='bbox 413 414 474 465; x_wconf 61' lang='lat'>2³¹·</span> <span class='ocrx_word' id='word_1_3' title='bbox 488 400 658 467; x_wconf 79' lang='lat' dir='ltr'>luriuxus</span> <span class='ocrx_word' id='word_1_4' title='bbox 670 402 752 467; x_wconf 71' lang='lat' dir='ltr'>laic</span> <span class='ocrx_word' id='word_1_5' title='bbox 770 422 803 467; x_wconf 85' lang='lat' dir='ltr'>iii</span> <span class='ocrx_word' id='word_1_6' title='bbox 817 420 912 467; x_wconf 77' lang='lat' dir='ltr'>arias</span> <span class='ocrx_word' id='word_1_7' title='bbox 925 418 1094 467; x_wconf 69' lang='lat' dir='ltr'>scienciis</span> <span class='ocrx_word' id='word_1_8' title='bbox 1132 400 1204 466; x_wconf 87' lang='lat'>1081</span> 
     </span>
    </p>
   </div>
   <div class='ocr_carea' id='block_1_2' title="bbox 110 582 1448 3903">
    <p class='ocr_par' dir='ltr' id='par_1_2' title="bbox 125 582 1448 886">
     <span class='ocr_line' id='line_1_2' title="bbox 126 582 1448 674; baseline -0.003 -24"><span class='ocrx_word' id='word_1_9' title='bbox 126 597 260 653; x_wconf 85' lang='lat' dir='ltr'>actuum</span> <span class='ocrx_word' id='word_1_10' title='bbox 284 584 469 651; x_wconf 86' lang='lat' dir='ltr'>intellectus</span> <span class='ocrx_word' id='word_1_11' title='bbox 486 585 520 651; x_wconf 94' lang='lat' dir='ltr'>in</span> <span class='ocrx_word' id='word_1_12' title='bbox 538 595 632 661; x_wconf 87' lang='lat' dir='ltr'>actus</span> <span class='ocrx_word' id='word_1_13' title='bbox 649 585 828 653; x_wconf 85' lang='lat' dir='ltr'>voluntatis</span> <span class='ocrx_word' id='word_1_14' title='bbox 846 582 911 674; x_wconf 90' lang='lat' dir='ltr'>(i).</span> <span class='ocrx_word' id='word_1_15' title='bbox 933 584 1081 663; x_wconf 80' lang='lat' dir='ltr'>Quaestio</span> <span class='ocrx_word' id='word_1_16' title='bbox 1099 603 1179 669; x_wconf 82' lang='lat' dir='ltr'>ergo</span> <span class='ocrx_word' id='word_1_17' title='bbox 1195 591 1246 650; x_wconf 87' lang='lat' dir='ltr'>est</span> <span class='ocrx_word' id='word_1_18' title='bbox 1277 596 1448 655; x_wconf 61' lang='lat' dir='ltr'>omine-iae</span> 
     </span>
     <span class='ocr_line' id='line_1_3' title="bbox 126 669 1417 787; baseline -0.002 -28"><span class='ocrx_word' id='word_1_19' title='bbox 126 694 166 759; x_wconf 91' lang='lat' dir='ltr'>de</span> <span class='ocrx_word' id='word_1_20' title='bbox 192 693 308 779; x_wconf 77' lang='lat' dir='ltr'>logica</span> <span class='ocrx_word' id='word_1_21' title='bbox 338 692 512 768; x_wconf 75' lang='lat' dir='ltr'><strong>habituali,</strong></span> <span class='ocrx_word' id='word_1_22' title='bbox 543 702 575 759; x_wconf 91' lang='lat' dir='ltr'>et</span> <span class='ocrx_word' id='word_1_23' title='bbox 603 693 736 777; x_wconf 87' lang='lat' dir='ltr'>quidem</span> <span class='ocrx_word' id='word_1_24' title='bbox 769 706 916 777; x_wconf 87' lang='lat' dir='ltr'>respectu</span> <span class='ocrx_word' id='word_1_25' title='bbox 946 704 1079 759; x_wconf 77' lang='lat' dir='ltr'>actuum</span> <span class='ocrx_word' id='word_1_26' title='bbox 1108 692 1243 759; x_wconf 91' lang='lat' dir='ltr'>aliarum</span> <span class='ocrx_word' id='word_1_27' title='bbox 1299 669 1417 787; x_wconf 55' lang='lat' dir='ltr'>iffi.</span> 
     </span>
     <span class='ocr_line' id='line_1_4' title="bbox 125 800 1244 886; baseline 0 -19"><span class='ocrx_word' id='word_1_28' title='bbox 125 800 351 877; x_wconf 81' lang='lat' dir='ltr'>scientiarum,</span> <span class='ocrx_word' id='word_1_29' title='bbox 372 820 438 867; x_wconf 91' lang='lat' dir='ltr'>non</span> <span class='ocrx_word' id='word_1_30' title='bbox 458 820 536 868; x_wconf 89' lang='lat' dir='ltr'>vero</span> <span class='ocrx_word' id='word_1_31' title='bbox 556 810 703 885; x_wconf 88' lang='lat' dir='ltr'>respectu</span> <span class='ocrx_word' id='word_1_32' title='bbox 718 809 850 868; x_wconf 85' lang='lat' dir='ltr'>actuum</span> <span class='ocrx_word' id='word_1_33' title='bbox 866 801 1089 886; x_wconf 85' lang='lat' dir='ltr'>propriorum,</span> <span class='ocrx_word' id='word_1_34' title='bbox 1107 818 1184 865; x_wconf 89' lang='lat' dir='ltr'>nani</span> <span class='ocrx_word' id='word_1_35' title='bbox 1204 800 1244 867; x_wconf 94' lang='lat' dir='ltr'>ad</span> 
     </span>
    </p>

    <p class='ocr_par' dir='ltr' id='par_1_3' title="bbox 125 907 1241 995">
     <span class='ocr_line' id='line_1_5' title="bbox 125 907 1241 995; baseline -0.002 -22"><span class='ocrx_word' id='word_1_36' title='bbox 125 919 216 975; x_wconf 89' lang='lat' dir='ltr'>actus</span> <span class='ocrx_word' id='word_1_37' title='bbox 234 909 363 995; x_wconf 84' lang='lat' dir='ltr'>logicae</span> <span class='ocrx_word' id='word_1_38' title='bbox 381 908 531 994; x_wconf 86' lang='lat' dir='ltr'>proprios</span> <span class='ocrx_word' id='word_1_39' title='bbox 549 909 721 976; x_wconf 84' lang='lat' dir='ltr'>habitualis</span> <span class='ocrx_word' id='word_1_40' title='bbox 740 910 857 995; x_wconf 82' lang='lat' dir='ltr'>Logica</span> <span class='ocrx_word' id='word_1_41' title='bbox 870 910 1033 975; x_wconf 83' lang='lat' dir='ltr'>concurrit</span> <span class='ocrx_word' id='word_1_42' title='bbox 1052 907 1241 985; x_wconf 88' lang='lat' dir='ltr'>efficienter,</span> 
     </span>
    </p>

    <p class='ocr_par' dir='ltr' id='par_1_4' title="bbox 123 1016 865 1099">
     <span class='ocr_line' id='line_1_6' title="bbox 123 1016 865 1099; baseline -0.001 -16"><span class='ocrx_word' id='word_1_43' title='bbox 123 1016 208 1083; x_wconf 88' lang='lat' dir='ltr'>sicut</span> <span class='ocrx_word' id='word_1_44' title='bbox 226 1016 334 1099; x_wconf 87' lang='lat' dir='ltr'>quivis</span> <span class='ocrx_word' id='word_1_45' title='bbox 353 1016 435 1083; x_wconf 92' lang='lat' dir='ltr'>alius</span> <span class='ocrx_word' id='word_1_46' title='bbox 455 1016 584 1082; x_wconf 88' lang='lat' dir='ltr'>habitus</span> <span class='ocrx_word' id='word_1_47' title='bbox 602 1017 643 1084; x_wconf 92' lang='lat' dir='ltr'>ad</span> <span class='ocrx_word' id='word_1_48' title='bbox 662 1036 742 1083; x_wconf 90' lang='lat' dir='ltr'>suos</span> <span class='ocrx_word' id='word_1_49' title='bbox 761 1026 865 1083; x_wconf 89' lang='lat' dir='ltr'>actus.</span> 
     </span>
    </p>

    <p class='ocr_par' dir='ltr' id='par_1_5' title="bbox 119 1123 1417 1863">
     <span class='ocr_line' id='line_1_7' title="bbox 191 1123 1417 1210; baseline -0.002 -20"><span class='ocrx_word' id='word_1_50' title='bbox 191 1124 345 1203; x_wconf 79' lang='lat' dir='ltr'>Habitum</span> <span class='ocrx_word' id='word_1_51' title='bbox 376 1124 502 1210; x_wconf 82' lang='lat' dir='ltr'>logicae</span> <span class='ocrx_word' id='word_1_52' title='bbox 530 1125 676 1190; x_wconf 79' lang='lat' dir='ltr'>effective</span> <span class='ocrx_word' id='word_1_53' title='bbox 703 1142 895 1191; x_wconf 87' lang='lat' dir='ltr'>concurrere</span> <span class='ocrx_word' id='word_1_54' title='bbox 921 1125 963 1189; x_wconf 93' lang='lat' dir='ltr'>ad</span> <span class='ocrx_word' id='word_1_55' title='bbox 991 1131 1085 1191; x_wconf 88' lang='lat' dir='ltr'>actus</span> <span class='ocrx_word' id='word_1_56' title='bbox 1108 1123 1241 1190; x_wconf 88' lang='lat' dir='ltr'>aliarum</span> <span class='ocrx_word' id='word_1_57' title='bbox 1298 1132 1417 1180; x_wconf 71' lang='lat' dir='ltr'>sentenia</span> 
     </span>
     <span class='ocr_line' id='line_1_8' title="bbox 123 1215 1383 1320; baseline -0.001 -23"><span class='ocrx_word' id='word_1_58' title='bbox 123 1231 331 1299; x_wconf 85' lang='lat' dir='ltr'>scientiarum</span> <span class='ocrx_word' id='word_1_59' title='bbox 346 1240 461 1297; x_wconf 86' lang='lat' dir='ltr'>tenent</span> <span class='ocrx_word' id='word_1_60' title='bbox 474 1233 585 1316; x_wconf 80' lang='lat' dir='ltr'>piures</span> <span class='ocrx_word' id='word_1_61' title='bbox 598 1232 775 1299; x_wconf 82' lang='lat' dir='ltr'>Thomistae</span> <span class='ocrx_word' id='word_1_62' title='bbox 793 1229 858 1320; x_wconf 89' lang='lat'>(2),</span> <span class='ocrx_word' id='word_1_63' title='bbox 879 1231 961 1315; x_wconf 82' lang='lat' dir='ltr'>«qui</span> <span class='ocrx_word' id='word_1_64' title='bbox 980 1240 1127 1298; x_wconf 88' lang='lat' dir='ltr'>auctores</span> <span class='ocrx_word' id='word_1_65' title='bbox 1141 1232 1244 1297; x_wconf 90' lang='lat' dir='ltr'>faten-</span> <span class='ocrx_word' id='word_1_66' title='bbox 1293 1215 1383 1252; x_wconf 52' lang='grc' dir='ltr'>ΜΝ</span> 
     </span>
     <span class='ocr_line' id='line_1_9' title="bbox 122 1338 1242 1425; baseline -0.002 -18"><span class='ocrx_word' id='word_1_67' title='bbox 122 1350 176 1407; x_wconf 90' lang='lat' dir='ltr'>tur</span> <span class='ocrx_word' id='word_1_68' title='bbox 194 1341 327 1423; x_wconf 90' lang='lat' dir='ltr'>quidem</span> <span class='ocrx_word' id='word_1_69' title='bbox 347 1348 438 1406; x_wconf 89' lang='lat' dir='ltr'>actus</span> <span class='ocrx_word' id='word_1_70' title='bbox 461 1341 502 1406; x_wconf 91' lang='lat' dir='ltr'>de</span> <span class='ocrx_word' id='word_1_71' title='bbox 526 1339 654 1424; x_wconf 89' lang='lat' dir='ltr'>objecto</span> <span class='ocrx_word' id='word_1_72' title='bbox 673 1339 808 1425; x_wconf 91' lang='lat' dir='ltr'>physico</span> <span class='ocrx_word' id='word_1_73' title='bbox 827 1360 845 1405; x_wconf 90' lang='lat' dir='ltr'>a</span> <span class='ocrx_word' id='word_1_74' title='bbox 865 1341 937 1407; x_wconf 90' lang='lat' dir='ltr'>solo</span> <span class='ocrx_word' id='word_1_75' title='bbox 958 1339 1069 1405; x_wconf 90' lang='lat' dir='ltr'>habitu</span> <span class='ocrx_word' id='word_1_76' title='bbox 1098 1338 1242 1425; x_wconf 82' lang='lat' dir='ltr'>Physicae</span> 
     </span>
     <span class='ocr_line' id='line_1_10' title="bbox 124 1446 1243 1532; baseline -0.001 -19"><span class='ocrx_word' id='word_1_77' title='bbox 124 1448 256 1532; x_wconf 87' lang='lat' dir='ltr'>produci</span> <span class='ocrx_word' id='word_1_78' title='bbox 275 1457 437 1531; x_wconf 87' lang='lat' dir='ltr'>quantum</span> <span class='ocrx_word' id='word_1_79' title='bbox 457 1447 499 1514; x_wconf 91' lang='lat' dir='ltr'>ad</span> <span class='ocrx_word' id='word_1_80' title='bbox 512 1448 741 1523; x_wconf 84' lang='lat' dir='ltr'>substantiam,</span> <span class='ocrx_word' id='word_1_81' title='bbox 763 1446 795 1511; x_wconf 93' lang='lat' dir='ltr'>id</span> <span class='ocrx_word' id='word_1_82' title='bbox 810 1455 877 1523; x_wconf 91' lang='lat' dir='ltr'>est,</span> <span class='ocrx_word' id='word_1_83' title='bbox 891 1456 1051 1530; x_wconf 90' lang='lat' dir='ltr'>quantum</span> <span class='ocrx_word' id='word_1_84' title='bbox 1071 1446 1112 1511; x_wconf 92' lang='lat' dir='ltr'>ad</span> <span class='ocrx_word' id='word_1_85' title='bbox 1133 1464 1243 1512; x_wconf 88' lang='lat' dir='ltr'>assen-</span> 
     </span>
     <span class='ocr_line' id='line_1_11' title="bbox 119 1554 1242 1638; baseline 0 -19"><span class='ocrx_word' id='word_1_86' title='bbox 119 1574 195 1619; x_wconf 92' lang='lat' dir='ltr'>sum</span> <span class='ocrx_word' id='word_1_87' title='bbox 219 1564 252 1619; x_wconf 92' lang='lat' dir='ltr'>et</span> <span class='ocrx_word' id='word_1_88' title='bbox 269 1554 472 1623; x_wconf 87' lang='lat' dir='ltr'>tendentiam</span> <span class='ocrx_word' id='word_1_89' title='bbox 496 1555 528 1621; x_wconf 93' lang='lat' dir='ltr'>in</span> <span class='ocrx_word' id='word_1_90' title='bbox 547 1554 626 1620; x_wconf 93' lang='lat' dir='ltr'>illud</span> <span class='ocrx_word' id='word_1_91' title='bbox 645 1554 827 1638; x_wconf 79' lang='lat' dir='ltr'>objectum3</span> <span class='ocrx_word' id='word_1_92' title='bbox 848 1564 983 1621; x_wconf 90' lang='lat' dir='ltr'>censent</span> <span class='ocrx_word' id='word_1_93' title='bbox 998 1564 1110 1622; x_wconf 89' lang='lat' dir='ltr'>tamen</span> <span class='ocrx_word' id='word_1_94' title='bbox 1129 1572 1147 1618; x_wconf 93' lang='lat' dir='ltr'>a</span> <span class='ocrx_word' id='word_1_95' title='bbox 1171 1556 1242 1619; x_wconf 90' lang='lat' dir='ltr'>solo</span> 
     </span>
     <span class='ocr_line' id='line_1_12' title="bbox 121 1661 1243 1749; baseline 0 -22"><span class='ocrx_word' id='word_1_96' title='bbox 121 1661 231 1729; x_wconf 91' lang='lat' dir='ltr'>habitu</span> <span class='ocrx_word' id='word_1_97' title='bbox 252 1661 378 1748; x_wconf 79' lang='lat' dir='ltr'>toglcae</span> <span class='ocrx_word' id='word_1_98' title='bbox 395 1662 529 1746; x_wconf 88' lang='lat' dir='ltr'>produci</span> <span class='ocrx_word' id='word_1_99' title='bbox 543 1670 707 1746; x_wconf 88' lang='lat' dir='ltr'>quantum</span> <span class='ocrx_word' id='word_1_100' title='bbox 722 1662 763 1729; x_wconf 90' lang='lat' dir='ltr'>ad</span> <span class='ocrx_word' id='word_1_101' title='bbox 778 1663 917 1727; x_wconf 91' lang='lat' dir='ltr'>formam</span> <span class='ocrx_word' id='word_1_102' title='bbox 938 1661 1131 1729; x_wconf 90' lang='lat' dir='ltr'>artficiosam</span> <span class='ocrx_word' id='word_1_103' title='bbox 1147 1662 1243 1749; x_wconf 90' lang='lat' dir='ltr'>syllo-</span> 
     </span>
     <span class='ocr_line' id='line_1_13' title="bbox 119 1766 1121 1863; baseline 0.003 -29"><span class='ocrx_word' id='word_1_104' title='bbox 119 1769 231 1854; x_wconf 86' lang='lat' dir='ltr'>gismi,</span> <span class='ocrx_word' id='word_1_105' title='bbox 252 1768 451 1836; x_wconf 77' lang='lat' dir='ltr'>definitionis</span> <span class='ocrx_word' id='word_1_106' title='bbox 465 1779 529 1837; x_wconf 88' lang='lat' dir='ltr'>etc.</span> <span class='ocrx_word' id='word_1_107' title='bbox 550 1766 600 1857; x_wconf 75' lang='lat'>(3)</span> <span class='ocrx_word' id='word_1_108' title='bbox 1104 1832 1121 1863; x_wconf 64' lang='grc'><em>,</em></span> 
     </span>
    </p>

    <p class='ocr_par' dir='ltr' id='par_1_6' title="bbox 118 1874 1238 2182">
     <span class='ocr_line' id='line_1_14' title="bbox 187 1874 1238 1965; baseline 0.001 -24"><span class='ocrx_word' id='word_1_109' title='bbox 187 1876 249 1943; x_wconf 82' lang='lat' dir='ltr'>Alii</span> <span class='ocrx_word' id='word_1_110' title='bbox 285 1896 363 1944; x_wconf 89' lang='lat' dir='ltr'>vero</span> <span class='ocrx_word' id='word_1_111' title='bbox 395 1877 489 1943; x_wconf 92' lang='lat' dir='ltr'>multi</span> <span class='ocrx_word' id='word_1_112' title='bbox 516 1874 695 1943; x_wconf 85' lang='lat' dir='ltr'>Themistae</span> <span class='ocrx_word' id='word_1_113' title='bbox 725 1874 778 1965; x_wconf 83' lang='lat'>(4)</span> <span class='ocrx_word' id='word_1_114' title='bbox 810 1886 842 1943; x_wconf 91' lang='lat' dir='ltr'>et</span> <span class='ocrx_word' id='word_1_115' title='bbox 878 1876 979 1948; x_wconf 87' lang='lat' dir='ltr'>nostri</span> <span class='ocrx_word' id='word_1_116' title='bbox 1006 1877 1238 1954; x_wconf 89' lang='lat' dir='ltr'>communiter,</span> 
     </span>
     <span class='ocr_line' id='line_1_15' title="bbox 120 1984 1238 2071; baseline 0.001 -21"><span class='ocrx_word' id='word_1_117' title='bbox 120 1984 246 2071; x_wconf 82' lang='lat' dir='ltr'>logicae</span> <span class='ocrx_word' id='word_1_118' title='bbox 277 1985 431 2051; x_wconf 85' lang='lat' dir='ltr'>habituali</span> <span class='ocrx_word' id='word_1_119' title='bbox 461 1996 582 2070; x_wconf 82' lang='lat' dir='ltr'>negarit</span> <span class='ocrx_word' id='word_1_120' title='bbox 613 2003 808 2051; x_wconf 90' lang='lat' dir='ltr'>concursum</span> <span class='ocrx_word' id='word_1_121' title='bbox 846 1984 1042 2052; x_wconf 85' lang='lat' dir='ltr'>efficientem</span> <span class='ocrx_word' id='word_1_122' title='bbox 1077 1985 1109 2050; x_wconf 93' lang='lat' dir='ltr'>iii</span> <span class='ocrx_word' id='word_1_123' title='bbox 1146 1995 1238 2052; x_wconf 89' lang='lat' dir='ltr'>actus</span> 
     </span>
     <span class='ocr_line' id='line_1_16' title="bbox 118 2090 566 2182; baseline 0.009 -25"><span class='ocrx_word' id='word_1_124' title='bbox 118 2092 255 2159; x_wconf 92' lang='lat' dir='ltr'>aliarum</span> <span class='ocrx_word' id='word_1_125' title='bbox 272 2094 480 2161; x_wconf 83' lang='lat' dir='ltr'>scientiarum</span> <span class='ocrx_word' id='word_1_126' title='bbox 501 2090 566 2182; x_wconf 79' lang='grc'><strong>(5).</strong></span> 
     </span>
    </p>

    <p class='ocr_par' dir='ltr' id='par_1_7' title="bbox 162 2205 1441 2287">
     <span class='ocr_line' id='line_1_17' title="bbox 162 2205 1441 2287; baseline 0.005 -22"><span class='ocrx_word' id='word_1_127' title='bbox 162 2218 240 2287; x_wconf 75' lang='lat'>324.</span> <span class='ocrx_word' id='word_1_128' title='bbox 287 2207 377 2287; x_wconf 77' lang='lat' dir='ltr'>,Quae</span> <span class='ocrx_word' id='word_1_129' title='bbox 391 2206 564 2269; x_wconf 78' lang='lat' dir='ltr'>sententia</span> <span class='ocrx_word' id='word_1_130' title='bbox 576 2206 663 2267; x_wconf 86' lang='lat' dir='ltr'>milii</span> <span class='ocrx_word' id='word_1_131' title='bbox 680 2223 816 2285; x_wconf 85' lang='lat' dir='ltr'>quoque</span> <span class='ocrx_word' id='word_1_132' title='bbox 833 2206 944 2284; x_wconf 74' lang='lat' dir='ltr'>magia</span> <span class='ocrx_word' id='word_1_133' title='bbox 961 2205 1100 2268; x_wconf 82' lang='lat' dir='ltr'>arridet.</span> <span class='ocrx_word' id='word_1_134' title='bbox 1259 2224 1334 2271; x_wconf 68' lang='lat' dir='ltr'>venor</span> <span class='ocrx_word' id='word_1_135' title='bbox 1348 2226 1441 2281; x_wconf 68' lang='lat' dir='ltr'>einum,</span> 
     </span>
    </p>

    <p class='ocr_par' dir='ltr' id='par_1_8' title="bbox 114 2306 1423 2717">
     <span class='ocr_line' id='line_1_18' title="bbox 184 2306 1423 2393; baseline 0.002 -16"><span class='ocrx_word' id='word_1_136' title='bbox 184 2314 286 2377; x_wconf 82' lang='lat' dir='ltr'>Prob.</span> <span class='ocrx_word' id='word_1_137' title='bbox 306 2307 356 2377; x_wconf 89' lang='lat' dir='ltr'>i.⁰</span> <span class='ocrx_word' id='word_1_138' title='bbox 384 2309 501 2375; x_wconf 90' lang='lat' dir='ltr'>Nullus</span> <span class='ocrx_word' id='word_1_139' title='bbox 525 2307 655 2374; x_wconf 90' lang='lat' dir='ltr'>habitus</span> <span class='ocrx_word' id='word_1_140' title='bbox 672 2307 860 2374; x_wconf 89' lang='lat' dir='ltr'>immediate</span> <span class='ocrx_word' id='word_1_141' title='bbox 885 2308 1033 2393; x_wconf 90' lang='lat' dir='ltr'>producit</span> <span class='ocrx_word' id='word_1_142' title='bbox 1051 2306 1158 2385; x_wconf 89' lang='lat' dir='ltr'>actus,</span> <span class='ocrx_word' id='word_1_143' title='bbox 1179 2310 1236 2393; x_wconf 92' lang='lat' dir='ltr'>qui</span> <span class='ocrx_word' id='word_1_144' title='bbox 1278 2342 1298 2377; x_wconf 70' lang='lat' dir='ltr'>a</span> <span class='ocrx_word' id='word_1_145' title='bbox 1313 2332 1423 2387; x_wconf 62' lang='lat' dir='ltr'>prosaici.</span> 
     </span>
     <span class='ocr_line' id='line_1_19' title="bbox 117 2414 1234 2501; baseline 0 -20"><span class='ocrx_word' id='word_1_146' title='bbox 117 2434 184 2481; x_wconf 91' lang='lat' dir='ltr'>nori</span> <span class='ocrx_word' id='word_1_147' title='bbox 203 2414 410 2483; x_wconf 87' lang='lat' dir='ltr'>continentur</span> <span class='ocrx_word' id='word_1_148' title='bbox 427 2416 489 2482; x_wconf 94' lang='lat' dir='ltr'>sub</span> <span class='ocrx_word' id='word_1_149' title='bbox 507 2416 578 2501; x_wconf 87' lang='lat' dir='ltr'>ejus</span> <span class='ocrx_word' id='word_1_150' title='bbox 593 2414 717 2482; x_wconf 92' lang='lat' dir='ltr'>formali</span> <span class='ocrx_word' id='word_1_151' title='bbox 740 2416 880 2501; x_wconf 87' lang='lat' dir='ltr'>objecto.</span> <span class='ocrx_word' id='word_1_152' title='bbox 906 2416 972 2481; x_wconf 88' lang='lat' dir='ltr'>Sed</span> <span class='ocrx_word' id='word_1_153' title='bbox 990 2426 1082 2482; x_wconf 91' lang='lat' dir='ltr'>actus</span> <span class='ocrx_word' id='word_1_154' title='bbox 1100 2415 1234 2482; x_wconf 91' lang='lat' dir='ltr'>aliarum</span> 
     </span>
     <span class='ocr_line' id='line_1_20' title="bbox 116 2508 1236 2611; baseline 0.002 -22"><span class='ocrx_word' id='word_1_155' title='bbox 116 2508 324 2591; x_wconf 86' lang='lat' dir='ltr'>scientiarum</span> <span class='ocrx_word' id='word_1_156' title='bbox 340 2542 406 2590; x_wconf 92' lang='lat' dir='ltr'>nori</span> <span class='ocrx_word' id='word_1_157' title='bbox 420 2524 630 2590; x_wconf 90' lang='lat' dir='ltr'>continentur</span> <span class='ocrx_word' id='word_1_158' title='bbox 651 2524 714 2591; x_wconf 93' lang='lat' dir='ltr'>sub</span> <span class='ocrx_word' id='word_1_159' title='bbox 731 2522 857 2589; x_wconf 91' lang='lat' dir='ltr'>formali</span> <span class='ocrx_word' id='word_1_160' title='bbox 879 2524 1006 2611; x_wconf 88' lang='lat' dir='ltr'>objecto</span> <span class='ocrx_word' id='word_1_161' title='bbox 1028 2523 1171 2609; x_wconf 79' lang='lat' dir='ltr'>logicae,</span> <span class='ocrx_word' id='word_1_162' title='bbox 1201 2533 1236 2591; x_wconf 94' lang='lat' dir='ltr'>ut</span> 
     </span>
     <span class='ocr_line' id='line_1_21' title="bbox 114 2633 472 2717; baseline 0.003 -20"><span class='ocrx_word' id='word_1_163' title='bbox 114 2652 171 2717; x_wconf 90' lang='lat' dir='ltr'>per</span> <span class='ocrx_word' id='word_1_164' title='bbox 184 2641 329 2717; x_wconf 79' lang='lat' dir='ltr'>separet.</span> <span class='ocrx_word' id='word_1_165' title='bbox 347 2633 472 2717; x_wconf 83' lang='lat' dir='ltr'>Ergo...</span> 
     </span>
    </p>

    <p class='ocr_par' dir='ltr' id='par_1_9' title="bbox 113 2738 1235 3147">
     <span class='ocr_line' id='line_1_22' title="bbox 182 2738 1233 2824; baseline -0.002 -17"><span class='ocrx_word' id='word_1_166' title='bbox 182 2746 294 2824; x_wconf 80' lang='lat' dir='ltr'>Majbi·</span> <span class='ocrx_word' id='word_1_167' title='bbox 309 2748 397 2824; x_wconf 90' lang='lat' dir='ltr'>patet</span> <span class='ocrx_word' id='word_1_168' title='bbox 416 2749 448 2805; x_wconf 92' lang='lat' dir='ltr'>et</span> <span class='ocrx_word' id='word_1_169' title='bbox 460 2739 647 2807; x_wconf 91' lang='lat' dir='ltr'>inductione</span> <span class='ocrx_word' id='word_1_170' title='bbox 666 2748 822 2824; x_wconf 87' lang='lat' dir='ltr'>perpetua</span> <span class='ocrx_word' id='word_1_171' title='bbox 833 2747 1024 2806; x_wconf 89' lang='lat' dir='ltr'>caeterorum</span> <span class='ocrx_word' id='word_1_172' title='bbox 1049 2738 1233 2816; x_wconf 90' lang='lat' dir='ltr'>habituum,</span> 
     </span>
     <span class='ocr_line' id='line_1_23' title="bbox 113 2847 1234 2933; baseline 0.001 -20"><span class='ocrx_word' id='word_1_173' title='bbox 113 2858 147 2915; x_wconf 88' lang='lat' dir='ltr'>et</span> <span class='ocrx_word' id='word_1_174' title='bbox 158 2848 386 2932; x_wconf 83' lang='lat' dir='ltr'>ratione;quia</span> <span class='ocrx_word' id='word_1_175' title='bbox 400 2868 475 2914; x_wconf 88' lang='lat' dir='ltr'>curn</span> <span class='ocrx_word' id='word_1_176' title='bbox 490 2848 619 2916; x_wconf 89' lang='lat' dir='ltr'>habitus</span> <span class='ocrx_word' id='word_1_177' title='bbox 631 2847 858 2933; x_wconf 83' lang='lat' dir='ltr'>specificentur</span> <span class='ocrx_word' id='word_1_178' title='bbox 876 2848 1070 2926; x_wconf 86' lang='lat' dir='ltr'>exactibus,</span> <span class='ocrx_word' id='word_1_179' title='bbox 1087 2858 1121 2914; x_wconf 90' lang='lat' dir='ltr'>et</span> <span class='ocrx_word' id='word_1_180' title='bbox 1142 2856 1234 2914; x_wconf 90' lang='lat' dir='ltr'>actus</span> 
     </span>
     <span class='ocr_line' id='line_1_24' title="bbox 115 2955 1235 3040; baseline 0.004 -20"><span class='ocrx_word' id='word_1_181' title='bbox 115 2973 154 3022; x_wconf 88' lang='lat' dir='ltr'>ex</span> <span class='ocrx_word' id='word_1_182' title='bbox 172 2955 297 3022; x_wconf 86' lang='lat' dir='ltr'>formali</span> <span class='ocrx_word' id='word_1_183' title='bbox 324 2956 470 3040; x_wconf 89' lang='lat' dir='ltr'>objecto,</span> <span class='ocrx_word' id='word_1_184' title='bbox 495 2964 663 3038; x_wconf 91' lang='lat' dir='ltr'>nequeunt</span> <span class='ocrx_word' id='word_1_185' title='bbox 681 2955 810 3022; x_wconf 88' lang='lat' dir='ltr'>habitus</span> <span class='ocrx_word' id='word_1_186' title='bbox 832 2973 869 3022; x_wconf 88' lang='lat' dir='ltr'>se</span> <span class='ocrx_word' id='word_1_187' title='bbox 888 2955 1063 3022; x_wconf 89' lang='lat' dir='ltr'>extendere</span> <span class='ocrx_word' id='word_1_188' title='bbox 1080 2955 1235 3040; x_wconf 86' lang='lat' dir='ltr'>adactus</span> 
     </span>
     <span class='ocr_line' id='line_1_25' title="bbox 115 3062 1234 3147; baseline -0.003 -17"><span class='ocrx_word' id='word_1_189' title='bbox 115 3063 274 3130; x_wconf 89' lang='lat' dir='ltr'>habentes</span> <span class='ocrx_word' id='word_1_190' title='bbox 287 3062 374 3130; x_wconf 93' lang='lat' dir='ltr'>aliud</span> <span class='ocrx_word' id='word_1_191' title='bbox 388 3064 524 3128; x_wconf 89' lang='lat' dir='ltr'>formale</span> <span class='ocrx_word' id='word_1_192' title='bbox 542 3064 698 3147; x_wconf 89' lang='lat' dir='ltr'>ojectum.</span> <span class='ocrx_word' id='word_1_193' title='bbox 1229 3135 1234 3142; x_wconf 54' lang='grc'>,</span> 
     </span>
    </p>

    <p class='ocr_par' dir='ltr' id='par_1_10' title="bbox 110 3169 1234 3903">
     <span class='ocr_line' id='line_1_26' title="bbox 182 3169 1234 3254; baseline 0.002 -17"><span class='ocrx_word' id='word_1_194' title='bbox 182 3177 284 3238; x_wconf 85' lang='lat' dir='ltr'>Proh.</span> <span class='ocrx_word' id='word_1_195' title='bbox 306 3177 356 3238; x_wconf 87' lang='lat' dir='ltr'>a.⁰</span> <span class='ocrx_word' id='word_1_196' title='bbox 390 3172 507 3237; x_wconf 88' lang='lat' dir='ltr'>Nullus</span> <span class='ocrx_word' id='word_1_197' title='bbox 529 3170 659 3237; x_wconf 88' lang='lat' dir='ltr'>habitus</span> <span class='ocrx_word' id='word_1_198' title='bbox 677 3169 852 3236; x_wconf 89' lang='lat' dir='ltr'>inmediate</span> <span class='ocrx_word' id='word_1_199' title='bbox 870 3178 1041 3254; x_wconf 87' lang='lat' dir='ltr'>operatur,</span> <span class='ocrx_word' id='word_1_200' title='bbox 1063 3171 1123 3236; x_wconf 92' lang='lat' dir='ltr'>nisi</span> <span class='ocrx_word' id='word_1_201' title='bbox 1143 3181 1234 3239; x_wconf 89' lang='lat' dir='ltr'>actus</span> 
     </span>
     <span class='ocr_line' id='line_1_27' title="bbox 113 3276 1232 3364; baseline -0.001 -18"><span class='ocrx_word' id='word_1_202' title='bbox 113 3277 237 3346; x_wconf 90' lang='lat' dir='ltr'>similes</span> <span class='ocrx_word' id='word_1_203' title='bbox 259 3278 337 3353; x_wconf 90' lang='lat' dir='ltr'>illis,</span> <span class='ocrx_word' id='word_1_204' title='bbox 362 3277 545 3360; x_wconf 88' lang='lat' dir='ltr'>exquibus</span> <span class='ocrx_word' id='word_1_205' title='bbox 569 3287 744 3364; x_wconf 83' lang='lat' dir='ltr'>generatus</span> <span class='ocrx_word' id='word_1_206' title='bbox 771 3285 833 3345; x_wconf 89' lang='lat' dir='ltr'>est.</span> <span class='ocrx_word' id='word_1_207' title='bbox 862 3276 963 3362; x_wconf 83' lang='lat' dir='ltr'>Atqui</span> <span class='ocrx_word' id='word_1_208' title='bbox 988 3289 1081 3344; x_wconf 90' lang='lat' dir='ltr'>actus</span> <span class='ocrx_word' id='word_1_209' title='bbox 1099 3279 1232 3345; x_wconf 91' lang='lat' dir='ltr'>aliarum</span> 
     </span>
     <span class='ocr_line' id='line_1_28' title="bbox 112 3385 1232 3468; baseline 0.002 -16"><span class='ocrx_word' id='word_1_210' title='bbox 112 3385 336 3462; x_wconf 88' lang='lat' dir='ltr'>scientiarum,</span> <span class='ocrx_word' id='word_1_211' title='bbox 357 3386 455 3453; x_wconf 91' lang='lat' dir='ltr'>etiam</span> <span class='ocrx_word' id='word_1_212' title='bbox 476 3394 572 3468; x_wconf 89' lang='lat' dir='ltr'>prout</span> <span class='ocrx_word' id='word_1_213' title='bbox 589 3385 760 3451; x_wconf 84' lang='lat' dir='ltr'>artificiose</span> <span class='ocrx_word' id='word_1_214' title='bbox 779 3386 871 3460; x_wconf 85' lang='lat' dir='ltr'>iacti,</span> <span class='ocrx_word' id='word_1_215' title='bbox 905 3403 970 3450; x_wconf 94' lang='lat' dir='ltr'>non</span> <span class='ocrx_word' id='word_1_216' title='bbox 994 3395 1076 3452; x_wconf 81' lang='lat' dir='ltr'>sunt</span> <span class='ocrx_word' id='word_1_217' title='bbox 1107 3385 1232 3454; x_wconf 90' lang='lat' dir='ltr'>similes</span> 
     </span>
     <span class='ocr_line' id='line_1_29' title="bbox 112 3492 1232 3578; baseline 0.002 -20"><span class='ocrx_word' id='word_1_218' title='bbox 112 3493 238 3558; x_wconf 90' lang='lat' dir='ltr'>actibus</span> <span class='ocrx_word' id='word_1_219' title='bbox 264 3492 343 3569; x_wconf 89' lang='lat' dir='ltr'>illis,</span> <span class='ocrx_word' id='word_1_220' title='bbox 370 3511 412 3559; x_wconf 86' lang='lat' dir='ltr'>eir</span> <span class='ocrx_word' id='word_1_221' title='bbox 438 3493 559 3574; x_wconf 85' lang='lat' dir='ltr'>quibus</span> <span class='ocrx_word' id='word_1_222' title='bbox 584 3493 715 3559; x_wconf 90' lang='lat' dir='ltr'>habitus</span> <span class='ocrx_word' id='word_1_223' title='bbox 741 3493 869 3578; x_wconf 82' lang='lat' dir='ltr'>Logicae</span> <span class='ocrx_word' id='word_1_224' title='bbox 896 3502 1071 3577; x_wconf 87' lang='lat' dir='ltr'>generatus</span> <span class='ocrx_word' id='word_1_225' title='bbox 1091 3507 1153 3571; x_wconf 90' lang='lat' dir='ltr'>est,</span> <span class='ocrx_word' id='word_1_226' title='bbox 1175 3495 1232 3562; x_wconf 92' lang='lat' dir='ltr'>sed</span> 
     </span>
     <span class='ocr_line' id='line_1_30' title="bbox 111 3598 1231 3685; baseline 0.002 -17"><span class='ocrx_word' id='word_1_227' title='bbox 111 3599 261 3685; x_wconf 88' lang='lat' dir='ltr'>specifice</span> <span class='ocrx_word' id='word_1_228' title='bbox 279 3600 410 3666; x_wconf 89' lang='lat' dir='ltr'>diversi.</span> <span class='ocrx_word' id='word_1_229' title='bbox 442 3598 527 3665; x_wconf 91' lang='lat' dir='ltr'>Nam</span> <span class='ocrx_word' id='word_1_230' title='bbox 549 3601 600 3666; x_wconf 89' lang='lat' dir='ltr'>hic</span> <span class='ocrx_word' id='word_1_231' title='bbox 629 3609 716 3666; x_wconf 88' lang='lat' dir='ltr'>certe</span> <span class='ocrx_word' id='word_1_232' title='bbox 747 3619 813 3667; x_wconf 91' lang='lat' dir='ltr'>non</span> <span class='ocrx_word' id='word_1_233' title='bbox 840 3609 1014 3685; x_wconf 82' lang='lat' dir='ltr'>generatur</span> <span class='ocrx_word' id='word_1_234' title='bbox 1039 3620 1079 3666; x_wconf 87' lang='lat' dir='ltr'>ex</span> <span class='ocrx_word' id='word_1_235' title='bbox 1107 3602 1231 3670; x_wconf 89' lang='lat' dir='ltr'>actibus</span> 
     </span>
     <span class='ocr_line' id='line_1_31' title="bbox 111 3707 1231 3786; baseline 0.002 -11"><span class='ocrx_word' id='word_1_236' title='bbox 111 3709 247 3775; x_wconf 92' lang='lat' dir='ltr'>aliarum</span> <span class='ocrx_word' id='word_1_237' title='bbox 267 3708 486 3783; x_wconf 87' lang='lat' dir='ltr'>scientiarum,</span> <span class='ocrx_word' id='word_1_238' title='bbox 506 3708 564 3774; x_wconf 87' lang='lat' dir='ltr'>sed</span> <span class='ocrx_word' id='word_1_239' title='bbox 583 3709 745 3774; x_wconf 88' lang='lat' dir='ltr'>antecedit</span> <span class='ocrx_word' id='word_1_240' title='bbox 763 3707 853 3786; x_wconf 91' lang='lat' dir='ltr'>illos,</span> <span class='ocrx_word' id='word_1_241' title='bbox 878 3727 953 3774; x_wconf 92' lang='lat' dir='ltr'>cuin</span> <span class='ocrx_word' id='word_1_242' title='bbox 970 3709 1012 3776; x_wconf 91' lang='lat' dir='ltr'>sit</span> <span class='ocrx_word' id='word_1_243' title='bbox 1034 3711 1231 3778; x_wconf 87' lang='lat' dir='ltr'>necessarius</span> 
     </span>
     <span class='ocr_line' id='line_1_32' title="bbox 110 3812 747 3903; baseline 0 -21"><span class='ocrx_word' id='word_1_244' title='bbox 110 3818 153 3882; x_wconf 90' lang='lat' dir='ltr'>ad</span> <span class='ocrx_word' id='word_1_245' title='bbox 171 3815 321 3882; x_wconf 88' lang='lat' dir='ltr'>scientias</span> <span class='ocrx_word' id='word_1_246' title='bbox 335 3816 565 3899; x_wconf 90' lang='lat' dir='ltr'>capessendas.</span> <span class='ocrx_word' id='word_1_247' title='bbox 586 3815 670 3900; x_wconf 82' lang='lat' dir='ltr'>Ergo</span> <span class='ocrx_word' id='word_1_248' title='bbox 686 3812 747 3903; x_wconf 88' lang='lat'>(6).</span> 
     </span>
    </p>
   </div>
   <div class='ocr_carea' id='block_1_3' title="bbox 105 3991 1227 4781">
    <p class='ocr_par' dir='ltr' id='par_1_11' title="bbox 108 3991 1227 4156">
     <span class='ocr_line' id='line_1_33' title="bbox 146 3991 1227 4075; baseline 0.003 -23"><span class='ocrx_word' id='word_1_249' title='bbox 146 3999 187 4060; x_wconf 92' lang='lat' dir='ltr'>(i)</span> <span class='ocrx_word' id='word_1_250' title='bbox 224 3992 286 4052; x_wconf 88' lang='lat' dir='ltr'>Cfr.</span> <span class='ocrx_word' id='word_1_251' title='bbox 303 3994 441 4052; x_wconf 82' lang='lat' dir='ltr'>Beroald.</span> <span class='ocrx_word' id='word_1_252' title='bbox 463 3991 581 4062; x_wconf 80' lang='lat' dir='ltr'>Quiroa,</span> <span class='ocrx_word' id='word_1_253' title='bbox 599 3993 686 4052; x_wconf 78' lang='lat' dir='ltr'>Cure.</span> <span class='ocrx_word' id='word_1_254' title='bbox 702 3993 830 4063; x_wconf 65' lang='lat' dir='ltr'>Pictos..</span> <span class='ocrx_word' id='word_1_255' title='bbox 846 4006 929 4052; x_wconf 84' lang='lat' dir='ltr'>tract.</span> <span class='ocrx_word' id='word_1_256' title='bbox 942 4015 968 4064; x_wconf 87' lang='lat' dir='ltr'>a,</span> <span class='ocrx_word' id='word_1_257' title='bbox 985 4007 1059 4067; x_wconf 85' lang='lat' dir='ltr'>part.</span> <span class='ocrx_word' id='word_1_258' title='bbox 1074 4015 1097 4065; x_wconf 87' lang='lat' dir='ltr'>i,</span> <span class='ocrx_word' id='word_1_259' title='bbox 1111 3997 1227 4075; x_wconf 77' lang='lat' dir='ltr'>deLog.</span> 
     </span>
     <span class='ocr_line' id='line_1_34' title="bbox 108 4083 597 4156; baseline -0.008 -13"><span class='ocrx_word' id='word_1_260' title='bbox 108 4087 247 4154; x_wconf 71' lang='lat' dir='ltr'>Prooem,</span> <span class='ocrx_word' id='word_1_261' title='bbox 262 4083 340 4156; x_wconf 81' lang='lat' dir='ltr'>disp.</span> <span class='ocrx_word' id='word_1_262' title='bbox 352 4083 381 4153; x_wconf 88' lang='lat'>8,</span> <span class='ocrx_word' id='word_1_263' title='bbox 397 4093 465 4141; x_wconf 85' lang='lat' dir='ltr'>sect.</span> <span class='ocrx_word' id='word_1_264' title='bbox 485 4103 508 4151; x_wconf 88' lang='lat' dir='ltr'>r,</span> <span class='ocrx_word' id='word_1_265' title='bbox 525 4102 555 4140; x_wconf 92' lang='lat' dir='ltr'>n.</span> <span class='ocrx_word' id='word_1_266' title='bbox 571 4101 597 4140; x_wconf 86' lang='lat' dir='ltr'>a.</span> 
     </span>
    </p>

    <p class='ocr_par' dir='ltr' id='par_1_12' title="bbox 144 4170 788 4246">
     <span class='ocr_line' id='line_1_35' title="bbox 144 4170 788 4246; baseline 0.002 -16"><span class='ocrx_word' id='word_1_267' title='bbox 144 4179 185 4240; x_wconf 85' lang='lat' dir='ltr'>(a)</span> <span class='ocrx_word' id='word_1_268' title='bbox 221 4172 308 4245; x_wconf 81' lang='lat' dir='ltr'>Apud</span> <span class='ocrx_word' id='word_1_269' title='bbox 320 4172 453 4240; x_wconf 74' lang='lat' dir='ltr'>Loesad,</span> <span class='ocrx_word' id='word_1_270' title='bbox 466 4170 518 4230; x_wconf 92' lang='lat' dir='ltr'>loc.</span> <span class='ocrx_word' id='word_1_271' title='bbox 539 4171 588 4230; x_wconf 88' lang='lat' dir='ltr'>eit.</span> <span class='ocrx_word' id='word_1_272' title='bbox 603 4191 665 4245; x_wconf 86' lang='lat' dir='ltr'>cap.</span> <span class='ocrx_word' id='word_1_273' title='bbox 675 4191 705 4246; x_wconf 87' lang='lat'>4,</span> <span class='ocrx_word' id='word_1_274' title='bbox 715 4191 746 4231; x_wconf 87' lang='lat' dir='ltr'>n.</span> <span class='ocrx_word' id='word_1_275' title='bbox 762 4195 788 4246; x_wconf 85' lang='lat'>7.</span> 
     </span>
    </p>

    <p class='ocr_par' dir='ltr' id='par_1_13' title="bbox 142 4260 558 4337">
     <span class='ocr_line' id='line_1_36' title="bbox 142 4260 558 4337; baseline 0.005 -17"><span class='ocrx_word' id='word_1_276' title='bbox 142 4261 182 4337; x_wconf 80' lang='lat'>(3)</span> <span class='ocrx_word' id='word_1_277' title='bbox 219 4262 336 4331; x_wconf 70' lang='lat' dir='ltr'>Loaad„</span> <span class='ocrx_word' id='word_1_278' title='bbox 353 4260 511 4322; x_wconf 86' lang='lat' dir='ltr'>loc.cit.n.</span> <span class='ocrx_word' id='word_1_279' title='bbox 532 4284 558 4335; x_wconf 88' lang='lat'>7.</span> 
     </span>
    </p>

    <p class='ocr_par' dir='ltr' id='par_1_14' title="bbox 141 4351 498 4426">
     <span class='ocr_line' id='line_1_37' title="bbox 141 4351 498 4426; baseline -0.006 -14"><span class='ocrx_word' id='word_1_280' title='bbox 141 4353 184 4426; x_wconf 89' lang='lat'>(4)</span> <span class='ocrx_word' id='word_1_281' title='bbox 219 4351 307 4426; x_wconf 80' lang='lat' dir='ltr'>Apud</span> <span class='ocrx_word' id='word_1_282' title='bbox 321 4351 443 4422; x_wconf 80' lang='lat' dir='ltr'>Lossad,</span> <span class='ocrx_word' id='word_1_283' title='bbox 458 4351 498 4410; x_wconf 71' lang='lat' dir='ltr'>ib.</span> 
     </span>
    </p>

    <p class='ocr_par' dir='ltr' id='par_1_15' title="bbox 105 4439 1225 4698">
     <span class='ocr_line' id='line_1_38' title="bbox 142 4439 1224 4520; baseline 0.003 -19"><span class='ocrx_word' id='word_1_284' title='bbox 142 4450 184 4516; x_wconf 74' lang='grc' dir='ltr'>(ς)</span> <span class='ocrx_word' id='word_1_285' title='bbox 221 4443 263 4502; x_wconf 86' lang='lat' dir='ltr'>lta</span> <span class='ocrx_word' id='word_1_286' title='bbox 282 4442 423 4511; x_wconf 81' lang='lat' dir='ltr'>Loeeada,</span> <span class='ocrx_word' id='word_1_287' title='bbox 443 4440 515 4500; x_wconf 84' lang='lat' dir='ltr'>ibid.</span> <span class='ocrx_word' id='word_1_288' title='bbox 529 4460 560 4500; x_wconf 86' lang='lat' dir='ltr'>n.</span> <span class='ocrx_word' id='word_1_289' title='bbox 575 4442 603 4512; x_wconf 89' lang='lat'>8,</span> <span class='ocrx_word' id='word_1_290' title='bbox 620 4439 755 4502; x_wconf 88' lang='lat' dir='ltr'>Bernald.</span> <span class='ocrx_word' id='word_1_291' title='bbox 772 4441 891 4514; x_wconf 81' lang='lat' dir='ltr'>Quiroc,</span> <span class='ocrx_word' id='word_1_292' title='bbox 905 4445 958 4504; x_wconf 84' lang='lat' dir='ltr'>loc.</span> <span class='ocrx_word' id='word_1_293' title='bbox 979 4443 1028 4502; x_wconf 89' lang='lat' dir='ltr'>cit.</span> <span class='ocrx_word' id='word_1_294' title='bbox 1042 4463 1073 4504; x_wconf 90' lang='lat' dir='ltr'>ii.</span> <span class='ocrx_word' id='word_1_295' title='bbox 1087 4465 1116 4518; x_wconf 87' lang='lat'>4,</span> <span class='ocrx_word' id='word_1_296' title='bbox 1131 4464 1224 4520; x_wconf 83' lang='lat' dir='ltr'>seqq.;</span> 
     </span>
     <span class='ocr_line' id='line_1_39' title="bbox 105 4530 1225 4612; baseline 0.004 -21"><span class='ocrx_word' id='word_1_297' title='bbox 105 4533 243 4591; x_wconf 88' lang='lat' dir='ltr'>Richard.</span> <span class='ocrx_word' id='word_1_298' title='bbox 255 4533 364 4607; x_wconf 75' lang='lat' dir='ltr'>Lyaeo,</span> <span class='ocrx_word' id='word_1_299' title='bbox 381 4532 437 4604; x_wconf 91' lang='lat' dir='ltr'>Op.</span> <span class='ocrx_word' id='word_1_300' title='bbox 449 4530 496 4590; x_wconf 88' lang='lat' dir='ltr'>cit.</span> <span class='ocrx_word' id='word_1_301' title='bbox 506 4531 555 4591; x_wconf 88' lang='lat' dir='ltr'>lib.</span> <span class='ocrx_word' id='word_1_302' title='bbox 571 4551 597 4590; x_wconf 82' lang='lat' dir='ltr'>a.</span> <span class='ocrx_word' id='word_1_303' title='bbox 608 4539 725 4606; x_wconf 76' lang='lat' dir='ltr'>prooem.</span> <span class='ocrx_word' id='word_1_304' title='bbox 735 4533 861 4604; x_wconf 82' lang='lat' dir='ltr'>Di&#39;afect,</span> <span class='ocrx_word' id='word_1_305' title='bbox 879 4554 940 4606; x_wconf 84' lang='lat' dir='ltr'>cap.</span> <span class='ocrx_word' id='word_1_306' title='bbox 957 4556 981 4608; x_wconf 86' lang='lat'>7,</span> <span class='ocrx_word' id='word_1_307' title='bbox 1000 4553 1030 4593; x_wconf 89' lang='lat' dir='ltr'>ri.</span> <span class='ocrx_word' id='word_1_308' title='bbox 1041 4535 1087 4609; x_wconf 72' lang='lat'>67¹,</span> <span class='ocrx_word' id='word_1_309' title='bbox 1102 4535 1225 4612; x_wconf 76' lang='lat' dir='ltr'>Arriaga</span> 
     </span>
     <span class='ocr_line' id='line_1_40' title="bbox 105 4621 448 4698; baseline -0.006 -17"><span class='ocrx_word' id='word_1_310' title='bbox 105 4625 194 4698; x_wconf 67' lang='lat' dir='ltr'>Log„</span> <span class='ocrx_word' id='word_1_311' title='bbox 209 4621 286 4695; x_wconf 82' lang='lat' dir='ltr'>disp.</span> <span class='ocrx_word' id='word_1_312' title='bbox 299 4643 325 4695; x_wconf 83' lang='lat'>3,</span> <span class='ocrx_word' id='word_1_313' title='bbox 341 4633 409 4680; x_wconf 80' lang='lat' dir='ltr'>sect.</span> <span class='ocrx_word' id='word_1_314' title='bbox 423 4639 448 4693; x_wconf 79' lang='grc' dir='ltr'>ς.</span> 
     </span>
    </p>

    <p class='ocr_par' dir='ltr' id='par_1_16' title="bbox 142 4709 708 4781">
     <span class='ocr_line' id='line_1_41' title="bbox 142 4709 708 4781; baseline 0 -12"><span class='ocrx_word' id='word_1_315' title='bbox 142 4713 183 4779; x_wconf 85' lang='grc'>(6)</span> <span class='ocrx_word' id='word_1_316' title='bbox 219 4711 296 4770; x_wconf 88' lang='lat' dir='ltr'>Vide</span> <span class='ocrx_word' id='word_1_317' title='bbox 311 4709 449 4781; x_wconf 82' lang='lat' dir='ltr'>Loeoada,</span> <span class='ocrx_word' id='word_1_318' title='bbox 459 4710 513 4770; x_wconf 87' lang='lat' dir='ltr'>loc.</span> <span class='ocrx_word' id='word_1_319' title='bbox 529 4710 577 4771; x_wconf 87' lang='lat' dir='ltr'>cit.</span> <span class='ocrx_word' id='word_1_320' title='bbox 591 4730 622 4770; x_wconf 86' lang='lat' dir='ltr'>n.</span> <span class='ocrx_word' id='word_1_321' title='bbox 633 4711 708 4770; x_wconf 66' lang='lat' dir='ltr'>aii.</span> 
     </span>
    </p>
   </div>
   <div class='ocr_carea' id='block_1_4' title="bbox 0 0 1750 5525">
    <p class='ocr_par' dir='ltr' id='par_1_17' title="bbox 0 0 1750 5525">
     <span class='ocr_line' id='line_1_42' title="bbox 0 0 1750 5525; baseline 0 7"><span class='ocrx_word' id='word_1_322' title='bbox 0 0 1750 5525; x_wconf 95' lang='lat' dir='ltr'> </span> 
     </span>
    </p>
   </div>
  </div>
 </body>
</html>
