3492 5525
549 472 610 560 836
672 473 796 544 locres
812 470 1042 554 Meron-Lis.
1059 492 1120 541 υ·
1133 471 1225 542 Drsn.
1241 482 1287 559 3!
1303 472 1387 541 Can.
1406 488 1474 541 nem
1493 459 1497 468 ’

509 663 559 727 est
571 660 676 727 αἰῠιιηε
694 665 744 728 est
757 673 829 739 ens,
859 662 910 727 vel
934 660 1003 727 hic:
1023 659 1064 726 Si
1069 661 1190 727 ‘Petrus
1207 663 1255 725 est
1273 658 1381 735 aluus.
1406 659 1493 723 Deus
1513 656 1635 735 exunt,-

511 769 561 833 vel
574 767 605 834 si
624 767 701 835 curn
716 786 773 835 eo:
790 771 983 854 Dahrrsslux,
999 768 1097 835 simul
1113 774 1199 833 esset
1212 767 1281 833 hie:
1301 767 1548 849 Quandodatur
1560 766 1632 837 lux,

510 892 574 939 non
590 874 709 941 waher
726 873 876 957 tenebras
894 876 986 943 aliter
1003 882 1099 943 esset
1117 867 1356 961 iudicandum,
1381 891 1457 939 narn
1478 882 1560 939 tunc
1576 888 1637 936 ne·

511 982 651 1049 cessario
682 982 876 1051 excitaretur
904 984 956 1049 vel
978 980 1196 1067 ‘suppleretur
1230 982 1384 1067 praedicta
1419 978 1636 1065 apprehensio

511 1088 741 1167 evidenssnee
760 1084 871 1175 posset
895 1090 1037 1157 cohiberi
1053 1097 1211 1156 'assensus
1228 1088 1312 1155 circa
1336 1089 1502 1174 objectum
1522 1104 1638 1152 conse-

511 1214 618 1280 quens
636 1194 700 1285 (r).
1293 1259 1299 1272 ,

554 1308 663 1387 Objie.
685 1304 738 1373 ³.⁰
786 1304 902 1371 Positis
924 1303 1040 1371 iisdem
1069 1299 1263 1390 premissis,
1289 1321 1376 1388 saepe
1401 1301 1580 1387 contingit,
1601 1310 1637 1366 ut

511 1402 591 1478 alter
608 1412 718 1478 statim
746 1402 1141 1487 conclusionem‘interat,
1162 1413 1243 1476 alter
1269 1419 1452 1477 cunctetur.
1482 1408 1584 1492 Atqui
1604 1409 1636 1473 id

513 1533 579 1593 non
598 1516 727 1585 aliunde
746 1518 917 1603 provenire
943 1520 1210 1602 videtur,‘quam
1229 1538 1270 1584 ex
1283 1519 1405 1604 judicio
1423 1518 1465 1583 de
1490 1518 1635 1583 bonitate

511 1623 791 1709 illationis,‘quod
811 1627 891 1692 alter
910 1627 1024 1703 habet,
1042 1628 1122 1691 alter
1133 1639 1218 1692 ‘vero
1238 1644 1317 1692 non.
1338 1623 1455 1710 Ergo(
1478 1624 1507 1711 ).

578 1740 683 1817 Resp.
709 1732 777 1799 lloc
806 1732 941 1800 «solum
966 1733 1081 1824 probat
1100 1732 1327 1799 necessitatem
1356 1728 1636 1817 apprehensionis,

511 1840 616 1906 immo
636 1858 695 1907 nec
723 1832 947 1926 illamprobat
970 1837 1215 1917 absolute,·‘sed
1239 1847 1368 1905 tanturn
1396 1839 1530 1923 quando
1557 1856 1639 1922 pree·

512 1946 622 2014 missae
650 1938 788 2014 sormam
817 1946 939 2014 habent
964 1942 1204 2032 imperfectam,
1234 1956 1291 2012 aut
1317 1966 1375 2031 per
1401 1946 1550 2012 accidens
1569 1964 1637 2009 non

512 2054 596 2119 bene
615 2055 862 2138 penetrantur.»
880 2057 1008 2139 Nempe
1023 2054 1131 2120 solum
1152 2053 1279 2138 probat,
1300 2068 1367 2119 non
1382 2072 1515 2138 semper
1526 2071 1639 2119 assen-
1738 2082 1739 2109 r

500 2152 587 2227 'sum
608 2162 848 2246 praemissarum
868 2160 1023 2228 sufficere·
1031 2152 1160 2237 adhoc,
1182 2170 1218 2228 nt
1235 2170 1345 2245 pateat
1362 2160 1513 2226 identitas
1527 2161 1639 2225 termi-

427 2282 430 2289 ·
514 2266 632 2335 norum
647 2266 881 2350 conclusionis3
902 2288 968 2335 non
988 2262 1389 2354 vero'probat'nunquarn
1409 2286 1505 2352 posse
1526 2278 1639 2352 patere

514 2376 598 2442 hanc
618 2358 820 2443 identitatem
851 2396 892 2443 ex
911 2378 982 2443 solo
1001 2378 1244 2461 praernissarum
1267 2388 1417 2443 assensu.
1438 2375 1520 2440 Nam
1547 2378 1639 2458 quod

515 2483 547 2548 in
563 2476 763 2569 alils'nguris
782 2494 899 2570 praeter
918 2484 1074 2568 primam,
1092 2495 1135 2550 ‘et
1143 2484 1324 2569 generatim
1343 2484 1472 2567 quoties
1491 2484 1640 2566 praemis-

515 2609 560 2657 sae
581 2608 647 2663 non
668 2586 863 2657 necessitant
882 2580 1405 2673 ad·conclusionem,requiratur
1423 2590 1640 2675 apprehensio

515 2698 682 2784 explicita,
710 2706 760 2775 et,
785 2698 813 2766 si
836 2699 940 2775 uelis,
964 2698 1184 2784 judiciumd'e
1205 2698 1366 2776 illatione,
1388 2676 1468 2765 slve‘
1479 2697 1641 2784 objectiva

511 2806 583 2874 ”sive
599 2807 724 2872 formali
734 2813 750 2887 ;'
760 2801 903 2891 permitli
927 2807 1142 2891 potest,··quia
1157 2807 1189 2872 id
1208 2806 1268 2872 erit
1282 2825 1340 2891 per
1356 2807 1506 2873 accidens
1529 2810 1642 2889 'respe-

514 2923 568 2982 ctu
592 2907 775 3000 syllogismi
795 2913 945 2998 perlecti,
963 2915 1003 2980 de
1027 2933 1094 2998 quo
1119 2916 1206 2979 nune
1223 2912 1390 2997 loquimur
1407 2924 1440 2981 et
1457 2916 1641 2998 loquuntur

515 3030 682 3098 auctores,
703 3039 778 3088 curn
802 3022 956 3087 ‘absolute
974 3021 1138 3088 disserunt
1156 3022 1197 3086 de
1222 3022 1429 3108 syllogismo.
1453 3019 1527 3086 Non
1547 3021 1641 3086 aliter

516 3147 552 3194 ac
570 3147 645 3196 curn
672 3129 856 3213 disputatur
883 3129 1044 3205 absolute,
1072 3130 1152 3212 quid
1170 3129 1274 3212 possit
1291 3128 1566 3194 natura'hominis
1583 3130 1639 3192 vel

515 3236 700 3302 intellectus
718 3237 902 3311 humanus,
925 3236 1061 3303 nonest
1078 3255 1188 3302 sermo
1205 3237 1246 3302 de
1274 3245 1389 3302 natura
1413 3235 1561 3312 inlirma,
1584 3237 1638 3299 vel

503 3345 556 3410 'de
571 3343 741 3410 intellectu
757 3343 844 3419 rudi,
857 3331 920 3408 sed
934 3344 975 3408 de
992 3344 1136 3409 habente
1153 3351 1256 3408 totam
1277 3345 1526 3427 perlectionem,
1543 3343 1638 3426 eujus

501 3460 565 3519 ¹est
579 3451 846 3535 capaxhu'mana
864 3449 1008 3516 conditio
1027 3447 1091 3537 (3⁴).

558 3565 666 3641 objic.
688 3574 739 3641 4.⁰
784 3553 826 3624 Ut
841 3556 981 3625 intentio
1000 3557 1080 3623 linis·
1088 3557 1284 3623 determinet
1301 3559 1334 3623 in
1347 3566 1419 3626 actu
1434 3559 1578 3625 secundo
1593 3563 1636 3626 ad

514 3648 997 3756 electionem,debet‘expresse
1004 3664 1138 3751 judicari
1156 3667 1279 3731 utilitas
1295 3674 1351 3731 aut
1369 3665 1545 3733 necessitas
1561 3687 1636 3733 rne-
1738 3675 1739 3690 l

512 3775 568 3842 dii.
580 3761 663 3859 Ergo
675 3772 804 3857 pariter,
823 3771 862 3838 ut
880 3773 1058 3857 premisse
1075 3774 1193 3839 ultimo
1212 3773 1436 3840 determinent
1446 3774 1486 3840 ad
1498 3777 1637 3842 conclu-
1738 3777 1739 3788 ²

514 3883 657 3957 sionem,
677 3873 946 3966 debeter'rpresse
960 3880 1095 3965 judicari
1122 3881 1303 3947 necessaria
1321 3881 1423 3965 ipsius
1448 3881 1548 3948 illatio
1569 3881 1639 3971 (4).

580 3995 685 4072 Resp.
716 4007 784 4072 neg.
810 3989 936 4072 paritat.
966 3988 1127 4054 Voluntas
1159 3988 1247 4054 enim
1280 3997 1331 4055 est
1358 3989 1506 4073 potentia
1535 4009 1641 4066 caeca,

513 4112 589 4181 quae
607 4096 741 4179 proinde
760 4093 866 4164 media
886 4095 999 4178 nequit
1016 4094 1151 4180 eligere,
1170 4097 1307 4179 quinut
1332 4095 1485 4181 eligibilia
1505 4099 1558 4164 vel
1582 4098 1645 4165 eli·

514 4203 622 4288 genda
640 4201 701 4270 sihi
723 4206 965 4288 proponantur3
976 4211 1014 4268 at
1032 4222 1111 4270 vero
1128 4203 1311 4271 intellectus
1329 4213 1379 4273 est
1398 4204 1544 4288 potentia
1563 4225 1646 4273 ocu·

551 4489 593 4562 (r)
629 4487 773 4560 Leueade,
789 4487 828 4548 ib.
843 4509 906 4560 eop.
923 4509 949 4557 a,
968 4508 999 4547 n.
1018 4490 1060 4548 16.

551 4584 592 4647 (a)
628 4577 772 4646 Lossada,
788 4577 842 4637 loe.
856 4576 907 4637 cit.
921 4598 984 4651 cap.
1002 4599 1028 4652 3,
1044 4598 1074 4638 n.
1091 4597 1116 4651 ς.

484 4708 488 4720 ·
551 4673 593 4741 (3)
630 4667 879 4738 Loasodn,ib.n.
900 4689 927 4742 7,

551 4762 592 4834 (4)
629 4755 714 4832 Apud
730 4757 868 4829 Lounda,
880 4756 921 4818 ib.
931 4777 961 4818 n.
972 4775 998 4832 5.
