3492 5525
407 456 523 519 Anrrc.
547 469 606 518 2¹¹³
627 453 716 533 Quru
736 434 908 520 sinleum
1120 450 1178 536 893

88 635 490 719 genirc'cognasailrilium,
513 635 636 720 perficit
656 637 842 703 intellectum
865 636 1013 702 scientiis:
1034 640 1064 700 ai
1079 636 1149 701 idea
1172 654 1221 701 sa·

90 745 234 809 cundum
251 744 376 809 diversa
391 762 508 828 genera
528 742 684 809 scibilium
706 748 785 809 sunt
802 744 922 810 danari
939 744 1061 809 babilas
1077 743 1221 809 scannu-

93 869 184 926 rum,
205 870 274 917 cam
293 855 392 917 lanan
410 852 564 934 sapientia
582 871 646 918 non
663 852 788 918 sitnisi
803 870 868 919 aaa
887 852 950 935 (ι)
1191 904 1194 912 .
1296 886 1368 933 vm,

165 963 220 1025 Ad
237 963 476 1027 declarandam
494 964 772 1043 probandamque
798 959 966 1027 notionem
991 960 1073 1025 hanc
1090 958 1220 1042 sapien·
1265 972 1307 1003 ’111
1293 959 1402 1005 1111111111

94 1064 152 1129 tiae
171 1064 300 1147 subjicit
320 1066 507 1132 Aristoteles
522 1066 681 1149 quasdam
696 1066 918 1141 conditiones
934 1076 1016 1149 quas
1030 1082 1219 1131 communis
1268 1045 1330 1086 '⁸¹²¹‘
1332 1046 1391 1077 '²¹¹²‘

95 1172 272 1239 hominum
303 1192 419 1239 sensus
446 1174 478 1240 in
509 1174 709 1259 sapientibus
738 1194 775 1239 ac
802 1174 959 1257 sapientia
988 1174 1120 1254 requirit
1148 1169 1216 1259 (2),

94 1298 238 1362 quarum
258 1282 484 1347 conditionum
511 1282 627 1364 aliquae
646 1300 841 1348 communes
860 1290 939 1347 sunt
956 1279 1123 1365 sapientiae
1140 1299 1215 1345 cum

95 1386 169 1452 aliis
180 1386 321 1454 scientiis
340 1358 562 1473 speculativis,
579 1388 675 1455 «alia
690 1398 768 1456 sunt
782 1390 825 1468 illi
841 1390 996 1474 propriae3
1013 1397 1047 1452 et
1061 1389 1122 1453 illae
1142 1404 1218 1471 quae

94 1513 293 1561 communes
310 1514 383 1562 esse
403 1495 571 1575 videntur,
592 1498 634 1562 ita
654 1496 847 1581 accipiendae
865 1508 960 1573 sunt,
980 1504 1017 1560 ut
1033 1496 1216 1561 secundum

96 1602 277 1685 quamdam
299 1603 508 1670 eminentiam
534 1614 566 1670 et
584 1605 782 1689 singularem
802 1606 1033 1723 perlectionem
1053 1601 1218 1687 sapientiae

95 1710 317 1777 conveniant»
338 1709 402 1797 (3)
490 1752 494 1760 ·

166 1818 271 1883 Prima
289 1818 449 1895 eonditlo,
469 1818 648 1903 sapientem
669 1820 812 1885 maxime
830 1820 911 1885 scire
940 1796 1067 1898 omnia,
1094 1836 1153 1885 seu
1168 1836 1219 1884 sa-

97 1924 254 2015 pientiam
283 1926 402 2014 versari
429 1926 511 1992 circa
535 1926 663 2002 omnia,
694 1944 831 2010 esseque
857 1926 1010 1993 omnium
1036 1926 1216 2000 scientiam,

98 2040 137 2097 ut
155 2033 308 2117 possibile
326 2042 392 2108 est,
413 2052 479 2099 non
499 2035 588 2122 quod
607 2034 745 2119 attingat
763 2034 912 2102 notitiam
940 2033 1086 2118 ipsorum
1106 2034 1220 2121 singu·

97 2138 233 2215 larium,
253 2138 358 2205 immo
377 2158 483 2223 neque
502 2141 599 2209 etiam
619 2142 796 2208 descendat
814 2142 854 2206 ad
869 2142 1050 2208 tractandas
1069 2142 1219 2207 distincte

97 2266 136 2311 ac
155 2246 341 2331 singillatim
362 2268 479 2315 omnes
498 2250 637 2315 rationes
656 2248 801 2335 proprias
820 2268 879 2315 seu
897 2250 1096 2333 quidditates
1115 2250 1220 2317 diver-

98 2373 211 2421 sorum
232 2355 356 2420 entium
377 2356 409 2421 in
429 2356 627 2438 particulari,
647 2357 929 2439 quemadmodum
948 2358 1077 2423 tractari
1097 2357 1129 2423 in
1146 2376 1220 2442 spe·

97 2462 232 2529 cialibus
251 2462 391 2527 scientiis
410 2465 532 2545 solent;
554 2464 611 2529 sed
627 2464 703 2547 quia
716 2482 793 2533 curn
818 2482 932 2531 causas
949 2464 1124 2531 altissimas
1145 2466 1220 2533 ulti-

99 2588 236 2652 masque
268 2589 375 2635 rerum
409 2570 559 2636 omnium
593 2576 823 2655 persequatur,
853 2580 886 2637 et
912 2571 1113 2649 consideret,
1146 2573 1220 2657 jure

99 2676 216 2743 merito
236 2695 344 2742 rerum
364 2679 514 2744 omnium
531 2678 752 2766 cognitionem
767 2680 876 2764 aliquo
891 2680 991 2746 modo
1005 2683 1220 2765 comprehen-

98 2787 175 2850 dere
194 2785 326 2863 dicitur,
348 2785 502 2853 nimirum
520 2787 551 2851 in
571 2787 742 2853 universali
757 2785 819 2875 (4).
842 2789 911 2854 lloc
935 2789 1022 2854 enim
1041 2806 1221 2855 sensucre-

99 2884 236 2959 di'derim
256 2893 544 2978 interpretamdam
566 2915 637 2960 esse
656 2895 794 2978 primam
820 2897 916 2963 istam
936 2896 1157 2962 conditionem
1178 2917 1219 2963 ex
1313 2938 1315 2941 -

98 3001 267 3089 communi
287 3003 557 3087 Philosophorum
573 3001 750 3079 sententia,
771 3021 867 3070 secus
891 3003 977 3069 enirn
1000 3004 1219 3092 Metaplrysica

100 3128 166 3176 non
186 3108 348 3177 obtineret
362 3109 553 3195 dignitatem
569 3111 752 3193 sapientie,
774 3129 875 3194 quam
894 3097 1005 3178 tamen
1016 3130 1139 3177 omnes
1163 3112 1221 3177 tri-

99 3219 208 3284 buunt
226 3216 286 3301 ipsi
305 3236 381 3282 cum
399 3217 572 3284 Aristotele
586 3214 650 3305 (5);
671 3236 748 3283 nam
764 3219 986 3305 Metaphysica
999 3219 1067 3305 agit
1085 3220 1126 3284 de
1145 3229 1220 3286 ente

98 3324 132 3390 in
150 3325 320 3389 communi
338 3324 416 3407 quin
432 3324 607 3390 descendat
625 3325 664 3390 ad
683 3325 918 3409 disputandum
947 3325 987 3390 de
1007 3327 1221 3411 peculiaribus

99 3432 225 3499 entium
245 3432 430 3516 generibus.
461 3431 556 3498 Ratio
583 3432 681 3497 etiam
710 3433 795 3498 idem
817 3434 1005 3516 persuadet:
1037 3433 1221 3518 quacumque

97 3539 183 3604 ani-m
203 3533 266 3604 scit
280 3539 490 3616 universalia,
510 3540 617 3624 aliqua
635 3542 724 3606 moda
737 3541 809 3605 scit
830 3559 883 3618 aa,
908 3559 978 3625 qua
993 3545 1070 3607 sunl
1083 3542 1220 3630 sabjecta

98 3645 347 3722 uniuersalibus,
363 3648 438 3731 quia
451 3647 513 3713 scil
524 3665 560 3712 aa
572 3647 766 3729 inpotentia.
786 3649 850 3714 Sed
862 3648 922 3732 bis,
942 3667 1012 3732 qua
1027 3653 1106 3714 suat
1120 3650 1221 3750 anaxi-

98 3774 147 3820 ma
164 3753 369 3829 uniuersam,
390 3759 464 3820 sunt
480 3755 585 3820 amnia
602 3755 746 3841 subjecta.
767 3757 848 3836 Erga
861 3755 916 3820 iiia
932 3757 988 3840 qui
1005 3757 1068 3821 scit
1086 3757 1221 3822 maxime

99 3861 310 3938 universalia,
325 3861 388 3926 scit
398 3863 623 3946 quodammado
637 3862 743 3928 amata
763 3857 828 3950 (6).

136 4203 176 4274 (ι)
214 4199 1043 4278 S.Thom.,naq.57a.200rp.Cir.a.aq.47a.2.

137 4295 176 4358 (2)
214 4291 290 4348 Vide
303 4289 429 4360 Aristot,
448 4301 487 4348 r.⁰
501 4290 705 4365 Metapirysic,
720 4311 783 4363 cap.
798 4311 830 4363 2ς
841 4305 870 4350 et
884 4291 917 4352 S.
931 4294 1049 4363 Thom„
1065 4294 1104 4354 ib.
1120 4295 1184 4354 leot.
1195 4314 1222 4353 2.

138 4389 177 4454 (3)
216 4379 338 4447 Suarez,
355 4381 533 4454 Meiapbys„
548 4380 666 4452 dispr,
682 4394 750 4439 sect.
769 4401 795 4454 5,
812 4401 840 4440 n.
856 4383 886 4440 8.

136 4475 177 4541 (4)
213 4469 289 4529 Vrde
304 4468 424 4540 Suarez
439 4469 491 4528 loo.
508 4469 558 4528 cit.
571 4481 641 4532 scot.
660 4487 686 4544 5,
701 4490 731 4528 ιι.
747 4471 775 4540 8,
791 4485 820 4530 et
834 4485 905 4531 aeot
919 4492 947 4544 2,
963 4487 1130 4546 pertatem.

136 4565 178 4632 (51
216 4581 240 4618 ι.
242 4561 442 4636 'Melaplryaq
459 4578 564 4642 ωρᾼ.

34 4726 41 4736 ¹
138 4651 178 4717 (6)
216 4648 1082 4724 S.Thom.1.·Melapirysic.,leot.a,Darndacumdicii.-
1096 4657 1221 4716 istarum

102 4749 226 4798 nalem».
