3492 5525
543 436 617 501 1082
654 438 780 503 Locren
795 438 1025 515 Maron-Lau.
1043 454 1115 514 aar,
1132 438 1222 503 Drsn.
1239 440 1283 504 6.·
1299 440 1379 504 Can.
1399 432 1468 503 ψ’

752 546 817 559 κ

566 624 620 692 3.⁰
638 630 797 709 Denique
804 628 941 707 probari
952 624 1130 707 propositio
1152 633 1261 708 potest
1275 644 1316 691 ex
1325 622 1472 689 doctrina
1490 622 1615 689 aliunde

499 732 732 815 supponenda,
752 750 793 797 ex
819 730 954 815 paritate
974 750 1093 815 nempe
1120 731 1302 797 intellectus
1325 732 1431 797 solum
1466 730 1617 795 directive

499 840 720 906 concurrentis
735 839 775 904 ad
795 849 886 905 actus
906 836 1099 915 voluntatis,
1114 848 1150 903 ut
1171 858 1257 904 nunc
1275 840 1513 923 supponimus,
1535 837 1616 902 Fidei

498 946 616 1012 divinae
644 948 685 1012 ad
718 958 810 1013 actus
836 946 1016 1022 charitato,
1034 946 1214 1030 prudentiae
1238 947 1278 1011 ad
1310 954 1401 1013 actus
1430 958 1616 1015 caeterarum

499 1053 675 1132 virtutum,
696 1056 798 1121 immo
817 1062 850 1119 et
865 1054 1016 1119 omnium
1037 1054 1154 1120 artium
1180 1055 1220 1119 ad
1239 1075 1276 1120 ea
1294 1074 1408 1139 opera,
1430 1074 1505 1137 quae
1526 1055 1619 1138 juxta

499 1162 642 1245 ipsarum
662 1162 791 1247 regulas
806 1158 916 1247 frunt(
941 1160 966 1247 ).

564 1268 676 1354 Urgeri
694 1288 828 1353 quoque
851 1278 959 1353 potest
984 1277 1097 1335 contra
1120 1262 1307 1336 Thomistas
1326 1278 1559 1354 argumentum
1579 1271 1618 1334 ad

498 1376 682 1442 hominem.
706 1376 824 1444 Dicunt
844 1376 930 1441 enim
952 1376 1102 1461 Logicam
1124 1396 1188 1442 non
1206 1396 1395 1443 concurrere
1413 1377 1559 1442 effective
1579 1378 1620 1442 ad

497 1492 588 1550 actus
613 1504 646 1550 v.
673 1505 707 1568 g.
738 1482 954 1568 Philosophiae
985 1484 1138 1551 naturalis
1167 1486 1275 1568 quoad
1304 1486 1539 1559 substantiam,
1559 1486 1617 1549 sed

496 1592 605 1675 quoad
631 1572 769 1657 formam
789 1590 1009 1657 artificiosam.
1042 1590 1142 1675 Atqui
1172 1593 1284 1675 nequit
1302 1594 1391 1659 aliter
1411 1591 1529 1677 Logica
1548 1590 1620 1657 elfr-

495 1718 569 1765 cere
587 1701 727 1765 formam
743 1698 970 1775 artificiosam,
992 1698 1051 1765 nisi
1071 1700 1240 1765 efficiendo
1259 1699 1362 1785 ipsam
1385 1699 1617 1775 substantiam,

496 1825 553 1871 seu
573 1824 726 1873 assensus
745 1807 833 1889 ipsos
853 1806 1154 1873 demonstrationis.
1174 1807 1259 1874 Nam
1278 1808 1458 1873 secundum
1480 1806 1618 1873 eosdem

496 1912 681 1980 Tlromistas
701 1915 806 1978 forma
825 1896 1080 1979 artificiosa'non
1105 1922 1154 1980 est
1181 1912 1240 1979 nisi
1261 1933 1319 1981 ens
1347 1914 1494 1989 rationis,
1518 1916 1621 1979 resul-

495 2030 570 2087 tans
592 2020 625 2085 in
645 2020 772 2105 objecto
792 2040 831 2085 ex
851 2020 1056 2106 cognitione:
1084 2022 1145 2087 hoc
1165 2032 1274 2088 autem
1296 2042 1354 2087 ens
1375 2021 1523 2097 rationiS,
1541 2041 1619 2087 cum

496 2128 538 2193 sit
557 2127 651 2203 nibil,
673 2128 808 2211 incapax
825 2137 892 2202 est,
915 2137 950 2193 ut
969 2127 1126 2195 terminet
1147 2131 1251 2194 ullum
1275 2128 1460 2195 effectivum
1480 2148 1622 2195 concur-

496 2254 588 2310 sum,
610 2245 642 2301 et
661 2243 796 2299 eatenus
815 2235 990 2300 dumtaxat
1007 2235 1123 2301 dicitur
1142 2236 1291 2320 produci,
1315 2248 1477 2319 quatenus
1496 2238 1622 2320 produ-

496 2342 579 2408 citur
596 2342 760 2427 cognitio,
781 2361 822 2408 ex
837 2360 904 2425 qua
923 2344 1067 2409 resultat.
1091 2342 1155 2408 Sed
1170 2343 1330 2427 cognitio,
1348 2362 1389 2408 ex
1403 2363 1467 2426 qua
1482 2346 1622 2410 resultat

427 2497 430 2502 -
495 2469 555 2515 ens
575 2449 706 2515 rationis
722 2447 879 2534 logicum,
894 2460 945 2515 est
957 2450 1026 2533 ipsa
1045 2449 1225 2517 substantia
1242 2460 1333 2516 actus
1349 2451 1488 2536 physici,
1505 2451 1620 2525 idest,

497 2558 589 2623 realis
607 2558 773 2623 tendentia
792 2556 825 2622 in
844 2558 1009 2641 objectum
1040 2558 1198 2623 directum
1227 2566 1259 2622 et
1277 2562 1314 2623 ut
1335 2562 1429 2643 quod.
1450 2558 1520 2624 Nisi
1540 2579 1623 2644 ergo

497 2667 612 2749 Logica
630 2665 848 2731 substantiam
876 2665 989 2741 istam,
1024 2682 1082 2734 seu
1109 2666 1310 2731 tendentiam
1339 2664 1472 2742 efficiat,
1503 2666 1624 2750 nequit

496 2772 623 2838 efficere
642 2775 782 2837 formam
802 2771 1022 2839 artifficiosana
1043 2771 1055 2860 (
1081 2770 1106 2860 ).
1153 2809 1156 2816 ι

563 2881 733 2947 lnstantias
762 2888 874 2946 contra
894 2882 990 2944 allata
1009 2889 1201 2965 argumenta
1226 2891 1258 2945 et
1286 2881 1486 2965 objectiones
1511 2882 1624 2966 plures

496 2989 756 3054 adversariorum
776 2988 867 3063 vide,
889 2989 916 3054 si
937 2989 1057 3070 placet,
1080 2989 1168 3071 apud
1188 2988 1325 3055 Lossada
1346 2986 1412 3076 (3);
1432 3009 1509 3054 cum
1530 2990 1623 3054 enim

498 3115 547 3162 res
566 3096 635 3160 haec
654 3114 719 3161 non
739 3093 782 3160 sit
801 3095 883 3160 tanti
904 3095 1082 3172 momenti,
1103 3095 1144 3159 ad
1162 3096 1221 3160 alia
1237 3098 1476 3180 properandum
1495 3107 1560 3163 est.

819 3298 823 3306 ’
862 3357 1163 3434 Andronius
1185 3359 1251 3434 111.
1290 3414 1295 3422 .

537 3595 540 3600 ,
614 3529 781 3594 Utrum
799 3527 967 3605 Logiea
985 3526 1174 3590 scientia
1197 3545 1257 3591 an
1275 3542 1386 3592 vero
1404 3545 1495 3592 ane.

355 3762 415 3806 arm
463 3740 466 3749 '
543 3761 620 3829 3²5·
668 3740 813 3820 Quaestio
832 3742 902 3807 haec
920 3741 952 3807 in
972 3740 1060 3806 illam
1089 3739 1184 3805 allam
1213 3739 1340 3817 recidit,
1370 3757 1470 3825 quam
1491 3749 1628 3809 veteres

290 3831 479 3948 Ἢζῇζω
499 3849 727 3925 instituebant,
749 3858 861 3915 utrum
889 3848 1009 3915 scilicet
1029 3847 1146 3933 Logica
1176 3847 1216 3912 sit
1239 3853 1317 3930 pars
1335 3847 1557 3930 Philosophia,
1582 3870 1626 3916 an

310 3918 452 4029 {tomeun
499 3975 576 4022 vero
594 3958 702 4022 solum
721 3957 978 4023 instrumentum
999 3952 1062 4043 (4).
1085 3955 1171 4020 Ante
1185 3955 1296 4020 omnia
1315 3973 1391 4020 vero
1419 3957 1629 4039 premitten-

498 4064 578 4129 dum
605 4074 671 4139 est,
700 4063 852 4149 Logicam
882 4082 953 4129 esse
982 4063 1129 4128 habitum
1163 4063 1432 4139 intellectualem,
1466 4064 1544 4147 quia
1572 4079 1627 4134 est

498 4171 643 4256 cognitio
661 4173 829 4254 quaedam,
851 4180 950 4254 atque
974 4171 1055 4236 adeo
1074 4171 1197 4236 allectio
1222 4171 1417 4236 intellectus.
1436 4172 1553 4254 Neque
1573 4185 1626 4240 est

533 4372 573 4435 (r)
611 4367 750 4436 Lossada‚
764 4365 834 4425 ibid.
850 4387 881 4424 n.
900 4386 940 4423 υ.

533 4463 574 4522 (a)
612 4457 651 4515 id.
668 4456 739 4514 ibid.
754 4476 784 4514 n.
805 4477 846 4528 ¹3·

533 4552 575 4618 (3)
611 4547 680 4603 Loc.
695 4544 744 4603 cit.
761 4566 791 4603 n.
806 4566 842 4618 9,
861 4565 890 4604 rr
907 4555 935 4602 at
953 4565 1001 4618 14,
1017 4564 1098 4616 seqq.

534 4635 575 4708 (4)
610 4635 687 4693 Vide
701 4635 847 4693 Dominio.
865 4633 953 4704 Soto,
964 4635 1106 4706 maleel„
1118 4648 1222 4706 quaest.
1234 4655 1265 4706 2,
1276 4655 1396 4708 prooem.
1409 4635 1473 4696 etr.
1487 4637 1510 4696 F
1511 4657 1629 4712 obsec„

500 4724 551 4784 lib.
565 4745 597 4793 a,
611 4725 754 4798 Meropia,
769 4745 832 4797 cap.
849 4746 881 4798 3,
897 4736 999 4797 quaest.
1016 4746 1042 4797 3.
