3492 5525
252 468 368 532 Anne.
386 481 446 530 ια·
460 465 650 530 Pauorem.
669 481 711 528 ou
725 481 846 529 conen.
865 482 908 528 ετ
921 469 1122 527 resumens
1156 477 1216 543 729

129 644 265 720 utilem,
298 643 355 727 qui
386 661 582 728 cognoscere
615 643 719 718 volet,
753 641 848 708 adeat
868 639 1156 708 conimbricenses
1186 638 1200 730 (
1227 639 1252 729 ),

122 754 286 833 loannem
301 771 320 816 a
336 751 371 842 S,
386 751 514 818 Thomu
527 747 591 839 (2),
606 750 653 815 De
665 747 844 816 Benedictis
854 746 919 837 (J),
933 747 1056 814 Anton.
1071 749 1176 834 Mayr,
1188 747 1252 838 (4),

125 859 246 940 Joann.
267 859 358 926 Ulloa
376 856 440 946 (5),
457 857 597 944 Sylvest.
613 854 793 944 Mauri·(6),
810 856 968 940 aliosque,
983 855 1040 939 qui
1059 855 1253 924 affirmative

128 968 345 1052 respondent,
363 968 415 1032 vel
437 964 614 1050 Georgium
635 965 768 1032 Rhodes
785 962 849 1053 (7),
868 962 1094 1032 Sebastianum
1115 963 1253 1047 lzquier-

126 1076 174 1142 do
192 1072 256 1163 (8),
278 1075 408 1142 Petrum
425 1067 573 1140 Hortado
595 1071 657 1160 (9),
670 1072 727 1156 qui
742 1073 941 1140 contrarium
957 1069 1114 1138 sentiunt.

499 1337 800 1415 ARTICULUS
822 1337 870 1412 ΙΙ.

226 1507 472 1585 Quomodo
494 1507 788 1572 vorifloentur
804 1506 1153 1587 praedicationes

127 1619 179 1681 in
192 1617 416 1682 oonoretis
429 1620 475 1680 ot
488 1613 747 1688 abstractis,
762 1616 859 1679 eive
873 1614 1249 1681 substantialibus

445 1725 542 1788 sive
561 1723 927 1789 occidentalibus·

177 1943 249 2006 180.
297 1937 385 2014 Qrid
405 1939 447 2003 sit
466 1936 664 2023 pradicatio,
686 1944 718 2001 et
736 1938 935 2022 quotuplex,
955 1936 1151 2022 explicatum
1177 1956 1247 2002 ma-

123 2054 184 2111 net
201 2047 233 2112 in
250 2046 366 2133 logica
382 2045 497 2112 Minori
517 2043 602 2133 (ro).
619 2045 714 2110 Nunc
733 2063 812 2130 ergo
826 2046 934 2110 solum
950 2045 1152 2128 exponendae
1166 2055 1243 2112 sunt

123 2155 247 2238 regulae
266 2155 416 2238 quaedam
436 2154 476 2219 ad
489 2153 672 2230 sciendum,
689 2154 857 2237 quomodo
870 2161 1020 2218 concreta
1038 2163 1071 2220 et
1085 2150 1244 2220 abstracta

123 2261 290 2345 praedicari
305 2261 442 2346 possint.

194 2369 236 2435 Ut
255 2387 352 2453 porro
370 2389 388 2433 a
406 2367 598 2436 certioribus
615 2367 834 2436 exordiamur.
902 2442 905 2447 ⁴

175 2483 222 2543 r.⁰
266 2482 386 2544 Primo
398 2490 531 2544 certum
549 2491 604 2543 est
621 2489 795 2555 cunerem,
811 2481 888 2544 sive
901 2481 1155 2554 substantialia,
1171 2481 1248 2544 eive
1272 2479 1378 2562 &⁰0¹5st
1388 2490 1444 2527 ‘00¹²

122 2587 361 2662 accidentalia,
382 2598 475 2652 recte
498 2589 680 2669 praedicari
704 2590 748 2651 de
768 2589 955 2662 concretis,
977 2583 1160 2650 dummodo
1184 2584 1248 2649 ior·
1283 2551 1439 2675 fflffl

125 2709 182 2756 ma
196 2709 346 2775 expressa
361 2711 416 2777 per
429 2691 639 2777 praedicatum
656 2710 766 2757 revera
780 2689 857 2757 insit
872 2691 1037 2778 subjecto,
1050 2702 1086 2757 ut
1100 2691 1126 2757 si
1144 2691 1245 2759 dicas:

123 2799 225 2864 Homo
253 2803 301 2864 est
325 2800 461 2874 aninrol,
489 2800 579 2865 olous
610 2808 688 2880 etc.;
717 2799 836 2865 Album
857 2804 908 2865 est
929 2802 1118 2876 coloratum,
1142 2801 1244 2875 dulce,

123 2906 279 2971 rationale
296 2915 358 2972 etc.
379 2907 417 2972 Et
436 2905 516 2971 ratio
536 2917 602 2982 est,
626 2906 702 2989 quia
720 2916 870 2972 concreta
893 2904 1156 2992 significant‘per
1178 2925 1250 2973 mo-

124 3014 205 3078 dum
228 3015 347 3090 totius,
367 3032 426 3080 nec
446 3014 667 3098 praescindunt
685 3032 727 3080 ex
752 3014 853 3079 modo
872 3012 1073 3098 significandi
1096 3013 1137 3078 ab
1165 3015 1247 3090 aliis,
1324 2997 1328 3005 ’

123 3140 201 3204 quae
228 3123 311 3187 sorte
338 3121 545 3189 inveniantur
563 3121 596 3187 in
615 3121 732 3187 eodem
751 3120 936 3205 supposito.
957 3119 1027 3198 Sic,
1049 3118 1123 3189 licet
1141 3120 1251 3205 subje-

123 3235 215 3295 ctum
244 3228 345 3294 Homo
371 3247 437 3294 non
464 3228 625 3313 exprimat
645 3228 822 3294 formaliter
840 3227 1041 3303 albedinem,
1065 3227 1124 3293 sed
1144 3246 1250 3311 neque

123 3352 167 3401 ex
190 3335 290 3401 modo
309 3334 513 3423 significandi
538 3336 681 3402 excludit
698 3337 805 3411 illam,
827 3335 904 3419 quia
921 3334 1085 3419 significat
1103 3354 1161 3419 per
1180 3354 1252 3401 mo-

123 3442 205 3509 durn
226 3443 391 3529 ¹suppositi
418 3463 455 3510 ac
478 3446 580 3511 totius
606 3443 794 3529 cujusdam,
815 3442 905 3526 quod
929 3443 1035 3508 multa
1056 3442 1117 3508 alia
1141 3450 1250 3527 potest

123 3551 294 3617 continere
314 3560 431 3635 praeter
450 3550 700 3619 humanitatem.

161 3860 200 3921 (ι)
238 3854 270 3913 io
285 3855 446 3925 Praesotr'on
461 3854 608 3927 Porphyr,
625 3866 726 3924 quaet.
743 3853 776 3922 6,
793 3865 848 3913 ort.
863 3872 892 3925 4.

160 3951 200 4011 (2)
238 3945 357 4021 Logia,
373 3956 479 4015 quaest.
496 3961 525 4013 ς,
542 3955 599 4001 art.
619 3963 642 4001 1.

158 4037 202 4107 (3)
238 4036 351 4109 lopo,
366 4033 417 4092 lib.
435 4053 467 4101 2,
485 4046 589 4104 quaest.
610 4053 635 4102 1,
649 4051 712 4105 cap.
726 4050 767 4089 ro.

161 4129 202 4198 (4)
239 4125 353 4182 Portos.
369 4124 476 4198 perip„
492 4136 567 4194 port.
587 4140 610 4191 r,
625 4119 701 4195 disp.
718 4142 750 4194 3,
765 4140 795 4194 q.
814 4142 839 4192 1,
857 4133 913 4180 urt.
931 4140 955 4195 5.

160 4219 202 4284 (5)
238 4212 615 4291 Logic.,disp.a,cap.4.

162 4306 202 4370 (6)
241 4304 390 4384 Quoslion
404 4303 523 4378 philos„
539 4314 561 4359 t.
581 4322 604 4359 ι.
620 4313 724 4371 quaest.
742 4318 784 4372 35.

161 4400 205 4465 (7)
241 4394 354 4453 Portos.
367 4394 476 4468 μή),
492 4391 542 4449 lib.
556 4409 589 4464 4,
604 4390 682 4462 disp.
699 4412 730 4462 3,
742 4402 846 4462 quest.
863 4412 896 4465 3,
910 4403 979 4450 oeot.
997 4409 1028 4461 5,
1043 4410 1143 4465 parag.
1160 4414 1186 4465 3.

164 4484 205 4549 (8)
241 4485 359 4541 Pharas
373 4483 487 4550 scient,
502 4491 607 4552 quaest.
622 4480 655 4549 6,
671 4500 702 4537 n.
716 4480 748 4537 81
767 4498 848 4552 seqq.

159 4579 199 4645 (9)
235 4572 436 4647 Melampu,
455 4570 531 4643 disp.
558 4592 584 4643 9,
615 4582 683 4629 sect.
707 4570 735 4627 8.
756 4569 832 4627 Vide
852 4568 941 4627 etiam
963 4569 1107 4641 Losoodn,
1129 4571 1247 4646 Logia..

120 4675 209 4724 tract.
226 4681 257 4727 a,
275 4660 351 4732 disp.
366 4681 392 4731 a,
408 4680 470 4732 cap.
487 4680 514 4733 7.

160 4750 220 4823 (ro)
255 4750 339 4823 Disp.
360 4772 383 4812 r.
398 4770 460 4823 cap.
479 4770 508 4823 3,
526 4763 582 4809 art.
600 4770 628 4819 r,
645 4770 674 4807 n.
688 4768 725 4823 42
742 4766 822 4821 seqq.

147 4858 163 4887 Ο
