3492 5525
9 627 14 793 i

257 460 376 524 Anno.
396 473 457 523 w
470 458 657 523 Onoosrrro
670 476 770 523 enon.
786 460 898 525 ornet.
915 480 958 525 oe
971 481 1089 529 rncssr:
1138 460 1193 525 281

168 640 286 717 Prima
299 647 390 722 pars.
425 638 512 715 Quia
539 658 606 706 non
635 648 800 725 repugnat
832 640 918 709 duas
940 644 1116 711 contrarias
1139 645 1237 713 falsas

106 766 197 821 esse,
218 756 256 813 ut
269 746 371 813 modo
398 747 555 814 vidimus.
577 746 679 832 Atqui
703 757 776 813 tum
796 749 1027 816 subcontrariae
1056 754 1236 820 necessario

105 869 192 920 νοτε
209 866 308 929 sunt,
327 862 442 947 utpote
465 853 722 922 contradictoriae
742 857 922 941 respective
940 858 1108 925 contrariis
1131 858 1237 927 diver-

107 962 347 1045 saequalitatis
362 962 460 1048 Ergo.
1174 1020 1177 1027 .

171 1068 320 1137 &amaa
332 1077 422 1153 pars.
441 1071 526 1137 Nam
555 1069 583 1136 si
612 1070 701 1137 iaisae
733 1071 839 1137 forent
868 1070 1118 1151 subcontrariae,
1149 1094 1235 1143 verae

105 1179 264 1245 deberent
282 1196 353 1244 esse
374 1177 502 1245 iliarum
525 1177 802 1256 contradictoria,
822 1198 897 1262 quae
918 1187 1031 1245 tamen
1051 1189 1129 1247 sunt
1152 1182 1236 1250 inter

106 1305 142 1351 se
160 1285 342 1353 contrariae.
372 1284 574 1370 impossibile
596 1294 649 1352 est
665 1304 746 1372 ergo
767 1286 1008 1354 subcontrarias
1026 1306 1099 1355 esse
1123 1291 1232 1369 falsas,

106 1392 168 1459 nisi
182 1391 327 1459 velimus
340 1393 423 1459 duas
439 1393 619 1460 contrarias
637 1412 709 1460 esse
724 1412 829 1459 veras.

172 1500 286 1590 ltaque
303 1500 339 1568 in
361 1500 496 1567 materia
508 1501 725 1595 ‚confingenti
743 1500 978 1569 subcontrariae
1003 1514 1144 1589 possunt
1161 1524 1234 1573 esse

105 1608 215 1675 ambe
228 1626 334 1691 verae3
349 1608 383 1675 in
398 1605 533 1674 materia
546 1619 659 1676 autem
674 1610 853 1676 necessaria
866 1617 901 1676 et
913 1608 1105 1695 impossibili
1110 1664 1119 1690 ‚
1134 1614 1234 1681 altera
1330 1600 1334 1609 ’

107 1736 185 1783 vera
201 1725 268 1792 est,
284 1717 384 1783 altera
401 1718 492 1783 falsa.

173 1824 221 1892 Ex
241 1824 361 1909 quibus
383 1823 600 1901 conciuditur,
618 1842 719 1909 posse
736 1842 869 1909 quoque
895 1827 1136 1912 oppositionem
1155 1830 1235 1896 sub-

105 1932 300 1999 contrariam
319 1932 462 1998 definiri:
473 1933 641 2018 foroiulem
655 1932 894 2017 repugnantiam
905 1935 1042 2001 duarum
1050 1937 1234 2020 propositio·

105 2059 183 2105 nam
201 2040 239 2105 in.
249 2042 316 2106 sola
321 2040 479 2125 salsitate.
775 2058 778 2065 ·

173 2146 244 2228 jam
264 2147 292 2214 si
320 2164 437 2213 omnes
465 2149 560 2223 hasce
586 2146 813 2231 oppositiones
845 2148 930 2214 inter
948 2168 983 2215 se
1009 2154 1231 2231 conseramus,

106 2256 192 2322 iiiico
215 2255 407 2340 perspicitur
433 2255 716 2330 contradictoriam
754 2272 826 2321 esse
859 2257 1009 2322 omnium
1039 2260 1230 2339 maximam,
1341 2332 1344 2339 ,

106 2362 269 2447 siquidem
289 2362 526 2448 propositiones
539 2362 794 2430 contradictoriae
809 2364 937 2430 nullum
948 2365 1070 2432 habent
1087 2368 1232 2436 medium

105 2489 165 2536 seu
183 2472 478 2546 communitatem,
491 2488 569 2537 cum
589 2479 755 2554 nequeant
773 2471 947 2537 convenire
956 2474 1026 2539 sive
1044 2474 1077 2540 in
1096 2474 1233 2542 veriute

105 2577 225 2645 sivein
244 2578 394 2645 salsitate.

174 2686 300 2752 Deinde
326 2685 474 2770 sequitur
499 2684 674 2765 contraria,
702 2684 779 2770 quia
797 2684 965 2753 contrarie
994 2689 1233 2774 propositiones

104 2796 280 2862 convenire
299 2804 438 2879 possunt
452 2796 485 2862 in
505 2794 658 2869 salsitate,
679 2793 752 2858 licet
772 2794 886 2860 nonin
906 2795 1053 2862 veritate:
1074 2797 1163 2863 unde
1178 2817 1234 2864 ve-

106 2903 183 2968 ritas
202 2901 336 2985 quidem
361 2903 458 2970 unius
475 2901 572 2968 infert
595 2901 726 2967 alterius
750 2901 941 2984 salsitatem3
963 2923 1029 2970 non
1049 2923 1126 2971 vero
1149 2907 1235 2973 ialsi·

104 3018 157 3076 tas
172 3010 272 3076 unius
287 3009 457 3077 veritatem
476 3008 621 3076 alterius.

172 3118 281 3184 Minor
293 3119 400 3184 adbuc
410 3126 468 3192 sest
481 3116 644 3202 oppositio
667 3115 906 3192 subcontraria,
922 3115 1027 3184 immo
1045 3137 1086 3184 ex
1100 3128 1233 3188 senten-

105 3227 149 3293 tia
164 3225 200 3292 S.
218 3226 356 3292 Thomas
373 3222 438 3313 (r),
467 3225 620 3291 Fonsecae
632 3221 697 3311 (a),
715 3222 858 3308 Arriagae
875 3220 938 3311 (3),
966 3223 1068 3290 Mauri
1083 3223 1136 3313 (4)
1154 3227 1234 3294 aiio-

105 3353 267 3419 rumque,
294 3334 363 3400 aliis
385 3343 497 3399 umen
515 3332 606 3399 aliter
628 3330 857 3408 sentientibus,
885 3350 992 3414 neque
1010 3343 1060 3400 est
1087 3335 1153 3399 veri
1173 3354 1232 3401 no-

106 3443 206 3508 minis
225 3441 402 3526 oppositio.
422 3440 475 3507 Ad
499 3459 569 3506 rem
589 3438 785 3525 Angelicus:
812 3439 1022 3506 Paracalarts
1043 3439 1232 3524 affirmtioa

104 3559 138 3616 et
151 3549 361 3632 particularis
379 3547 521 3632 negativa
541 3567 605 3614 non
621 3547 735 3614 babent
752 3547 882 3630 propria
905 3549 1056 3632 loquendo
1072 3550 1234 3631 oppositio-

104 3677 192 3733 nem,
212 3657 289 3742 qaia
305 3656 452 3738 oppositio
463 3657 637 3722 attenditur
653 3655 738 3721 circa
751 3656 833 3722 alera
849 3655 1037 3742 nabjeclum,·
1063 3657 1233 3744 majatrm

103 3769 210 3831 autem
238 3763 445 3846 parir'calaris
466 3763 690 3830 muntiatioar's
715 3766 762 3829 est
790 3763 969 3853 upiocrsala
991 3764 1233 3845 particulariter
1271 3755 1276 3762 ⁴

103 3876 260 3954 runcaliam
270 3919 278 3948 ,
289 3891 354 3938 non
361 3871 538 3956 proaliquo
549 3871 751 3938 determinato
760 3870 926 3956 singulari,
939 3872 995 3936 sed
1007 3871 1231 3939 indetermina-

103 3985 133 4046 te
146 3987 210 4063 pro
225 3997 418 4064 quxranqua.
437 3981 479 4046 El
488 3978 559 4044 ideo
574 3997 647 4044 cum
662 3979 886 4044 launiocrsali
898 3978 1136 4060 partr'cularr'tar
1147 3999 1233 4046 suna-

100 4093 157 4171 plo
173 4088 299 4172 aliquia
318 4085 494 4170 affirrrralrar
513 4089 566 4153 oal
582 4089 731 4170 negatur,
741 4086 809 4168 ipsa
829 4087 939 4154 modus
962 4086 1151 4152 enuntiandi
1167 4106 1232 4154 non

106 4196 214 4272 babel,
233 4197 318 4280 quod
329 4195 491 4279 affimratr'o
506 4197 540 4262 al
553 4193 676 4278 negato
692 4194 761 4260 sint
773 4197 812 4260 da
828 4196 950 4262 eodem:
963 4195 1047 4279 qaod
1058 4194 1232 4279 requiritur

137 4489 183 4552 (r)
219 4482 286 4541 Lib.
304 4503 328 4550 r,
344 4483 519 4551 Peribarm„
531 4481 597 4541 lect.
616 4501 658 4550 τι,
674 4479 769 4540 initio.

136 4575 182 4645 (a)
215 4573 289 4631 lusi.
303 4572 433 4639 dialect„
447 4570 500 4630 lib.
514 4593 542 4645 3,
556 4591 620 4643 cap.
631 4571 660 4629 ό.

137 4668 181 4734 (3)
216 4661 361 4721 Sammaei.
375 4659 454 4734 disp.
469 4682 498 4732 a,
513 4675 582 4720 sect.
596 4680 626 4734 4,
641 4661 767 4720 subsect.
784 4681 810 4727 a,
823 4681 852 4719 n.
867 4679 914 4734 43.

137 4758 181 4825 (4)
216 4750 375 4820 summat..
391 4771 454 4824 αν·
471 4772 514 4825 39·
570 4764 572 4771 '
