3492 5525
224 517 338 579 harre.
357 535 416 598 3³¹·
429 514 550 580 Urnun
567 534 743 579 avrounrrn
759 534 867 579 contr
882 534 925 579 no
940 529 1114 600 assensuri
1139 528 1194 596 527

114 702 221 766 solent
245 699 430 783 Philosophi
454 699 570 765 docere
598 700 802 788 voluntatem
832 717 984 766 exercere
1004 699 1037 767 in
1053 698 1235 783 potentiam

114 809 347 874 locomotivam
367 807 539 892 imperium
556 808 760 893 tyrannicum
776 826 812 873 ac
830 808 1050 889 despoticum,
1072 816 1236 891 quatenus

113 916 201 981 illam
222 934 353 982 movere
367 914 471 999 possit
484 915 595 980 tamin
614 916 757 991 bonurn,
772 932 873 999 quam
887 915 920 980 in
935 917 1059 984 malum
1074 914 1236 1000 ejusdem,

113 1022 147 1088 in
167 1023 330 1107 potentias
349 1042 427 1091 vero
443 1021 681 1108 cognoscitivas
695 1023 867 1107 imperium
877 1024 1054 1089 dumtaxat
1068 1021 1236 1105 politicum

113 1148 151 1195 ac
177 1132 297 1217 regale,
319 1131 410 1215 quod
428 1130 595 1196 ordinetur
613 1130 653 1195 ad
673 1130 798 1197 bonum
818 1130 976 1213 ipsarum,
1002 1149 1069 1196 non
1101 1147 1177 1195 vero
1196 1128 1238 1193 ad

114 1239 254 1306 malum.

160 1351 267 1428 Obiic.
293 1345 347 1415 δέ’
392 1347 466 1412 Non
494 1344 679 1429 experimur
703 1364 813 1409 revera
842 1362 903 1410 nos
922 1342 1109 1411 necessitati
1128 1343 1238 1426 quoad

110 1454 303 1520 exercitium
335 1455 375 1521 ad
409 1470 578 1519 assensum
613 1453 710 1519 etiam
751 1452 983 1537 principiorum
1016 1450 1233 1517 evidentium.

112 1562 200 1645 Ergo
204 1609 273 1631 .....

183 1676 287 1751 Reep.
307 1668 381 1735 dist.
402 1676 508 1735 antec.
531 1666 563 1733 Si
587 1666 715 1733 termini
736 1666 969 1751 propositionis
989 1684 1056 1732 non
1080 1666 1164 1731 bene
1184 1684 1240 1748 pe-

112 1784 303 1851 netrentur,
323 1785 379 1842 aut
397 1774 423 1841 si
443 1774 573 1841 animus
591 1775 653 1841 alio
685 1774 893 1849 distrahatur,
921 1793 1023 1851 conc„
1049 1792 1154 1848 secus,
1165 1791 1236 1856 neg.

112 1884 164 1948 De
184 1884 242 1949 hac
262 1882 349 1948 enim
370 1882 565 1967 experientia
584 1889 744 1947 testantur
767 1880 897 1965 plurimi
916 1893 949 1947 et
972 1880 1155 1966 gravissimi
1176 1881 1240 1946 Do-

111 2000 236 2067 ctores,
256 1990 312 2075 qui
333 1999 479 2057 nostram
499 1998 633 2056 tuentur
651 1989 847 2057 doctrinam.

183 2104 343 2165 lumbis.
366 2096 460 2181 Saepe
483 2098 536 2173 lit,
559 2106 595 2163 ut
604 2095 695 2179 quis,
716 2096 879 2163 concessis
893 2095 1071 2180 praemissis
1084 2095 1240 2161 evidenti·

111 2208 193 2282 bus,
210 2215 308 2290 neget
324 2203 568 2273 conclusionem
589 2205 791 2280 evidentem,
812 2217 868 2273 aut
889 2207 1009 2270 haereat
1026 2205 1143 2271 saltem
1157 2203 1240 2269 circa

112 2314 236 2399 ipsam.
257 2314 341 2398 Ergo
360 2327 425 2379 non
445 2322 494 2379 est
514 2332 589 2378 vera
613 2312 823 2396 experientia,
855 2332 955 2395 quam
977 2330 1038 2377 nos
1061 2311 1237 2395 jactamus.

183 2429 288 2505 Resp.
308 2420 384 2487 dist.
415 2429 521 2486 antec.
546 2420 579 2485 ld
597 2419 650 2495 tit,
679 2419 755 2504 quia
786 2438 852 2487 non
876 2421 997 2485 adsunt
1023 2417 1177 2503 requisita
1199 2419 1240 2484 ad

113 2546 288 2595 assensum
308 2528 539 2604 conclusionis,
555 2547 656 2603 conc,
681 2546 786 2603 secus,
807 2547 897 2611 nego.
950 2545 954 2552 ’

184 2636 216 2701 ln
238 2637 275 2702 iis
295 2637 381 2702 enim
402 2636 530 2703 casibus
546 2636 596 2701 vel
612 2636 789 2720 praemissae
804 2655 870 2701 non
885 2645 965 2701 sunt
979 2634 1159 2711 evidentes,
1182 2650 1241 2698 nec

113 2744 188 2810 iiuit
206 2744 373 2811 evidenter
385 2744 565 2826 conclusio;
582 2745 632 2809 vel
648 2743 763 2809 saltem
780 2744 853 2810 licet
868 2741 978 2810 omnia
999 2743 1065 2808 sint
1078 2742 1112 2807 in
1125 2759 1158 2806 se
1173 2738 1241 2805 evi-

114 2851 240 2930 dentia,
262 2861 372 2918 tamen
393 2872 458 2918 non
478 2855 632 2935 apparent
649 2852 738 2936 talr'a,
756 2870 968 2935 quacumque
987 2851 1124 2916 demum
1143 2867 1240 2914 causa

115 2961 148 3025 id
164 2960 346 3044 contingat,
362 2961 466 3026 velex
480 2960 608 3026 deiectu
624 2959 825 3050 ingemisci
840 2959 1041 3034 attentionis,
1058 2957 1110 3022 vel
1122 2955 1241 3022 doctri-

115 3087 181 3143 nae,
202 3069 314 3156 velex
333 3087 372 3134 eo
392 3067 482 3150 quod
502 3069 605 3134 iorma
624 3067 809 3153 argumenti
831 3067 963 3133 nonsit
983 3067 1064 3131 adeo
1091 3063 1239 3130 evidens.

162 3181 270 3258 Objic.
295 3175 349 3258 4.⁰
396 3174 427 3240 Sl
450 3193 603 3241 assensus
626 3173 742 3261 objecti
770 3175 928 3242 evidentis
956 3193 1022 3240 non
1042 3173 1199 3256 penderet
1222 3190 1239 3236 a

114 3283 238 3350 directo
265 3278 443 3350 voluntatis'
462 3281 598 3366 imperio
617 3281 648 3348 in
675 3283 778 3366 prima
800 3282 850 3349 sui
871 3281 1104 3366 productione,
1131 3297 1240 3362 neque

116 3391 273 3474 penderet
290 3389 323 3456 in
342 3388 392 3456 sui
412 3373 670 3456 continuatione:
692 3391 805 3456 eadem
826 3390 948 3474 quippe
963 3389 1078 3454 militat
1089 3387 1169 3453 ratio
1181 3404 1239 3470 pro

114 3498 209 3564 initio
227 3507 320 3566 actus
338 3507 371 3562 et
391 3516 448 3582 pro
463 3498 532 3582 ejus
551 3498 774 3582 permanentia
788 3497 821 3564 in
841 3498 1030 3572 duratione,
1053 3506 1131 3561 sunt
1149 3493 1238 3559 enim

114 3605 265 3690 ejusdem
282 3603 410 3689 speciei.
432 3605 530 3688 Atqui
546 3605 724 3671 certissime
739 3606 903 3689 dependet
917 3623 1070 3671 assensus
1085 3602 1117 3669 in
1136 3602 1241 3669 contl-

115 3712 505 3790 nuationeavoluntate,
528 3731 602 3797 quae
617 3732 676 3797 pro
700 3711 805 3780 lubitu
830 3721 938 3797 potest
962 3715 1065 3778 iacere
1084 3720 1122 3778 ut
1145 3728 1239 3777 mens

112 3829 222 3886 cesset
241 3837 374 3905 prorsus
394 3821 444 3888 vel
465 3829 649 3906 perseveret
668 3822 700 3886 in
719 3821 828 3905 aliquo
848 3839 998 3888 assensu.
1018 3820 1144 3905 Ergo...

185 3933 289 4011 Resp.
309 3928 386 3995 dist.
408 3927 521 4013 Major,
538 3927 572 3994 Sl
588 3929 675 4012 paria
689 3937 918 4012 supponantur
934 3926 1107 4012 utrobique
1126 3925 1242 4012 adjun-

112 4046 185 4112 cta,
205 4051 308 4112 conc„
328 4053 440 4111 secus,
460 4053 532 4119 neg.

185 4141 381 4209 Contradist.
403 4143 519 4208 hlinor.
538 4141 571 4208 Si
591 4141 677 4227 paria
691 4151 919 4227 supponantur
932 4143 1096 4226 adjuncta,
1112 4159 1200 4226 nega
1215 4138 1241 4206 si

113 4251 268 4334 adjuncta
288 4258 474 4328 mutentur,
500 4269 588 4318 conc.
608 4251 659 4316 vel
685 4249 834 4332 nrbdist.,·
852 4259 886 4315 et
905 4252 1057 4316 voluntas
1084 4257 1162 4316 tunc
1181 4250 1243 4314 im·

114 4367 209 4444 perat
235 4367 292 4425 aut
310 4357 447 4443 impedit
474 4357 628 4424 indirecte
653 4359 932 4426 continuationem
953 4368 1060 4435 actuS,
1087 4373 1174 4424 conc.
1195 4358 1243 4422 di-

114 4474 222 4543 recte,
243 4483 332 4550 nego.

181 4574 361 4657 Postquam
388 4575 491 4641 semel
511 4575 695 4642 intellectus
722 4573 815 4640 alicui
840 4571 968 4642 veritati
995 4592 1150 4640 assensus
1168 4572 1241 4649 luit,
1327 4577 1331 4584 '

113 4681 272 4750 voluntas
291 4701 358 4748 non
378 4683 469 4748 aliter
488 4682 632 4768 praecipit
650 4682 930 4749 continuationem
951 4691 1009 4748 aut
1027 4681 1242 4758 cessationem

112 4789 202 4856 illius
216 4789 346 4875 judicii,
371 4807 470 4874 quam
490 4790 682 4857 divertendo
702 4790 935 4869 attentionem,
957 4791 1009 4856 vel
1029 4789 1243 4876 proponendo
