3492 5525
350 696 429 743 Modus

329 771 452 825 multiplex.

546 516 603 585 334
691 512 700 527 '
732 504 856 568 Locren
878 504 1130 569 Mulon-Due
1152 518 1195 586 3.·
1217 504 1295 597 Can.
1323 518 1394 568 aum

569 685 654 761 Qrae
672 688 724 752 lex
742 689 851 771 quoad
871 707 988 755 omnes
1007 706 1083 755 suas
1098 696 1205 773 partes
1221 689 1312 754 sacile
1323 697 1414 772 patet
1423 686 1633 775 exdictis(r)

552 810 625 878 155.
675 794 740 861 Sed
754 797 823 879 Jam
844 797 885 861 ad
906 796 1080 881 modorum
1100 796 1294 863 divisionem
1309 796 1498 863 veniamus.
1517 794 1548 860 Si
1570 814 1633 860 no-

504 920 580 966 men
601 902 690 967 modi
709 902 897 988 syllogistici
914 902 1009 969 latius
1024 903 1218 986 accipiamus
1238 921 1298 987 pro
1316 921 1526 986 quacumque
1545 920 1634 986 prae-

502 1006 676 1074 missarum
688 1012 869 1076 secundum
886 1011 1102 1095 quantitatem
1113 1019 1145 1076 et
1155 1011 1345 1093 qualitatem
1362 1009 1628 1095 complicatione,

503 1113 573 1179 sive
583 1127 658 1200 apta
669 1117 738 1182 sive
756 1118 865 1201 inepta
880 1119 920 1183 ad
934 1131 1018 1185 recte
1028 1118 1309 1193 concludendum,
1326 1126 1478 1185 tuterunt
1490 1116 1630 1183 omnino

501 1222 610 1299 modi,
631 1225 721 1306 quod
739 1224 807 1289 lieri
827 1224 954 1311 possint
973 1226 1108 1291 diversae
1127 1225 1374 1292 conbinationes
1392 1244 1469 1291 cum
1498 1224 1629 1291 duabus

500 1331 694 1412 praemissis,
721 1343 865 1415 spectata
880 1332 1023 1417 ipsarum
1047 1334 1174 1398 diversa
1199 1334 1379 1416 quantitate
1404 1342 1437 1399 et
1456 1332 1626 1415 qualitate.

500 1436 558 1501 liae
576 1456 655 1503 vero
673 1447 751 1504 sunt
770 1440 936 1506 sexdecim
955 1440 988 1507 in
1008 1440 1113 1523 prima
1132 1440 1235 1524 figura
1256 1441 1397 1517 directa,
1419 1440 1628 1522 totidemque

500 1543 533 1607 in
553 1543 657 1627 prima
671 1546 846 1623 indirecta,
867 1548 901 1612 in
920 1548 1061 1612 secunda
1086 1557 1118 1614 et
1140 1548 1172 1612 in
1192 1548 1306 1623 tertia,
1328 1567 1364 1613 ac
1393 1548 1530 1632 proinde
1553 1548 1630 1611 uni-

498 1669 602 1717 versae
622 1656 880 1720 numerabuntur
907 1656 1075 1739 sexaginta
1094 1662 1126 1719 et
1144 1663 1297 1738 quatuor.
1322 1656 1405 1721 Nam
1435 1654 1468 1719 in
1488 1654 1629 1737 singulis

499 1757 585 1825 hisce
601 1760 737 1843 figuris,
757 1763 834 1831 sola
845 1771 989 1845 spectata
999 1762 1193 1845 quantitate,
1211 1764 1368 1827 resultant
1384 1771 1525 1846 quatuor
1534 1764 1626 1827 modi

497 1867 645 1932 absolute
661 1869 851 1952 possibiles,
868 1889 944 1935 cum
964 1870 1067 1954 possit
1083 1888 1154 1936 esse
1166 1878 1303 1954 utraque
1318 1871 1485 1953 praemissa
1495 1869 1629 1935 univer-

496 1974 591 2051 salis,
609 1975 658 2041 vel
678 1984 814 2060 utraque
834 1978 1049 2062 particularis,
1072 1979 1122 2043 vel
1142 1977 1244 2060 Major
1259 1978 1450 2043 universalis
1468 1986 1501 2043 et
1516 1976 1628 2042 Minor

497 2083 696 2166 particularis
715 2085 766 2150 vel
785 2103 975 2151 econverso
993 2081 1057 2172 (2).

563 2190 709 2282 Singulae
724 2199 834 2257 autem
860 2192 912 2257 hae
933 2192 1194 2258 combinationes
1214 2190 1354 2258 vicissim
1379 2190 1624 2274 quadrifariam,

495 2306 532 2362 ut
548 2308 652 2381 patet,
670 2298 782 2364 variari
795 2310 950 2383 possunt,
966 2301 1087 2365 ratione
1099 2300 1281 2383 qualitatis,
1294 2308 1457 2382 quatenus
1473 2298 1523 2365 vel
1535 2307 1627 2365 utra-

496 2386 563 2487 que‘
579 2414 631 2469 est
649 2404 858 2484 affirmativa,
881 2409 932 2471 vel
953 2416 1091 2491 utraque
1108 2406 1274 2491 negativa,
1292 2408 1342 2472 vel
1359 2408 1463 2491 Major
1480 2404 1629 2471 affirma·

454 2498 458 2504 ’
495 2511 561 2578 tiva
577 2522 609 2578 et
624 2514 731 2579 Minor
741 2516 904 2600 negativa,
917 2517 969 2580 vel
980 2515 1082 2599 Major
1093 2514 1243 2599 negativa
1254 2524 1286 2580 et
1297 2514 1404 2579 Minor
1413 2512 1624 2579 affirmativa.

311 3503 371 3550 Moti
380 3505 444 3552 utiles

300 3575 457 3622 novemdecim.

493 2620 621 2704 Nempe
637 2620 663 2687 si
678 2621 793 2688 litteris
812 2630 860 2701 Α,
879 2630 924 2700 Ε,
945 2629 962 2689 1
981 2631 1013 2686 et
1032 2628 1061 2690 0
1081 2621 1258 2705 respective
1273 2620 1628 2707 designemus-propo-

494 2728 648 2806 sitiones,
668 2728 886 2796 universalem
908 2728 1154 2807 affirmativam,
1177 2726 1394 2797 universalem
1419 2718 1623 2814 negativam,
1740 2710 1741 2739 i

494 2837 720 2920 particularem
744 2837 973 2905 affirmativam
1002 2847 1036 2904 et
1066 2837 1290 2921 particularem
1321 2835 1527 2922 negativam3
1560 2855 1625 2920 pro

494 2945 632 3030 singulis
656 2946 771 3032 figuris
789 2947 859 3013 istae
883 2947 1047 3013 sexdecim
1067 2947 1325 3012 combinationes
1345 2945 1495 3011 absolute
1519 2945 1626 3029 possi-

493 3051 576 3118 biles
599 3053 774 3121 dabuntur:
801 3063 883 3134 ΛΑ,
909 3061 985 3134 ΑΕ,
1011 3061 1176 3134 A1,Ao;
1198 3060 1272 3132 EE,
1293 3059 1370 3132 ΕΑ,
1392 3059 1454 3132 El,
1476 3059 1621 3133 E0311,

492 3165 557 3238 tn,
578 3162 723 3239 113,10;
744 3167 820 3240 00,
842 3168 920 3240 ΟΑ,
942 3168 1017 3241 ΟΕ,
1039 3167 1097 3229 01.
1118 3161 1202 3246 Ergo
1221 3161 1247 3227 si
1261 3161 1362 3226 latius
1382 3178 1503 3226 nomen
1527 3161 1622 3227 modi

494 3267 668 3351 accipiatur
685 3287 745 3352 pro
764 3286 973 3352 quacumque
993 3267 1135 3352 possibili
1163 3267 1422 3352 propositionum
1447 3267 1624 3352 complica-

493 3373 637 3449 catione,
659 3377 748 3441 modi
766 3376 903 3442 omnino
923 3384 1000 3442 sunt
1019 3387 1161 3460 quatuor
1179 3388 1211 3443 et
1230 3375 1399 3460 sexaginta
1418 3373 1480 3464 (3).

559 3481 591 3547 Si
611 3491 722 3549 autem
742 3485 861 3549 modus
880 3483 1007 3568 proprie
1022 3492 1056 3549 et
1069 3484 1179 3550 stricte
1198 3493 1365 3560 sumatur,
1382 3491 1546 3567 quatenus
1559 3481 1622 3549 de-

493 3588 602 3675 signet
631 3589 726 3657 utiles
757 3591 929 3658 dumtaxat
965 3590 1224 3658 combinationes
1260 3599 1418 3674 aptasque
1452 3591 1492 3656 ad
1529 3600 1621 3657 recte

526 3809 566 3870 (ι)
603 3803 636 3864 S.
661 3803 767 3862 Thom.
792 3803 901 3876 Opusc.
926 3803 961 3861 de
975 3803 1093 3862 Natura
1105 3802 1294 3879 Syllogismi;
1305 3803 1421 3884 ¹Surrrm.
1435 3812 1487 3862 tot.
1503 3803 1617 3878 Logia.

490 3894 601 3965 Arist„
615 3907 701 3953 tract.
715 3895 744 3963 8,
758 3913 821 3966 cap.
839 3913 853 3966 5
869 3913 951 3964 seqq.

525 3990 567 4052 (a)
603 3982 695 4042 Vides
710 3982 757 4041 hic
771 3982 948 4041 mentionem
963 3980 1000 4039 de
1014 3981 1260 4054 propositionibus
1275 3981 1474 4054 singularibus
1491 3995 1521 4041 et
1534 3981 1622 4042 inde-
1735 3989 1736 4010 ³

489 4072 581 4133 linitis
590 4093 651 4132 non
661 4072 723 4131 lieri
737 4071 768 4130 in
777 4071 964 4146 assignandis
977 4071 1067 4130 variis
1082 4070 1350 4144 complicationibus
1362 4071 1562 4144 possibilibus.
1579 4071 1622 4133 Et

487 4162 563 4222 ratio
577 4176 631 4232 est,
641 4162 711 4235 quia
725 4160 884 4236 singularis
893 4161 1021 4233 reputari
1035 4174 1129 4234 potest
1140 4176 1173 4221 ut
1186 4160 1368 4230 universalis,
1382 4161 1533 4221 indefinita
1547 4181 1621 4222 vero
1734 4235 1735 4248 χ

488 4253 533 4311 vel
548 4251 585 4310 ad
597 4251 793 4310 universalem
807 4252 852 4309 vel
866 4251 903 4309 ad
919 4249 1121 4323 particularem
1136 4264 1297 4310 revocatur.

524 4345 565 4414 (3)
602 4342 694 4400 immo
708 4341 734 4400 si
748 4339 944 4400 conclusionis
957 4339 1234 4411 quoque'rationem
1255 4341 1378 4412 habeas,
1401 4341 1541 4413 quoniam
1562 4361 1616 4415 pro

487 4429 613 4504 singulis
627 4430 706 4490 bisce
719 4429 869 4504 sexaginta
884 4443 1011 4503 quatuor
1024 4429 1239 4503 praemissarum
1249 4429 1531 4503 complicationibus,
1542 4451 1615 4503 qua·
1733 4449 1734 4454 ¹

486 4519 656 4594 drupliciter
669 4519 776 4579 variari
789 4533 885 4593 potest
905 4519 1068 4589 conclusio,
1084 4532 1172 4592 prout
1188 4518 1276 4579 luerit
1289 4520 1335 4578 vel
1349 4519 1523 4580 universalis
1536 4519 1617 4580 affir-

488 4611 614 4681 mativa,
628 4610 673 4670 vel
687 4609 860 4669 universalis
872 4610 1024 4683 negativa,
1036 4608 1080 4668 vel
1095 4607 1279 4682 particularia
1288 4608 1478 4682 affirmativa,
1492 4609 1538 4670 vel
1549 4629 1617 4682 par-
1732 4647 1733 4665 r

487 4700 617 4760 ticularia
635 4700 787 4774 negativa,
803 4699 861 4759 dici
870 4711 966 4772 potest
980 4697 1082 4759 modos
1095 4699 1226 4760 absolute
1238 4699 1389 4772 possibiles
1399 4699 1630 4791 esseducentos·

487 4789 702 4868 quinquaginta
716 4801 745 4849 et
763 4807 823 4850 sca.
