3492 5525
209 456 324 519 Aurae.
342 467 401 537 3³¹·
416 450 646 527 OaJecnrouus
660 468 788 515 conant
803 470 956 518 vennere.
973 469 1113 517 arcuna.
1133 464 1188 535 595

103 662 205 720 tacet.
227 655 320 721 Ratio
338 671 434 731 vero,
454 671 513 719 cur
530 669 649 719 sensus
667 653 700 718 in
717 651 864 719 adductis
883 652 1041 737 exemplis
1064 670 1130 718 non
1149 652 1231 717 rete-

105 769 186 827 runt
203 762 329 847 objecta
347 779 424 838 sua,
445 768 497 827 est
509 760 585 844 quia
603 778 726 845 organa
748 758 881 826 illorum
900 778 967 827 non
986 760 1126 843 amplius
1143 759 1231 826 exci-

104 877 220 935 tantur
231 878 271 934 et
289 868 456 953 patiuntur
474 866 723 952 impressionem
744 868 786 932 ab
802 866 939 953 objectis
953 886 995 934 ex
1006 867 1227 948 assuetudine3

104 977 148 1041 ab
164 976 298 1043 asneriis
314 976 397 1041 enim
415 994 478 1040 non
494 975 535 1049 nr
542 974 650 1057 pasto,
671 982 709 1041 ut
728 975 788 1039 lert
805 974 959 1041 effatum.
976 974 1061 1040 Cum
1080 993 1160 1061 ergo
1175 994 1231 1040 ne-
1279 998 1283 1005 ·

104 1082 246 1150 cessaria
260 1082 302 1151 sit
320 1083 360 1149 ad
379 1082 587 1149 sentiendum
608 1082 780 1166 impressio
794 1081 836 1147 ab
849 1081 977 1167 objecto
990 1083 1186 1167 proveniens
1198 1090 1230 1147 et

105 1190 141 1257 in
161 1209 285 1277 organo
303 1200 442 1275 recepta,
468 1191 594 1275 species
613 1190 766 1256 nimirum
786 1189 963 1273 sensibilis;
989 1210 1028 1256 ea
1045 1190 1229 1267 deficiente,

105 1298 201 1365 deest
218 1317 351 1383 quoque
366 1298 519 1364 sensatio.
540 1297 578 1361 Et
603 1296 691 1363 idem
711 1297 761 1363 dic
779 1298 821 1363 de
843 1296 913 1363 aliis
934 1298 1094 1382 exemplis
1120 1299 1153 1364 in
1172 1298 1232 1363 ob-
1278 1296 1284 1309 '

99 1406 247 1493 jectione
264 1405 427 1481 adductis,
444 1404 520 1471 narr'r
540 1407 757 1489 phaenomena
775 1402 871 1471 citat'a
889 1405 963 1472 ideo
986 1413 1053 1472 non
1073 1408 1227 1481 relerunt,

105 1513 185 1599 quia
198 1510 231 1579 in
242 1512 453 1579 communiet
466 1512 721 1586 ordinariostatu
733 1513 856 1579 nullam
870 1513 1013 1579 excitant
1023 1512 1229 1579 immutatio-

107 1620 234 1687 nemin
250 1620 454 1705 organismo,
471 1620 612 1704 ideoque
627 1638 694 1687 non
709 1618 908 1688 sentiuntur.
928 1620 962 1686 Si
979 1639 1056 1701 vero
1075 1639 1142 1686 non
1160 1640 1233 1687 sen·

105 1730 251 1805 tiuntur,
272 1728 379 1794 referri
394 1748 412 1793 a
426 1726 622 1794 conscientia
637 1735 817 1812 nequeunt.
837 1728 1001 1795 Caeterum
1013 1726 1136 1813 pressio
1146 1726 1231 1794 deris

105 1835 1229 1919 sentiturinterdum,etadvertituraconscientia,quandonimirum

106 1944 315 2029 abrumpitur
332 1942 547 2027 aequilibrium
563 1944 646 2010 inter
664 1951 774 2011 aerem
793 1944 1057 2010 circumstantem
1076 1963 1114 2009 ac
1131 1943 1230 2010 liuida

105 2051 192 2117 intra
202 2070 321 2136 corpus
332 2050 518 2119 existentia:
536 2060 569 2116 et
584 2050 730 2118 similiter
744 2051 910 2118 circulatio
922 2050 1090 2137 sanguinis
1102 2061 1134 2117 et
1149 2051 1232 2119 vita·

106 2156 149 2225 lis
168 2160 270 2237 calor,
290 2178 367 2224 cum
387 2158 609 2226 alterationem
629 2158 797 2242 patiuntur
811 2159 845 2224 in
861 2176 925 2226 suo
937 2178 1033 2226 cursu
1053 2158 1228 2226 ordinario.

178 2264 267 2333 Alias
285 2265 483 2354 objectiones
510 2270 695 2343 solvemus,
716 2285 792 2334 cum
818 2266 1007 2335 ldealismus
1034 2268 1094 2334 erit
1116 2268 1234 2334 conlu-

106 2375 241 2441 tandus.

105 2533 126 2624 ς
154 2534 387 2603 ill-Conana
405 2552 623 2603 vemcrrrren
646 2552 862 2603 consciamne
886 2553 1066 2611 seususooe
1090 2552 1231 2605 rnrenur.

161 2710 234 2779 ¹17·
281 2701 390 2780 objic.
414 2696 465 2765 1.⁰
515 2696 575 2763 Cui
595 2715 669 2764 crus
688 2699 739 2763 vel
752 2696 921 2764 brachium
938 2708 1144 2782 amputatum
1167 2704 1229 2776 est,

107 2806 135 2870 is
161 2823 251 2888 saepe
274 2805 421 2870 dolorem
442 2805 474 2870 in
502 2823 594 2871 crure
613 2807 664 2872 vel
685 2805 816 2872 brachio
835 2807 1049 2891 persentiscit.
1078 2806 1179 2890 Atqui
1197 2807 1232 2872 in

107 2914 174 2978 boc
189 2911 356 2978 evidenter
373 2911 542 2996 decipitur.
564 2913 660 2998 Ergo.

178 3026 282 3112 Resp.
306 3019 383 3084 dist.
406 3019 534 3104 Major.;
562 3021 709 3086 dolorem
733 3038 843 3086 revera
867 3021 1070 3106 persentiscit
1087 3019 1120 3086 in
1139 3039 1231 3088 crure

105 3127 162 3194 vel
185 3125 333 3204 brachio,
354 3145 442 3210 neg,
467 3126 639 3194 arbitratur
663 3127 705 3194 ibi
730 3129 964 3213 persentiscere
982 3129 1026 3195 ob
1044 3129 1229 3196 illusionem

105 3232 364 3318 imaginationis,
383 3253 472 3300 conc.

178 3340 278 3407 Dolor
296 3340 383 3407 enirn
404 3341 456 3407 ille
478 3342 617 3408 sentitur
634 3343 667 3409 in
687 3343 892 3412 extremitate
911 3361 1107 3418 nervorum,
1123 3343 1179 3427 qui
1198 3341 1231 3410 in

104 3467 186 3516 crus
205 3451 255 3514 vel
274 3448 443 3516 brachium
463 3451 752 3534 protendebantur.
774 3451 867 3517 «Sed
889 3449 1080 3536 imaginatio
1101 3452 1233 3536 supplet

104 3567 235 3643 partem
246 3564 468 3642 amputatam,
484 3565 517 3622 et
530 3556 680 3625 infirmus
694 3563 827 3643 propter
841 3558 995 3644 praeviam
1006 3558 1231 3625 habitudinem

104 3674 142 3731 et
160 3664 338 3730 novitatem
349 3672 466 3740 status,
479 3665 511 3730 in
524 3683 591 3747 quo
604 3675 762 3744 versatur,
775 3666 817 3732 ad
826 3684 999 3733 erroneum
1006 3664 1234 3753 judiciumad·

105 3769 253 3839 ducitur.
267 3772 366 3856 ldque
382 3791 421 3838 eo
435 3773 558 3838 facilius
568 3772 754 3850 intervenit,
767 3775 857 3858 quod
871 3792 989 3841 sensus
1003 3773 1124 3840 doloris
1135 3775 1233 3841 inter·

107 3880 144 3945 ni
165 3897 221 3963 per
238 3898 273 3946 se
288 3879 381 3945 valde
396 3881 552 3946 confusus
566 3889 628 3958 est,
645 3890 677 3947 et
693 3900 759 3948 non
773 3881 858 3948 bene
872 3882 1110 3950 determinatus
1124 3883 1234 3967 quoad

103 3987 229 4056 limites
239 3987 311 4063 loci,
324 3988 444 4071 quibus
457 3987 1010 4078 adstringitur»(1).Quaecumque
1023 3981 1123 4076 igitur
1136 3990 1234 4058 dece-

105 4095 181 4181 ptio
195 4096 227 4161 in
242 4093 370 4180 objecto
380 4113 458 4163 casu
473 4097 620 4174 eveniat,
637 4098 678 4164 ad
692 4099 925 4165 conscientiam
942 4098 1077 4165 minime
1091 4106 1231 4183 spectat.

156 4207 265 4285 objic.
280 4202 333 4269 2.⁰
380 4203 539 4270 Amentes
551 4223 587 4270 ac
602 4205 804 4273 somniantes
819 4207 927 4272 nultas
941 4207 1236 4292 experiuntursen·

107 4310 275 4387 sationes,
284 4327 367 4393 quas
378 4329 445 4377 non
460 4312 593 4378 babent.
607 4311 764 4384 Praeterea
773 4313 910 4380 credunt
925 4331 961 4381 se
971 4332 1055 4391 esse,
1066 4315 1157 4398 quod
1167 4333 1234 4380 non

107 4427 203 4495 sunt,
219 4426 252 4483 et
264 4436 359 4503 agere
369 4437 406 4484 ac
419 4417 499 4504 pati,
511 4438 586 4504 quae
602 4439 669 4510 non
684 4430 787 4508 agunt
798 4440 858 4488 nec
872 4422 1050 4508 patiuntur.
1060 4421 1157 4508 Ergo.

143 4675 187 4736 (r)
223 4666 408 4818 Lgberaltlrire,
422 4669 520 4730 instit.
536 4669 664 4742 Pteros,
677 4669 784 4747 Logia.
801 4671 875 4732 Pare
893 4672 996 4744 altera,
1007 4691 1070 4747 cap.
1090 4691 1118 4745 a,
1133 4687 1189 4734 art.
1207 4693 1236 4741 2,

109 4783 141 4822 n.
159 4777 240 4834 49‚0
260 4779 307 4832 rte.
366 4803 372 4816 .
768 4773 776 4788 ⁸
