3492 5525
556 462 631 527 1034
673 445 795 509 Locren
813 444 1043 519 Maron-Lm.
1062 444 1385 535 a.¹¹⁸D1st›.A4.⁸Cat³.
1404 460 1473 521 qum

510 627 684 710 seperiora,
705 647 747 694 ex
764 646 830 710 qua
847 627 1029 695 necessario
1051 636 1162 693 sumat
1183 624 1355 711 principia,
1376 626 1580 702 itascilicet,
1603 636 1640 691 ut

512 736 542 801 id
561 736 603 803 sit
622 737 841 803 necessarium
860 734 921 820 ipsi
940 734 1081 801 scientiae
1100 736 1284 801 secundum
1300 754 1353 810 se,
1372 734 1503 801 tametsi
1521 746 1637 819 posset

436 906 443 918 ,
511 842 544 907 id
571 842 704 926 quidem
736 843 955 909 necessarium
985 860 1056 908 esse
1086 842 1274 909 hominibus
1298 842 1392 927 ipsis,
1423 844 1464 908 ad
1491 861 1641 926 quorum⁴

511 950 779 1016 commoditatem
799 950 967 1017 reserenda
985 959 1035 1016 est
1054 970 1090 1015 ea
1110 950 1277 1015 scientia.»

580 1059 670 1138 «lam
690 1076 768 1124 vero
786 1058 963 1143 Theologia
982 1056 1111 1123 nonnisi
1135 1057 1197 1123 hoc
1216 1056 1384 1143 posteriori
1405 1058 1507 1123 modo
1530 1059 1635 1124 sumit

426 1178 430 1186 ’
511 1166 709 1250 quandoque
729 1166 882 1250 principia
902 1165 1052 1249 quaedam
1079 1184 1121 1231 ex
1144 1164 1213 1231 aliis
1232 1166 1385 1231 scientiis.
1406 1168 1490 1231 Nam
1520 1168 1639 1250 princi-

511 1274 579 1357 pia,
610 1273 731 1357 quibus
762 1273 943 1338 necessario
967 1274 1036 1356 ipsa
1063 1274 1244 1339 secundum
1272 1292 1316 1338 se.
1332 1273 1471 1358 indiget,
1499 1282 1633 1339 tantum

511 1393 588 1449 sunt
607 1381 845 1465 propositiones
866 1380 968 1455 Fidei,
989 1390 1022 1445 et
1041 1381 1271 1464 multoplures
1290 1381 1519 1447 conclusiones
1539 1382 1636 1447 infert

511 1508 552 1554 ex
569 1488 648 1554 solis
667 1488 752 1553 Fidei
772 1487 1047 1571 propositionibus
1067 1488 1350 1572 argumentando,
1372 1506 1473 1571 quarn
1494 1508 1537 1555 ex
1560 1509 1636 1573 pro-

512 1595 727 1680 positionibus
757 1594 953 1659 naturalium
991 1594 1212 1661 scientiarum.
1252 1594 1384 1660 Accedit
1421 1596 1483 1661 huc
1519 1598 1632 1672 eliam,

511 1705 600 1789 quod
632 1722 708 1769 cum
739 1702 863 1785 aliquas
891 1702 1119 1767 conclusiones
1151 1700 1248 1766 insert
1280 1722 1320 1768 ex
1354 1703 1634 1787 propositionibus

512 1811 645 1877 aliarum
666 1811 893 1886 scientiarum,
911 1818 1037 1875 netum
1057 1808 1189 1892 quidem
1210 1830 1250 1875 ex
1271 1809 1333 1876 illis
1351 1812 1429 1875 solis
1448 1830 1503 1877 eas
1523 1814 1632 1888 insert,

511 1921 569 1986 sed
589 1917 731 1984 maxime
755 1935 793 1993 ex
817 1918 978 2002 adjunctis
1002 1916 1087 1981 Fidei
1111 1917 1408 2001 propositionibus
1430 1936 1513 2001 quas
1534 1920 1634 1985 simul

510 2029 543 2094 in
562 2026 822 2113 argumentando
841 2024 955 2091 sumit.
976 2024 1084 2101 Qiare
1105 2042 1211 2109 neque
1235 2025 1364 2090 inferior
1382 2034 1432 2091 est
1455 2028 1636 2112 Theologia

510 2135 580 2201 aliis
595 2134 753 2208 scientiis,
771 2152 878 2216 neque
893 2132 954 2198 illis
968 2132 1156 2216 simpliciter
1170 2128 1351 2199 secundum
1366 2134 1557 2220 scindiget,
1574 2138 1636 2201 sed

512 2243 613 2309 utitur
637 2242 699 2306 illis
724 2252 894 2323 tamquam
922 2239 1077 2305 ministris
1101 2241 1142 2305 ad
1165 2240 1394 2306 illustrandum
1423 2260 1523 2307 suum
1544 2244 1638 2327 obje-

510 2360 615 2417 ctum.
635 2347 795 2423 Quamvis
824 2350 885 2413 hoc
908 2348 1017 2431 ipsum
1047 2356 1096 2412 est
1125 2347 1288 2413 interdum
1317 2347 1469 2415 fidelibus
1497 2351 1636 2433 quidem

510 2458 541 2523 in
561 2456 698 2523 Ecclesia
731 2454 962 2556 necessarium,
1002 2463 1038 2519 ut
1076 2456 1204 2521 refutari
1239 2454 1364 2539 possint
1402 2456 1634 2524 haereticorum

384 2640 393 2651 ,
509 2583 674 2631 errores.»

576 2673 713 2755 «Atque
731 2670 828 2737 simili
848 2671 969 2735 ratione
988 2678 1096 2753 potest
1116 2688 1249 2753 quoque
1264 2672 1407 2754 probari,
1426 2690 1532 2755 neque
1552 2674 1635 2738 alias

509 2782 659 2848 scientias
679 2781 805 2865 proprie
824 2779 937 2864 subjici
956 2778 1024 2844 sive
1043 2777 1254 2845 subalternari
1284 2778 1437 2864 Theogiae
1456 2790 1634 2863 tamquam

508 2889 651 2956 scientiae
671 2886 839 2971 superiori.
860 2887 945 2953 Nam
960 2886 1020 2952 etsi
1039 2887 1190 2968 quaedam
1208 2886 1362 2970 principia
1377 2887 1511 2952 aliarum
1526 2888 1636 2954 scien-

462 3005 468 3018 “
507 3001 626 3064 tiarum
646 3015 703 3080 per
718 2996 862 3060 medium
883 2992 1123 3077 theologicum,
1141 2992 1260 3060 scilicet
1274 3013 1330 3077 per
1344 2993 1488 3059 divinam
1504 2998 1635 3060 revela-

508 3106 631 3175 tionem
651 3103 835 3170 confrrmari
855 3101 999 3186 possint,
1022 3117 1086 3164 non
1107 3101 1217 3166 omnia
1231 3109 1339 3165 tamen
1357 3115 1511 3185 possunt:
1529 3115 1561 3170 et
1579 3105 1636 3168 illa

509 3215 578 3299 ipsa
593 3232 667 3297 quae
683 3220 837 3294 possunt,
857 3226 1063 3291 nequaquam
1084 3208 1231 3292 indigent
1252 3210 1440 3291 hujusmodi
1465 3210 1636 3294 probatio-

510 3342 567 3398 ne,
588 3322 646 3387 sed
665 3320 742 3385 satis
761 3326 811 3384 est
830 3317 899 3382 aliis
919 3316 1079 3392 scientiiS,
1097 3327 1133 3383 ut
1150 3315 1293 3399 ipsarum
1310 3317 1462 3401 principia
1484 3317 1634 3384 nitantur

510 3430 633 3495 lumine
653 3421 843 3512 naturalis(
869 3422 893 3510 ).

554 3541 662 3618 objic.
694 3523 762 3616 4⁶·
796 3533 841 3597 Ex
872 3539 984 3596 nostra
1007 3528 1210 3613 probatione,
1237 3529 1413 3616 Theologia
1438 3532 1510 3598 ideo
1539 3541 1636 3599 tenet

511 3642 687 3728 primatum
712 3657 809 3724 supra
828 3637 979 3704 scientias
1007 3639 1182 3713 humanas,
1203 3637 1280 3720 quia
1304 3649 1353 3704 est
1376 3639 1492 3708 certior
1509 3640 1572 3706 illis
1596 3663 1637 3708 ac

510 3753 550 3817 de
566 3748 714 3816 nobiliori
733 3749 872 3833 objecto
895 3745 993 3827 Atqui
1015 3755 1191 3829 utrumque
1210 3745 1338 3812 videtur
1350 3747 1480 3812 salsum.

576 3857 720 3924 Primum
740 3852 891 3937 quidem,
917 3852 992 3934 quia
1020 3851 1088 3916 aliae
1107 3851 1264 3928 scientiae,
1286 3853 1402 3918 saltem
1433 3845 1565 3937 aliqu'ae,
1590 3857 1640 3923 ita

510 3977 588 4034 sunt
606 3975 718 4040 certae,
738 3971 776 4028 ut
794 3961 917 4025 nullam
935 3959 1097 4043 patiantur
1114 3959 1339 4036 formidinem,
1360 3961 1537 4046 Theologia
1553 3983 1640 4030 vero

511 4093 577 4141 non
596 4073 639 4137 ita
658 4079 708 4136 est
730 4078 834 4144 certa,
860 4066 938 4150 quin
970 4073 1110 4148 nequeat
1129 4067 1244 4149 aliquis
1273 4068 1460 4143 formidare,
1488 4089 1528 4134 ne
1548 4073 1640 4138 torte

511 4181 576 4247 sint
589 4179 658 4245 salsi
669 4175 842 4261 theologici
857 4191 1022 4241 assensus.
1039 4173 1122 4258 Ergo
1137 4173 1206 4238 aliae
1219 4171 1360 4240 scientiae
1372 4177 1522 4243 certiores
1538 4191 1637 4247 sunt.

512 4288 660 4353 Alterum
681 4303 813 4369 quoque
841 4285 959 4348 falsum
984 4289 1050 4357 est,
1081 4280 1215 4364 quiade
1242 4282 1358 4347 eodem
1387 4283 1459 4367 ipso
1483 4287 1636 4372 objecto,

513 4415 631 4480 nempe
647 4394 732 4469 De0,
752 4393 819 4478 agit
837 4389 1014 4475 Theologia
1033 4387 1225 4454 scholastica
1243 4398 1276 4454 et
1295 4388 1527 4479 Metaphysica.

512 4623 764 4638 ffl-

547 4739 587 4800 (ι)
624 4728 773 4801 valentia,
792 4698 846 4790 100ss
861 4727 911 4786 en.
