3492 5525
528 442 589 507 boo
648 441 772 510 Locren
786 438 1018 520 Milon-Lm.
1036 457 1107 523 ψ,
1124 438 1211 508 Drsa.
1232 457 1277 508 r.⁸
1290 440 1370 508 Car.
1389 457 1459 508 ram
1736 455 1738 524 l

275 696 405 745 contutatur
421 708 476 740 eon·
539 699 575 766 15
580 699 613 767 3.
662 680 920 751 Pnoaostrtoa.⁸
936 686 1213 751 Nominalismus
1228 696 1441 766 temperatus
1456 704 1521 749 seu
1535 703 1622 749 oon·
1736 684 1738 734 ἓ

294 767 453 825 “Ρ““““’““’
488 794 734 873 ceptualismus
753 813 823 858 non
842 796 971 858 minori
983 796 1114 857 laborat
1130 794 1355 862 absurditate.

554 951 720 1017 Nonnulla
738 968 779 1017 ex
797 951 852 1027 iis,
874 970 950 1035 quae
967 958 1081 1017 contra
1105 948 1373 1015 nominalismum
1394 950 1563 1026 ursimus,
1585 948 1623 1015 in

489 1057 573 1124 hanc
591 1056 689 1123 etiam
716 1058 973 1143 propositionem
998 1056 1235 1124 accommodari
1260 1065 1409 1141 possent.
1434 1056 1502 1123 Sed
1530 1074 1623 1121 nova

489 1166 677 1231 afferamus.

534 1276 634 1340 Proh.
660 1272 711 1339 r.⁰
758 1272 788 1337 Si
810 1273 930 1339 dantur
956 1282 1135 1358 conceptus
1161 1273 1377 1348 universales,
1402 1272 1624 1339 admittenda

489 1397 623 1463 quoque
642 1388 721 1446 sunt
739 1399 790 1447 res
809 1381 1058 1464 quodammodo
1072 1380 1288 1460 universales,
1306 1399 1381 1464 quae
1399 1379 1623 1464 conceptibus

490 1486 551 1553 illis
570 1487 823 1555 fundamentum
844 1488 1022 1572 prebeant.
1044 1488 1144 1571 Atqui
1158 1487 1332 1554 adversarii
1346 1488 1528 1554 admittunt
1545 1489 1626 1553 uni·

491 1596 631 1660 versales
650 1605 842 1678 conceptus.
855 1596 990 1679 Ergo...

556 1706 668 1785 Major
695 1700 950 1768 demonstratur.
980 1704 1103 1768 Ponere
1130 1709 1310 1786 conceptus
1339 1702 1543 1769 universales
1569 1713 1624 1769 est

490 1826 612 1893 ponere
646 1808 801 1874 naturalia
833 1809 927 1893 signa
954 1817 988 1873 et
1017 1808 1177 1894 imagines
1208 1810 1351 1894 plurium
1379 1828 1504 1877 rerum.
1532 1811 1624 1888 Quis

490 1926 600 1983 autem
620 1935 686 1982 non
707 1917 814 1983 videat
834 1935 1016 2003 repugnare
1041 1935 1140 1984 unam
1166 1918 1315 1983 eamdem
1343 1918 1522 2003 imaginem
1545 1921 1625 2003 plu-

391 2015 393 2025 ’
491 2026 593 2099 rium,
614 2023 641 2089 si
662 2022 738 2090 nihil
754 2025 797 2090 sit
815 2024 848 2090 in
869 2024 931 2091 illis
944 2026 1178 2092 convenientiae
1192 2024 1542 2117 communitatisquei

535 2137 637 2200 Prob.
659 2130 712 2199 a.⁰
759 2130 842 2197 Cum
871 2130 913 2195 de
935 2132 1045 2207 Petro,
1065 2134 1182 2209 Paulo,
1203 2132 1438 2200 francisco...
1458 2132 1620 2217 praedico,

491 2240 580 2325 quod
608 2240 673 2305 sint
699 2240 803 2315 imno,
836 2238 958 2322 aliquid
985 2256 1090 2305 unum
1119 2240 1159 2305 de
1187 2238 1325 2324 singulis
1344 2240 1504 2324 predico,
1526 2244 1625 2324 quod

491 2346 627 2432 proinde
645 2346 677 2413 in
695 2346 757 2412 illis
777 2346 884 2413 inesse
904 2366 960 2430 per
979 2347 1183 2415 identitatem
1203 2347 1312 2415 debet.
1330 2346 1393 2412 Sed
1412 2366 1479 2413 non
1500 2350 1626 2432 praedi-

490 2474 529 2521 co
553 2454 621 2521 sive
640 2472 757 2522 vocem
785 2455 908 2529 solam,
939 2454 1008 2520 sive
1035 2454 1133 2522 etiam
1160 2455 1268 2538 ipsum
1295 2456 1467 2520 formalem
1495 2458 1626 2523 mentis

490 2571 700 2647 conceptum.
728 2562 811 2648 Ergo
830 2581 917 2639 rem,
943 2562 1082 2645 ideoque
1101 2564 1214 2648 negari
1237 2549 1307 2629 non'
1331 2572 1472 2646 possunt
1492 2573 1625 2631 naturae

491 2670 703 2737 universales.
1736 2657 1738 2660 ⁵

516 2785 637 2846 ‘Prota
659 2787 709 2848 3.⁰
754 2779 825 2844 Una
851 2778 1032 2860 eademque
1061 2777 1250 2843 definitione
1277 2777 1479 2845 definiuntur
1499 2779 1624 2846 indivi-

491 2888 555 2952 dua
576 2887 687 2952 omnia
713 2885 857 2971 cujusvis
878 2885 995 2969 speciei
1018 2905 1055 2950 ac
1076 2887 1218 2970 generis.
1245 2885 1345 2968 Atqui
1371 2885 1520 2953 definitio
1548 2907 1622 2954 rem
1736 2972 1738 2976 .

490 2995 612 3078 ipsam,
634 3006 700 3059 non
719 3011 818 3059 voces
844 3001 902 3058 aut
922 2992 1121 3078 subjectivos
1143 3003 1336 3078 conceptus,
1357 2994 1512 3061 declarat.
1534 2995 1622 3081 Ergo

490 3109 620 3187 oportet
644 3103 676 3167 in
704 3101 800 3166 rebus
828 3101 907 3184 ipsis
933 3099 1054 3183 aliquid
1082 3119 1278 3186 agnoscere,
1306 3101 1397 3186 quod
1429 3101 1473 3168 sit
1505 3101 1622 3187 aliquo

491 3209 591 3275 modo
615 3226 809 3284 commune,
830 3207 921 3291 quod
947 3206 989 3274 sit
1008 3208 1262 3274 fundamentum
1284 3209 1474 3276 communis
1498 3229 1622 3277 conce·

489 3326 566 3401 ptus
589 3330 633 3382 ac*
648 3315 857 3382 definitionis.
876 3315 978 3381 Secus
999 3316 1087 3381 enirn
1113 3315 1179 3382 veri
1199 3335 1272 3382 esse
1296 3335 1362 3382 non
1379 3333 1538 3402 possent,
1560 3322 1620 3385 sed

488 3442 622 3508 prorsus
641 3423 743 3490 fictitii
762 3443 798 3489 ac
815 3423 884 3488 falsi
904 3423 1064 3503 ejusmodi
1079 3432 1258 3507 conceptus
1277 3431 1309 3488 et
1323 3423 1548 3491 definitiones.

439 3573 445 3584 -
533 3537 635 3598 Prob.
656 3538 707 3614 4.⁰
750 3533 818 3597 Nos
829 3548 1041 3597 numeramus
1054 3531 1465 3615 individua,inquecertas
1478 3533 1618 3611 classes,

489 3638 613 3722 species
637 3647 694 3703 aut
717 3657 836 3722 genera
855 3638 1047 3723 redigimus.
1070 3639 1193 3703 Verum
1217 3638 1250 3703 id
1273 3637 1343 3704 steri
1367 3639 1427 3705 rite
1451 3641 1618 3724 nequiret,

490 3746 550 3812 nisi
565 3755 652 3812 esset
669 3745 809 3828 aliquid,
827 3745 859 3810 in
874 3764 942 3829 quo
962 3764 1012 3812 res
1027 3753 1225 3822 numeratae,
1242 3754 1342 3829 atque
1358 3746 1392 3812 in
1411 3749 1535 3814 classes
1547 3749 1621 3816 illas

450 3893 452 3898 ,
490 3853 639 3930 redactae,
655 3853 857 3919 conveniret.
879 3852 1005 3936 Ergo...

556 3967 669 4044 Major
687 3961 719 4026 in
734 3961 885 4026 confesso
899 3967 962 4036 est,
980 3978 1047 4025 non
1063 3959 1150 4043 apud
1165 3961 1285 4045 vulgus
1298 3961 1429 4036 solum,
1444 3962 1620 4030 sedetiam
1736 3994 1737 3999 ’

489 4069 576 4152 apud
595 4069 830 4152 Philosophos,
851 4067 908 4150 qui
927 4075 994 4132 tam
1014 4066 1150 4132 sollicite
1180 4085 1231 4133 res
1249 4085 1367 4133 omnes
1386 4068 1541 4134 ordinant
1570 4091 1624 4136 se·

488 4177 634 4242 cundum
655 4177 983 4260 praedicamentorum
1002 4175 1043 4240 ad
1061 4173 1315 4259 praedicabilium
1336 4175 1541 4243 varietatem.

556 4290 672 4351 Minor
690 4295 800 4349 autem
821 4283 989 4367 probatur.
1010 4281 1131 4348 Omnis
1154 4281 1242 4347 enirn
1262 4283 1447 4348 numeratio
1465 4285 1623 4352 similitu·

488 4389 599 4456 dinem
627 4403 723 4474 atque
742 4391 938 4476 objectIvam
964 4388 1228 4455 convenientiam
1256 4390 1441 4456 necessario
1458 4391 1621 4464 vindicat.

488 4499 603 4582 Neque
622 4499 709 4563 enirn
731 4515 947 4564 numeramus
967 4496 1026 4562 nisi
1048 4515 1111 4574 res,
1133 4514 1207 4580 quae
1227 4496 1351 4565 similes
1369 4511 1449 4567 sunt
1467 4499 1554 4566 inter
1570 4521 1621 4571 se.

487 4605 587 4681 Quod
606 4605 633 4672 si
653 4605 833 4674 similitudo
861 4614 894 4671 et
917 4605 997 4672 ratio
1016 4605 1108 4702 plura
1131 4604 1360 4672 innumerum
1390 4608 1561 4693 redigendi
1579 4631 1624 4678 ex
1736 4590 1738 4593 ⁵

489 4722 598 4782 nostra
621 4715 793 4784 dumtaxat
815 4714 1072 4785 consideratione
1098 4711 1279 4796 dependet,
1300 4732 1381 4802 gcur
1400 4734 1488 4782 unus
1515 4717 1624 4785 homo
