3492 5525
555 345 640 431 ”rodo
752 362 878 430 motet
899 360 1125 439 Maron-Lus.
1150 364 1335 445 2.¹¹·,D1su.
1362 378 1405 451 5.·

587 550 716 615 Maneat
737 568 816 635 ergo
835 550 909 615 ‹hoc
937 547 1130 634 principium
1150 548 1301 617 firmum:
1322 548 1488 634 Qcidquid
1508 548 1542 612 in
1569 546 1631 613 idea

429 724 433 733 ,
519 660 606 723 claro
623 662 657 723 rt
668 656 817 725 distincta
834 656 884 722 rei
900 656 1091 732 continetur,
1106 676 1214 723 uerum
1227 661 1288 735 est,
1308 676 1354 721 ac·
1366 660 1524 740 tamquam
1536 655 1632 720 cerlis-

519 765 633 830 sirmtm
646 766 822 830 unomen.
938 834 940 839 ,

586 872 666 937 Ecce
685 872 879 937 methodum
900 891 917 935 a
939 872 1083 938 Cartesio
1110 870 1308 956 propositam
1331 871 1371 938 ad
1394 870 1543 937 scientias
1565 888 1632 935 cum

520 980 712 1046 certitudine
730 1000 768 1075 ac
785 978 855 1045 sine
880 997 986 1044 errore
1003 998 1041 1044 ac
1068 979 1259 1064 praejudiciis
1277 977 1524 1063 comparandas,
1550 979 1634 1061 cujus

521 1090 588 1154 haec
603 1095 652 1153 est
672 1085 820 1153 summa:
847 1085 883 1174 α)
902 1086 1118 1152 dubitandum
1142 1088 1183 1153 de
1207 1088 1363 1153 omnibus
1385 1088 1488 1151 semel
1514 1087 1547 1151 in
1562 1086 1632 1159 vita,

519 1195 571 1261 vel
595 1195 820 1281 supponendae
835 1196 922 1260 talsae
937 1213 1054 1261 omnes
1073 1214 1206 1278 prorsus
1224 1194 1441 1279 cognitiones,
1462 1195 1503 1258 de
1524 1192 1636 1278 quibus

520 1303 654 1367 omnino
670 1302 806 1368 dubitari
820 1310 945 1386 potest:
963 1300 998 1389 β)
1015 1320 1118 1367 unum
1138 1311 1249 1367 tamen
1270 1303 1418 1367 absolute
1432 1300 1636 1366 indubitabile

519 1409 646 1484 existit,
682 1408 837 1494 cogitatio
865 1421 897 1473 et
933 1409 1102 1475 existentia
1132 1409 1276 1494 propria,
1310 1427 1409 1492 quarn
1446 1408 1637 1475 conscientia

518 1516 763 1583 ineluctabiliter
792 1525 952 1614 testatur:
983 1513 1024 1607 γ)
1054 1517 1135 1582 ratio
1167 1514 1386 1582 indubitabilis
1421 1515 1637 1587 certitudinis

489 1642 593 1706 ‚quae
627 1624 719 1689 adest
755 1624 787 1689 in
810 1625 873 1689 hoc
904 1622 1109 1698 testimonio,
1142 1633 1192 1688 est
1216 1625 1300 1689 clara
1329 1632 1362 1688 et
1393 1623 1545 1689 distincta
1575 1641 1641 1704 per-

518 1726 689 1814 septimi)
708 1731 868 1814 quidquid
887 1732 970 1795 clare
989 1751 1024 1796 ac
1043 1731 1193 1795 distincte
1214 1729 1398 1815 percipitur,
1421 1749 1539 1796 verum
1560 1748 1638 1801 esse,

518 1837 729 1903 indubitabile
750 1839 844 1921 plane
860 1846 911 1902 est
933 1838 1102 1922 supposita
1127 1838 1298 1903 existentia
1317 1848 1349 1903 et
1373 1839 1548 1903 veracitate
1573 1836 1638 1899 Dei.

517 1946 592 2022 Quo
611 1944 737 2011 criterio
756 1947 900 2029 suppetit
912 1948 979 2031 jam
1002 1944 1095 2011 nobis
1111 1944 1161 2009 via
1178 1963 1292 2010 verum
1309 1966 1327 2009 a
1342 1947 1424 2011 lalso
1437 1944 1637 2011 secernendi.

517 2266 755 2355 introductione
780 2264 842 2355 (r);
863 2268 914 2331 alii
935 2268 1039 2334 fusius
1058 2267 1157 2333 videri
1178 2280 1317 2351 possunt
1337 2268 1422 2352 apud
1442 2268 1636 2351 Caletanum

517 2374 733 2440 Sanseverino
747 2370 810 2461 (2).
824 2375 898 2440 Non
915 2375 1088 2440 defuerunt
1103 2386 1214 2440 tamen
1230 2376 1298 2451 alil,
1316 2376 1384 2440 sive
1400 2376 1485 2440 inter
1499 2373 1642 2457 aequales

516 2482 584 2546 sive
603 2483 686 2547 inter
711 2490 876 2566 posteros,
905 2482 961 2565 qui
991 2481 1171 2547 Cartesium
1202 2501 1267 2547 non
1290 2484 1396 2548 solum
1416 2484 1457 2546 ab
1486 2480 1641 2546 omnibus

515 2589 921 2671 adversariorumobjectis
938 2602 1124 2666 tuerentur,
1140 2608 1252 2654 verum
1270 2590 1367 2654 etiam
1383 2588 1523 2654 summis
1539 2588 1641 2651 extol-

515 2698 617 2763 lerent
637 2697 788 2764 laudibus
802 2695 867 2783 (3).
883 2696 985 2762 Nobis
1000 2704 1108 2763 autem
1124 2694 1204 2780 quid
1218 2697 1393 2762 dicendum
1414 2696 1455 2764 sit
1468 2696 1509 2760 de
1531 2694 1642 2759 (arte-

514 2805 604 2890 siana
619 2805 794 2881 methodo,
815 2814 959 2888 exponet
977 2823 1119 2888 sequens

359 2981 435 3026 Crisia·
581 2967 786 3032 Phorosmo.
815 2971 1010 3032 Methodica
1035 2969 1215 3042 dubitatio,
1236 2981 1338 3049 prout
1360 2989 1380 3031 a
1403 2969 1558 3032 Cartesio
1583 2968 1634 3026 in-

513 3080 668 3140 stituitur
686 3087 862 3155 tamquam
882 3077 939 3138 via
957 3077 999 3138 ad
1018 3077 1287 3154 philosophicam
1311 3077 1347 3139 in
1366 3077 1520 3138 scientiis
1539 3077 1638 3135 certi-

510 3184 666 3247 tudinem
685 3185 969 3261 comparandam,
991 3185 1110 3245 multis
1128 3182 1299 3262 capitibus¹
1313 3182 1463 3245 absurda
1480 3193 1546 3244 est.

333 3356 456 3403 neruum
556 3339 738 3406 Prob.1.⁰
784 3341 868 3404 Nom
888 3325 1050 3405 Cartesius
1071 3340 1121 3403 vel
1144 3339 1297 3423 proponit
1324 3355 1434 3403 veram
1454 3346 1486 3401 et
1515 3337 1635 3400 realem
1718 3377 1719 3380 κ

304 3428 482 3546 Qffflffiffl
509 3446 761 3521 dubitationem,
784 3447 834 3510 vel
854 3448 958 3511 solam
978 3446 1087 3511 fictum
1112 3456 1143 3511 et
1168 3447 1426 3530 hypotheticam.
1459 3444 1492 3510 sl
1520 3462 1632 3507 veram

341 3572 450 3625 captiuus
509 3565 541 3620 et
556 3553 692 3628 realem,
710 3571 793 3636 opus
808 3553 994 3638 aggreditur
1009 3555 1103 3636 plane
1117 3552 1331 3636 impossibile.
1348 3553 1433 3618 Nam
1452 3561 1530 3616 sunt
1553 3551 1640 3614 mul-

330 3644 458 3759 offis!
508 3670 553 3736 ta,
574 3661 855 3743 quemadmodum
871 3661 940 3745 jam
961 3659 1080 3743 saepius
1100 3660 1285 3724 notavimus
1300 3657 1363 3745 (4),
1380 3677 1417 3723 ac
1439 3657 1636 3723 nominatim

508 3767 613 3850 prima
632 3767 840 3832 scientiarum
862 3766 1032 3850 principia,
1054 3787 1143 3850 quae,
1165 3766 1334 3832 intellectis
1352 3765 1520 3841 terminis,
1542 3785 1560 3828 a
1581 3783 1640 3828 ne-

510 3875 598 3939 mine
616 3875 650 3939 in
669 3874 806 3940 dublum
827 3875 969 3940 revocari
990 3887 1143 3959 possunt,
1165 3875 1237 3940 licet
1256 3891 1311 3938 ore
1331 3867 1488 3958 perfracte
1513 3891 1640 3956 negen-

507 3990 572 4055 tur.
594 3980 628 4047 Si
648 3991 758 4047 autern
777 3981 887 4048 ltctam
908 3982 1078 4047 dumtaxat
1097 3992 1129 4047 et
1149 3981 1407 4066 hypotheticam,
1431 3997 1495 4044 non
1526 3978 1639 4044 minus

542 4195 552 4255 i
559 4203 583 4260 ι)
619 4196 710 4252 Num.
729 4196 775 4266 98.

455 4284 457 4292 ’
541 4290 582 4351 (a)
618 4286 707 4359 Lug,
721 4297 797 4355 part.
810 4303 836 4350 a,
853 4303 915 4352 cap.
935 4301 960 4348 a,
978 4295 1033 4339 art.
1053 4305 1080 4351 3.

541 4378 581 4445 (3)
618 4373 693 4430 Vide
708 4371 915 4440 Sanseverino,
936 4372 988 4429 loc.
1005 4371 1052 4429 cit.
1071 4371 1466 4443 Clr.supr.,1nrr0rtucrt0n.
1491 4371 1523 4428 in
1544 4370 1641 4432 Unio.

505 4463 609 4523 Pbe'los
619 4505 637 4531 .‚
655 4483 736 4520 num.
751 4463 796 4534 98.

540 4555 595 4623 (4).
619 4550 694 4609 Vide
717 4552 806 4622 supra
830 4571 859 4607 n.
879 4567 925 4622 49,
942 4550 992 4608 ubi
1012 4549 1048 4607 de
1073 4549 1272 4622 Sceptieiemo,
1291 4564 1319 4610 et
1335 4569 1418 4608 num.
1436 4571 1506 4624 197,
1523 4551 1572 4609 ubi
1604 4552 1642 4608 dc

505 4633 655 4718 principiis
671 4661 707 4698 ac
723 4639 973 4712 propositionibus
987 4661 1038 4712 per
1054 4659 1084 4698 se
1099 4641 1185 4700 notis.
