3492 5525
305 500 421 563 Aarrc.
448 514 505 579 ψ·
527 499 783 565 Paornrarnres
804 516 1038 565 canrrruurrus
1131 511 1190 581 495

175 683 241 750 Sed
260 686 328 749 hec
345 684 506 751 delibasse
524 684 602 751 satis
616 699 779 769 superque
799 685 894 752 nobis
909 694 971 762 est,
991 686 1033 750 ad
1045 682 1231 767 Theologos
1265 656 1270 667 ¹

107 793 198 858 enim
218 800 378 877 spectant.

157 956 210 1037 58.
258 952 517 1020 PtovoslT102.¹
547 958 722 1023 certitudo
739 916 858 1037 nequit
876 927 1044 1021 resultare
1066 975 1108 1020 ex
1133 975 1232 1020 mera

106 1065 386 1143 probabilitatum
400 1083 539 1127 summa
561 1068 619 1127 vel
631 1061 916 1128 accumulatione.

177 1228 279 1288 Nota.
304 1216 482 1304 Propositio
502 1222 570 1287 baec
589 1229 640 1286 est
666 1231 778 1287 contra
805 1220 1018 1287 Genuensem
1045 1217 1109 1308 (ι),
1139 1221 1232 1286 aiios·
1261 1244 1426 1292 &assarones

108 1346 175 1411 que
192 1324 246 1413 (2)
264 1335 416 1412 putantes
433 1326 661 1395 certitudinem
680 1328 779 1393 secari
807 1347 905 1413 posse
923 1328 956 1393 in
981 1328 1086 1394 varios
1109 1328 1230 1413 gradus
1284 1319 1404 1435 ciffi·

110 1434 355 1521 probabilitatis,
371 1436 460 1500 velut
478 1436 511 1500 in
532 1435 667 1501 totidem
686 1426 878 1513 fracciones,
893 1447 980 1501 etex
999 1435 1128 1502 illorum
1144 1453 1233 1502 corn·
1249 1462 1435 1517 smaelitarum.

109 1542 260 1627 plexione
276 1560 370 1627 posse
389 1542 614 1609 certitudinem
631 1543 821 1618 coalescere,
842 1543 928 1611 sicut
945 1544 1053 1610 unitas
1068 1543 1232 1611 numerica

111 1668 152 1715 ex
170 1649 322 1735 congerie
342 1650 483 1734 plurium
504 1649 712 1717 fractionum.

179 1762 363 1825 Probamr:
378 1755 411 1822 si
423 1756 582 1823 certitudo
596 1760 791 1825 coalesceret
808 1776 849 1824 ex
864 1778 954 1825 mera
967 1758 1231 1843 probabilitatum

109 1882 243 1931 summa
263 1880 321 1929 seu
340 1864 613 1952 accumulatione,
636 1842 855 1931 formidinem⁸
865 1885 931 1932 non
952 1876 1065 1951 posset
1082 1867 1234 1933 exclude·

111 1991 158 2036 re.
181 1972 280 2055 Atqui
305 1970 482 2047 certitudo,
503 1988 577 2055 quae
596 1988 731 2038 omnem
756 1972 964 2039 formidinem
984 1992 1055 2040 non
1068 1974 1231 2049 excludat,

112 2094 190 2144 vera
208 2078 368 2145 certitudo
387 2097 454 2144 non
474 2088 540 2156 est,
562 2091 598 2146 ut
616 2088 743 2147 constat
762 2100 802 2147 ex
819 2083 891 2166 ejus
913 2080 1114 2149 definitione.
1135 2081 1231 2166 Ergo.

179 2192 302 2269 Major.
319 2185 402 2253 Nam
417 2186 640 2271 probabilitas,
653 2187 732 2255 dum
748 2196 895 2253 remanet
913 2188 995 2254 intra
1004 2198 1085 2254 suos
1100 2187 1231 2267 limites,

109 2294 273 2359 adnexam
303 2312 433 2378 semper
452 2293 549 2361 habet
567 2295 788 2361 formidinem.
810 2294 896 2380 Ergo
913 2276 1019 2362 'etiam
1045 2296 1233 2381 complexio

110 2402 254 2485 plurium
283 2400 544 2485 probabilitatum
566 2421 622 2487 per
649 2420 684 2469 se
713 2403 863 2469 sufficere
892 2404 1007 2490 nequit
1034 2404 1074 2469 ad
1103 2404 1235 2488 penitus

108 2508 341 2593 expellendum
362 2508 513 2575 timorem
534 2526 570 2575 ac
587 2510 801 2577 dubietatem.
823 2512 908 2576 Nam
925 2511 980 2576 ubi
994 2529 1061 2577 non
1077 2512 1164 2577 aliud
1179 2514 1235 2577 ha·

109 2618 224 2692 betur,
250 2636 349 2699 quam
375 2635 507 2683 summa
530 2618 810 2701 probabilitatum,
828 2636 894 2684 non
913 2629 963 2685 est
983 2618 1148 2685 undenam
1168 2617 1235 2684 exi-

110 2732 177 2791 stat
191 2724 395 2791 infallibilitas
406 2734 438 2790 et
453 2723 589 2792 firmitas
603 2742 766 2804 assensus,
782 2744 865 2810 quas
879 2727 1021 2793 vindicat
1031 2726 1090 2793 sibi
1103 2726 1235 2794 certitu-

109 2833 166 2899 do.
185 2831 397 2920 probabilitas
414 2851 557 2917 namque
577 2833 732 2918 importat
746 2853 844 2920 grave
858 2833 993 2918 quidem
1010 2843 1232 2911 momentum,

108 2937 169 3004 sed
195 2957 262 3006 non
290 2939 472 3015 infallibile,
494 2941 628 3024 quodsi
649 2941 908 3007 infallibilitatem
929 2953 1024 3008 nacta
1047 2941 1158 3019 fuerit,
1179 2943 1236 3008 de-

108 3045 188 3114 sivit
207 3065 279 3112 esse
298 3046 518 3131 probabilitas.

158 3171 212 3240 59.
260 3154 442 3237 Objic.1.⁰
467 3155 571 3221 Unius
598 3155 655 3221 viri
680 3157 926 3242 testimonium,
947 3157 1063 3224 saltem
1089 3160 1235 3244 plerum-

107 3280 193 3345 que,
216 3279 282 3327 non
309 3261 432 3345 praebet
459 3263 519 3329 nisi
547 3263 819 3346 probabilitatem.
840 3265 875 3330 Si
903 3283 982 3331 vero
1001 3266 1061 3331 alia
1080 3267 1235 3334 accedant

108 3367 317 3446 testimonia,
349 3387 422 3452 quae
456 3369 601 3437 similiter
633 3369 821 3455 singillatim
856 3372 1019 3455 inspecta,
1056 3373 1235 3457 probabilia

107 3473 346 3544 tantummodo
364 3475 446 3553 sint,
465 3493 508 3543 ex
534 3477 685 3544 omnium
714 3481 890 3564 complexu
913 3481 1048 3547 resultat
1069 3467 1233 3548 motivum

107 3585 246 3650 firmum
265 3591 364 3667 atque
390 3584 554 3650 infallibile
581 3602 735 3653 assensus
763 3587 928 3654 moraliter
954 3589 1046 3654 certi.
1074 3589 1160 3673 Ergo
1192 3605 1235 3654 ex

104 3691 263 3776 congerie
283 3691 546 3774 probabilitatum
564 3692 703 3759 existere
721 3703 830 3779 potest
847 3696 1021 3762 certitudo.

178 3805 283 3882 Resp.
305 3799 426 3865 Revera
444 3797 500 3866 ubi
519 3802 651 3866 collecta
670 3812 748 3868 sunt
765 3801 858 3887 plura
878 3803 918 3868 de
938 3803 1052 3868 eadem
1086 3822 1121 3867 re
1145 3803 1238 3870 testi-

110 3906 223 3972 monia
243 3906 275 3971 in
294 3905 391 3980 certis
409 3906 604 3990 quibusdam
623 3909 801 3994 adjunctis,
821 3911 978 3977 desinunt
997 3929 1070 3976 esse
1085 3911 1238 3996 probabi·

111 4015 171 4089 lia,
192 4011 329 4078 evidens
354 4013 474 4097 quippe
499 4023 549 4080 est
572 4014 604 4081 in
624 4017 786 4102 ejusmodi
814 4017 977 4104 adjunctis
994 4019 1153 4086 veracitas
1172 4019 1240 4084 sin·

95 4117 268 4206 'gulorum
297 4121 450 4198 testium,
471 4139 546 4205 quae
565 4141 640 4188 vere
666 4126 796 4201 aderat,
816 4126 875 4192 sed
899 4135 1010 4210 patere
1033 4126 1129 4193 nobis
1147 4126 1238 4194 aliter

110 4245 182 4294 non
215 4237 354 4312 poterat.
389 4229 500 4312 ltaque
529 4229 564 4296 in
598 4231 659 4298 illis
686 4233 864 4317 adjunctis,
896 4233 938 4298 de
965 4234 1087 4317 quibus
1114 4233 1239 4302 dicetur

107 4333 268 4410 inferius,
285 4335 355 4421 jam
375 4351 442 4400 non
460 4336 554 4403 adest
574 4355 663 4404 mera
682 4339 948 4424 probabilitatum
966 4343 1154 4427 congeries,
1180 4341 1240 4410 sed

107 4441 279 4508 evidentia
297 4441 479 4510 veracitatis
494 4446 638 4531 cujusvis
655 4447 762 4517 testis.

145 4682 188 4743 (ι)
225 4673 375 4734 Antonius
387 4671 564 4745 Geuuenais‚
580 4675 696 4755 Legite
709 4679 776 4738 itai.
791 4680 841 4741 lib.
858 4701 885 4754 3,
899 4701 966 4754 cap.
980 4701 1007 4740 a.

143 4769 188 4834 (a)
225 4764 315 4838 Apud
327 4763 535 4841 Sanaeveriao‚
550 4766 666 4844 Lopica
677 4767 821 4832 Criterol.
834 4785 890 4832 art.
911 4791 934 4838 r,
950 4791 980 4832 n.
996 4792 1024 4842 a.
