3492 5525
206 441 324 508 Anrrc.
342 457 402 510 an·
415 441 622 508 Pnorosrrro
637 458 817 506 iuuenum
830 459 872 506 ετ
887 457 954 506 nere
967 457 1006 506 su
1020 457 1108 504 nora
1127 437 1186 522 763

106 621 152 686 lta
169 621 314 688 sentiunt
327 621 807 706 Philopponusaclhemistius
820 617 886 708 (ι),
905 618 1072 707 sylvester
1085 614 1151 706 (2),
1166 619 1227 688 Ca·

102 728 233 812 jetanus
250 726 319 815 (3),
339 730 473 796 Toletus
490 725 558 818 (4),
578 729 726 795 Valentia
744 725 813 818 (5),
830 726 965 812 Arriaga
978 723 1030 815 (6)
1048 727 1196 811 aliique„

173 841 340 908 Probatur
366 839 435 906 haec
469 835 597 922 opinio:
633 844 678 904 r.⁰
702 831 756 904 eid
772 853 832 902 usu
859 835 1028 918 modoque
1056 835 1222 918 loquendi,

104 944 183 1012 satis
201 945 320 1020 nostris
345 943 550 1030 temporibus
572 944 759 1040 communi:
781 962 856 1012 narn
881 942 944 1010 itia
961 943 1071 1008 solent
1088 941 1223 1029 intelligi

106 1050 344 1135 propositiones
363 1072 422 1137 per·
436 1071 472 1121 se
495 1061 598 1130 notae,
619 1071 694 1138 quie
712 1051 782 1128 sine
799 1049 949 1118 discursu
967 1069 1005 1115 ac
1019 1050 1226 1118 demonstra·

105 1158 194 1224 tione
208 1159 302 1226 nobis
314 1159 484 1244 patefiunt.
503 1147 601 1244 Atqui
618 1160 691 1242 talia
705 1165 796 1236 sunt,
812 1177 888 1242 quae
901 1159 1004 1224 soiius
1018 1156 1225 1241 experientia

104 1285 168 1349 ope
186 1267 449 1351 pronuntiantur.
1167 1337 1171 1349 ¹
1228 1277 1234 1289 ·

148 1380 215 1456 ,Et
235 1381 459 1442 confirmatur
485 1375 582 1440 etiam
612 1393 652 1440 ex
675 1371 865 1440 auctoritate
893 1371 1079 1458 Philosophi
1105 1368 1157 1460 (7)
1186 1391 1224 1437 ac

104 1481 140 1548 S.
157 1481 292 1548 Thomae
306 1479 370 1570 (8),
386 1482 442 1565 qui
462 1483 703 1568 reprehendunt
716 1500 791 1560 eos,
808 1480 863 1566 qui
878 1479 1085 1548 existentiam
1099 1487 1224 1546 naturae

102 1590 220 1654 volunt
235 1590 485 1667 demonstrare,
514 1591 675 1674 siquidem
708 1593 899 1657 naturam...
926 1607 1005 1669 esse,
1034 1592 1082 1672 est
1100 1595 1160 1671 per
1190 1604 1224 1654 se

103 1700 229 1776 notum
246 1696 281 1762 in
299 1702 449 1784 quantum
467 1698 631 1765 naturalia
647 1701 724 1764 sunt
740 1697 905 1782 muisdia
921 1695 1042 1774 seruur‘,
1064 1703 1101 1762 ut
1117 1694 1225 1780 loqui-2

102 1813 158 1871 tur
177 1803 364 1889 Angelicus.

149 1918 315 1980 Probatur
348 1921 397 1990 3,ο
442 1901 732 1997 Quia'propositio
758 1930 815 1996 per
841 1929 878 1978 se
904 1920 982 1977 nota
1009 1912 1062 1978 illa
1078 1906 1221 1998 Jtandem

103 2031 267 2105 est,.quae
286 2039 353 2088 non
377 2020 587 2106 cognoscitur
609 2039 667 2105 per
692 2021 796 2098 aliud,
826 2038 886 2086 seu
912 2039 954 2086 ex
976 2017 1086 2086 medio
1113 2017 1223 2102 aliquo

101 2129 299 2198 extrinseco.
320 2127 434 2213 Atqui,
450 2147 525 2212 quae
539 2129 609 2194 sola
626 2127 821 2212 experientia
839 2135 969 2212 patent,
984 2134 1073 2194 certe
1090 2144 1157 2194 non
1175 2125 1221 2192 vi·

101 2237 223 2303 dentur
236 2237 390 2324 cognosci
406 2222 514 2304 medio
532 2235 725 2304 extrinseco.

170 2345 293 2412 Verum
324 2342 532 2418 communior
560 2351 611 2410 est
637 2344 787 2427 opposita
805 2341 983 2417 sententia,
1011 2351 1160 2411 statuens
1181 2341 1223 2410 ad
1249 2355 1424 2472 commoni

1269 2441 1309 2483 pro
1356 2441 1403 2471 rror

1285 2498 1393 2543 sententia

100 2453 260 2518 rationem
280 2450 510 2537 propositionis
529 2470 586 2536 per
604 2469 641 2518 se
660 2461 746 2518 notae
765 2450 901 2535 requiri,
923 2457 960 2516 ut
978 2450 1130 2517 excludat
1148 2469 1222 2516 me-

99 2560 191 2626 dium
207 2561 316 2645 quoad
335 2579 404 2626 rem
425 2543 546 2645 ipsam,
567 2578 625 2626 seu
645 2567 682 2624 ut
700 2559 742 2626 sit
760 2557 1057 2626 indemonstrabilis
1075 2577 1094 2622 a
1111 2557 1220 2641 priori,

99 2688 138 2734 ac
158 2664 291 2752 proinde
310 2667 548 2752 propositiones
566 2685 666 2734 sensu
685 2666 849 2751 cognitas,
884 2685 949 2731 non
971 2665 1099 2748 proprie
1125 2683 1223 2749 posse

99 2778 208 2843 vocari
239 2795 296 2862 per
322 2795 358 2843 se
386 2786 492 2843 notas.
521 2778 565 2841 lta
595 2777 775 2860 loquuntur
797 2774 916 2841 Scotus
933 2770 1004 2862 (9),
1032 2772 1222 2841 Dominicus

98 2886 201 2951 Sotus
228 2881 315 2972 (ιο),
335 2884 541 2951 Ferrariensis
559 2880 590 2970 (r
603 2878 646 2970 r),
667 2882 787 2949 Molina
808 2878 896 2970 (12),
916 2881 1035 2948 Suarez
1059 2879 1090 2969 (ι
1097 2878 1144 2968 3),
1160 2879 1223 2947 Co·

99 2993 334 3060 nimbrioenses
368 2988 459 3080 (ι4),
493 2990 608 3057 Gillius
639 2986 729 3078 (15),
757 2990 886 3057 Tanner
915 2985 1173 3077 (16),Joannes
1204 3009 1223 3055 a

136 3212 176 3274 (r)
212 3206 300 3277 Apud
313 3203 500 3271 Conimbric„
510 3202 567 3276 loo.
580 3201 640 3272 eit.¹
651 3221 681 3275 q.
697 3222 724 3273 3,
735 3216 790 3261 art.
805 3222 829 3269 ι,
845 3202 932 3273 paulo
941 3216 1007 3274 post
1016 3199 1092 3269 init..
1108 3203 1155 3261 Ex
1167 3203 1222 3262 boc

95 3297 356 3357 animadversione.

134 3392 175 3455 (3)
214 3386 245 3445 ln
262 3386 409 3461 Conflata,
423 3405 452 3455 q.
468 3402 500 3453 3,
515 3404 541 3443 a.
561 3380 678 3454 r,apud
695 3378 814 3439 Gillium
829 3381 882 3439 loe.
899 3381 948 3441 cit.

134 3482 174 3545 lt)
212 3476 245 3535 ln
259 3476 308 3535 lib.
326 3496 354 3541 r,
370 3475 531 3542 Posterior,
544 3490 607 3544 cap.
631 3494 661 3542 3,
679 3470 757 3543 apud
772 3469 894 3529 Gillium
908 3484 938 3530 et
956 3471 1219 3542 conimbriam,

99 3576 138 3627 r.’
151 3570 248 3634 Post,
262 3587 289 3625 o.
306 3588 332 3639 3,
348 3584 377 3636 q.
394 3584 425 3633 3,
440 3582 466 3622 a.
484 3581 500 3620 3
515 3562 546 3620 in
561 3562 612 3619 fin.

132 3662 174 3730 (4)
210 3657 244 3717 ln
253 3654 377 3729 primurn
392 3665 467 3726 part.
484 3652 521 3711 D.
536 3650 658 3720 Thoan,
673 3670 702 3721 q.
719 3670 788 3719 3,3.
808 3670 832 3717 r,
847 3650 1015 3711 Notandum
1028 3661 1072 3711 est
1084 3663 1129 3723 3.·

133 3750 173 3817 (5)
212 3746 244 3803 ln
263 3752 314 3803 ι.·“
328 3756 402 3815 part.
416 3742 490 3813 disp.
510 3762 533 3810 1,
550 3761 579 3811 q.
592 3760 620 3809 3,
631 3752 730 3812 punct.
747 3762 770 3808 ι,
778 3740 844 3811 Jam
861 3741 1109 3815 probatureadem
1119 3738 1219 3815 maior.

131 3837 173 3905 (ὁ)
210 3836 296 3895 Curs.
311 3834 439 3900 Plrilos„
456 3832 578 3907 Logia..
593 3828 668 3901 disp.
687 3830 732 3895 16,
749 3842 818 3887 sect.
829 3848 863 3903 4,
879 3849 909 3887 n.
925 3830 971 3900 63.

132 3930 174 3999 (7)
210 3937 251 3983 3.·
265 3924 314 3983 lib.
330 3924 497 3998 Phystion,
516 3940 577 3991 cap.
597 3940 624 3987 1,
641 3928 711 3976 text.
727 3938 829 3976 domm.
846 3919 875 3977 6.

131 4018 172 4084 (8)
209 4014 281 4073 lbid.
292 4012 341 4072 lib.
355 4020 408 4082 3.·,
424 4011 489 4071 leet.
505 4032 536 4081 ι,
551 4028 667 4083 paragr.
683 4032 709 4068 e.

130 4107 172 4179 (9)
211 4103 345 4165 r.··Seut.
361 4102 434 4175 disp.
450 4120 481 4171 3,
498 4124 526 4174 q.
543 4122 568 4161 a.

130 4202 191 4262 (ιο)
229 4194 260 4253 ln
273 4193 325 4273 lib.¹
341 4205 380 4253 r.·
393 4194 564 4265 Posterior.‚
580 4212 642 4265 cup.
656 4206 712 4253 aet
726 4214 757 4267 3,
773 4213 802 4265 q.
819 4212 852 4260 a,
865 4195 904 4251 ad
917 4192 1034 4251 Nonum
1049 4212 1163 4267 arprrm.

131 4291 188 4351 (rr)
224 4286 258 4344 ln
271 4294 327 4343 ι.““
344 4282 443 4343 Contr.
456 4283 555 4353 Geni.¹
571 4304 596 4342 c.
615 4304 661 4353 rr,
674 4282 732 4342 Sed
745 4284 871 4342 occurrit
884 4282 1012 4341 dubium.

129 4376 189 4447 (ι3)
225 4374 281 4435 inr
303 4372 968 4449 p.q.2,art.r,fin.,llludinirocartr‘errlo.

130 4471 188 4538 (13)
225 4465 307 4538 Disp.
324 4484 371 4537 29,
388 4464 533 4538 Metapin,
544 4476 615 4522 sect.
631 4486 661 4537 3,
679 4483 708 4521 u.
726 4484 769 4536 33.

129 4556 189 4629 (14)
226 4556 259 4613 ln
276 4564 332 4612 ι.““
349 4555 474 4623 Foster„
487 4554 541 4611 loc.
555 4552 603 4611 cit.

129 4648 139 4709 l
146 4650 188 4718 ις)
224 4646 267 4704 De
282 4644 376 4704 Sarra
390 4643 499 4703 Scient.
515 4648 544 4701 el
557 4644 591 4701 de
603 4646 682 4714 Deo,
697 4640 748 4702 lib.
766 4663 795 4712 ι,
809 4656 895 4702 tract
908 4642 940 4713 8,
953 4662 1016 4715 cap.
1029 4663 1063 4713 3,
1077 4662 1107 4702 ιι.
1124 4642 1173 4701 lll.

129 4736 189 4806 (ιό)
228 4734 367 4811 Theolog.
382 4732 538 4801 scholast..
555 4746 575 4792 t.
596 4736 680 4803 1‚De
694 4734 769 4803 Deo,
779 4730 856 4804 disp.
872 4752 904 4804 3,
915 4752 945 4805 q.
964 4754 988 4803 ι,
1003 4732 1073 4804 dub.
1088 4752 1117 4803 3,
1128 4752 1159 4793 u.
1173 4754 1214 4792 rr.
