3492 5525
251 509 363 574 Anne.
382 522 441 573 μ’
456 506 643 573 Vanacrras
658 526 878 575 arcueraruu
891 526 1115 577 coouoscrrrv.
1150 507 1202 594 581

118 692 215 761 sibile
243 691 372 776 aliquod
392 691 560 776 proprium
580 690 902 775 apprehendit,circa
917 689 1071 758 sensibile
1090 710 1147 775 per
1164 692 1247 759 acci-

118 802 204 868 dens
219 799 407 884 decipiatur.
428 797 479 866 Sic
498 816 615 865 aurum
630 816 706 865 cum
722 796 903 865 auricalcho
917 815 1004 882 saepe
1019 799 1242 878 contunditur,

117 914 156 973 et
173 908 361 974 saccharum
380 925 455 974 cum
471 907 536 972 sale
551 906 594 973 ob
610 904 857 972 similitudinem
873 905 1005 973 coloris.
1017 904 1242 982 Quamobrem

117 1015 162 1081 ad
180 1014 341 1082 cavendos
361 1031 484 1081 errores
503 1014 536 1083 in
556 1014 615 1079 hac
633 1020 742 1098 parte,
758 1015 928 1080 consulere
947 1022 1077 1098 oportet
1099 1014 1242 1099 plurium

64 1180 91 1205 ,.
117 1141 277 1191 sensuum
297 1122 542 1199 testimonium,
564 1128 600 1187 ut
619 1122 785 1187 variorum
807 1120 1010 1189 sensibilium
1034 1122 1240 1206 propriorum

118 1230 343 1315 perceptione,
365 1227 482 1296 melius
502 1228 605 1314 possit
623 1228 776 1296 sensibile
791 1247 924 1313 quoque
944 1248 1001 1313 per
1019 1228 1169 1295 accidens
1189 1250 1244 1313 pa-

116 1348 259 1413 tescere,
277 1338 328 1404 vel
344 1336 421 1403 alias
435 1336 587 1404 adhibere
603 1336 787 1413 cautiones,
805 1354 889 1421 quas
899 1337 1093 1413 intellectus,
1110 1356 1168 1421 pro
1184 1355 1243 1405 sua

116 1446 312 1531 sagacitate,
333 1445 516 1528 aptissimas
531 1445 571 1511 ad
591 1464 666 1510 eum
686 1443 786 1510 finem
802 1441 992 1531 judicabit(
1016 1441 1040 1531 ).
1236 1434 1240 1441 ’

186 1552 342 1637 Apposite
361 1556 480 1619 lloctor
498 1552 690 1636 Angelicus:
710 1551 804 1617 Circo
818 1551 950 1635 materia
963 1550 1123 1618 sensibilia
1136 1571 1245 1619 sennes

115 1681 182 1729 non
201 1660 419 1745 babetfalsam
436 1658 640 1744 cognitionem
658 1658 724 1724 uisi
740 1666 799 1742 per
817 1658 962 1724 accidens
984 1658 1068 1724 etin
1084 1658 1245 1741 pauciori-

12 1835 18 1851 ,
116 1768 196 1844 bus,
225 1787 264 1833 ex
290 1786 325 1833 co
351 1766 470 1833 scilicet
494 1768 578 1852 quod
601 1762 735 1849 proptcr'
752 1766 1020 1848 indispositrbnem
1046 1768 1160 1851 organi
1181 1786 1244 1833 non

116 1876 335 1941 convenienter
358 1875 470 1956 recipit
483 1874 625 1959 formam
647 1873 821 1939 sensibilem
840 1870 1017 1961 (nimirum
1035 1873 1183 1958 ,speciem
1204 1877 1244 1943 ab

116 1982 255 2068 objectis
272 1980 495 2067 immissam);
510 1980 593 2047 sicut
603 1980 709 2047 etalio
721 1980 850 2062 passiva
859 1984 989 2063 propter
1000 2000 1089 2047 acum
1108 1981 1246 2065 iudbpa

115 2088 260 2155 sitcbnem
279 2088 457 2174 deficienter
480 2088 639 2171 recipiunt
662 2088 893 2170 impressionem
914 2089 1085 2172 agentium.
1113 2091 1154 2156 lit
1174 2090 1246 2155 inde

115 2200 182 2274 cst,
202 2199 284 2283 quod
300 2200 426 2280 propter
447 2195 674 2279 carmptionem
698 2196 832 2279 lingere,
857 2195 993 2281 infirmis
1005 2197 1112 2263 dulcia
1133 2217 1245 2265 amara

115 2324 184 2371 esse
201 2305 359 2375 videntur.
376 2306 424 2370 De
446 2302 641 2370 sensibilibus
658 2320 730 2368 uere
747 2304 961 2369 communibus
981 2307 1013 2369 ct
1026 2313 1086 2387 per
1100 2306 1245 2371 accidens

110 2415 218 2495 potest
231 2430 295 2478 esse
304 2412 428 2497 salsum
437 2410 598 2499 judicium
611 2410 704 2476 etiam
724 2410 758 2475 in
778 2429 871 2476 sensu
890 2414 969 2476 recte
986 2412 1150 2494 disposita,
1170 2414 1245 2497 quia

114 2538 227 2585 sensus
251 2539 314 2586 non
337 2519 453 2585 directe
479 2518 616 2603 refertur
642 2520 685 2582 ad
707 2516 779 2595 illa,
804 2520 860 2582 sed
882 2526 942 2601 per
963 2519 1108 2585 accidens
1130 2522 1182 2586 ael
1205 2538 1245 2587 ex

116 2631 336 2712 consequente,
358 2627 391 2692 in
410 2630 562 2711 quantum
579 2626 716 2709 resertm
727 2626 772 2689 ad
787 2624 852 2691 alia
873 2622 938 2713 (2).
1175 2627 1179 2635 '

170 2863 241 2912 110.
289 2842 463 2909 Senouon.
510 2843 584 2908 Non
596 2848 646 2906 est
661 2842 849 2924 infrequens
861 2842 948 2927 apud
961 2845 1155 2913 recentiores
1168 2865 1243 2914 sen·

114 2952 220 3018 tentia
244 2952 365 3018 docens
393 2969 509 3016 sensus
533 2950 630 3015 etiam
655 2949 736 3014 circa
754 2950 907 3015 sensibile
930 2971 1107 3020 commune
1128 2955 1243 3020 inlalli·

115 3059 200 3126 biles
219 3078 306 3135 esse,
323 3058 348 3123 si
367 3057 567 3143 conjunctim
588 3057 817 3132 adhibeantur,
835 3057 989 3124 nimirum
1011 3060 1036 3126 si
1056 3063 1243 3130 attendatur

114 3167 344 3233 testimonium
364 3167 514 3233 omnium
541 3183 653 3230 eorum
679 3182 853 3241 sensuum,
876 3185 894 3230 a
919 3167 1040 3249 quibus
1068 3189 1105 3234 ea
1134 3172 1240 3237 reterri

116 3285 270 3362 possunt.
697 3283 702 3292 '
1055 3321 1060 3329 .

186 3381 343 3464 Equidem
373 3381 553 3450 doctrinam
582 3382 681 3455 lranc,
714 3380 831 3444 saltem
867 3390 964 3463 prout
994 3400 1013 3447 a
1040 3382 1240 3466 quibusdam

116 3490 317 3575 propugnari
349 3489 495 3566 videtur,
530 3506 649 3554 novam
682 3505 819 3564 censeo,
854 3505 914 3553 nec
948 3490 1084 3556 omnino
1118 3491 1242 3557 ueritati

114 3598 335 3664 conformem.
363 3599 456 3664 Nova
479 3605 546 3674 cst,
567 3595 660 3680 quia,
679 3605 839 3679 quantum
867 3613 930 3680 ego
957 3597 1123 3675 noverim,
1144 3617 1243 3665 nemo

115 3714 171 3772 est
189 3704 270 3772 inter
284 3706 454 3789 antiquos,
471 3703 526 3789 qui
541 3721 613 3768 eam
628 3710 749 3768 teneat.
767 3701 949 3769 Videantur
967 3703 1003 3770 S.
1020 3703 1164 3773 Thomas
1177 3703 1242 3796 (3),

156 3907 195 3970 (ι)
232 3902 404 3973 Exemplum
414 3901 508 3958 ‘habes
521 3899 599 3971 apud
616 3895 797 3957 macrobium
812 3895 895 3962 (Lib.
912 3898 1074 3974 7Saturn.,
1089 3921 1115 3958 c.
1135 3906 1190 3977 14.)
1206 3902 1245 3961 82·

114 3993 233 4050 eminus
246 3993 340 4066 pomi,
356 3991 428 4064 quad
440 3992 547 4048 malum
559 3989 684 4058 dicitur,
692 3989 800 4065 figura
813 3991 941 4058 uisatur,
957 4010 1014 4048 non
1028 3992 1108 4047 amni
1119 3993 1200 4048 modo
1213 3993 1244 4049 id

116 4082 227 4138 malum
251 4091 308 4150 est,
328 4081 426 4154 poluit
447 4080 524 4136 enim
545 4099 583 4135 ex
605 4081 707 4151 aliqua
728 4083 850 4138 materie
863 4079 953 4156 fingi
976 4081 1049 4136 mali
1070 4082 1240 4138 similitudo.

116 4169 315 4229 Aduocaudus
336 4181 378 4227 est
397 4170 495 4244 igitur
513 4187 614 4226 sensus
634 4170 723 4239 alter,
743 4179 775 4226 ut
793 4171 907 4228 odorem
920 4169 1046 4244 judicet.
1065 4169 1125 4228 Sed
1144 4172 1244 4245 potuit

116 4263 196 4316 inter
219 4261 382 4334 congeriem
400 4259 544 4333 malorum
564 4259 691 4330 positum
710 4279 812 4316 aarum
836 4260 932 4316 odoras
951 4260 1047 4333 ipsius
1066 4261 1241 4334 cmtcepa‘ese:

118 4350 168 4406 liic
183 4358 276 4406 tactus
292 4347 484 4406 consulendus
498 4355 556 4414 est,
572 4347 625 4419 qui
635 4356 730 4421 potest
744 4349 778 4406 de
790 4349 916 4423 pondere
923 4347 1072 4424 judicare.
1081 4347 1140 4406 Sed
1151 4358 1242 4408 metus

116 4448 177 4507 est,
192 4458 226 4495 ne
240 4448 268 4495 et
283 4439 347 4512 ipse
353 4438 496 4508 saliatur,
508 4437 537 4492 si
542 4435 648 4506 fallax
662 4438 762 4510 opifex
776 4439 883 4495 meteri
886 4457 947 4506 am,
964 4458 1026 4511 quoe
1037 4439 1119 4512 pomi
1129 4439 1242 4511 pondus

115 4529 298 4594 imitaretur,
315 4527 418 4603 elegit.
436 4525 671 4599 Confugiendum
685 4535 728 4584 est
742 4529 842 4601 igitur
857 4529 896 4584 ad
905 4535 1037 4601 saporem
1047 4570 1054 4594 ,
1066 4529 1119 4601 qui
1123 4571 1131 4597 ,
1141 4529 1172 4585 si
1176 4534 1243 4600 sar·

118 4638 172 4675 moe
187 4618 363 4686 consentiet,
379 4617 488 4673 malum
503 4633 580 4681 csse,
597 4617 682 4672 nulla
696 4615 838 4674 dubitatio
852 4626 906 4673 est.

154 4710 198 4774 (a)
235 4727 245 4762 r
263 4725 329 4777 p.q.
349 4725 395 4778 ιγ,
411 4727 439 4762 a.
455 4724 481 4761 a.
498 4701 559 4760 Csr.
576 4703 729 4772 danaim,
746 4699 796 4762 lib.
807 4728 833 4779 3.
849 4705 913 4764 lect.
928 4705 962 4775 6,
978 4724 1093 4778 paragr.
1107 4708 1134 4764 b.

156 4801 197 4868 (3)
238 4793 295 4867 rp.¹
310 4815 339 4866 q.
358 4817 404 4868 ¹7·
420 4815 446 4852 a.
463 4813 494 4864 23
511 4811 540 4864 q.
556 4792 607 4865 85,
623 4815 650 4852 a.
665 4795 747 4864 que
767 4794 873 4864 Varii..
891 4816 917 4866 q.
937 4815 1008 4865 με.
1027 4817 1067 4853 11.

1320 2879 1398 2926 Utrum

1285 2953 1435 2997 testimonium

1309 3023 1408 3068 omnium

1299 3109 1406 3140 “nauum

1269 3164 1325 3209 circa
1334 3164 1440 3210 sensibile

1295 3251 1413 3282 commune

1278 3307 1394 3352 inultibite
1404 3307 1440 3351 eit.

1301 3413 1413 3466 judicium

1307 3485 1410 3530 auctoris.
