3492 5525
571 460 648 523 1016
680 461 808 527 Locren
821 462 1051 537 Maron-lae.
1071 479 1141 538 aur,
1158 464 1248 551 Dese.
1266 474 1311 545 4·
1325 463 1404 527 Cae.
1424 478 1493 544 ψ’

471 708 474 713 .
526 646 610 722 nale,
628 648 711 712 reale
725 657 758 713 et
773 649 910 716 morale.
926 649 990 716 Ens
1005 652 1088 715 reale
1099 625 1326 734 complectitur
1337 666 1471 714 omnem
1488 646 1627 712 rationem

526 753 760 840 intelligibilem
788 777 807 822 a
833 757 954 823 mentis
981 757 1238 857 consideratione
1266 757 1553 841 independentem;
1582 772 1628 818 ens

526 862 696 939 rationale,
717 872 808 930 actus
831 865 963 931 rationis
982 866 1150 931 artificiose
1169 864 1356 951 dirigendos
1370 864 1411 929 ad
1434 861 1573 928 veritatis
1589 879 1629 927 as

526 971 746 1053 secutionem3
776 992 835 1039 ens
853 974 989 1039 demum
1010 975 1147 1049 morale,
1169 982 1259 1041 actus
1286 974 1327 1038 ad
1355 973 1486 1057 bonum,
1506 970 1629 1053 dirigen-

525 1077 586 1143 dos
603 1074 668 1167 (ι).
685 1079 840 1145 Eamdem
855 1081 1062 1165 partitionem
1076 1082 1177 1148 secuti
1192 1090 1269 1147 sunt
1283 1080 1399 1155 Stoici,
1421 1089 1457 1144 ut
1472 1081 1534 1143 late
1548 1080 1628 1143 relert

526 1184 674 1251 liertius
697 1186 860 1272 Diogenes
883 1189 915 1253 in
939 1189 1004 1254 vita
1023 1188 1177 1270 Zenonis;
1199 1188 1349 1255 eamdem
1373 1184 1486 1251 Cicero
1504 1187 1536 1251 in
1554 1186 1628 1251 libris

416 1304 421 1312 '
525 1292 565 1357 de
583 1293 719 1360 Oratore
733 1294 774 1361 ad
787 1294 949 1371 Quintum
968 1298 1099 1361 fratrem
1117 1294 1182 1382 (2):
1199 1297 1349 1361 eamdem
1364 1294 1503 1376 denique
1517 1290 1628 1376 magni-

422 1410 427 1417 '
525 1400 584 1465 frce
603 1402 712 1469 laudat
725 1403 762 1468 S.
780 1404 984 1488 Augustinus
998 1402 1061 1493 (3),
1079 1413 1115 1469 ut
1134 1404 1242 1471 videre
1256 1412 1306 1469 est
1319 1405 1407 1487 apud
1422 1399 1586 1485 Fonseca(
1607 1398 1626 1485 ).

374 1518 484 1563 manna
567 1496 635 1576 'At
664 1512 823 1595 generalis
841 1512 987 1596 partitio,
1017 1531 1092 1595 quae
1117 1512 1200 1578 inter
1219 1511 1435 1577 Scholasticos
1463 1510 1625 1595 prevaluit,

361 1604 381 1633 '¹
401 1604 484 1634 ‘'¹¹⁸‘'
524 1637 562 1681 ea
588 1625 653 1693 est,
674 1638 739 1703 qua
755 1622 962 1704 speculativae
989 1620 1131 1686 scientiae
1150 1618 1389 1687 distribuuntur
1406 1618 1440 1685 in
1459 1618 1625 1705 Physicam,

523 1725 697 1792 Mathesim
710 1728 750 1792 'et
769 1726 1036 1814 Metapbysicam.
1054 1726 1152 1803 Qrod
1167 1739 1203 1795 ut
1220 1729 1361 1813 amplius
1376 1727 1566 1802 declaretur,
1593 1726 1627 1792 sit

576 1905 653 1971 301.
710 1890 915 1955 Pronosmo.
956 1888 1004 1956 r.“
1059 1896 1216 1973 Inspecto
1239 1895 1379 1957 diverso
1404 1893 1627 1957 abstractionis

501 2043 507 2054 .
522 2000 629 2077 gradu
646 2018 667 2061 a
684 2000 843 2072 materia,
864 2002 1008 2065 scientia
1020 2002 1229 2079 speculativa
1245 2004 1504 2079 generalissime
1520 2002 1627 2063 dividi·

521 2116 579 2168 tur
602 2108 638 2169 in
658 2109 841 2187 Physicam
859 2126 922 2170 seu
942 2108 1196 2187 Philosophiam
1222 2112 1430 2181 naturalem,
1456 2109 1626 2172 Matbesim

522 2224 558 2276 et
576 2216 848 2297 metaphysicam
862 2208 927 2298 (5).

333 2409 481 2454 p„,;,;,„„
567 2377 669 2438 Proh
692 2371 743 2437 1.⁰
789 2371 955 2439 Generalis
973 2372 1086 2438 divisio
1105 2374 1229 2457 optime
1247 2374 1429 2440 desumitur
1447 2394 1487 2439 ex
1504 2372 1626 2439 diversis

309 2481 508 2595 “Lffisstufnre
521 2463 677 2563 gradibus
702 2478 930 2545 abstractionis
957 2501 975 2545 a
1006 2481 1155 2555 materia,
1186 2501 1259 2564 quae
1290 2482 1425 2565 spectari
1451 2482 1484 2547 in
1507 2479 1625 2564 objectis

355 2622 466 2678 mm„
522 2594 642 2669 potest.
665 2587 766 2670 Atqui
785 2595 850 2653 tres
868 2596 947 2653 sunt
964 2588 1197 2672 generalissimi
1220 2590 1341 2673 gradus
1368 2588 1586 2656 abstractionis
1609 2606 1623 2649 a

522 2695 672 2772 materia,
712 2713 830 2779 nempe
863 2696 1036 2762 abstractio
1073 2698 1180 2762 solum
1218 2716 1236 2760 a
1273 2697 1406 2764 materia
1438 2696 1622 2768 individuali,

456 2807 465 2817 '
521 2802 693 2870 abstractio
712 2802 878 2868 amaleria
897 2803 1056 2878 sensibili,
1078 2815 1110 2868 et
1129 2803 1298 2870 abstractio
1318 2805 1358 2868 ab
1377 2806 1466 2869 omni
1488 2803 1620 2878 materia,

521 2910 617 2976 etiam
638 2898 842 2995 intelligibili.
863 2911 946 2995 Ergo
965 2910 1106 2976 scientiae
1126 2910 1332 2994 speculativae
1348 2921 1432 2976 recte
1447 2910 1622 2976 dividuntur

520 3017 553 3083 in
571 3017 632 3084 tria
649 3037 768 3102 genera
786 3018 860 3083 huic
878 3018 992 3103 triplici
1013 3019 1125 3102 gradui
1145 3019 1368 3084 abstractionis
1396 3017 1621 3101 respondentia.

485 3185 488 3188 ,
522 3125 622 3209 Atqui
642 3107 775 3212 Physica
794 3144 852 3191 seu
873 3123 1077 3209 Philosophia
1106 3127 1258 3192 naturalis
1284 3128 1521 3210 contemplatur
1540 3123 1624 3189 ratio

522 3252 580 3298 nes
607 3233 832 3299 abstrahentes
859 3235 967 3298 solum
996 3253 1013 3297 a
1043 3234 1175 3298 materia
1199 3232 1400 3309 individuali,
1432 3251 1547 3316 nempe
1573 3249 1624 3294 ens

522 3342 658 3418 mobile,
692 3341 781 3424 quod
810 3341 972 3409 materiale
1005 3349 1067 3416 est,
1097 3359 1132 3405 ac
1164 3339 1369 3407 sensibilibus
1403 3338 1624 3405 mutationibus

453 3461 456 3466 ·
521 3449 717 3529 obnoxium;
733 3449 886 3515 lllatbesis
901 3467 978 3513 vero
993 3466 1051 3514 ens
1063 3457 1239 3531 quantum,
1256 3449 1345 3530 quod
1355 3447 1459 3512 adhuc
1472 3446 1624 3512 materiale

520 3565 582 3632 est,
599 3555 784 3640 praescindit
801 3564 912 3620 tamen
931 3576 949 3620 a
964 3555 1142 3621 mobilitate
1162 3557 1458 3638 mutationibusque
1476 3553 1624 3620 sensibili-

520 3664 599 3744 bus;
619 3663 837 3749 Metaphysica
851 3664 985 3728 demum
1006 3681 1065 3729 ens
1079 3663 1299 3729 immateriale.
1321 3663 1443 3746 Ergo...

553 4025 593 4086 (r)
630 4020 675 4078 De
694 4021 748 4078 hac
762 4018 904 4077 divisione
917 4017 982 4075 vide
996 4016 1185 4086 Conimbric.,
1200 4019 1323 4078 Prooem.
1339 4019 1467 4092 physic,
1484 4018 1575 4087 initio,
1589 4019 1626 4076 De

515 4113 634 4185 duplici
643 4109 845 4183 Philosophiae
857 4108 1069 4165 distributione.

551 4205 592 4268 (2)
630 4199 692 4258 Lib.
713 4221 737 4267 1,

551 4294 592 4360 (3)
629 4289 694 4346 Lib.
713 4288 741 4346 8.
757 4290 791 4346 de
806 4287 899 4346 Civil.
915 4287 985 4352 Dei,
1002 4306 1063 4357 cap.
1078 4306 1111 4359 4,
1126 4299 1158 4344 ct
1169 4286 1217 4344 lib.
1236 4307 1280 4354 rt,
1297 4307 1358 4357 cap.
1374 4305 1418 4360 25.

549 4379 592 4450 (4)
628 4379 698 4436 Mel.
713 4377 763 4436 lib.
779 4397 809 4440 a,
824 4397 889 4447 cap.
906 4398 936 4448 3,
951 4395 981 4446 q.
999 4397 1028 4448 3,
1044 4389 1112 4434 sect.
1129 4398 1159 4448 3,
1175 4375 1349 4449 confimari
1358 4385 1487 4450 polest...

549 4468 590 4538 (5)
626 4467 693 4524 Non
706 4465 823 4526 defuere
835 4479 950 4534 tamen,
965 4465 1016 4536 qui
1031 4464 1186 4524 Mathesim
1201 4484 1259 4524 non
1274 4485 1336 4524 esse
1354 4467 1470 4538 proprie
1483 4465 1622 4524 seientiam

515 4557 685 4624 voluerunt,
713 4556 782 4628 quia
808 4544 912 4626 nempe
941 4555 1099 4626 saepissime
1124 4575 1183 4613 non
1216 4554 1308 4620 utitur
1333 4555 1624 4614 demonstrationibus

514 4659 632 4718 propter
654 4645 734 4718 quid.
762 4644 838 4702 Vide
860 4643 1009 4704 Benedict.
1024 4645 1132 4702 'Peren
1155 4644 1198 4702 De
1217 4645 1423 4703 Communibus
1443 4656 1511 4714 eto,
1534 4644 1581 4702 lib.
1602 4663 1622 4708 ι,

513 4755 576 4808 cap.
591 4755 631 4793 12.
