3492 5525
550 450 606 536 158
734 453 857 518 Loorcn
878 452 1138 517 Mruore-Drsn.
1166 431 1311 516 rt'Cnn.
1334 466 1406 514 nom

507 636 631 699 modum
652 635 859 702 conveniendi
865 685 872 712 ‚
892 635 968 720 quta
992 634 1254 711 unanimorum,
1278 636 1448 699 secundnm
1467 633 1550 698 urna
1568 653 1626 719 qno
1718 596 1723 625 ⁴

505 745 569 819 est,
595 745 747 825 dependet
760 743 800 807 ab
813 745 923 808 atero.
944 741 1092 809 Καίαιὲνα
1108 740 1193 806 enin
1213 760 1247 808 se
1263 745 1371 807 mutto
1390 741 1574 818 includunt,
1598 745 1630 806 et
1721 736 1722 747 ’

499 853 626 932 ponunt
635 853 669 915 et
678 851 853 933 perinent,
874 851 1044 915 secundum
1059 848 1273 932 Philosophum
1282 871 1298 910 u
1325 847 1388 934 (ι).
1409 845 1503 913 Adde
1510 897 1527 948 ’.
1539 850 1625 931 quod

455 937 471 1038 Ῠ
506 958 615 1022 relatio
633 976 696 1022 non
711 958 988 1054 requiritQ
998 957 1128 1025 realiter.
1141 956 1278 1022 diversa.
1293 956 1378 1023 Sunt
1385 955 1468 1021 enim
1485 958 1626 1040 qaedam

454 1093 455 1103 ι
503 1065 684 1141 relatrones,
701 1083 770 1150 quo
780 1069 953 1150 sequnntur
965 1063 1116 1130 actionem
1130 1063 1319 1140 intellectus,
1335 1064 1418 1129 sicut
1431 1069 1477 1128 est
1490 1065 1529 1128 de
1546 1066 1625 1129 reta·

504 1172 586 1236 tione
598 1171 772 1238 identitatis
789 1177 822 1238 et
835 1175 874 1237 de
890 1190 1003 1256 genere
1016 1174 1097 1236 etde
1113 1171 1228 1254 speeie,
1244 1173 1277 1236 et
1295 1170 1489 1258 hujusmodi,
1510 1172 1545 1236 in
1558 1175 1626 1256 qui·

502 1279 558 1346 bns
576 1283 665 1345 nullo
679 1283 726 1346 est
749 1281 933 1357 diversitas,
960 1279 1026 1346 nisi
1051 1297 1143 1364 qnam
1166 1279 1251 1364 facit
1266 1279 1440 1346 intellectus
1465 1278 1528 1363 (a).
1559 1283 1624 1348 Nec

502 1386 638 1452 dubium
662 1396 710 1454 est
728 1397 898 1472 praeterea,
920 1387 997 1470 quin
1019 1387 1149 1451 relativa
1170 1387 1315 1452 medium
1335 1375 1508 1453 admittant
1523 1388 1625 1470 priva-

501 1491 605 1559 tivum
621 1513 678 1560 seu
695 1496 883 1580 negativum
898 1492 963 1582 (3).

416 1767 435 1796 ε
546 1726 780 1793 Conournmun
801 1735 868 1791 23¹¹
923 1726 1069 1811 Reliquae
1101 1724 1326 1811 oppositiones
1358 1725 1552 1812 participant
1583 1729 1623 1794 de
1723 1712 1724 1723 ¹

380 1824 403 1835 ”
433 1839 458 1870 “
498 1795 770 1910 contradictione,
787 1852 894 1918 eoque
913 1846 992 1900 sunt
1012 1836 1153 1919 majores
1177 1842 1233 1900 aut
1253 1832 1415 1912 minores,
1436 1853 1503 1918 quo
1519 1834 1624 1920 magis

297 1980 322 2010 w
388 1967 474 2012 reione.
498 1951 556 2007 aut
576 1941 686 2008 minus
702 1943 742 2008 de
758 1942 809 2007 iila
826 1942 1032 2027 participant.

565 2049 711 2116 Primum
732 2059 840 2135 patet,
862 2051 939 2142 quia
964 2069 1070 2116 unum
1086 2060 1271 2116 extremum
1298 2049 1332 2115 in
1356 2048 1448 2115 omni
1470 2049 1622 2134 opposito

469 2236 473 2243 Ι
498 2163 548 2223 est
570 2155 703 2242 negoeio
724 2156 855 2224 alterius
862 2168 1034 2262 ,qnatenus
1061 2159 1149 2223 enim
1174 2159 1242 2223 duo
1268 2174 1305 2223 se
1322 2157 1501 2224 excludunt
1523 2166 1622 2240 atque

496 2264 580 2330 inter
594 2283 628 2330 se
629 2249 855 2343 reluctantur,
873 2275 1037 2349 quatenus
1052 2285 1157 2332 unum
1174 2284 1239 2331 non
1256 2275 1306 2331 est
1321 2265 1407 2331 aliud
1422 2261 1486 2351 (4).

563 2371 628 2437 Sed
657 2384 689 2440 et
718 2373 857 2438 alterum
888 2381 993 2457 patet
1016 2391 1083 2456 quo
1113 2371 1202 2438 enim
1229 2372 1335 2457 magis
1361 2370 1554 2456 participant
1578 2373 1619 2436 de
1725 2430 1726 2455 ¹

494 2479 761 2556 contradictione,
775 2500 815 2546 eo
830 2480 934 2564 magis
956 2479 1213 2569 contradictoriis
1228 2481 1352 2547 similes
1367 2489 1476 2546 eruut.
1496 2480 1618 2545 Totum
1725 2492 1726 2519 ι

493 2585 526 2652 id
541 2585 590 2652 sic
599 2587 739 2654 breviter
753 2589 948 2672 complexus
959 2599 1009 2654 est
1026 2587 1188 2671 Aquinas:
1202 2589 1327 2655 Atiae...
1343 2587 1545 2670 oppositiones
1558 2607 1621 2653 me·
1725 2582 1726 2595 ’

492 2694 580 2759 dium
594 2693 715 2773 babent,
732 2697 877 2782 quaedem
889 2699 991 2762 temen
1004 2697 1092 2778 pius,
1113 2695 1389 2782 quodamninus,
1405 2704 1438 2758 et
1452 2697 1621 2760 seeundum

493 2802 547 2868 hoc
568 2804 665 2886 magis
682 2808 713 2869 et
724 2804 829 2869 minus
839 2803 1036 2886 participant
1045 2807 1084 2869 de
1103 2805 1227 2869 ratione
1240 2804 1440 2886 oppositionis
1456 2806 1621 2871 contradi·

491 2910 881 2996 etenimetconseqnentet
892 2911 993 2994 arogis
1002 2919 1035 2977 et
1047 2913 1153 2977 minus
1164 2916 1374 2994 opponuntur.
1386 2910 1529 2976 Primum
1537 2911 1619 2974 enim

492 3018 526 3083 in
540 3019 675 3103 quolibet
679 3038 790 3103 genere
802 3021 955 3085 estcense
968 3020 1118 3098 omnium,
1142 3023 1300 3105 quaesunt
1317 3021 1352 3085 in
1372 3020 1428 3085 illo
1444 3033 1568 3103 genere,
1585 3022 1623 3083 ut

486 3130 576 3209 patet
597 3146 636 3193 ro
655 3135 854 3215 Metaphys.
871 3128 912 3192 Et
923 3128 992 3193 ideo
1004 3132 1121 3213 quanto
1135 3130 1232 3213 magis
1245 3128 1361 3213 elnonae
1374 3128 1570 3211 participant
1580 3129 1619 3191 de

492 3234 615 3299 ratione
638 3234 737 3317 peimi
754 3235 788 3300 in
802 3254 914 3319 genere
937 3236 1175 3318 oppositionum,
1200 3236 1407 3302 tantominus
1428 3234 1622 3301 conveniunt
1726 3267 1727 3322 i

491 3340 525 3405 in
539 3342 639 3407 nndio
660 3338 724 3431 (5).
1726 3349 1727 3364 ¹

352 3573 401 3623 mn
537 3554 770 3623 Coroumnruu
783 3566 850 3644 3:²²
908 3560 986 3625 Post
1004 3558 1286 3625 contradictoriam
1307 3576 1450 3624 maxima
1465 3577 1618 3625 omnium
1726 3539 1727 3542 ¹

283 3658 445 3774 ⁶⁰2⁸?an
334 3650 438 3693 Μ
425 3662 475 3694 ”¹⁶
490 3664 653 3749 opposttlo
664 3673 714 3731 est
725 3665 897 3749 privativa
914 3667 1059 3733 succedit
1077 3666 1229 3752 deinceps
1242 3666 1419 3745 contraria
1433 3675 1465 3731 et
1480 3666 1619 3732 minime

327 3790 423 3835 merim·
489 3772 635 3839 tamdem
652 3774 800 3857 sequitur
814 3774 957 3842 relativa.

523 4038 565 4113 (r)
601 4039 634 4099 S.
649 4040 755 4101 Thom.
773 4040 884 4112 opusc.
901 4043 940 4099 de
951 4040 1086 4121 Quattuor
1100 4041 1267 4116 oppositis,
1281 4064 1308 4102 e.
1324 4042 1343 4100 l.

523 4133 564 4197 (a)
602 4128 635 4191 S.
650 4130 708 4189 Th.
720 4130 760 4188 ib.
777 4152 801 4189 c.
820 4150 845 4203 3.

522 4222 563 4291 (3)
601 4218 874 4278 Aliaodifferentias
893 4217 1083 4278 relativorum
1107 4241 1124 4278 a
1143 4219 1264 4293 reliquis
1281 4221 1424 4293 oppositis
1443 4221 1510 4280 vide
1534 4222 1617 4297 apud

487 4305 521 4368 S.
536 4308 592 4367 Th
608 4310 643 4367 de
657 4310 771 4367 Potent
776 4322 903 4381 quaest.
917 4331 945 4383 7
960 4330 988 4367 a.
1003 4309 1152 4383 82d4.¹¹

522 4398 569 4472 (4)
604 4398 745 4471 Apposite
766 4398 911 4470 Aquinas:
947 4398 1183 4458 Contradrctio
1168 4420 1202 4457 nr
1222 4401 1380 4459 contrariis
1401 4410 1430 4459 et
1452 4404 1615 4477 pniomeuis

486 4486 661 4548 includitur.
676 4488 815 4563 Sequitur
832 4491 925 4558 enim,
948 4492 979 4548 si
991 4499 1035 4548 est
1047 4490 1146 4548 albam
1168 4500 1196 4547 et
1217 4488 1350 4566 nigram,
1365 4494 1440 4565 qnod
1460 4491 1502 4549 sit
1515 4493 1615 4550 eibum

485 4588 514 4636 et
529 4598 584 4637 non
603 4580 718 4648 atbun,·
744 4588 773 4637 et
792 4580 822 4637 si
835 4588 880 4637 est
902 4580 1004 4638 un'rtens
1026 4588 1055 4637 et
1074 4570 1197 4650 coecuin,
1222 4580 1297 4655 quod
1318 4581 1361 4637 sit
1380 4582 1482 4639 uidens
1506 4590 1536 4639 et
1556 4600 1615 4640 non

486 4668 597 4727 ondens.
612 4680 654 4727 a.·
669 4668 778 4728 Conna
790 4668 886 4737 Cant..
900 4688 963 4743 cap.
979 4688 1013 4745 ²5
1026 4670 1132 4729 Adbuc
1146 4670 1357 4729 contradictio.

520 4760 562 4835 (ς)
599 4756 632 4819 8.
647 4758 753 4819 ΤΙιοιιι.
769 4758 882 4835 Opone.
897 4762 934 4818 de
951 4760 1088 4843 Quattuor
1100 4758 1261 4835 capnitis,
1277 4757 1352 4834 Cap.
1370 4782 1395 4819 r.
