3492 5525
502 502 508 513 ,
578 440 654 522 1078
688 439 815 503 loorcn
829 440 1060 515 Meton-Lm.
1079 424 1410 517 a.¹¹⁸,D1sr².b.·Cm>.
1432 454 1500 503 hum

535 623 791 707 deprehenderet
817 624 978 689 fallaciam
1007 622 1108 698 illius,
1136 631 1193 689 aut
1220 623 1316 689 etiarn
1341 624 1570 705 suspicaretur,
1590 621 1638 687 nisi

535 733 616 799 forte
636 730 766 815 aliquod
785 731 922 797 dubium
941 730 1101 816 ingereret
1120 730 1262 797 infinitas
1276 730 1394 797 divinae
1414 741 1554 804 naturae,
1570 748 1638 795 nurn

536 840 686 906 veritates
704 839 744 905 ad
758 858 830 905 eam
849 848 1034 923 spectantes
1052 837 1166 905 lisdem
1197 838 1324 923 legibus
1343 837 1502 922 arguendi
1517 838 1640 923 subjice-

537 955 665 1023 rentur,
680 947 803 1029 quibus
819 955 935 1013 creatae
953 947 1103 1013 veritates
1119 944 1134 1032 (
1159 944 1184 1034 ).

603 1054 754 1121 Secunda
772 1054 851 1119 ratio
871 1055 984 1120 salsam
1005 1055 1102 1119 habet
1117 1054 1295 1129 Minorem,
1312 1062 1345 1118 et
1362 1053 1558 1119 contrarium
1576 1072 1644 1119 con-

535 1170 600 1229 stat
618 1181 660 1229 ex
674 1140 743 1245 ipsa
759 1160 969 1245 experientia.
986 1160 1122 1239 Quoties
1141 1162 1228 1226 enim
1244 1161 1395 1227 videntur
1409 1162 1506 1227 rudes
1520 1160 1644 1227 firmiter

536 1280 680 1354 perstare
698 1268 731 1334 in
750 1276 887 1335 assensu
905 1286 1038 1343 eorum,
1055 1287 1130 1353 quae
1149 1268 1314 1335 evidenter
1328 1276 1464 1345 norunt,
1481 1278 1513 1335 et
1528 1268 1645 1333 irridere

536 1376 736 1460 sophismata
768 1376 944 1452 contraria,
975 1396 1049 1459 quae
1081 1376 1230 1442 nesciunt
1261 1376 1428 1443 extricare.
1458 1376 1540 1441 Vide
1572 1394 1643 1441 num

536 1484 642 1569 possis
662 1484 782 1551 rustico
801 1484 994 1567 persuadere
1013 1502 1050 1549 se
1071 1502 1137 1550 non
1162 1502 1235 1548 esse
1259 1483 1428 1549 hominem
1456 1503 1497 1549 ex
1526 1485 1579 1548 illo
1601 1502 1645 1547 so-

536 1592 699 1677 phismate
731 1591 920 1661 notissimo:
953 1592 1046 1673 Quod
1072 1610 1126 1674 ego
1152 1609 1237 1666 sum,
1267 1594 1301 1655 tu
1327 1610 1389 1656 non
1419 1610 1467 1657 es.
1498 1592 1560 1675 Ego
1585 1609 1646 1655 narr

537 1700 640 1766 hm.
661 1700 872 1782 Ergotunon
891 1695 1058 1786 esberno(
1084 1696 1109 1785 ).

581 1812 689 1889 Objic.
710 1813 761 1873 §.⁰
806 1804 880 1871 Non
893 1805 1037 1889 possidet
1048 1808 1186 1890 perfecte
1199 1806 1379 1883 scientiam,
1394 1806 1451 1890 qui
1467 1824 1533 1871 non
1548 1816 1646 1891 potest

536 1913 625 1980 illam
644 1914 817 1979 defendere
837 1914 878 1979 ab
897 1914 1053 1978 omnibus
1072 1913 1371 1997 oppugnationibus
1397 1922 1429 1977 et
1447 1913 1647 1997 sophismatis

537 2019 635 2086 etiam
654 2021 835 2086 contrariis.
857 2021 959 2103 Atqui
987 2021 1027 2085 ad
1047 2022 1109 2085 hoc
1129 2021 1243 2105 logica
1263 2029 1313 2086 est
1336 2021 1516 2087 necessaria
1533 2020 1649 2105 simpli·

535 2129 630 2205 citer,
648 2137 761 2211 utpote
781 2146 855 2210 quae
875 2128 969 2195 docet
988 2127 1121 2193 ubinam
1142 2128 1262 2193 lateant
1281 2129 1425 2195 lallaciae.
1446 2129 1569 2213 Ergo...
1590 2127 1645 2215 (3).

602 2242 707 2319 Resp.
727 2235 803 2302 dist.
824 2235 942 2301 Minor.
965 2234 1161 2301 Necessitate
1181 2234 1310 2311 morali,
1327 2254 1430 2313 conc„
1451 2237 1582 2323 physica
1599 2247 1648 2301 aut

537 2343 774 2429 metaphysica,
794 2361 865 2426 neg.
887 2341 972 2418 Quia
991 2350 1099 2426 potest
1117 2342 1299 2408 intellectus
1322 2344 1469 2407 absolute
1492 2344 1648 2427 loquendo

537 2450 644 2517 nativa
672 2469 731 2516 sua
756 2449 926 2516 vivacitate
955 2450 1025 2515 sine
1053 2450 1172 2534 regulis
1197 2450 1323 2534 logicae
1345 2451 1497 2534 detegere
1521 2451 1648 2516 fallacias

537 2559 729 2634 contrarias,
746 2559 888 2625 maxime
906 2576 982 2640 quae
1002 2575 1067 2622 non
1083 2558 1227 2641 pendent
1241 2576 1280 2621 ex
1295 2558 1395 2622 fallaci
1409 2558 1543 2625 artificio
1555 2561 1647 2643 syllo-

469 2666 473 2671 ’
536 2666 739 2751 gismorum‚
760 2667 818 2732 sed
837 2686 877 2731 ex
895 2666 966 2731 aliis
985 2664 1148 2749 principiis
1167 2684 1335 2748 perperam
1361 2666 1530 2732 intellectis
1547 2664 1607 2752 (4).

582 2780 690 2859 objic.
713 2784 760 2858 7.⁰
805 2775 838 2839 ln
859 2775 998 2840 decursu
1019 2773 1163 2838 scientiae
1181 2773 1289 2838 totalis
1315 2775 1461 2858 plurimae
1487 2787 1649 2840 occurrunt

464 2969 468 2974 Ι
537 2882 760 2957 definitiones,
785 2881 980 2956 divisiones,
1006 2880 1237 2946 conversiones
1265 2881 1542 2966 propositionum,
1563 2901 1650 2966 argu-

538 2990 833 3072 mentationesque.
850 2988 913 3053 Sed
929 2989 998 3054 haec
1012 2987 1080 3054 fieri
1101 3007 1166 3054 non
1187 2997 1325 3072 possunt
1344 3000 1428 3055 recte
1444 2989 1515 3055 sine
1528 2989 1648 3074 logica.

538 3097 663 3183 Ergo...
684 3093 736 3185 bl
1150 3107 1154 3112 “

605 3211 709 3288 Resp.
735 3203 813 3273 dist.
844 3201 963 3270 Minor.
985 3202 1097 3268 Morali
1125 3202 1352 3287 possibilitate,
1380 3224 1483 3282 conc„
1511 3207 1650 3294 physica,

494 3375 502 3390 ,
537 3331 627 3396 neg.,·
648 3311 725 3394 quia
749 3311 832 3376 sicut
858 3310 928 3376 sine
949 3310 1065 3395 Logica
1083 3310 1286 3396 praecedente
1304 3331 1340 3378 ac
1359 3312 1498 3380 docente
1516 3313 1652 3378 invente

537 3426 614 3488 sunt
633 3438 690 3502 per
708 3418 816 3484 solum
833 3418 946 3484 lumen
967 3419 1111 3484 naturale
1131 3420 1252 3503 regulae
1278 3419 1477 3486 universales
1502 3421 1652 3485 docentes

536 3525 688 3601 desinire,
704 3524 849 3590 dividere
861 3532 940 3602 etc,
958 3525 1000 3590 ita
1012 3524 1083 3590 sine
1097 3526 1218 3610 regulis
1233 3536 1370 3610 possunt
1384 3525 1453 3591 fieri
1469 3547 1527 3611 per
1541 3529 1650 3592 lumen

536 3636 645 3700 solum
665 3633 809 3700 naturale
827 3632 907 3716 ipsae
926 3630 1149 3707 definitiones,
1170 3631 1362 3712 divisioneS,
1379 3633 1610 3701 conversiones
1626 3643 1654 3698 et

536 3745 837 3827 argumentationes
854 3735 920 3827 (6).

580 3853 688 3932 objic.
713 3855 764 3914 8.⁰
809 3846 841 3913 Si
870 3846 986 3932 Logica
1010 3847 1188 3912 necessaria
1215 3848 1296 3912 foret
1323 3848 1364 3912 ad
1391 3849 1469 3914 alias
1494 3849 1653 3916 scientias.

536 3955 634 4023 etiam
654 3956 694 4021 ad
713 3954 854 4038 seipsam
875 3952 1053 4020 necessaria
1078 3955 1172 4019 soret.
1196 3954 1295 4037 Atqui
1319 3955 1359 4020 ad
1383 3955 1524 4040 seipsam
1548 3975 1656 4024 neces-

570 4191 610 4260 (ι)
646 4187 722 4245 Vide
736 4186 880 4256 Lossada,
898 4186 936 4244 ib.
953 4206 983 4244 n.
1001 4207 1044 4258 33.

569 4285 609 4346 (a)
645 4276 721 4334 Vide
736 4275 881 4345 Lossada,
897 4277 950 4334 loe.
966 4275 1014 4335 cit.
1031 4295 1061 4334 n.
1078 4295 1127 4350 343
1141 4277 1217 4349 apud
1230 4295 1318 4350 quem
1329 4276 1421 4336 videri
1436 4278 1522 4350 plura
1537 4293 1657 4352 possunt

483 4421 487 4430 .
533 4368 564 4428 in
576 4365 775 4440 sequentibus.
792 4365 870 4439 Lege
881 4361 968 4423 etiam
986 4363 1010 4426 ei
1024 4366 1118 4434 lubet,
1134 4387 1200 4438 quae
1208 4349 1341 4439 disputat
1356 4389 1372 4424 a
1388 4388 1416 4425 n.
1430 4390 1464 4440 9,
1480 4370 1518 4427 ad
1538 4379 1617 4444 ¹7³¹

569 4458 611 4529 (ς)
647 4457 734 4529 Apud
749 4455 847 4522 Ulloa,
863 4455 918 4513 loc.
934 4455 983 4514 cit.
1000 4475 1030 4514 n.
1045 4456 1091 4529 84.

569 4554 609 4620 (4)
646 4546 709 4605 Cl'r.
725 4546 824 4614 Ulloa,
840 4545 893 4602 loe.
909 4545 958 4602 eit.

569 4637 610 4710 (5)
647 4634 731 4706 Apud
746 4634 846 4704 Ulloa,
863 4633 933 4691 ibid.

569 4727 610 4794 (6)
646 4723 744 4793 Ulloa,
760 4725 813 4782 loc.
829 4722 877 4781 cit.
894 4743 922 4781 n.
938 4723 983 4794 85.
