3492 5525
389 444 392 457 '
408 454 523 517 Aarrc.
535 433 539 439 ¹
550 466 606 515 nu·
627 427 686 515 Da
699 448 934 515 Nonruaureuo
1135 443 1197 527 659

115 633 374 719 independenter
391 634 432 700 ad
452 644 597 700 nostram
625 631 846 719 cognitionem
875 642 908 698 et
934 630 974 696 ad
998 627 1238 695 denominatio-

116 761 210 817 nem,
239 742 448 827 nequeenim
468 744 578 826 plures
596 740 746 808 homines
764 746 842 807 sunt
860 739 983 805 similes
995 736 1078 803 inter
1092 755 1144 812 se,
1161 734 1238 817 quia

115 850 197 930 tales
224 861 470 935 cognoscuntur
500 870 519 915 a
547 849 658 925 nobis,
679 849 737 915 sed
760 869 779 913 e
804 846 966 914 contrario
993 849 1238 930 cognoscuntur

115 956 255 1035 similes,
272 956 348 1041 quia
366 956 767 1033 similitudinemhabent,
786 972 925 1038 eamque
944 952 1131 1037 detegimus
1145 950 1238 1018 intel-

115 1064 201 1130 lectu
222 1078 347 1135 nostro.
372 1064 472 1150 Atqui
494 1064 673 1131 similitudo
693 1064 853 1131 unitatem
868 1059 1046 1146 quamdam
1066 1069 1101 1125 et
1118 1076 1239 1124 eonve-

116 1172 271 1238 nientiam
289 1172 428 1257 plurium
445 1174 478 1239 in
493 1175 597 1239 forma
610 1174 778 1257 importat.
796 1172 880 1256 Ergo
894 1190 936 1237 ex
954 1170 1025 1254 ipsa
1037 1167 1091 1233 illa
1105 1182 1239 1250 respon-

117 1280 208 1345 sione
238 1279 497 1347 adversariorum
519 1281 666 1364 sequitur
688 1280 931 1367 agnoscendam
953 1274 1134 1342 necessario
1165 1290 1239 1339 esse

118 1386 389 1455 communitatem
419 1388 579 1472 aliquam,
611 1388 967 1472 quae'lundamentum
990 1383 1034 1450 sit
1063 1381 1237 1449 nominum

116 1493 362 1571 universalium,
383 1496 649 1579 quandoquidem
668 1494 848 1562 similitudo
871 1490 1050 1560 attenditur
1071 1490 1240 1557 seeundum

115 1602 364 1669 convenientiam
380 1606 433 1669 vel
447 1602 754 1670 communicationem
771 1602 806 1667 r'n
815 1603 924 1688 formo
936 1596 1001 1688 (ι).

162 1715 265 1777 Prob.
286 1710 340 1779 3.⁰
367 1711 505 1779 -Dicunt
520 1710 691 1779 adversarii
708 1708 899 1777 nominibus
912 1704 1147 1775 communibus
1162 1703 1239 1769 nihil

118 1818 314 1900 respondere
333 1834 459 1902 aparte
487 1820 531 1885 rei
549 1821 616 1885 ullo
644 1819 746 1885 modo
775 1834 971 1893 commune,
991 1814 1049 1882 sed
1066 1809 1239 1898 significari

119 1942 253 1991 omnem
276 1926 500 1993 collectionem
515 1927 770 1994 individuorum.
791 1924 880 2010 Ergo·
900 1932 980 1991 tunc
999 1921 1133 1989 nomina
1151 1938 1242 1985 com-

120 2032 233 2097 munia
250 2032 427 2101 collectiris
440 2040 551 2101 essent
569 2033 809 2119 aequiparanda.
830 2032 931 2116 Atqui
946 2028 1079 2098 nomina
1091 2044 1257 2097 commu.

120 2136 173 2204 nia
195 2148 228 2205 et
245 2141 412 2207 collectiva
438 2140 658 2208 diversissima
682 2148 772 2208 sunt.
791 2142 877 2207 Nam
893 2138 1062 2206 collectiva
1086 2137 1133 2203 sic
1149 2135 1241 2219 plura

119 2246 321 2332 significant,
350 2258 388 2313 ut
409 2248 450 2314 de
468 2248 615 2335 'singulis
635 2257 798 2333 nequeant
816 2248 954 2314 seorsim
982 2243 1157 2330 praedicari.
1187 2241 1242 2307 Sic

118 2373 154 2419 v.
174 2374 209 2440 g.
224 2356 388 2441 exercitus·
397 2358 550 2441 exprimit
563 2358 788 2425 collectionem
813 2356 969 2436 militum;
995 2372 1061 2419 non
1081 2368 1160 2418 vero
1177 2350 1243 2417 sin·

119 2464 189 2547 guli
208 2462 327 2530 milites
347 2465 451 2531 vocari
480 2475 620 2550 possunt
639 2467 812 2532 exercitus.
842 2462 1049 2531 Contrarium
1067 2458 1184 2526 accidit
1208 2458 1241 2525 in

122 2587 201 2635 voce
219 2570 318 2649 homo,
338 2590 446 2655 equus,
461 2574 587 2653 planta,
608 2581 641 2638 et
655 2573 785 2656 reliquis
808 2569 1062 2644 universalibus,
1081 2586 1157 2652 quae
1176 2585 1242 2633 non

121 2688 260 2759 possunt
274 2678 335 2745 dici
354 2680 394 2744 de
409 2678 615 2759 collectione,
636 2681 695 2747 sed
714 2681 754 2746 de
773 2678 927 2766 singulis;
945 2694 1052 2760 neque
1075 2676 1162 2742 enim
1187 2674 1242 2740 ho
1311 2666 1315 2675 ’

122 2785 249 2852 minum
270 2787 415 2854 collectio
427 2797 478 2854 est
492 2791 610 2866 homo,
625 2791 685 2856 sed
699 2788 865 2856 individua
878 2789 1015 2854 seorsim
1031 2784 1244 2852 nominantur
1361 2811 1366 2823 ¹

120 2893 221 2962 homo.
239 2893 346 2962 Unde.

168 3006 269 3069 Prob.
291 3002 345 3086 4.⁰
391 3001 423 3068 Si
448 3003 582 3071 nomina
605 3004 799 3070 universalia
818 3021 886 3069 non
908 3006 1170 3087 praesupponunt
1186 2997 1248 3064 ali·-

7 3153 8 3156 =
121 3109 212 3191 quod
240 3109 492 3177 fundamentum
518 3111 705 3178 communis
732 3110 973 3197 appellationis,
999 3108 1078 3175 nihil
1104 3114 1244 3192 possunt

123 3235 235 3284 revera
254 3217 447 3304 significare.
469 3217 534 3284 Sed
556 3229 643 3284 certe
669 3219 790 3304 aliquid
813 3217 1011 3306 significant.
1033 3215 1116 3300 Ergo
1135 3214 1245 3280 dicen·

120 3325 202 3390 dum
230 3333 296 3402 est,
326 3324 378 3390 illa
405 3325 589 3411 significare
622 3326 743 3411 aliquid
775 3343 956 3393 commune
982 3323 1093 3407 aliquo
1125 3324 1243 3391 saltem

123 3433 237 3498 modo.
1266 3505 1276 3525 .›

191 3545 307 3608 Minor
332 3540 503 3607 manifesta
529 3553 595 3623 est;
621 3543 697 3625 quia
719 3540 920 3628 experientia
942 3538 1098 3607 novimus
1117 3545 1150 3603 et
1167 3555 1242 3613 nos,

45 3665 53 3676 ·
122 3645 243 3712 auditis
262 3646 494 3715 communibus
518 3649 701 3728 vocabulis,
727 3647 846 3734 aliquid
873 3648 1070 3735 intelligere,
1095 3646 1186 3731 quod
1204 3646 1246 3711 ab

122 3753 195 3820 aliis
214 3772 348 3840 quoque
366 3733 501 3844 intelligi
520 3757 695 3826 sentimus.

192 3867 305 3946 Maior
330 3881 396 3929 non
423 3862 532 3930 minus
555 3872 605 3932 est
631 3865 801 3933 manifesta
826 3884 867 3932 ex
897 3865 1003 3932 dictis.
1029 3866 1115 3932 Nam
1147 3861 1247 3928 verba

122 3970 315 4036 communia
334 3969 411 4038 nihil
431 3983 570 4055 possunt
592 3972 773 4058 significare
793 3973 853 4040 nisi
866 3975 926 4041 uel
944 3972 1128 4046 individua,
1149 3976 1247 4054 prout

124 4075 218 4154 talia,
240 4078 291 4143 vel
314 4096 429 4145 eorum
453 4079 678 4158 collectiones,
703 4083 755 4147 vel
778 4083 916 4149 demum
943 4079 1063 4164 aliquid
1086 4077 1249 4162 quodam·

126 4185 228 4250 modo
241 4203 421 4252 commune
435 4205 493 4253 seu
509 4186 704 4256 universale.
722 4189 812 4256 Prius
828 4209 886 4275 per
898 4208 936 4256 se
954 4196 1046 4275 patet
1064 4205 1130 4253 non
1150 4203 1248 4286 posse

125 4291 206 4369 dici,
236 4293 375 4360 alterum
409 4295 527 4360 salsum
560 4296 767 4364 ostendimus
799 4316 921 4382 nuper,
959 4296 1093 4364 tertium
1131 4293 1249 4360 nolunt

8 4419 10 4450 t
125 4399 299 4468 admittere
318 4400 511 4469 nominales.
532 4401 658 4490 Ergo...
679 4402 730 4492 (2)

163 4655 204 4720 (ι)
242 4647 391 4712 S.Thorn.
410 4673 434 4724 r,
450 4671 478 4726 p.
490 4671 519 4726 q.
535 4671 563 4727 4,
579 4667 634 4714 art.
652 4675 677 4728 3.

161 4747 203 4810 (a)
239 4739 315 4800 Vide
329 4740 364 4804 S.
379 4741 535 4815 Basiliam,
550 4743 601 4803 lib.
620 4765 644 4813 t,
662 4743 772 4805 Contra
785 4744 918 4815 Ennom,
936 4765 966 4804 n.
981 4743 1009 4803 ό.
