3492 5525
205 498 209 513 .
238 442 354 509 Anrrc.
373 458 432 527 3³¹⁸
446 440 568 507 Umux
581 458 761 505 avrocnrm
774 458 880 505 codar
893 461 937 506 ao
952 462 1125 507 assensuri
1148 459 1201 527 5²¹

124 629 274 715 agnoscit
310 627 452 697 divinam
488 626 707 703 existentiam,
736 646 803 693 non
839 647 912 694 eam
942 628 1094 713 perspicit
1122 628 1154 695 in
1187 628 1244 694 Dei

123 736 266 803 essentia
284 734 392 822 satque
420 735 505 804 idea.
537 734 604 801 Nec
632 735 721 819 prius
750 754 929 819 possumus
957 755 1154 821 cognoscere
1181 737 1246 802 exi·

123 844 277 911 scentiam
299 844 355 909 Dei
375 862 447 910 esse
467 850 578 909 revera
595 844 636 908 de
660 843 800 911 essentia
821 843 936 927 ipsius,
957 863 1057 928 quam
1077 844 1245 911 evidenter

95 937 365 1037 'cognoscamus
393 950 524 1017 aliunde
552 950 658 1017 Deum
686 950 836 1031 existere;
866 951 927 1017 nisi
955 954 1039 1017 sorte
1069 951 1145 1035 quis
1168 950 1246 1017 velit

122 1061 275 1145 amplecti
301 1059 527 1126 Cartesianum
553 1068 786 1143 argumentum
809 1059 850 1122 ad
879 1059 1081 1144 probandam
1100 1057 1243 1124 divinam

124 1167 352 1243 existentiam,
367 1167 457 1250 quod
476 1176 586 1231 tamen
606 1164 878 1231 communissime
897 1165 1047 1250 rejicitur.

193 1277 347 1342 Praeterea
375 1275 493 1342 dantur
520 1272 759 1357 propositiones
786 1272 968 1349 evidentes,
993 1293 1068 1357 quae
1086 1274 1158 1339 ideo
1186 1293 1244 1357 pro

123 1382 210 1449 veris
241 1381 469 1456 admittuntur,
503 1381 579 1464 quia
608 1398 650 1445 ex
677 1398 789 1446 earum
819 1380 991 1465 negatione
1010 1380 1176 1449 evidenter
1194 1400 1245 1447 se·

124 1501 275 1575 quuntur
292 1489 454 1557 evidentia
473 1489 626 1556 absurda.
647 1489 684 1555 Et
703 1489 736 1553 in
756 1488 805 1554 his
823 1506 958 1572 quoque
978 1486 1086 1555 deficit
1115 1490 1210 1554 allata
1227 1508 1245 1553 a

108 1599 302 1665 clarissimo
321 1598 503 1666 adversario
518 1596 677 1663 definitio.

192 1714 396 1791 Respondeo
411 1706 463 1775 2.⁰
482 1726 560 1790 nego
578 1705 694 1771 Minor.
716 1703 791 1769 Sive
811 1704 898 1771 enim
922 1703 1084 1773 evidentia
1096 1715 1245 1771 sumatur

124 1815 286 1901 objective
304 1816 373 1881 sive
391 1814 583 1901 subjective,
604 1814 675 1897 eius
694 1814 854 1879 connexio
873 1832 949 1879 cum
969 1814 1103 1878 veritate
1118 1814 1245 1879 videtur

122 1924 295 1990 evidenter
311 1933 421 2009 patere
448 1942 489 1989 ex
508 1940 597 1987 mera
616 1922 832 1987 terminorum
862 1919 1088 2005 explicatione,
1113 1930 1150 1987 ut
1167 1920 1245 1987 satis

122 2032 362 2099 declaravimus
381 2033 413 2097 in
433 2028 690 2115 probationibus.

495 2241 796 2317 ARTICULUS
813 2241 879 2319 HI.

251 2392 418 2456 Utrum
441 2391 668 2492 evidentia
690 2396 822 2469 cogat
843 2390 1123 2457 intellectum

370 2502 373 2507 '
480 2499 539 2562 ad
554 2514 797 2564 assensum
820 2497 888 2581 (1),

170 2678 226 2762 78.
275 2646 365 2744 Nota
388 2686 435 2743 1.⁰
454 2674 581 2760 Duplex
601 2684 649 2741 est
668 2676 859 2741 necessitas:
881 2678 977 2742 altera
997 2677 1106 2760 quoad
1126 2679 1244 2766 specifi-
1298 2676 1421 2723 noemma
1485 2648 1494 2669 ’

1218 2789 1224 2800 .
1276 2750 1445 2806 specificationis

122 2789 292 2863 cntionem,
312 2787 411 2850 altera
430 2787 540 2869 quoad
562 2787 756 2851 exercitium.
786 2787 969 2852 Necessitas
995 2787 1244 2870 specificationis
1338 2837 1378 2868 ,,,,
1444 2853 1450 2862 ,

123 2915 183 2960 seu
198 2892 431 2959 contrarietatis
450 2893 558 2969 adest,
579 2911 655 2958 cum
672 2893 817 2978 potentia
837 2893 1030 2960 necessitate
1048 2903 1098 2959 est
1117 2895 1158 2959 ad
1177 2915 1245 2960 cer·
1279 2897 1443 2948 contrarietatis.

1299 2977 1320 3011 et
1327 2967 1421 3010 exercitii

123 3014 193 3067 tam
215 3001 356 3085 speciem
376 3009 467 3066 actus
485 3001 545 3076 ita,
568 3011 688 3066 utnon
710 3002 812 3084 possit
834 3019 954 3084 ponere
979 3012 1088 3067 actum
1113 3005 1246 3088 opposi-
1271 3041 1305 3086 „1
1322 3037 1433 3084 „mdc

124 3121 212 3176 tum.
233 3109 275 3174 lta
297 3108 449 3174 voluntas
470 3109 717 3174 necessitaretur
732 3109 772 3173 ad
795 3127 940 3174 amorem
960 3109 1095 3195 alicujus
1113 3110 1243 3196 objecti,
1312 3112 1397 3157 sitit·

123 3217 152 3282 si
183 3235 247 3282 non
268 3225 380 3300 posset
407 3215 484 3280 illud
509 3217 584 3281 odio
604 3217 735 3281 habere:
758 3218 846 3282 vele
870 3199 1043 3285 conveiso.
1062 3219 1245 3285 Necessitas

125 3343 204 3389 vero
227 3323 366 3388 exercitii
389 3341 446 3388 seu
469 3323 731 3390 contradictionis
750 3325 857 3400 adest,
885 3344 960 3390 cum
981 3327 1125 3410 potentia
1143 3327 1187 3392 ita
1206 3328 1246 3392 ad

123 3431 267 3515 aliquem
287 3442 395 3497 actum
416 3430 571 3516 adigitur,
600 3442 636 3498 ut
656 3450 721 3497 non
752 3433 856 3515 possit
884 3433 974 3497 illum
994 3433 1157 3500 omittere.
1178 3435 1247 3502 lloc

162 3663 202 3734 (ι)
239 3663 283 3720 De
297 3663 351 3720 hac
362 3661 481 3719 materia
497 3660 588 3720 videri
599 3675 722 3734 possunt
735 3663 878 3733 Fonseca,
893 3665 1035 3739 Meropia,
1045 3665 1095 3724 lib.
1105 3667 1132 3736 6,
1144 3689 1206 3740 cap.
1221 3691 1244 3739 1,

120 3775 155 3826 q.
170 3773 201 3826 4,
218 3765 286 3810 sect.
301 3771 333 3825 43
351 3750 542 3820 Conimbric.‚
563 3751 593 3810 in
614 3751 662 3810 lib.
689 3761 745 3810 12¹³
763 3755 924 3812 Posterior.
939 3757 1124 3828 annoticum,
1139 3779 1201 3830 cap.
1220 3781 1244 3829 1,

123 3865 155 3914 q.
170 3862 203 3916 4,
218 3855 273 3900 art.
286 3861 318 3914 4;
335 3841 411 3898 Rub.
427 3839 458 3898 in
472 3839 522 3898 lib.
541 3851 598 3899 1:¹¹²
615 3843 777 3900 Posterior.
789 3862 818 3914 q.
834 3844 866 3912 8;
883 3842 1086 3916 Complutens.
1104 3847 1135 3904 ln
1148 3849 1244 3906 Arist.

123 3933 262 4000 Dialecr,
277 3931 352 4002 disp.
371 3951 413 4004 17,
425 3949 495 4002 q.4;
511 3930 641 3988 Francia.
653 3929 735 3988 Soar.
752 3931 858 4002 Lusit,
867 3933 984 4010 Lugio,
996 3947 1079 3994 tract.
1092 3937 1120 4004 8,
1128 3936 1205 4009 disp.
1217 3959 1243 4008 2,

123 4035 195 4080 sect.
217 4039 248 4094 4,
266 4041 381 4093 paragr.
400 4040 431 4090 53
448 4019 585 4086 Hurtad.,
602 4023 637 4077 de
655 4023 774 4090 Anima,
797 4021 872 4093 disp.
896 4045 923 4095 7,
944 4037 1013 4082 sect.
1035 4038 1090 4097 433
1110 4027 1242 4101 Arriaga,

123 4113 211 4184 Lug„
227 4111 356 4183 disp.r5,
371 4123 440 4168 sect.
456 4109 489 4178 63
506 4108 634 4178 Rhodes,
644 4111 756 4168 Pteros.
773 4112 890 4184 Perip„
900 4111 950 4170 lib.
964 4133 988 4171 r.
1003 4113 1079 4186 disp.
1093 4135 1122 4187 4,
1139 4133 1243 4188 quaest.

123 4201 205 4259 unic.
227 4213 295 4258 sect.
315 4218 346 4272 4,
370 4218 487 4272 paragr.
498 4219 539 4270 133
558 4198 677 4268 Quiros,
692 4199 779 4275 Lug„
795 4213 879 4258 tract.
902 4221 933 4269 a,
957 4216 1032 4273 part.
1052 4205 1080 4273 6,
1105 4205 1182 4277 disp.
1199 4229 1243 4280 32,

123 4303 194 4351 sect.
209 4309 236 4359 ις
250 4289 356 4358 Joann.
372 4309 389 4346 a
404 4287 436 4347 S.
446 4287 569 4357 Thoana,
579 4289 697 4364 Logia,
712 4305 816 4361 quoest.
833 4310 883 4361 24,
899 4303 955 4349 art.
970 4313 996 4364 33
1013 4293 1056 4352 De
1068 4295 1243 4367 Benedictis,

123 4381 239 4457 Logia,
259 4378 307 4436 lib.
324 4398 356 4451 4,
381 4397 411 4449 q.
430 4399 453 4446 ι,
468 4397 531 4449 cap.
549 4396 579 4447 ς,
596 4377 704 4452 braye,
726 4377 839 4438 Pirr'ios.
855 4382 972 4456 Perip„
988 4396 1063 4454 part.
1085 4406 1107 4454 ι,
1123 4385 1202 4458 disp.
1215 4388 1242 4457 6,

122 4483 179 4528 art.
197 4491 222 4542 3,
234 4459 267 4541 ξς
284 4467 422 4536 Lossada‚
438 4467 542 4544 Logic.
556 4479 638 4526 tract.
654 4469 682 4537 6,
698 4468 774 4541 disp.
793 4491 816 4540 1,
833 4490 894 4541 cap.
908 4489 939 4539 23
956 4471 1062 4540 Mauri,
1081 4474 1243 4552 Quaestion.

123 4559 243 4636 philos..
258 4557 315 4616 rol.
344 4578 368 4626 ι,
384 4570 489 4628 quaest.
513 4557 559 4630 63,
585 4559 659 4616 Dico
679 4569 734 4628 ιθ,
757 4557 893 4634 semoy,
912 4561 1029 4620 Trienn.
1049 4565 1170 4638 philos,
1185 4566 1243 4624 roi.

125 4659 185 4707 1.'¹
201 4646 278 4720 disp.
293 4647 322 4716 6,
337 4666 367 4718 q.
382 4666 444 4716 r,a.
456 4659 543 4716 setar
560 4646 694 4718 Pontius,
709 4649 826 4726 Logia,
845 4649 923 4724 disp.
938 4671 983 4722 ao,
1001 4673 1032 4724 q.
1048 4673 1074 4722 ις
1093 4652 1245 4723 Mestrius,

124 4737 239 4812 Logia,
254 4736 331 4809 ἀίει).
350 4757 391 4806 ιι,
407 4755 435 4808 q.
454 4753 479 4808 ς.
