3492 5525
531 459 590 526 994
648 441 774 508 Locren
789 438 1032 517 Maron-Lm..
1050 454 1107 517 2¹¹³,
1121 440 1216 505 Drs'n.
1232 455 1278 523 4·
1293 440 1373 504 Cre.
1390 455 1461 523 ψ

492 627 738 711 distinguuntur
750 626 834 692 inter
847 644 882 692 se
895 622 959 713 (t).
976 625 1014 692 Et
1031 626 1109 691 ratio
1125 626 1268 691 redditur
1282 626 1322 692 ab
1337 625 1507 711 Angelico:
1530 622 1622 689 Tern-

488 735 636 817 perantia
652 738 701 800 est
711 734 838 817 proprie
854 735 939 799 circa
957 733 1218 813 concupiscentias
1239 734 1476 799 delectationum
1499 735 1623 811 tactae

493 854 526 908 et
543 847 619 910 ideo
636 855 786 926 oportet,
806 844 846 907 ut
864 842 921 907 adi
936 844 1014 907 sunt
1027 841 1160 907 diverse
1173 842 1310 906 rationes
1321 838 1544 915 delectationis,
1569 840 1623 903 ibi

492 950 560 1014 sint
572 949 705 1015 diversa
720 950 850 1014 virtuter
862 950 920 1014 sub
938 948 1141 1031 temperantia
1154 950 1374 1031 comprehema
1392 946 1456 1036 (2).

562 1058 599 1123 Et
617 1058 703 1123 idem
724 1058 817 1123 docet
838 1056 1014 1141 Angelicus
1034 1059 1132 1121 relate
1157 1058 1196 1123 ad
1217 1058 1437 1140 prudentiam:
1461 1056 1515 1121 Aa
1537 1063 1622 1137 prac-

493 1165 630 1230 dentiam
643 1166 781 1246 pertinet
796 1184 902 1249 regere
920 1168 952 1230 et
958 1166 1147 1248 precipere:
1161 1170 1192 1231 et
1208 1166 1276 1231 ideo
1294 1164 1349 1231 nbi
1372 1165 1534 1229 invenitur
1548 1170 1624 1243 spe-

494 1272 584 1337 cialis
600 1274 685 1337 rotro
702 1273 859 1357 regiminis
877 1277 909 1338 et
922 1273 1069 1354 precepti
1081 1274 1116 1337 in
1130 1274 1275 1338 hunronis
1296 1273 1433 1349 aclibus,
1458 1272 1504 1335 ibi
1524 1272 1623 1336 etinm

494 1379 655 1446 invenitur
670 1380 811 1463 specialis
825 1381 907 1445 ratio
915 1382 1093 1462 prudentio
1107 1378 1171 1467 (3).
1192 1381 1230 1447 Et
1248 1390 1486 1463 consequenter
1511 1380 1626 1463 plures

495 1487 667 1573 distinguit
681 1488 805 1572 species
821 1488 1001 1572 pmdentiae
1015 1488 1151 1554 totidem
1172 1488 1312 1555 articulis
1332 1507 1387 1572 per
1405 1497 1508 1554 totam
1529 1505 1626 1568 quae-

496 1594 638 1661 stionem
658 1595 965 1680 quinquagesimam
984 1594 1018 1659 in
1036 1596 1180 1661 Secundo
1192 1597 1337 1660 secunda
1350 1595 1463 1677 partis.

564 1702 648 1787 Ergo
667 1703 762 1767 simili
787 1704 887 1768 modo
917 1721 981 1767 non
1009 1702 1128 1768 sufficit
1156 1704 1270 1769 unicus
1296 1703 1424 1768 habitus
1443 1702 1484 1766 ad
1509 1701 1624 1783 plures
1731 1679 1732 1751 Ῠ

498 1818 590 1875 actus
608 1810 716 1894 specie
734 1809 882 1876 diversos
901 1809 1075 1877 eliciendos
1094 1812 1202 1875 solum
1219 1830 1259 1875 ex
1274 1830 1325 1888 eo,
1353 1810 1443 1893 quod
1462 1809 1524 1876 sub
1554 1828 1624 1873 una

498 1918 623 1982 ratione
641 1917 810 1982 communi
824 1918 1033 1982 conveniant.

566 2032 639 2091 Nec
666 2031 758 2090 valet
785 2024 904 2107 paritas
931 2023 1085 2107 potentiae
1109 2024 1329 2099 intellectivae‚
1359 2042 1434 2107 quae
1455 2041 1519 2089 una
1543 2042 1623 2088 cum
1731 2000 1732 2081 i

373 2172 382 2186 =
497 2130 555 2207 sit,
576 2131 816 2197 diversissimos
835 2140 928 2196 actus
948 2132 1034 2195 valet
1052 2131 1175 2197 elicere.
1209 2132 1314 2196 lmmo
1333 2131 1358 2195 si
1377 2131 1551 2196 adversarii
1582 2131 1624 2193 ad
1731 2132 1732 2139 ’

498 2237 581 2305 hanc
597 2240 765 2322 paritatem
783 2239 995 2323 confugiunt,
1013 2258 1144 2304 necesse
1158 2247 1225 2315 est,
1243 2251 1278 2307 ut
1295 2238 1428 2305 unicum
1448 2239 1625 2305 dumtaxat
1731 2248 1732 2329 ζ

498 2348 645 2412 habitum
676 2347 926 2412 intellectualem
947 2346 1122 2412 admittant
1151 2348 1190 2411 ad
1214 2366 1330 2412 omnes
1350 2364 1484 2431 prorsus
1512 2356 1621 2423 actuS,

497 2456 580 2521 sicut
609 2474 673 2520 una
701 2463 830 2520 tantum
858 2456 953 2519 datur
972 2454 1119 2538 potentia
1138 2454 1372 2521 intellectualis.
1394 2454 1516 2522 Paritas
1543 2476 1625 2540 ergo
1731 2442 1732 2447 ’

499 2581 564 2628 non
584 2572 635 2629 est
654 2563 738 2629 inter
754 2562 932 2647 potentiam
950 2572 981 2626 et
997 2560 1162 2643 habitum,
1180 2563 1254 2646 quia
1270 2564 1413 2646 potentia
1430 2582 1495 2629 non
1513 2564 1627 2647 acqui·

498 2672 577 2736 ritur
596 2689 654 2754 per
672 2682 780 2747 actus,
800 2672 859 2736 sed
880 2680 992 2735 natura
1015 2670 1083 2754 ipsa
1104 2670 1198 2735 nobis
1216 2671 1328 2747 datur,
1349 2682 1447 2753 atque
1466 2672 1549 2735 adeo
1576 2682 1627 2735 est

498 2780 601 2845 virtus
616 2779 791 2863 superioris
805 2777 928 2844 ordinis
941 2788 973 2843 et
989 2797 1086 2856 causa
1101 2779 1292 2844 universalis
1307 2787 1439 2846 actuum
1456 2779 1624 2844 omnium.

498 2887 541 2950 At
561 2903 638 2951 vero
657 2885 787 2951 habitus
807 2904 864 2970 per
887 2893 977 2951 actus
1005 2897 1191 2970 generatur.
1216 2884 1409 2952 Consonum
1435 2895 1547 2952 autem
1576 2897 1627 2952 est
1731 2913 1732 2924 ³

498 2993 627 3070 rationi,
649 3004 685 3058 ut
704 2992 822 3077 singuli
837 3005 929 3059 actus
945 2992 1085 3060 efficiant
1104 2995 1225 3077 aliquid
1247 2994 1306 3060 sibi
1332 2995 1623 3080 proportionatum

496 3111 528 3166 et
550 3111 871 3176 commensuratum,
901 3112 1000 3185 atque
1028 3101 1110 3168 adeo
1134 3102 1247 3185 nequit
1275 3121 1361 3168 unus
1386 3111 1477 3168 actus
1509 3113 1621 3168 toturn
1731 3105 1732 3161 l

482 3210 642 3274 'habitum
662 3208 797 3294 gignere
823 3227 973 3292 capacem
1002 3210 1099 3274 etiam
1129 3210 1170 3275 ad
1200 3209 1342 3293 reliquos
1371 3229 1487 3276 omnes
1511 3222 1618 3286 actus,
1731 3173 1732 3264 i

496 3326 678 3399 utcumque
697 3317 805 3400 specie
823 3316 970 3382 diversos
988 3315 1164 3383 eliciendos
1183 3315 1195 3404 (
1221 3315 1247 3402 ).

564 3433 637 3491 Nec
654 3430 746 3491 valet
763 3429 891 3490 iterum
910 3423 1028 3508 paritas
1047 3423 1147 3488 Fidei.
1169 3425 1202 3490 ln
1224 3423 1336 3508 primis
1356 3425 1443 3489 enim
1466 3425 1581 3503 Fides,
1599 3427 1627 3492 si

498 3531 753 3616 supernaturalis
773 3532 832 3607 sit,
853 3531 1036 3597 infunditur
1055 3546 1073 3596 a
1092 3531 1160 3596 Deo
1188 3534 1260 3597 solo
1288 3531 1421 3618 physice
1449 3541 1623 3616 operante,
1731 3551 1732 3554 ’

499 3657 558 3704 nec
576 3640 809 3721 generaturab
828 3637 906 3722 ipsis
926 3639 1062 3715 actibus,
1085 3647 1117 3703 et
1136 3639 1208 3704 ideo
1228 3658 1292 3704 una
1315 3638 1457 3723 simplex
1482 3640 1627 3723 qualitas

499 3755 563 3823 est,
580 3745 655 3829 quia
671 3765 688 3811 a
702 3745 770 3811 Deo
784 3746 879 3812 datur
895 3746 1076 3812 secundum
1093 3747 1267 3812 essentiam
1285 3749 1436 3831 perlecta,
1452 3757 1485 3812 et
1500 3759 1626 3831 quanta
1731 3759 1732 3832 ξ

499 3853 621 3920 sufficit
640 3854 679 3918 ad
699 3871 816 3919 omnes
834 3854 987 3921 veritates
1007 3855 1373 3922 revelataseredendas.
1395 3855 1431 3920 Et
1451 3865 1627 3940 propterea
1731 3939 1732 3946 ἵ

499 3960 636 4036 sufficit,
658 3970 693 4026 ut
712 3956 753 4027 sit
772 3980 836 4026 una
855 3962 996 4045 simplex
1019 3960 1169 4045 qualitas.
1197 3962 1276 4028 ltem
1297 3963 1406 4050 omnis
1425 3972 1516 4029 actus
1536 3961 1624 4029 Fidei
1731 4008 1732 4062 l

499 4069 618 4134 divinae
638 4070 734 4136 habet
762 4067 849 4134 idem
879 4071 1013 4135 formale
1037 4069 1216 4146 motivum,
1238 4071 1462 4137 auctoritatem
1490 4069 1548 4135 Dei
1577 4089 1628 4136 re·

500 4178 652 4253 vetantis,
683 4186 781 4258 atque
814 4177 895 4241 adeo
927 4177 959 4241 in
980 4178 1055 4242 Fide
1091 4195 1156 4242 non
1183 4179 1276 4242 datur
1307 4178 1456 4262 specifica
1484 4179 1627 4245 varietas
1731 4219 1732 4268 3

424 4419 429 4426 .
533 4377 574 4437 (ι)
612 4372 686 4430 Vide
702 4369 734 4430 S.
750 4372 854 4429 Thom.
870 4391 896 4427 a.
914 4391 939 4428 a.
956 4390 986 4441 q.
1001 4373 1059 4443 146,
1076 4391 1101 4429 a.
1115 4390 1142 4442 a;
1160 4393 1189 4444 q.
1205 4392 1262 4460 ¹49*
1275 4393 1302 4430 a.
1313 4391 1340 4442 2,
1356 4393 1385 4444 q.
1407 4391 1465 4446 ¹5¹2
1478 4393 1506 4432 a.
1518 4393 1544 4431 a.
1557 4387 1586 4446 et
1597 4397 1624 4447 3.

534 4461 576 4526 (a)
613 4460 646 4518 S.
662 4461 718 4518 Th.
732 4481 759 4519 2.
774 4482 800 4518 a.
816 4482 844 4532 q.
864 4479 924 4530 15t‚
941 4481 968 4518 a.
985 4482 1010 4533 3,
1027 4481 1106 4533 corp.

535 4556 577 4621 (3)
613 4571 641 4608 a.
657 4571 683 4609 a.
699 4571 729 4622 q.
748 4571 791 4624 50,
807 4572 834 4608 a.
854 4570 972 4624 1‚corp.

533 4639 574 4712 (4)
611 4638 1025 4714 Cir.Suar.loc.cit.n.58;
1045 4653 1073 4700 et
1093 4640 1234 4711 Lounda,
1256 4641 1309 4699 loc.
1330 4640 1455 4713 eitcup.
1475 4643 1508 4714 6,
1528 4661 1560 4702 n.
1590 4663 1626 4701 aa
1731 4679 1732 4690 .

497 4741 527 4787 et
537 4745 584 4800 η.
