3492 5525
549 481 608 544 230
736 464 864 528 Loorca
885 459 1136 529 Minoa-urse.
1161 471 1205 524 a·
1225 459 1304 524 Car.
1334 473 1401 524 ram

337 681 460 727 om„
554 643 609 735 96.
658 647 704 716 Ex
722 648 782 718 hac
794 644 982 714 definitione
996 643 1087 712 facile
1105 643 1255 729 colliges:
1266 640 1378 731 a)non
1391 643 1477 712 idem
1494 659 1628 725 prorsus

316 753 479 835 «infinitum
504 773 583 822 esse
602 773 723 823 nomen
737 754 880 840 logicum
899 761 933 818 et
946 753 1209 838 grammaticum.
1229 751 1268 820 Et
1287 750 1393 836 primo
1412 751 1545 834 quidem
1559 769 1630 834 pro
1726 803 1727 806 ,

315 823 479 949 ’ἭῩΜ
512 861 645 930 nomina
666 861 956 947 grammaticorum
977 867 1018 926 et
1045 859 1145 926 verba
1167 857 1317 925 infinitivi
1344 856 1432 926 modi
1456 865 1534 924 sunt
1553 877 1629 924 vera
1726 921 1727 942 χ

312 965 485 1012 minimi>
512 969 645 1036 nomina
663 969 778 1054 logica.
798 969 922 1038 Verum
938 967 1026 1034 enim
1043 974 1092 1034 est
1106 965 1224 1047 dicere:
1245 967 1309 1050 Ego
1321 983 1409 1047 sum,·
1423 964 1548 1032 Semire
1561 966 1630 1030 Deo
1726 967 1727 982 ¹

510 1095 639 1161 regnare
656 1080 712 1156 est,
728 1077 829 1144 Dulce
841 1080 874 1142 et
885 1077 1031 1144 decorum
1043 1079 1091 1140 est
1097 1081 1157 1157 pro
1165 1074 1273 1157 patna
1286 1075 1377 1140 mori.
1394 1073 1468 1139 ideo
1483 1076 1515 1140 in
1525 1090 1630 1160 graeca
1726 1081 1727 1140 ζ

325 1050 376 1082 uem
383 1034 473 1082 hubent

511 1184 621 1270 lingua
639 1193 672 1251 et
690 1185 723 1250 in
743 1183 855 1250 multis
874 1181 1234 1279 vernaculiqinsrnitivo
1253 1199 1339 1266 saepe
1359 1181 1556 1266 praeponitur
1580 1201 1631 1248 ar·
1726 1201 1727 1206 ¹

511 1293 628 1358 ticuius
647 1289 778 1374 perinde
796 1311 834 1358 ac
848 1289 1036 1356 nominibus
1055 1285 1119 1377 (r).
1726 1291 1727 1374 f

342 1428 452 1482 oum
578 1397 613 1488 β)
631 1398 706 1465 Non
732 1399 840 1465 solum
859 1415 957 1463 voces
981 1395 1058 1462 nihil
1078 1395 1313 1481 significantem
1338 1396 1517 1462 sedetiam
1545 1397 1628 1473 aliae,
1726 1423 1727 1484 p

303 1496 490 1615 'afflat'
509 1525 584 1590 quae
602 1507 636 1572 in
655 1506 877 1592 suppositione
896 1504 1051 1570 materiali
1075 1504 1292 1588 accipiuntur,
1314 1503 1467 1576 excidunt
1484 1525 1504 1569 a
1524 1505 1632 1570 nomi-

367 1638 444 1694 naret·
511 1614 562 1682 nis
580 1613 752 1700 dignitate,
768 1613 846 1698 quia
864 1612 1018 1679 nimirum
1039 1630 1106 1678 non
1126 1611 1310 1697 significant
1327 1613 1368 1678 ad
1388 1613 1553 1696 placitum.
1577 1612 1633 1677 ui-

510 1730 630 1788 cuntur
647 1730 759 1788 tamen
783 1737 901 1787 omnes
919 1720 1081 1804 ejusmodi
1100 1738 1215 1796 voces,
1236 1719 1310 1785 licet
1335 1720 1385 1786 hic
1407 1728 1439 1786 et
1458 1739 1544 1786 nunc
1563 1739 1631 1786 non

511 1837 590 1897 sunt
605 1828 732 1914 proprie
752 1828 903 1905 nomina,
925 1827 1041 1893 habere
1062 1827 1127 1892 vim
1145 1827 1281 1894 nominis
1298 1845 1355 1894 seu
1374 1827 1459 1892 sumi
1474 1828 1506 1894 in
1526 1827 1561 1892 oi
1576 1847 1634 1894 no-

511 1938 619 2013 minis,
639 1937 715 2020 quia
734 1935 866 2022 perinde
885 1955 922 2002 ac
941 1935 967 2001 si
987 1942 1097 2001 essent
1116 1953 1191 2000 vera
1216 1935 1366 2012 nomina,
1386 1937 1526 2002 reddunt
1539 1935 1634 2002 uerbo

510 2047 717 2129 suppositum,
738 2043 1020 2128 quemadmodum
1044 2044 1224 2126 loquuntur
1237 2040 1361 2128 Logicr,
1376 2043 1530 2111 nimirum
1554 2053 1634 2110 sunt
1726 2111 1727 2120 χ

504 2151 599 2220 basis
613 2172 650 2218 ac
668 2152 852 2236 subjectum
872 2149 1120 2234 propositionis,
1136 2168 1236 2232 quam
1256 2145 1357 2216 simui
1371 2168 1448 2216 eum
1467 2153 1583 2234 copula
1599 2160 1633 2218 et
1726 2191 1727 2252 q

512 2259 686 2346 predicato
704 2258 921 2325 constituunt:
943 2266 979 2323 ut
994 2257 1020 2322 si
1035 2257 1136 2323 dicas:
1157 2263 1278 2324 Blictri
1294 2261 1343 2323 est
1356 2276 1434 2334 nox,
1461 2263 1571 2327 curro
1588 2264 1638 2326 est
1726 2297 1727 2302 κ

511 2368 659 2449 aarum
677 2373 802 2435 Petrus
818 2369 867 2432 est
881 2383 943 2430 vox
959 2365 1115 2447 dysiilada
1133 2363 1197 2452 (e).
1726 2343 1727 2362 ¹

578 2471 615 2564 γ)
643 2473 749 2542 Voces
768 2473 935 2558 adjectivae
955 2491 1021 2539 non
1041 2471 1192 2538 videntur
1206 2491 1278 2538 esse
1297 2473 1442 2550 nomina,
1471 2474 1531 2541 nisi
1554 2476 1634 2540 sub·
1726 2475 1727 2568 i

462 2656 466 2661 ,
513 2583 653 2650 stantive
671 2589 842 2648 sumantur
860 2580 895 2647 in
913 2599 1032 2666 genere
1048 2587 1183 2657 neutro,
1202 2581 1278 2663 quia
1293 2580 1448 2647 nimirum
1464 2592 1636 2665 nequeunt
1726 2569 1727 2624 i

513 2691 646 2757 reddere
672 2688 880 2773 suppositum
907 2687 1024 2765 v'erbo,
1054 2705 1113 2754 nec
1138 2706 1174 2752 se
1200 2687 1277 2754 solis
1303 2689 1405 2754 iacere
1430 2689 1529 2754 simul
1555 2709 1634 2756 cum

464 2844 469 2855 -
513 2799 613 2866 verbo
631 2801 680 2865 est
695 2782 810 2863 veram⁸
825 2806 882 2862 aut
900 2797 1015 2863 falsam
1035 2796 1228 2862 orationem.

360 2930 440 2986 Quart.
579 2900 612 2993 d)
629 2908 748 2975 Nomen
767 2904 876 2970 minus
904 2904 967 2969 late
992 2910 1081 2991 patet
1109 2922 1208 2987 quarn
1234 2904 1385 2979 terminus
1391 2924 1405 2986 ;
1430 2924 1635 2989 quamquam

242 3044 247 3051 ·
328 3001 474 3120 '‘wffl
513 3013 603 3081 enim
621 3032 722 3079 omne
741 3030 863 3078 nomen
880 3011 922 3079 sit
939 3012 1115 3087 terminus,
1133 3028 1199 3077 non
1214 3029 1292 3077 vero
1306 3030 1324 3077 e
1339 3030 1510 3080 converso.
1527 3014 1634 3097 Brevi;

439 3101 446 3118 ⁶
515 3139 637 3190 nomen
655 3119 856 3186 convertitur
875 3119 1046 3185 dumtaxat
1067 3132 1143 3185 curn
1171 3118 1312 3185 termino
1331 3118 1536 3203 incomplexe,
1563 3123 1638 3188 sub-

513 3228 661 3304 stantivo,
680 3226 948 3311 categoremarica
966 3225 1063 3310 finito
1083 3230 1116 3291 et
1130 3245 1193 3292 non
1212 3226 1378 3310 equivoco.
1395 3227 1488 3295 Unde
1509 3229 1636 3297 nomini

514 3338 611 3404 etiam
626 3336 799 3402 convenire
819 3342 959 3419 possunt
985 3350 1102 3401 omnes
1129 3333 1318 3418 partitiones
1336 3335 1497 3419 ejusmodi
1523 3339 1637 3407 termi»

515 3463 635 3513 norum
655 3442 793 3528 propriae
809 3438 873 3529 (J).
1106 3450 1108 3455 '

581 3549 612 3639 e)
631 3551 746 3635 Liquet
760 3550 878 3635 pariter
892 3568 933 3616 ex
951 3548 1045 3617 dictis
1066 3566 1186 3617 nornen
1205 3549 1346 3634 legiqum
1367 3568 1434 3617 non
1451 3551 1539 3618 idem
1561 3570 1636 3619 esse

516 3668 614 3743 atque
632 3658 883 3745 grammaticum
903 3653 966 3745 (4).

582 3765 615 3833 Si
631 3768 706 3849 quis
724 3783 822 3851 porro
841 3773 981 3849 querat,
1009 3782 1067 3831 cur
1094 3764 1284 3832 Aristoteles
1302 3774 1336 3829 et
1355 3764 1463 3851 Logici
1485 3784 1639 3833 commu-

516 3874 597 3941 niter
614 3874 658 3939 ita
678 3873 839 3940 voluerint
863 3872 1085 3957 acceptionem
1108 3873 1250 3939 nominis
1268 3874 1456 3945 contrahere
1479 3875 1638 3943 adversus
1726 3908 1727 3913 ,

515 4000 730 4049 communem
765 3998 863 4047 usum
896 3979 1210 4063 Grammaticorum;
1247 3980 1326 4047 ratio
1352 3981 1421 4049 hec
1448 3982 1640 4065 planissima

550 4214 593 4283 (r)
627 4212 705 4273 Vide
720 4211 753 4272 S.
767 4212 838 4282 Tu,
852 4210 906 4269 ioe.
922 4210 970 4271 cit.
988 4211 1053 4271 leet.
1065 4230 1092 4282 ς,
1107 4224 1173 4284 poet
1186 4208 1314 4271 initium.

550 4309 592 4371 (2)
629 4302 707 4363 Vide
721 4300 754 4362 S.
772 4302 877 4362 Thom.
892 4300 943 4371 ib.¹
954 4300 1020 4361 ieet.
1033 4318 1058 4374 53
1073 4313 1104 4361 et
1116 4301 1247 4361 Loseade
1261 4301 1359 4361 instit.
1370 4303 1499 4362 Dialect.
1514 4302 1591 4377 disp.
1609 4324 1638 4375 a,

513 4411 769 4557 ⁰⁸f{)¹'1¹.¹32⁵s'an‚
785 4480 855 4541 ine.
877 4501 907 4541 n.
923 4502 950 4555 7.
1069 4508 1074 4517 ·
1726 4494 1727 4565 q

551 4578 592 4647 (4)
626 4572 704 4631 Vide
718 4570 892 4631 haecomnia
905 4591 951 4644 ep.
964 4569 997 4630 S.
1013 4570 1070 4630 Th.
1086 4570 1138 4629 lib.
1151 4578 1190 4629 r.·
1203 4569 1366 4631 Periherm.
1382 4570 1445 4630 leet.
1456 4588 1488 4647 4.
1502 4570 1566 4632 cfr.
1577 4572 1640 4635 Co-
1726 4574 1727 4595 ³

515 4660 661 4728 nimbrie.‚
678 4661 801 4730 Rubiuo,
816 4674 845 4719 et
858 4660 951 4720 Tolet.
967 4659 997 4719 in
1014 4659 1085 4719 loeis
1097 4659 1225 4733 propriis
1235 4660 1272 4719 de
1292 4662 1443 4737 interpret.
1459 4658 1510 4722 ubi
1522 4660 1587 4722 suee
1600 4665 1638 4723 de
1726 4684 1727 4727 t

516 4750 573 4812 his:
589 4750 717 4824 itemque
730 4750 869 4822 Loesada,
885 4750 938 4809 ioc.
954 4750 1015 4823 eit,
1030 4749 1107 4823 disp.
1122 4769 1150 4822 a,
1166 4770 1229 4823 cap.
1246 4772 1271 4823 1,
1286 4771 1313 4809 a.
