<?xml version="1.0" encoding="UTF-8"?>
<!DOCTYPE html PUBLIC "-//W3C//DTD XHTML 1.0 Transitional//EN"
    "http://www.w3.org/TR/xhtml1/DTD/xhtml1-transitional.dtd">
<html xmlns="http://www.w3.org/1999/xhtml" xml:lang="en" lang="en">
 <head>
  <title>
</title>
<meta http-equiv="Content-Type" content="text/html;charset=utf-8" />
  <meta name='ocr-system' content='tesseract 3.04.00' />
  <meta name='ocr-capabilities' content='ocr_page ocr_carea ocr_par ocr_line ocrx_word'/>
</head>
<body>
  <div class='ocr_page' id='page_1' title='image "./institutionesph00urrgoog/institutionesph00urrgoog_0480.png"; bbox 0 0 3492 5525; ppageno 0'>
   <div class='ocr_carea' id='block_1_1' title="bbox 550 410 1478 495">
    <p class='ocr_par' dir='ltr' id='par_1_1' title="bbox 550 410 1478 495">
     <span class='ocr_line' id='line_1_1' title="bbox 550 410 1478 495; baseline 0 -18"><span class='ocrx_word' id='word_1_1' title='bbox 550 410 610 495; x_wconf 78' lang='lat'>458</span> <span class='ocrx_word' id='word_1_2' title='bbox 659 412 786 479; x_wconf 77' lang='lat' dir='ltr'>Locren</span> <span class='ocrx_word' id='word_1_3' title='bbox 801 414 1033 489; x_wconf 69' lang='lat' dir='ltr'>limos-Lus.</span> <span class='ocrx_word' id='word_1_4' title='bbox 1055 429 1125 489; x_wconf 64' lang='grc' dir='ltr'>ψ,</span> <span class='ocrx_word' id='word_1_5' title='bbox 1142 413 1234 477; x_wconf 78' lang='lat' dir='ltr'>Drsn.</span> <span class='ocrx_word' id='word_1_6' title='bbox 1251 426 1296 477; x_wconf 73' lang='lat' dir='ltr'>a·</span> <span class='ocrx_word' id='word_1_7' title='bbox 1310 414 1390 479; x_wconf 74' lang='lat' dir='ltr'>Csr.</span> <span class='ocrx_word' id='word_1_8' title='bbox 1411 430 1478 477; x_wconf 69' lang='lat' dir='ltr'>uum</span> 
     </span>
    </p>
   </div>
   <div class='ocr_carea' id='block_1_2' title="bbox 331 586 1738 2300">
    <p class='ocr_par' dir='ltr' id='par_1_2' title="bbox 476 586 1645 900">
     <span class='ocr_line' id='line_1_2' title="bbox 476 586 1645 684; baseline 0.001 -25"><span class='ocrx_word' id='word_1_9' title='bbox 476 586 479 597; x_wconf 86' lang='grc'><strong>’</strong></span> <span class='ocrx_word' id='word_1_10' title='bbox 511 594 671 660; x_wconf 82' lang='lat' dir='ltr'><strong>dubitatio</strong></span> <span class='ocrx_word' id='word_1_11' title='bbox 700 603 808 662; x_wconf 86' lang='lat' dir='ltr'>autem</span> <span class='ocrx_word' id='word_1_12' title='bbox 832 597 960 679; x_wconf 78' lang='lat' dir='ltr'>proprie</span> <span class='ocrx_word' id='word_1_13' title='bbox 984 595 1066 661; x_wconf 84' lang='lat' dir='ltr'>dicit</span> <span class='ocrx_word' id='word_1_14' title='bbox 1091 595 1335 680; x_wconf 74' lang='lat' dir='ltr'>indifferentiam</span> <span class='ocrx_word' id='word_1_15' title='bbox 1349 596 1473 684; x_wconf 80' lang='lat' dir='ltr'>judicii</span> <span class='ocrx_word' id='word_1_16' title='bbox 1502 595 1645 662; x_wconf 83' lang='lat' dir='ltr'>rationis</span> 
     </span>
     <span class='ocr_line' id='line_1_3' title="bbox 511 698 1639 789; baseline 0.003 -22"><span class='ocrx_word' id='word_1_17' title='bbox 511 706 647 784; x_wconf 77' lang='lat' dir='ltr'>respectu</span> <span class='ocrx_word' id='word_1_18' title='bbox 674 698 834 789; x_wconf 78' lang='lat' dir='ltr'>utriusque</span> <span class='ocrx_word' id='word_1_19' title='bbox 862 703 965 787; x_wconf 80' lang='lat' dir='ltr'>partis</span> <span class='ocrx_word' id='word_1_20' title='bbox 996 703 1265 780; x_wconf 79' lang='lat' dir='ltr'><em>contradictionis,</em></span> <span class='ocrx_word' id='word_1_21' title='bbox 1303 704 1348 770; x_wconf 84' lang='lat' dir='ltr'>ita</span> <span class='ocrx_word' id='word_1_22' title='bbox 1376 706 1460 789; x_wconf 86' lang='lat' dir='ltr'>quad</span> <span class='ocrx_word' id='word_1_23' title='bbox 1489 708 1639 771; x_wconf 77' lang='lat' dir='ltr'>ncutnon</span> 
     </span>
     <span class='ocr_line' id='line_1_4' title="bbox 507 809 869 900; baseline 0.008 -26"><span class='ocrx_word' id='word_1_24' title='bbox 507 810 676 895; x_wconf 71' lang='lat' dir='ltr'>praefigat</span> <span class='ocrx_word' id='word_1_25' title='bbox 689 812 784 877; x_wconf 83' lang='lat' dir='ltr'>alteri</span> <span class='ocrx_word' id='word_1_26' title='bbox 805 809 818 900; x_wconf 92' lang='lat'>(</span> <span class='ocrx_word' id='word_1_27' title='bbox 843 810 869 900; x_wconf 91' lang='lat'>).</span> 
     </span>
    </p>

    <p class='ocr_par' dir='ltr' id='par_1_3' title="bbox 367 918 1738 1005">
     <span class='ocr_line' id='line_1_5' title="bbox 367 918 1738 1005; baseline 0.001 -22"><span class='ocrx_word' id='word_1_28' title='bbox 367 951 437 995; x_wconf 54' lang='lat' dir='ltr'>pap.</span> <span class='ocrx_word' id='word_1_29' title='bbox 580 919 682 985; x_wconf 84' lang='lat' dir='ltr'>Radix</span> <span class='ocrx_word' id='word_1_30' title='bbox 701 919 895 1004; x_wconf 85' lang='lat' dir='ltr'>suspicionis</span> <span class='ocrx_word' id='word_1_31' title='bbox 915 928 1022 1005; x_wconf 92' lang='lat' dir='ltr'>potest</span> <span class='ocrx_word' id='word_1_32' title='bbox 1036 939 1113 987; x_wconf 87' lang='lat' dir='ltr'>esse</span> <span class='ocrx_word' id='word_1_33' title='bbox 1133 921 1184 985; x_wconf 91' lang='lat' dir='ltr'>vel</span> <span class='ocrx_word' id='word_1_34' title='bbox 1212 918 1246 985; x_wconf 90' lang='lat' dir='ltr'>in</span> <span class='ocrx_word' id='word_1_35' title='bbox 1265 920 1414 1005; x_wconf 86' lang='lat' dir='ltr'>subjecto</span> <span class='ocrx_word' id='word_1_36' title='bbox 1438 921 1488 985; x_wconf 88' lang='lat' dir='ltr'>vel</span> <span class='ocrx_word' id='word_1_37' title='bbox 1516 918 1549 987; x_wconf 91' lang='lat' dir='ltr'>in</span> <span class='ocrx_word' id='word_1_38' title='bbox 1577 920 1645 985; x_wconf 90' lang='lat' dir='ltr'>ob-</span> <span class='ocrx_word' id='word_1_39' title='bbox 1737 933 1738 938; x_wconf 73' lang='grc'>’</span> 
     </span>
    </p>

    <p class='ocr_par' dir='ltr' id='par_1_4' title="bbox 331 1018 1648 1867">
     <span class='ocr_line' id='line_1_6' title="bbox 331 1018 1645 1127; baseline 0.003 -38"><span class='ocrx_word' id='word_1_40' title='bbox 331 1022 473 1081; x_wconf 53' lang='lat' dir='ltr'>‘uului‘-</span> <span class='ocrx_word' id='word_1_41' title='bbox 510 1027 609 1111; x_wconf 88' lang='lat' dir='ltr'>jecto.</span> <span class='ocrx_word' id='word_1_42' title='bbox 641 1026 827 1127; x_wconf 77' lang='lat' dir='ltr'>Aliquando</span> <span class='ocrx_word' id='word_1_43' title='bbox 846 1018 934 1095; x_wconf 89' lang='lat' dir='ltr'>enim</span> <span class='ocrx_word' id='word_1_44' title='bbox 962 1028 1063 1094; x_wconf 87' lang='lat' dir='ltr'>oritur</span> <span class='ocrx_word' id='word_1_45' title='bbox 1088 1028 1231 1112; x_wconf 90' lang='lat' dir='ltr'>suspicio</span> <span class='ocrx_word' id='word_1_46' title='bbox 1259 1048 1302 1095; x_wconf 90' lang='lat' dir='ltr'>ex</span> <span class='ocrx_word' id='word_1_47' title='bbox 1327 1028 1398 1112; x_wconf 92' lang='lat' dir='ltr'>ipsa</span> <span class='ocrx_word' id='word_1_48' title='bbox 1423 1026 1645 1112; x_wconf 86' lang='lat' dir='ltr'>dispositione</span> 
     </span>
     <span class='ocr_line' id='line_1_7' title="bbox 514 1132 1646 1219; baseline 0.002 -22"><span class='ocrx_word' id='word_1_49' title='bbox 514 1132 697 1216; x_wconf 88' lang='lat' dir='ltr'>affectuque</span> <span class='ocrx_word' id='word_1_50' title='bbox 726 1135 836 1208; x_wconf 88' lang='lat' dir='ltr'>animi,</span> <span class='ocrx_word' id='word_1_51' title='bbox 865 1135 921 1217; x_wconf 92' lang='lat' dir='ltr'>qui</span> <span class='ocrx_word' id='word_1_52' title='bbox 942 1135 1039 1201; x_wconf 89' lang='lat' dir='ltr'>etiam</span> <span class='ocrx_word' id='word_1_53' title='bbox 1065 1135 1189 1218; x_wconf 86' lang='lat' dir='ltr'><strong>absque</strong></span> <span class='ocrx_word' id='word_1_54' title='bbox 1208 1134 1386 1202; x_wconf 89' lang='lat' dir='ltr'>rationibus</span> <span class='ocrx_word' id='word_1_55' title='bbox 1405 1135 1573 1219; x_wconf 87' lang='lat' dir='ltr'>objectivis</span> <span class='ocrx_word' id='word_1_56' title='bbox 1597 1136 1646 1199; x_wconf 89' lang='lat' dir='ltr'>ad</span> 
     </span>
     <span class='ocr_line' id='line_1_8' title="bbox 515 1240 1644 1327; baseline 0.003 -22"><span class='ocrx_word' id='word_1_57' title='bbox 515 1249 642 1305; x_wconf 85' lang='lat' dir='ltr'>certum</span> <span class='ocrx_word' id='word_1_58' title='bbox 673 1240 806 1324; x_wconf 87' lang='lat' dir='ltr'>aliquod</span> <span class='ocrx_word' id='word_1_59' title='bbox 828 1242 987 1327; x_wconf 86' lang='lat' dir='ltr'>judicium</span> <span class='ocrx_word' id='word_1_60' title='bbox 1017 1242 1201 1309; x_wconf 89' lang='lat' dir='ltr'>inclinatur:</span> <span class='ocrx_word' id='word_1_61' title='bbox 1227 1242 1299 1309; x_wconf 86' lang='lat' dir='ltr'>talis</span> <span class='ocrx_word' id='word_1_62' title='bbox 1318 1244 1406 1308; x_wconf 89' lang='lat' dir='ltr'>enim</span> <span class='ocrx_word' id='word_1_63' title='bbox 1432 1253 1481 1309; x_wconf 88' lang='lat' dir='ltr'>est</span> <span class='ocrx_word' id='word_1_64' title='bbox 1508 1242 1644 1309; x_wconf 88' lang='lat' dir='ltr'>indoles</span> 
     </span>
     <span class='ocr_line' id='line_1_9' title="bbox 518 1346 1647 1437; baseline 0.003 -25"><span class='ocrx_word' id='word_1_65' title='bbox 518 1365 583 1413; x_wconf 91' lang='lat' dir='ltr'>non</span> <span class='ocrx_word' id='word_1_66' title='bbox 605 1366 784 1432; x_wconf 87' lang='lat' dir='ltr'>paucorum</span> <span class='ocrx_word' id='word_1_67' title='bbox 805 1349 977 1416; x_wconf 89' lang='lat' dir='ltr'>hominum</span> <span class='ocrx_word' id='word_1_68' title='bbox 1000 1346 1062 1437; x_wconf 82' lang='lat'><strong>(2).</strong></span> <span class='ocrx_word' id='word_1_69' title='bbox 1085 1349 1148 1416; x_wconf 88' lang='lat' dir='ltr'>Sed</span> <span class='ocrx_word' id='word_1_70' title='bbox 1168 1352 1237 1416; x_wconf 86' lang='lat' dir='ltr'>haec</span> <span class='ocrx_word' id='word_1_71' title='bbox 1262 1360 1313 1415; x_wconf 88' lang='lat' dir='ltr'>est</span> <span class='ocrx_word' id='word_1_72' title='bbox 1335 1348 1647 1435; x_wconf 74' lang='lat' dir='ltr'>imprudentissime</span> 
     </span>
     <span class='ocr_line' id='line_1_10' title="bbox 516 1454 1646 1545; baseline 0.002 -24"><span class='ocrx_word' id='word_1_73' title='bbox 516 1454 670 1539; x_wconf 87' lang='lat' dir='ltr'>suspicio.</span> <span class='ocrx_word' id='word_1_74' title='bbox 698 1455 791 1542; x_wconf 86' lang='lat' dir='ltr'>Saepe</span> <span class='ocrx_word' id='word_1_75' title='bbox 811 1466 922 1523; x_wconf 89' lang='lat' dir='ltr'>autem</span> <span class='ocrx_word' id='word_1_76' title='bbox 949 1458 1018 1524; x_wconf 84' lang='lat' dir='ltr'>aliae</span> <span class='ocrx_word' id='word_1_77' title='bbox 1037 1467 1210 1525; x_wconf 86' lang='lat' dir='ltr'>occurrunt</span> <span class='ocrx_word' id='word_1_78' title='bbox 1233 1458 1402 1545; x_wconf 85' lang='lat' dir='ltr'>objectivae</span> <span class='ocrx_word' id='word_1_79' title='bbox 1420 1457 1560 1524; x_wconf 88' lang='lat' dir='ltr'>rationes</span> <span class='ocrx_word' id='word_1_80' title='bbox 1578 1478 1646 1543; x_wconf 92' lang='lat' dir='ltr'>pro</span> 
     </span>
     <span class='ocr_line' id='line_1_11' title="bbox 518 1565 1648 1649; baseline 0.001 -20"><span class='ocrx_word' id='word_1_81' title='bbox 518 1582 584 1629; x_wconf 91' lang='lat' dir='ltr'>una</span> <span class='ocrx_word' id='word_1_82' title='bbox 603 1572 693 1648; x_wconf 92' lang='lat' dir='ltr'>parte</span> <span class='ocrx_word' id='word_1_83' title='bbox 715 1565 994 1643; x_wconf 81' lang='lat' dir='ltr'>contradictionis,</span> <span class='ocrx_word' id='word_1_84' title='bbox 1015 1567 1104 1637; x_wconf 85' lang='lat' dir='ltr'>leves</span> <span class='ocrx_word' id='word_1_85' title='bbox 1125 1565 1278 1649; x_wconf 89' lang='lat' dir='ltr'>quidem,</span> <span class='ocrx_word' id='word_1_86' title='bbox 1303 1566 1361 1633; x_wconf 89' lang='lat' dir='ltr'>sed</span> <span class='ocrx_word' id='word_1_87' title='bbox 1379 1566 1578 1633; x_wconf 83' lang='lat' dir='ltr'>sufficientes</span> <span class='ocrx_word' id='word_1_88' title='bbox 1597 1567 1648 1630; x_wconf 92' lang='lat' dir='ltr'>ad</span> 
     </span>
     <span class='ocr_line' id='line_1_12' title="bbox 521 1670 1648 1748; baseline 0.002 -13"><span class='ocrx_word' id='word_1_89' title='bbox 521 1670 739 1738; x_wconf 83' lang='lat' dir='ltr'>inclinandam</span> <span class='ocrx_word' id='word_1_90' title='bbox 765 1681 912 1739; x_wconf 88' lang='lat' dir='ltr'>mentem</span> <span class='ocrx_word' id='word_1_91' title='bbox 939 1672 980 1737; x_wconf 89' lang='lat' dir='ltr'>ad</span> <span class='ocrx_word' id='word_1_92' title='bbox 1006 1692 1190 1748; x_wconf 88' lang='lat' dir='ltr'>assensum,</span> <span class='ocrx_word' id='word_1_93' title='bbox 1223 1674 1297 1739; x_wconf 88' lang='lat' dir='ltr'>licet</span> <span class='ocrx_word' id='word_1_94' title='bbox 1324 1693 1390 1740; x_wconf 90' lang='lat' dir='ltr'>non</span> <span class='ocrx_word' id='word_1_95' title='bbox 1409 1673 1571 1740; x_wconf 83' lang='lat' dir='ltr'>sufficiant</span> <span class='ocrx_word' id='word_1_96' title='bbox 1598 1675 1648 1738; x_wconf 89' lang='lat' dir='ltr'>ad</span> 
     </span>
     <span class='ocr_line' id='line_1_13' title="bbox 522 1780 1646 1867; baseline 0.002 -22"><span class='ocrx_word' id='word_1_97' title='bbox 522 1796 690 1845; x_wconf 88' lang='lat' dir='ltr'>assensum</span> <span class='ocrx_word' id='word_1_98' title='bbox 719 1780 759 1845; x_wconf 90' lang='lat' dir='ltr'>de</span> <span class='ocrx_word' id='word_1_99' title='bbox 784 1781 869 1846; x_wconf 89' lang='lat' dir='ltr'>facto</span> <span class='ocrx_word' id='word_1_100' title='bbox 898 1782 1074 1865; x_wconf 85' lang='lat' dir='ltr'>prudenter</span> <span class='ocrx_word' id='word_1_101' title='bbox 1091 1782 1309 1849; x_wconf 89' lang='lat' dir='ltr'>suadendum.</span> <span class='ocrx_word' id='word_1_102' title='bbox 1340 1780 1390 1847; x_wconf 77' lang='lat' dir='ltr'>Aa</span> <span class='ocrx_word' id='word_1_103' title='bbox 1418 1780 1646 1867; x_wconf 89' lang='lat' dir='ltr'>suspicionem</span> 
     </span>
    </p>

    <p class='ocr_par' dir='ltr' id='par_1_5' title="bbox 522 1886 1648 2189">
     <span class='ocr_line' id='line_1_14' title="bbox 523 1886 1257 1974; baseline 0.005 -23"><span class='ocrx_word' id='word_1_104' title='bbox 523 1887 574 1952; x_wconf 87' lang='lat' dir='ltr'>vel</span> <span class='ocrx_word' id='word_1_105' title='bbox 594 1888 702 1972; x_wconf 89' lang='lat' dir='ltr'>potius</span> <span class='ocrx_word' id='word_1_106' title='bbox 721 1888 759 1955; x_wconf 91' lang='lat' dir='ltr'>ad</span> <span class='ocrx_word' id='word_1_107' title='bbox 780 1886 969 1972; x_wconf 87' lang='lat' dir='ltr'>opinionem</span> <span class='ocrx_word' id='word_1_108' title='bbox 989 1888 1129 1955; x_wconf 88' lang='lat' dir='ltr'>revocari</span> <span class='ocrx_word' id='word_1_109' title='bbox 1150 1897 1257 1974; x_wconf 90' lang='lat' dir='ltr'>potest</span> 
     </span>
     <span class='ocr_line' id='line_1_15' title="bbox 588 1994 1648 2081; baseline -0.001 -17"><span class='ocrx_word' id='word_1_110' title='bbox 588 2000 791 2079; x_wconf 73' lang='lat' dir='ltr'>Coniectura</span> <span class='ocrx_word' id='word_1_111' title='bbox 809 1997 859 2061; x_wconf 90' lang='lat' dir='ltr'>vel</span> <span class='ocrx_word' id='word_1_112' title='bbox 877 2003 1094 2079; x_wconf 75' lang='lat' dir='ltr'>coniectatio,</span> <span class='ocrx_word' id='word_1_113' title='bbox 1116 2016 1189 2081; x_wconf 87' lang='lat' dir='ltr'>quae</span> <span class='ocrx_word' id='word_1_114' title='bbox 1208 1996 1240 2063; x_wconf 90' lang='lat' dir='ltr'>in</span> <span class='ocrx_word' id='word_1_115' title='bbox 1259 2016 1299 2062; x_wconf 90' lang='lat' dir='ltr'>eo</span> <span class='ocrx_word' id='word_1_116' title='bbox 1317 1994 1476 2073; x_wconf 81' lang='lat' dir='ltr'>consistit.</span> <span class='ocrx_word' id='word_1_117' title='bbox 1495 1995 1583 2080; x_wconf 92' lang='lat' dir='ltr'>quod</span> <span class='ocrx_word' id='word_1_118' title='bbox 1600 2018 1648 2063; x_wconf 82' lang='lat' dir='ltr'>ex</span> 
     </span>
     <span class='ocr_line' id='line_1_16' title="bbox 522 2101 1646 2189; baseline 0 -20"><span class='ocrx_word' id='word_1_119' title='bbox 522 2101 719 2187; x_wconf 90' lang='lat' dir='ltr'>quibusdam</span> <span class='ocrx_word' id='word_1_120' title='bbox 747 2102 850 2189; x_wconf 84' lang='lat' dir='ltr'>signis</span> <span class='ocrx_word' id='word_1_121' title='bbox 880 2121 946 2169; x_wconf 90' lang='lat' dir='ltr'>non</span> <span class='ocrx_word' id='word_1_122' title='bbox 974 2104 1105 2188; x_wconf 87' lang='lat' dir='ltr'>penitus</span> <span class='ocrx_word' id='word_1_123' title='bbox 1127 2104 1347 2171; x_wconf 81' lang='lat' dir='ltr'>infallibilibus</span> <span class='ocrx_word' id='word_1_124' title='bbox 1377 2102 1568 2171; x_wconf 88' lang='lat' dir='ltr'>adducimur</span> <span class='ocrx_word' id='word_1_125' title='bbox 1599 2106 1646 2169; x_wconf 91' lang='lat' dir='ltr'>ad</span> 
     </span>
    </p>

    <p class='ocr_par' dir='ltr' id='par_1_6' title="bbox 523 2208 1251 2300">
     <span class='ocr_line' id='line_1_17' title="bbox 523 2208 1251 2300; baseline 0.004 -23"><span class='ocrx_word' id='word_1_126' title='bbox 523 2212 643 2294; x_wconf 88' lang='lat' dir='ltr'>aliquid</span> <span class='ocrx_word' id='word_1_127' title='bbox 660 2210 872 2297; x_wconf 87' lang='lat' dir='ltr'>judicandum</span> <span class='ocrx_word' id='word_1_128' title='bbox 893 2214 944 2278; x_wconf 88' lang='lat' dir='ltr'>vel</span> <span class='ocrx_word' id='word_1_129' title='bbox 963 2211 1166 2298; x_wconf 90' lang='lat' dir='ltr'>opinandum</span> <span class='ocrx_word' id='word_1_130' title='bbox 1185 2208 1251 2300; x_wconf 77' lang='lat'><strong>(3).</strong></span> 
     </span>
    </p>
   </div>
   <div class='ocr_carea' id='block_1_3' title="bbox 891 2477 1268 2553">
    <p class='ocr_par' dir='ltr' id='par_1_7' title="bbox 891 2477 1268 2553">
     <span class='ocr_line' id='line_1_18' title="bbox 891 2477 1268 2553; baseline 0 -2"><span class='ocrx_word' id='word_1_131' title='bbox 891 2477 1192 2553; x_wconf 84' lang='lat' dir='ltr'><strong>ARTICULUS</strong></span> <span class='ocrx_word' id='word_1_132' title='bbox 1221 2478 1268 2552; x_wconf 95' lang='grc' dir='ltr'>ΙΙ.</span> 
     </span>
    </p>
   </div>
   <div class='ocr_carea' id='block_1_4' title="bbox 586 2644 1573 2819">
    <p class='ocr_par' dir='ltr' id='par_1_8' title="bbox 586 2644 1573 2819">
     <span class='ocr_line' id='line_1_19' title="bbox 586 2644 1573 2727; baseline -0.004 -16"><span class='ocrx_word' id='word_1_133' title='bbox 586 2648 656 2713; x_wconf 84' lang='lat' dir='ltr'>De</span> <span class='ocrx_word' id='word_1_134' title='bbox 674 2646 888 2727; x_wconf 85' lang='lat' dir='ltr'>opinione</span> <span class='ocrx_word' id='word_1_135' title='bbox 909 2650 955 2711; x_wconf 87' lang='lat' dir='ltr'>et</span> <span class='ocrx_word' id='word_1_136' title='bbox 976 2644 1305 2726; x_wconf 82' lang='lat' dir='ltr'>probabilitate,</span> <span class='ocrx_word' id='word_1_137' title='bbox 1325 2644 1403 2710; x_wconf 88' lang='lat' dir='ltr'>ubi</span> <span class='ocrx_word' id='word_1_138' title='bbox 1425 2661 1573 2727; x_wconf 78' lang='lat' dir='ltr'>pauca</span> 
     </span>
     <span class='ocr_line' id='line_1_20' title="bbox 991 2753 1167 2819; baseline -0.006 0"><span class='ocrx_word' id='word_1_139' title='bbox 991 2754 1048 2819; x_wconf 86' lang='lat' dir='ltr'>de</span> <span class='ocrx_word' id='word_1_140' title='bbox 1066 2753 1167 2819; x_wconf 87' lang='lat' dir='ltr'>fide.</span> 
     </span>
    </p>
   </div>
   <div class='ocr_carea' id='block_1_5' title="bbox 354 2965 1739 3811">
    <p class='ocr_par' dir='ltr' id='par_1_9' title="bbox 354 2965 1648 3057">
     <span class='ocr_line' id='line_1_21' title="bbox 354 2965 1648 3057; baseline -0.006 -17"><span class='ocrx_word' id='word_1_141' title='bbox 354 2995 376 3040; x_wconf 79' lang='lat' dir='ltr'>ur</span> <span class='ocrx_word' id='word_1_142' title='bbox 396 3010 409 3040; x_wconf 86' lang='lat'><strong>0</strong></span> <span class='ocrx_word' id='word_1_143' title='bbox 427 2995 479 3040; x_wconf 68' lang='lat' dir='ltr'>ruso.</span> <span class='ocrx_word' id='word_1_144' title='bbox 565 2985 620 3057; x_wconf 75' lang='lat'>37.</span> <span class='ocrx_word' id='word_1_145' title='bbox 668 2968 788 3054; x_wconf 91' lang='lat' dir='ltr'>Opinio</span> <span class='ocrx_word' id='word_1_146' title='bbox 805 2979 855 3038; x_wconf 90' lang='lat' dir='ltr'>est</span> <span class='ocrx_word' id='word_1_147' title='bbox 868 2972 958 3034; x_wconf 81' lang='lat' dir='ltr'>actus</span> <span class='ocrx_word' id='word_1_148' title='bbox 975 2965 1160 3044; x_wconf 84' lang='lat' dir='ltr'>infcllccius,</span> <span class='ocrx_word' id='word_1_149' title='bbox 1175 2967 1232 3052; x_wconf 85' lang='lat' dir='ltr'>qui</span> <span class='ocrx_word' id='word_1_150' title='bbox 1239 2968 1348 3052; x_wconf 77' lang='lat' dir='ltr'>fertur</span> <span class='ocrx_word' id='word_1_151' title='bbox 1361 2965 1396 3031; x_wconf 84' lang='lat' dir='ltr'>in</span> <span class='ocrx_word' id='word_1_152' title='bbox 1414 2984 1511 3032; x_wconf 88' lang='lat' dir='ltr'>unam</span> <span class='ocrx_word' id='word_1_153' title='bbox 1519 2971 1648 3049; x_wconf 78' lang='lat' dir='ltr'>partem</span> 
     </span>
    </p>

    <p class='ocr_par' dir='ltr' id='par_1_10' title="bbox 518 3072 1646 3162">
     <span class='ocr_line' id='line_1_22' title="bbox 518 3072 1646 3162; baseline -0.004 -18"><span class='ocrx_word' id='word_1_154' title='bbox 518 3077 772 3146; x_wconf 82' lang='lat' dir='ltr'>contradictionis</span> <span class='ocrx_word' id='word_1_155' title='bbox 798 3095 868 3142; x_wconf 90' lang='lat' dir='ltr'>cum</span> <span class='ocrx_word' id='word_1_156' title='bbox 890 3075 1067 3162; x_wconf 73' lang='lat' dir='ltr'>formidine</span> <span class='ocrx_word' id='word_1_157' title='bbox 1096 3076 1225 3141; x_wconf 81' lang='lat' dir='ltr'>alferius</span> <span class='ocrx_word' id='word_1_158' title='bbox 1246 3072 1309 3162; x_wconf 87' lang='lat'>(4),</span> <span class='ocrx_word' id='word_1_159' title='bbox 1339 3093 1398 3140; x_wconf 89' lang='lat' dir='ltr'>seu</span> <span class='ocrx_word' id='word_1_160' title='bbox 1416 3092 1569 3142; x_wconf 86' lang='lat' dir='ltr'>assensus</span> <span class='ocrx_word' id='word_1_161' title='bbox 1587 3077 1646 3140; x_wconf 91' lang='lat' dir='ltr'>vel</span> 
     </span>
    </p>

    <p class='ocr_par' dir='ltr' id='par_1_11' title="bbox 519 3181 1648 3271">
     <span class='ocr_line' id='line_1_23' title="bbox 519 3181 1648 3271; baseline -0.005 -17"><span class='ocrx_word' id='word_1_162' title='bbox 519 3188 687 3254; x_wconf 87' lang='lat' dir='ltr'>dissensus</span> <span class='ocrx_word' id='word_1_163' title='bbox 706 3185 870 3271; x_wconf 81' lang='lat' dir='ltr'>praestitus</span> <span class='ocrx_word' id='word_1_164' title='bbox 889 3185 1032 3251; x_wconf 89' lang='lat' dir='ltr'>alterutri</span> <span class='ocrx_word' id='word_1_165' title='bbox 1051 3184 1132 3268; x_wconf 89' lang='lat' dir='ltr'>parti</span> <span class='ocrx_word' id='word_1_166' title='bbox 1151 3181 1413 3250; x_wconf 81' lang='lat' dir='ltr'>contradictionis</span> <span class='ocrx_word' id='word_1_167' title='bbox 1436 3200 1513 3248; x_wconf 88' lang='lat' dir='ltr'>cum</span> <span class='ocrx_word' id='word_1_168' title='bbox 1533 3183 1648 3249; x_wconf 87' lang='lat' dir='ltr'>formi-</span> 
     </span>
    </p>

    <p class='ocr_par' dir='ltr' id='par_1_12' title="bbox 518 3279 1648 3379">
     <span class='ocr_line' id='line_1_24' title="bbox 518 3279 1648 3379; baseline -0.002 -19"><span class='ocrx_word' id='word_1_169' title='bbox 518 3294 594 3360; x_wconf 89' lang='lat' dir='ltr'>dine</span> <span class='ocrx_word' id='word_1_170' title='bbox 611 3289 765 3379; x_wconf 87' lang='lat' dir='ltr'>oppositi.</span> <span class='ocrx_word' id='word_1_171' title='bbox 791 3291 851 3360; x_wconf 90' lang='lat' dir='ltr'>Ubi</span> <span class='ocrx_word' id='word_1_172' title='bbox 871 3293 953 3357; x_wconf 88' lang='lat' dir='ltr'>clara</span> <span class='ocrx_word' id='word_1_173' title='bbox 971 3300 1050 3358; x_wconf 92' lang='lat' dir='ltr'>sunt</span> <span class='ocrx_word' id='word_1_174' title='bbox 1066 3289 1178 3356; x_wconf 90' lang='lat' dir='ltr'>omnia</span> <span class='ocrx_word' id='word_1_175' title='bbox 1196 3298 1312 3374; x_wconf 86' lang='lat' dir='ltr'>praeter</span> <span class='ocrx_word' id='word_1_176' title='bbox 1330 3279 1480 3356; x_wconf 88' lang='lat' dir='ltr'>ultimam</span> <span class='ocrx_word' id='word_1_177' title='bbox 1505 3287 1648 3375; x_wconf 85' lang='lat' dir='ltr'>particu-</span> 
     </span>
    </p>

    <p class='ocr_par' dir='ltr' id='par_1_13' title="bbox 520 3396 1646 3487">
     <span class='ocr_line' id='line_1_25' title="bbox 520 3396 1646 3487; baseline -0.004 -19"><span class='ocrx_word' id='word_1_178' title='bbox 520 3402 583 3468; x_wconf 89' lang='lat' dir='ltr'>lam</span> <span class='ocrx_word' id='word_1_179' title='bbox 601 3420 672 3468; x_wconf 90' lang='lat' dir='ltr'>cum</span> <span class='ocrx_word' id='word_1_180' title='bbox 683 3401 859 3487; x_wconf 80' lang='lat' dir='ltr'>formidine</span> <span class='ocrx_word' id='word_1_181' title='bbox 876 3399 1030 3485; x_wconf 86' lang='lat' dir='ltr'>oppositi.</span> <span class='ocrx_word' id='word_1_182' title='bbox 1050 3396 1138 3474; x_wconf 80' lang='lat' dir='ltr'>Qrid</span> <span class='ocrx_word' id='word_1_183' title='bbox 1157 3397 1245 3464; x_wconf 89' lang='lat' dir='ltr'>enim</span> <span class='ocrx_word' id='word_1_184' title='bbox 1266 3397 1476 3483; x_wconf 82' lang='lat' dir='ltr'>estsormido,</span> <span class='ocrx_word' id='word_1_185' title='bbox 1496 3397 1646 3480; x_wconf 85' lang='lat' dir='ltr'>inquies?</span> 
     </span>
    </p>

    <p class='ocr_par' dir='ltr' id='par_1_14' title="bbox 586 3504 1647 3595">
     <span class='ocr_line' id='line_1_26' title="bbox 586 3504 1647 3595; baseline -0.002 -21"><span class='ocrx_word' id='word_1_186' title='bbox 586 3509 737 3575; x_wconf 84' lang='lat' dir='ltr'>Formido</span> <span class='ocrx_word' id='word_1_187' title='bbox 759 3509 887 3595; x_wconf 89' lang='lat' dir='ltr'>proprie</span> <span class='ocrx_word' id='word_1_188' title='bbox 906 3526 942 3573; x_wconf 88' lang='lat' dir='ltr'>ac</span> <span class='ocrx_word' id='word_1_189' title='bbox 961 3506 1137 3572; x_wconf 82' lang='lat' dir='ltr'>formaliter</span> <span class='ocrx_word' id='word_1_190' title='bbox 1156 3514 1206 3572; x_wconf 86' lang='lat' dir='ltr'>est</span> <span class='ocrx_word' id='word_1_191' title='bbox 1220 3504 1348 3571; x_wconf 82' lang='lat' dir='ltr'>affectio</span> <span class='ocrx_word' id='word_1_192' title='bbox 1365 3505 1527 3572; x_wconf 77' lang='lat' dir='ltr'>facultatis</span> <span class='ocrx_word' id='word_1_193' title='bbox 1540 3525 1647 3589; x_wconf 88' lang='lat' dir='ltr'>appe·</span> 
     </span>
    </p>

    <p class='ocr_par' dir='ltr' id='par_1_15' title="bbox 520 3611 1739 3811">
     <span class='ocr_line' id='line_1_27' title="bbox 520 3611 1645 3698; baseline -0.002 -16"><span class='ocrx_word' id='word_1_194' title='bbox 520 3616 638 3694; x_wconf 84' lang='lat' dir='ltr'>litivae,</span> <span class='ocrx_word' id='word_1_195' title='bbox 661 3616 815 3682; x_wconf 89' lang='lat' dir='ltr'>nimirum</span> <span class='ocrx_word' id='word_1_196' title='bbox 848 3615 952 3691; x_wconf 82' lang='lat' dir='ltr'>timor,</span> <span class='ocrx_word' id='word_1_197' title='bbox 978 3634 1037 3681; x_wconf 89' lang='lat' dir='ltr'>seu</span> <span class='ocrx_word' id='word_1_198' title='bbox 1065 3615 1201 3678; x_wconf 86' lang='lat' dir='ltr'>affectus</span> <span class='ocrx_word' id='word_1_199' title='bbox 1229 3612 1261 3678; x_wconf 89' lang='lat' dir='ltr'>in</span> <span class='ocrx_word' id='word_1_200' title='bbox 1281 3611 1427 3697; x_wconf 87' lang='lat' dir='ltr'>appetitu</span> <span class='ocrx_word' id='word_1_201' title='bbox 1447 3611 1579 3698; x_wconf 85' lang='lat' dir='ltr'>genitus</span> <span class='ocrx_word' id='word_1_202' title='bbox 1599 3633 1645 3680; x_wconf 87' lang='lat' dir='ltr'>ex</span> 
     </span>
     <span class='ocr_line' id='line_1_28' title="bbox 520 3716 1739 3811; baseline -0.003 -20"><span class='ocrx_word' id='word_1_203' title='bbox 520 3725 777 3811; x_wconf 87' lang='lat' dir='ltr'>apprehensione</span> <span class='ocrx_word' id='word_1_204' title='bbox 801 3722 877 3788; x_wconf 87' lang='lat' dir='ltr'>mali</span> <span class='ocrx_word' id='word_1_205' title='bbox 896 3721 1069 3808; x_wconf 88' lang='lat' dir='ltr'>propinqui</span> <span class='ocrx_word' id='word_1_206' title='bbox 1089 3729 1122 3786; x_wconf 86' lang='lat' dir='ltr'>et</span> <span class='ocrx_word' id='word_1_207' title='bbox 1135 3719 1356 3806; x_wconf 86' lang='lat' dir='ltr'>impendentis</span> <span class='ocrx_word' id='word_1_208' title='bbox 1373 3716 1438 3808; x_wconf 80' lang='grc'><strong>(5).</strong></span> <span class='ocrx_word' id='word_1_209' title='bbox 1463 3719 1644 3787; x_wconf 87' lang='lat' dir='ltr'>intellectui</span> <span class='ocrx_word' id='word_1_210' title='bbox 1737 3788 1739 3801; x_wconf 64' lang='grc'>,</span> 
     </span>
    </p>
   </div>
   <div class='ocr_carea' id='block_1_6' title="bbox 517 3920 796 3934">
    <p class='ocr_par' dir='ltr' id='par_1_16' title="bbox 517 3920 796 3934">
     <span class='ocr_line' id='line_1_29' title="bbox 517 3920 796 3934; baseline -0.014 0"><span class='ocrx_word' id='word_1_211' title='bbox 517 3920 796 3934; x_wconf 72' lang='lat'>——</span> 
     </span>
    </p>
   </div>
   <div class='ocr_carea' id='block_1_7' title="bbox 517 3987 1739 4786">
    <p class='ocr_par' dir='ltr' id='par_1_17' title="bbox 517 3987 1643 4159">
     <span class='ocr_line' id='line_1_30' title="bbox 553 3987 1643 4064; baseline -0.006 -10"><span class='ocrx_word' id='word_1_212' title='bbox 553 4000 594 4060; x_wconf 86' lang='grc' dir='ltr'>(ι)</span> <span class='ocrx_word' id='word_1_213' title='bbox 632 3993 665 4052; x_wconf 83' lang='grc'>8.</span> <span class='ocrx_word' id='word_1_214' title='bbox 683 3995 845 4052; x_wconf 82' lang='lat' dir='ltr'>Boneveut.</span> <span class='ocrx_word' id='word_1_215' title='bbox 856 4003 898 4064; x_wconf 82' lang='lat'>3.⁰</span> <span class='ocrx_word' id='word_1_216' title='bbox 910 3989 1042 4050; x_wconf 83' lang='lat' dir='ltr'>distinct.</span> <span class='ocrx_word' id='word_1_217' title='bbox 1054 4011 1096 4064; x_wconf 85' lang='lat'>17,</span> <span class='ocrx_word' id='word_1_218' title='bbox 1107 3991 1179 4048; x_wconf 91' lang='lat' dir='ltr'>dub.</span> <span class='ocrx_word' id='word_1_219' title='bbox 1190 4011 1218 4060; x_wconf 74' lang='lat'>33</span> <span class='ocrx_word' id='word_1_220' title='bbox 1230 3988 1292 4049; x_wconf 80' lang='lat' dir='ltr'>cfr.</span> <span class='ocrx_word' id='word_1_221' title='bbox 1306 3987 1339 4047; x_wconf 88' lang='lat' dir='ltr'>S.</span> <span class='ocrx_word' id='word_1_222' title='bbox 1352 3989 1409 4048; x_wconf 89' lang='lat' dir='ltr'>Th.</span> <span class='ocrx_word' id='word_1_223' title='bbox 1421 3989 1472 4048; x_wconf 86' lang='lat' dir='ltr'>lib.</span> <span class='ocrx_word' id='word_1_224' title='bbox 1486 4009 1511 4046; x_wconf 85' lang='lat' dir='ltr'>r.</span> <span class='ocrx_word' id='word_1_225' title='bbox 1522 3989 1643 4048; x_wconf 80' lang='lat' dir='ltr'>Foster.</span> 
     </span>
     <span class='ocr_line' id='line_1_31' title="bbox 517 4084 826 4159; baseline -0.016 -15"><span class='ocrx_word' id='word_1_226' title='bbox 517 4087 704 4159; x_wconf 52' lang='grc' dir='ltr'>πώγωσι,</span> <span class='ocrx_word' id='word_1_227' title='bbox 720 4084 783 4140; x_wconf 88' lang='lat' dir='ltr'>lect.</span> <span class='ocrx_word' id='word_1_228' title='bbox 803 4103 826 4139; x_wconf 90' lang='lat' dir='ltr'>r.</span> 
     </span>
    </p>

    <p class='ocr_par' dir='ltr' id='par_1_18' title="bbox 554 4171 1128 4242">
     <span class='ocr_line' id='line_1_32' title="bbox 554 4171 1128 4242; baseline -0.012 -10"><span class='ocrx_word' id='word_1_229' title='bbox 554 4179 594 4242; x_wconf 83' lang='lat' dir='ltr'>(a)</span> <span class='ocrx_word' id='word_1_230' title='bbox 633 4173 694 4232; x_wconf 82' lang='lat' dir='ltr'>cfr.</span> <span class='ocrx_word' id='word_1_231' title='bbox 714 4171 746 4230; x_wconf 90' lang='lat' dir='ltr'>S.</span> <span class='ocrx_word' id='word_1_232' title='bbox 762 4171 818 4230; x_wconf 84' lang='lat' dir='ltr'>Th.</span> <span class='ocrx_word' id='word_1_233' title='bbox 837 4190 864 4228; x_wconf 87' lang='lat'>2.</span> <span class='ocrx_word' id='word_1_234' title='bbox 879 4190 905 4228; x_wconf 83' lang='lat' dir='ltr'>a.</span> <span class='ocrx_word' id='word_1_235' title='bbox 922 4189 951 4241; x_wconf 93' lang='lat' dir='ltr'>q.</span> <span class='ocrx_word' id='word_1_236' title='bbox 969 4171 1015 4239; x_wconf 73' lang='lat'>60,</span> <span class='ocrx_word' id='word_1_237' title='bbox 1030 4183 1086 4226; x_wconf 83' lang='lat' dir='ltr'>art.</span> <span class='ocrx_word' id='word_1_238' title='bbox 1102 4190 1128 4241; x_wconf 82' lang='lat'>3.</span> 
     </span>
    </p>

    <p class='ocr_par' dir='ltr' id='par_1_19' title="bbox 554 4261 1138 4337">
     <span class='ocr_line' id='line_1_33' title="bbox 554 4261 1138 4337; baseline -0.005 -18"><span class='ocrx_word' id='word_1_239' title='bbox 554 4266 595 4337; x_wconf 86' lang='lat'>(3)</span> <span class='ocrx_word' id='word_1_240' title='bbox 630 4263 706 4320; x_wconf 87' lang='lat' dir='ltr'>Vide</span> <span class='ocrx_word' id='word_1_241' title='bbox 719 4261 752 4320; x_wconf 85' lang='lat' dir='ltr'>S.</span> <span class='ocrx_word' id='word_1_242' title='bbox 765 4261 822 4320; x_wconf 77' lang='lat' dir='ltr'>Th.</span> <span class='ocrx_word' id='word_1_243' title='bbox 842 4281 865 4318; x_wconf 95' lang='lat'>1.</span> <span class='ocrx_word' id='word_1_244' title='bbox 882 4281 909 4316; x_wconf 86' lang='lat'>2.</span> <span class='ocrx_word' id='word_1_245' title='bbox 923 4279 952 4330; x_wconf 92' lang='lat' dir='ltr'>q.</span> <span class='ocrx_word' id='word_1_246' title='bbox 968 4279 1028 4328; x_wconf 76' lang='lat'>112,</span> <span class='ocrx_word' id='word_1_247' title='bbox 1043 4271 1099 4316; x_wconf 87' lang='lat' dir='ltr'>art.</span> <span class='ocrx_word' id='word_1_248' title='bbox 1113 4277 1138 4330; x_wconf 82' lang='lat'>5.</span> 
     </span>
    </p>

    <p class='ocr_par' dir='ltr' id='par_1_20' title="bbox 517 4347 1739 4695">
     <span class='ocr_line' id='line_1_34' title="bbox 554 4347 1739 4426; baseline -0.005 -15"><span class='ocrx_word' id='word_1_249' title='bbox 554 4359 594 4426; x_wconf 86' lang='lat'>(4)</span> <span class='ocrx_word' id='word_1_250' title='bbox 633 4353 665 4410; x_wconf 89' lang='lat' dir='ltr'>S.</span> <span class='ocrx_word' id='word_1_251' title='bbox 680 4352 736 4410; x_wconf 88' lang='lat' dir='ltr'>Th.</span> <span class='ocrx_word' id='word_1_252' title='bbox 751 4373 774 4409; x_wconf 89' lang='lat'>1.</span> <span class='ocrx_word' id='word_1_253' title='bbox 791 4371 819 4424; x_wconf 89' lang='lat' dir='ltr'>p.</span> <span class='ocrx_word' id='word_1_254' title='bbox 834 4371 863 4422; x_wconf 92' lang='lat' dir='ltr'>q.</span> <span class='ocrx_word' id='word_1_255' title='bbox 879 4370 924 4423; x_wconf 84' lang='lat'>79,</span> <span class='ocrx_word' id='word_1_256' title='bbox 940 4370 967 4406; x_wconf 82' lang='lat' dir='ltr'>a.</span> <span class='ocrx_word' id='word_1_257' title='bbox 981 4371 1011 4421; x_wconf 82' lang='lat'>9,</span> <span class='ocrx_word' id='word_1_258' title='bbox 1026 4349 1135 4422; x_wconf 81' lang='lat' dir='ltr'>ad4.¹¹²</span> <span class='ocrx_word' id='word_1_259' title='bbox 1143 4347 1219 4406; x_wconf 88' lang='lat' dir='ltr'>Vide</span> <span class='ocrx_word' id='word_1_260' title='bbox 1232 4347 1323 4406; x_wconf 78' lang='lat' dir='ltr'>Arist.</span> <span class='ocrx_word' id='word_1_261' title='bbox 1339 4355 1375 4404; x_wconf 79' lang='lat'>1.&#39;</span> <span class='ocrx_word' id='word_1_262' title='bbox 1386 4347 1499 4406; x_wconf 84' lang='lat' dir='ltr'>Poster.</span> <span class='ocrx_word' id='word_1_263' title='bbox 1512 4366 1537 4403; x_wconf 90' lang='lat' dir='ltr'>c.</span> <span class='ocrx_word' id='word_1_264' title='bbox 1550 4348 1596 4404; x_wconf 81' lang='lat'>26:</span> <span class='ocrx_word' id='word_1_265' title='bbox 1613 4361 1643 4406; x_wconf 84' lang='lat' dir='ltr'>et</span> <span class='ocrx_word' id='word_1_266' title='bbox 1737 4348 1739 4353; x_wconf 70' lang='grc'>’</span> 
     </span>
     <span class='ocr_line' id='line_1_35' title="bbox 518 4435 1641 4513; baseline -0.006 -11"><span class='ocrx_word' id='word_1_267' title='bbox 518 4445 557 4504; x_wconf 89' lang='lat' dir='ltr'>ib.</span> <span class='ocrx_word' id='word_1_268' title='bbox 574 4442 607 4502; x_wconf 88' lang='lat' dir='ltr'>S.</span> <span class='ocrx_word' id='word_1_269' title='bbox 623 4443 730 4502; x_wconf 88' lang='lat' dir='ltr'>Thom.</span> <span class='ocrx_word' id='word_1_270' title='bbox 746 4441 811 4499; x_wconf 87' lang='lat' dir='ltr'>lect.</span> <span class='ocrx_word' id='word_1_271' title='bbox 827 4459 873 4513; x_wconf 84' lang='lat'>44,</span> <span class='ocrx_word' id='word_1_272' title='bbox 889 4452 918 4497; x_wconf 85' lang='lat' dir='ltr'>et</span> <span class='ocrx_word' id='word_1_273' title='bbox 928 4438 1024 4496; x_wconf 82' lang='lat' dir='ltr'>Mauri</span> <span class='ocrx_word' id='word_1_274' title='bbox 1038 4438 1069 4497; x_wconf 87' lang='lat' dir='ltr'>iu</span> <span class='ocrx_word' id='word_1_275' title='bbox 1084 4436 1260 4510; x_wconf 85' lang='lat' dir='ltr'>Paraphrasi</span> <span class='ocrx_word' id='word_1_276' title='bbox 1273 4459 1297 4497; x_wconf 88' lang='lat' dir='ltr'>c.</span> <span class='ocrx_word' id='word_1_277' title='bbox 1313 4458 1356 4508; x_wconf 80' lang='lat'>²4·</span> <span class='ocrx_word' id='word_1_278' title='bbox 1372 4437 1434 4495; x_wconf 88' lang='lat' dir='ltr'>Csr.</span> <span class='ocrx_word' id='word_1_279' title='bbox 1448 4435 1481 4494; x_wconf 87' lang='lat' dir='ltr'>S.</span> <span class='ocrx_word' id='word_1_280' title='bbox 1492 4435 1599 4494; x_wconf 75' lang='lat' dir='ltr'>Tuom.</span> <span class='ocrx_word' id='word_1_281' title='bbox 1616 4459 1641 4504; x_wconf 82' lang='lat' dir='ltr'>r,</span> 
     </span>
     <span class='ocr_line' id='line_1_36' title="bbox 517 4515 1639 4606; baseline -0.008 -14"><span class='ocrx_word' id='word_1_282' title='bbox 517 4555 545 4592; x_wconf 84' lang='lat' dir='ltr'>a.</span> <span class='ocrx_word' id='word_1_283' title='bbox 561 4555 590 4605; x_wconf 92' lang='lat' dir='ltr'>q.</span> <span class='ocrx_word' id='word_1_284' title='bbox 605 4535 651 4606; x_wconf 79' lang='lat'>67,</span> <span class='ocrx_word' id='word_1_285' title='bbox 676 4553 703 4590; x_wconf 85' lang='lat' dir='ltr'>a.</span> <span class='ocrx_word' id='word_1_286' title='bbox 722 4553 747 4603; x_wconf 89' lang='lat'>3.</span> <span class='ocrx_word' id='word_1_287' title='bbox 764 4529 792 4588; x_wconf 90' lang='lat' dir='ltr'>in</span> <span class='ocrx_word' id='word_1_288' title='bbox 811 4549 902 4602; x_wconf 88' lang='lat' dir='ltr'>corp.;</span> <span class='ocrx_word' id='word_1_289' title='bbox 918 4549 944 4587; x_wconf 81' lang='lat' dir='ltr'>a.</span> <span class='ocrx_word' id='word_1_290' title='bbox 966 4547 993 4586; x_wconf 89' lang='lat'>2.</span> <span class='ocrx_word' id='word_1_291' title='bbox 1007 4549 1037 4600; x_wconf 90' lang='lat' dir='ltr'>q.</span> <span class='ocrx_word' id='word_1_292' title='bbox 1059 4549 1081 4586; x_wconf 87' lang='lat'>1.</span> <span class='ocrx_word' id='word_1_293' title='bbox 1098 4550 1124 4586; x_wconf 87' lang='lat' dir='ltr'>a.</span> <span class='ocrx_word' id='word_1_294' title='bbox 1143 4547 1168 4598; x_wconf 78' lang='grc' dir='ltr'>ς.</span> <span class='ocrx_word' id='word_1_295' title='bbox 1184 4527 1220 4586; x_wconf 85' lang='lat' dir='ltr'>ad</span> <span class='ocrx_word' id='word_1_296' title='bbox 1232 4537 1312 4602; x_wconf 71' lang='lat'>4¹¹3</span> <span class='ocrx_word' id='word_1_297' title='bbox 1326 4515 1361 4585; x_wconf 66' lang='lat' dir='ltr'>de</span> <span class='ocrx_word' id='word_1_298' title='bbox 1379 4526 1522 4595; x_wconf 75' lang='lat' dir='ltr'>veritate,</span> <span class='ocrx_word' id='word_1_299' title='bbox 1538 4545 1568 4597; x_wconf 86' lang='lat' dir='ltr'>q.</span> <span class='ocrx_word' id='word_1_300' title='bbox 1593 4547 1639 4599; x_wconf 76' lang='lat'>¹4·</span> 
     </span>
     <span class='ocr_line' id='line_1_37' title="bbox 517 4621 712 4695; baseline -0.026 -13"><span class='ocrx_word' id='word_1_301' title='bbox 517 4621 712 4695; x_wconf 76' lang='lat' dir='ltr'>u.q,ed6.¹¹⁸¹</span> 
     </span>
    </p>

    <p class='ocr_par' dir='ltr' id='par_1_21' title="bbox 553 4707 1139 4786">
     <span class='ocr_line' id='line_1_38' title="bbox 553 4707 1139 4786; baseline -0.012 -16"><span class='ocrx_word' id='word_1_302' title='bbox 553 4713 595 4786; x_wconf 83' lang='lat'>(5)</span> <span class='ocrx_word' id='word_1_303' title='bbox 631 4711 694 4770; x_wconf 84' lang='lat' dir='ltr'>cfr.</span> <span class='ocrx_word' id='word_1_304' title='bbox 710 4709 843 4780; x_wconf 63' lang='lat' dir='ltr'>Ariston,</span> <span class='ocrx_word' id='word_1_305' title='bbox 859 4707 909 4767; x_wconf 90' lang='lat' dir='ltr'>lib.</span> <span class='ocrx_word' id='word_1_306' title='bbox 924 4729 940 4765; x_wconf 85' lang='lat'>2</span> <span class='ocrx_word' id='word_1_307' title='bbox 955 4709 1139 4768; x_wconf 71' lang='lat' dir='ltr'>Rhetoricor.</span> 
     </span>
    </p>
   </div>
   <div class='ocr_carea' id='block_1_8' title="bbox 0 0 1753 5525">
    <p class='ocr_par' dir='ltr' id='par_1_22' title="bbox 0 0 1753 5525">
     <span class='ocr_line' id='line_1_39' title="bbox 0 0 1753 5525; baseline 0 0"><span class='ocrx_word' id='word_1_308' title='bbox 0 0 1753 5525; x_wconf 95' lang='lat' dir='ltr'> </span> 
     </span>
    </p>
   </div>
  </div>
 </body>
</html>
