3492 5525
586 444 661 511 ¹14²
702 426 828 493 loorcn
839 428 1073 502 Moron-Lm.
1090 443 1162 506 nv,
1177 422 1270 493 Drse.
1284 430 1332 493 6.·
1348 429 1427 492 cm.
1442 390 1516 491 aiv·

543 596 748 698 operationes
766 612 832 679 sint
850 612 985 678 formate
1003 612 1170 698 objectum
1187 610 1422 699 rogitatum
1442 613 1478 679 Ρ.
1499 613 1650 678 Hunadus

543 730 642 807 negat
660 719 843 804 simplicem
864 720 1158 805 apprehensionem
1174 739 1247 787 esse
1265 728 1333 786 arte
1349 720 1561 806 dirigibilem:
1577 722 1650 786 unde

542 837 782 913 consequenter
799 846 872 893 eam
893 829 1065 895 excludere
1082 828 1180 894 debet
1198 846 1217 893 a
1235 829 1359 895 ratione
1380 828 1527 894 formalis
1547 828 1650 913 objecti

542 932 669 1021 Logicae
686 930 750 1023 (r).
773 934 836 1001 Alii
863 954 941 1001 vero
969 936 1148 1002 secundam
1167 936 1341 1004 dumtaxat
1357 933 1580 1021 operationem
1604 954 1653 999 ro

542 1040 615 1108 lunt
642 1058 715 1108 esse
733 1042 873 1108 formale
902 1042 1031 1128 Logicae
1052 1042 1220 1129 objectum
1235 1043 1462 1127 adaequatum,
1483 1043 1536 1108 alii
1553 1051 1651 1108 auten
1715 1031 1717 1124 j

543 1150 647 1217 solam
665 1150 812 1227 tertiam,
833 1149 885 1217 alii
905 1151 1046 1236 primam
1065 1170 1102 1217 ae
1120 1152 1268 1227 tertiam,
1289 1151 1417 1217 seclusa
1434 1152 1592 1225 secunda,
1610 1152 1652 1216 alii
1715 1141 1717 1148 '

371 1266 486 1352 smodi
544 1257 684 1341 primam
702 1264 735 1325 et
757 1256 937 1325 secundam
959 1255 1024 1346 (2).
1053 1257 1115 1325 Alii
1142 1259 1279 1324 demum
1307 1268 1473 1343 reponunt
1500 1258 1651 1345 objectum

335 1352 517 1387 ‘mm'
542 1367 678 1433 ror-mate
696 1366 906 1451 adaequatum
925 1364 1051 1453 togicae
1069 1366 1102 1433 in
1120 1368 1226 1435 tribus
1244 1367 1405 1453 praedictis
1421 1367 1652 1451 operationibus
1715 1371 1717 1440 ξ

543 1474 742 1557 intellectus3
762 1483 904 1558 quaeest
921 1474 1194 1541 communissima
1214 1482 1396 1541 nostratum
1420 1473 1581 1542 sententia
1595 1472 1651 1561 (3).
1715 1549 1717 1556 ,

543 1580 668 1649 llorum
685 1582 865 1649 doctrinam
885 1600 1031 1666 sequens
1048 1583 1276 1667 complectitur

587 1760 665 1831 353.
712 1744 920 1845 Prorosrrro.
967 1750 1148 1827 objectum
1165 1750 1310 1812 formate
1326 1750 1548 1828 adaequatum
1563 1751 1653 1827 Logi-
1715 1753 1717 1900 Ι

541 1857 630 1935 gicae
646 1864 730 1919 sunt
745 1864 819 1919 tres
836 1857 1053 1933 operationes
1069 1856 1264 1919 intellectus
1278 1856 1470 1919 secundum
1480 1857 1652 1919 artitiemm
1715 1913 1717 1916 .

541 1963 608 2029 sibi
625 1964 821 2043 proprium,
837 1980 902 2027 seu
918 1972 1021 2042 prout
1037 1973 1131 2027 recte
1148 1954 1384 2027 instituendae.
1715 2001 1717 2034 r

610 2120 651 2187 Ut
679 2128 789 2187 autem
810 2118 992 2203 propositio
1019 2122 1089 2184 haec
1115 2120 1286 2218 probetur,
1315 2116 1383 2183 duo
1411 2119 1654 2186 demonstranda

398 2214 441 2260 '¹¹¹
486 2244 493 2258 ·
543 2236 638 2295 sunt:
659 2224 694 2314 α)
708 2224 788 2293 Tres
806 2225 1012 2310 operationes
1026 2244 1099 2293 esse
1110 2226 1275 2312 objectum
1291 2227 1427 2291 formale
1440 2228 1652 2311 adaequatum.

545 2352 610 2401 non
630 2352 708 2401 vero
727 2334 858 2420 partiale
878 2333 1061 2400 dumtaxat:
1083 2332 1118 2422 β)
1137 2334 1268 2399 easdem
1288 2352 1359 2399 esse
1387 2334 1552 2419 objectum
1579 2335 1655 2399 ade·

543 2450 682 2528 quatum
701 2441 882 2508 secundum
904 2442 1132 2507 rectitudinem
1151 2452 1185 2505 et
1198 2440 1369 2506 artificium
1385 2443 1566 2524 proprium.

611 2554 713 2617 Prob.
733 2545 780 2636 α).
800 2548 885 2615 Nam
902 2558 939 2614 ut
956 2549 1077 2631 aliquid
1089 2549 1131 2615 sit
1148 2548 1315 2634 objectum
1329 2550 1538 2631 adaequatum
1559 2550 1654 2615 scien·

544 2658 598 2724 tiae
609 2657 770 2742 cujusvis,
797 2656 985 2741 requiritur,
1011 2664 1048 2723 ut
1066 2658 1178 2722 omnia
1201 2675 1277 2740 quae
1294 2656 1440 2740 disputat
1458 2676 1496 2721 ea
1514 2657 1655 2732 scientia,

544 2767 585 2833 ad
604 2765 683 2832 illud
702 2774 913 2840 revocentur,
934 2774 970 2831 ut
988 2766 1171 2831 secundum
1195 2783 1312 2830 omnes
1330 2783 1406 2830 suas
1424 2775 1532 2848 panes
1549 2767 1593 2832 ab
1611 2768 1657 2831 illa
1715 2834 1717 2841 ,

543 2881 716 2949 tractetur,
737 2881 839 2956 utque
859 2872 937 2938 nihil
957 2871 1045 2938 aliud
1063 2882 1219 2955 praeterea
1241 2874 1351 2938 veniat
1375 2873 1557 2939 secundum
1576 2894 1612 2940 se
1629 2877 1658 2940 in
1715 2862 1717 2939 l

544 2979 839 3048 considerationem
870 2980 1019 3066 ejusdem
1051 2978 1206 3046 scientiae.
1246 2979 1348 3063 Atqui
1379 2979 1461 3045 tales
1487 2990 1566 3048 sunt
1597 2994 1659 3050 tres
1715 2954 1717 3017 Ι

546 3088 666 3154 mentis
683 3087 891 3172 operationes
917 3095 1066 3170 respectu
1095 3087 1232 3172 Logicae.
1260 3089 1345 3152 Nam
1368 3087 1530 3171 quidquid
1546 3091 1660 3175 logica

544 3195 662 3262 directe
680 3196 880 3270 considerat,
901 3196 941 3260 ad
961 3195 1086 3260 illarum
1106 3193 1316 3260 directionem
1336 3205 1479 3279 spectat,
1499 3213 1560 3262 nec
1579 3197 1660 3263 aliud
1715 3176 1717 3259 i

545 3312 661 3387 praeter
692 3302 824 3369 easdem
858 3301 988 3387 respicit
1017 3310 1188 3384 tamquam
1222 3302 1357 3366 formale
1384 3302 1568 3386 objectum,
1598 3325 1660 3370 non
1715 3368 1717 3415 Ι

544 3428 658 3488 voceS,
684 3428 750 3476 non
771 3428 838 3486 res,
859 3410 927 3475 sive
952 3409 1133 3475 secundum
1154 3427 1228 3474 esse
1251 3409 1439 3495 physicum,
1461 3410 1531 3476 sive
1549 3431 1661 3477 secun·
1715 3434 1717 3505 g

543 3518 624 3584 dum
645 3535 718 3584 esse
738 3517 951 3584 intentionale
969 3515 1204 3592 consideratas,
1226 3536 1285 3582 nec
1303 3534 1362 3582 ens
1380 3516 1515 3584 rationis
1533 3520 1661 3606 objecti
1715 3544 1717 3639 q

543 3645 636 3693 vum.
658 3625 741 3711 Ergo
763 3634 830 3691 tres
848 3624 911 3690 iltae
934 3624 1140 3710 operationes
1166 3632 1244 3691 sunt
1261 3625 1427 3708 objectum
1454 3626 1660 3711 adaequatum
1715 3672 1717 3729 r

545 3732 703 3821 Logicae(
727 3731 752 3820 ).

610 3846 778 3909 Probatur
810 3841 923 3925 itaque
955 3837 1009 3927 β),
1040 3845 1146 3921 nempe
1176 3845 1238 3905 tres
1266 3842 1459 3923 operationes
1488 3843 1662 3910 intellectu
1715 3914 1717 3917 ,

542 3951 713 4015 secundum
740 3947 959 4038 rectitudinem
984 3952 1018 4013 et
1040 3947 1209 4031 artificium
1232 3949 1396 4030 proprium
1424 3968 1488 4015 esse
1515 3954 1661 4039 objectum
1715 4018 1717 4021 ,

477 4137 488 4154 ,
533 4059 670 4145 jornale
685 4056 816 4140 logice.
1715 4070 1717 4085 ·

577 4275 619 4338 (r)
655 4271 742 4345 loge,
758 4267 834 4341 disp.
853 4281 964 4333 1‚seet.
978 4288 1010 4337 a,
1027 4287 1056 4326 n.
1075 4286 1119 4335 ιο,
1140 4287 1181 4324 rr.
1715 4274 1717 4403 Ι

577 4365 617 4430 (a)
654 4357 741 4432 Apud
755 4357 860 4424 Amic,
876 4357 964 4434 Log„
980 4369 1063 4416 tract.
1081 4378 1111 4424 r,
1126 4368 1230 4428 quaest.
1247 4375 1277 4428 ς,
1290 4357 1360 4416 dub.
1374 4359 1488 4420 ultimo.

576 4455 616 4522 (3)
653 4448 729 4506 Vide
743 4447 889 4517 Lossada,
902 4448 990 4523 Log„
1007 4459 1090 4505 tract.
1109 4468 1137 4516 r,
1157 4446 1233 4518 disp.
1248 4467 1280 4516 a,
1295 4468 1358 4520 cap.
1372 4471 1404 4522 7,
1417 4469 1449 4507 n.
1462 4469 1514 4524 253
1531 4450 1661 4525 Semerr.
1715 4414 1717 4529 i

539 4541 627 4616 Lag„
638 4538 714 4611 disp.
729 4549 874 4609 r,quaest.
889 4550 988 4607 a,art.
999 4557 1032 4611 93
1045 4535 1176 4607 Rhodes,
1189 4537 1306 4596 Pteros.
1317 4538 1434 4612 Perip„
1445 4539 1495 4599 lib.
1512 4563 1538 4612 1,
1549 4543 1628 4617 disp.
1641 4563 1663 4604 1.
1715 4550 1717 4627 j

539 4639 644 4700 quaest.
661 4647 689 4698 r,
703 4639 772 4686 teet.
788 4646 814 4684 a.

574 4717 616 4791 (4)
653 4715 715 4776 Clr.
726 4717 854 4786 Rhodes,
869 4716 922 4776 loc.
934 4715 995 4785 cit,
1006 4713 1144 4776 coactus.
1155 4722 1206 4788 4¹3
1217 4715 1355 4789 Lossade,
1368 4717 1421 4778 loe.
1434 4718 1497 4789 cit,
1508 4739 1541 4791 u,
1554 4721 1601 4790 ³8.
1715 4726 1717 4739 '
