3492 5525
793 444 798 468 1

293 487 409 550 Arene.
433 498 494 571 4¹¹·
508 486 698 565 Quaererem
714 504 767 550 sr'r
780 504 953 561 ooJccrun
967 504 1128 552 screnum
1168 502 1228 571 917

31 664 37 671 '
144 669 347 753 superiorem
368 668 483 744 animi,
505 668 538 736 in
557 688 622 753 qua
640 668 759 735 residet
783 670 932 748 libertas,
954 671 1138 756 perficiunt.
1160 671 1267 739 Servi-

144 778 192 843 les
209 785 403 843 exercentur
421 796 479 859 per
504 776 638 860 aliquod
657 776 843 843 membrum
868 796 1081 863 corporeum,
1108 789 1141 846 et
1160 780 1266 846 vocari

143 885 243 950 etiam
268 886 377 951 solent
398 884 596 951 mechanicae.
626 884 753 951 Horum
771 885 913 952 duorum
940 904 1099 972 generum
1123 886 1268 955 diversas

143 992 269 1077 species
287 992 412 1077 antiqui
442 992 630 1076 Philosophi
649 992 798 1059 versibus
821 992 911 1059 hisce
933 994 1264 1078 comprehenderunt:
1342 976 1347 985 ⁸

209 1152 351 1237 Lingua,
368 1156 490 1235 tropus,
512 1152 605 1229 ralr'o,
624 1171 791 1229 numerus,
807 1157 915 1230 tonus,
930 1155 1084 1238 angulus,
1099 1157 1201 1221 astra:

210 1260 292 1336 Rus,
312 1278 436 1337 neruus,
455 1278 563 1337 arma,
579 1264 679 1337 ratcs,
697 1262 846 1339 vulnera,
867 1264 960 1336 iana,
967 1262 1075 1346 scier.

210 1421 359 1498 Quorum
375 1422 463 1505 prior
479 1422 627 1487 continet
640 1430 768 1507 septem
788 1430 875 1487 artes
893 1422 1059 1500 liberales,
1077 1420 1270 1489 Grammati-

142 1545 229 1606 cam,
249 1528 460 1606 Rhciorr‘com,
480 1528 702 1606 Dmlecticam,
718 1528 975 1605 Arithmcticam,
999 1528 1172 1605 Marsicam,
1189 1528 1270 1595 Geo-

142 1635 286 1703 mciriom
312 1640 345 1700 et
370 1637 595 1720 Astrologiam.
633 1635 794 1702 Posterior
822 1635 943 1703 indicat
970 1636 1106 1702 totidem
1135 1636 1270 1703 serviles

142 1760 202 1807 seu
220 1743 439 1819 mechanicas,
461 1745 719 1828 Agriculturom,
737 1743 956 1821 Venatoriam,
972 1742 1164 1821 Militarem,
1180 1743 1269 1811 Nau-

143 1850 253 1926 ticam,
270 1850 511 1935 chirurgicum,
540 1850 717 1917 Textoriam
735 1861 768 1917 et
790 1849 959 1918 fabrilem.
980 1851 1061 1916 Illud
1079 1858 1189 1915 tamen
1210 1869 1270 1915 no·

143 1958 281 2024 tandum
301 1966 366 2034 est,
387 1978 448 2025 nec
466 1958 613 2025 liberales
631 1967 734 2035 artes,
757 1977 817 2025 nec
838 1958 1044 2027 mechanicas
1063 1966 1130 2023 tam
1149 1958 1269 2043 exiguo

145 2084 283 2150 numero
300 2066 549 2151 comprehendi,
571 2067 722 2150 quamvis
746 2085 805 2132 nec
826 2075 917 2131 vacet
941 2084 1001 2131 nec
1020 2084 1154 2132 necesse
1174 2064 1269 2131 nobis

143 2174 186 2239 sit
205 2192 291 2240 nunc
308 2175 540 2240 accuratiorem
559 2173 678 2241 artium
698 2173 884 2258 catalogum
899 2169 1090 2259 conficere(
1115 2168 1141 2259 l.

212 2279 295 2347 inter
313 2291 397 2347 artes
412 2282 558 2348 liberales
574 2293 652 2349 sunt
670 2281 841 2365 quaedam,
858 2299 932 2364 quae
953 2298 1040 2346 nunc
1055 2280 1189 2363 pulchra
1207 2280 1269 2345 dici

144 2390 270 2464 solent,
300 2390 334 2454 in
364 2388 484 2471 quibus
520 2387 752 2454 enumerandis
778 2388 903 2454 variant
932 2396 1097 2463 auctores,
1134 2387 1267 2471 quidam

145 2496 233 2561 enim
252 2506 392 2589 quatuor
406 2506 535 2564 tantum
556 2498 765 2581 pulchrarum
788 2496 906 2561 artium
928 2495 1060 2560 nomine
1079 2495 1267 2571 honestant,

144 2603 435 2680 Architectoniccm,
451 2605 625 2681 Picturam,
639 2603 839 2684 Sculpturam
856 2612 889 2669 et
904 2602 1071 2679 Musicam,
1083 2600 1202 2686 quibus
1217 2601 1267 2667 alii
1381 2630 1386 2639 ·

145 2710 337 2778 Rhetoriccm
354 2711 496 2789 addunt,
516 2710 620 2778 immo
640 2721 673 2779 et
689 2710 870 2793 inimicam·
889 2708 941 2776 alii
967 2728 1026 2777 sex
1045 2710 1140 2776 hasce
1156 2727 1268 2776 recen·

145 2827 236 2884 sent:
256 2819 484 2904 Eloqucnhlrm,
509 2819 650 2896 Priesim,
679 2819 858 2897 Pictumm,
883 2817 1100 2901 Sculpturam,
1125 2817 1270 2883 Archite-
1296 2815 1301 2826 '

144 2926 299 2992 clenicam
316 2936 350 2994 et
367 2926 536 2993 Musr'cam.
555 2938 560 2946 ’

502 3135 804 3212 ARTICULUS
825 3137 898 3212 IV.

187 3286 448 3363 Qualenam
467 3287 630 3352 debeat
647 3303 752 3351 esse
769 3286 1001 3368 objectum
1019 3286 1231 3351 soientiae.

192 3460 270 3531 260.
318 3461 494 3551 Objectum
509 3463 550 3530 ab
561 3463 734 3552 odjr'cr'endo
746 3461 874 3540 dicitur,
890 3463 983 3546 quasi
996 3463 1030 3530 id
1048 3462 1139 3547 quod
1153 3471 1270 3547 poten·
1291 3485 1480 3556 ouraosjeenn.

146 3571 200 3637 tiae
218 3573 412 3638 veihabitui
432 3573 484 3638 vel
503 3573 588 3638 actui
604 3571 768 3658 objicitur,
785 3579 822 3637 ut
839 3570 1033 3656 attingatur3
1050 3579 1083 3636 et
1104 3571 1137 3637 in
1154 3570 1270 3638 latissi-

148 3699 203 3744 ma
213 3697 274 3745 sua
288 3680 474 3764 acceptione
488 3691 538 3747 est
555 3677 728 3755 terminus,
748 3679 831 3743 circa
848 3697 949 3761 quem
967 3689 1113 3746 versatur
1125 3677 1269 3764 potentia

149 3789 200 3852 iel
232 3787 361 3853 habitus
390 3789 442 3853 vel
471 3796 581 3852 actus:
611 3786 723 3869 sicque
750 3786 905 3852 dicuntur
931 3803 981 3852 res
1001 3785 1173 3871 possibiles
1196 3803 1268 3852 esse

148 3895 314 3979 objectum
334 3895 452 3961 divinae
467 3894 729 3979 omnipotentiae,
750 3901 785 3958 et
802 3911 870 3969 res,
887 3911 987 3976 quam
1007 3893 1196 3978 cognoscis,
1218 3902 1269 3959 est

148 4003 315 4087 objectum
339 4011 406 4068 tuae
429 4001 641 4086 cognitionis,
671 4000 795 4067 bonum
823 4001 915 4084 quod
937 4017 1046 4077 amas,
1067 3999 1114 4066 tui
1134 3998 1267 4075 amoris,

148 4110 282 4186 domus,
310 4128 410 4192 quam
437 4109 547 4185 vides,
576 4118 643 4175 tuae
669 4107 819 4184 visionis,
840 4107 936 4173 etita
956 4125 1063 4192 porro.
1089 4108 1174 4173 Nam
1195 4107 1270 4173 licet

149 4215 278 4301 proprie
296 4219 366 4282 sola
384 4215 529 4300 potentia
543 4213 672 4301 attingit
686 4225 742 4281 aut
757 4215 885 4298 respicit
899 4215 1065 4301 objectum
1085 4223 1141 4280 aut
1159 4233 1268 4282 versa·

149 4332 202 4388 tur
220 4324 304 4389 circa
316 4324 414 4401 illud,
436 4341 503 4389 non
522 4341 599 4389 vero
618 4323 747 4389 habitus
760 4331 793 4387 et
810 4331 918 4400 actus,
940 4323 1124 4391 intellectus
1150 4339 1269 4408 nempe

185 4595 225 4657 (r)
261 4589 337 4648 Vide
350 4589 504 4648 Conimbr.
519 4591 661 4660 Dialeci„
677 4603 781 4662 quaest.
796 4609 822 4647 2.
845 4598 977 4664 procem,
990 4609 1019 4646 a.
1040 4608 1066 4661 3.
1088 4585 1150 4648 cfr.
1172 4600 1228 4648 art.
1245 4610 1270 4661 ¹3
1342 4635 1347 4646 .

149 4679 295 4750 Losseda‚
319 4680 437 4757 Logia,
454 4693 538 4738 tract.
565 4701 589 4750 r,
605 4679 691 4751 Disp.
710 4701 735 4758 1,
756 4698 818 4751 ουρ.
833 4679 862 4749 8,
879 4697 908 4736 u.
932 4699 958 4750 33
974 4677 1069 4752 Mem,
1093 4679 1269 4754 Philosopb.

150 4773 251 4845 Perip.
267 4791 330 4842 par.
346 4791 370 4838 1,
383 4769 459 4841 disp.
478 4791 502 4838 r,
518 4791 537 4840 q
567 4791 591 4840 r,
606 4791 634 4828 a.
649 4789 677 4844 4.
