3492 5525
582 0 815 28 ssnlua·
847 0 968 45 ‘'o‘'
1001 0 1242 30 UIRUM
1270 0 1432 28 Ι-Νυο
1463 0 1556 26 ult
1595 0 1865 27 θΓΓαΏυΙΑ·
1900 0 1982 28 ΛΠ
2017 0 2246 27 ΓΚᾹὩΙ.
2312 0 2457 44 ΙᾟΙ

438 146 672 233 Logica
711 166 843 214 non
881 155 983 215 est
1012 145 1311 224 scientia,
1343 156 1538 233 prout
1566 150 1778 233 topice
1807 150 1911 215 vel
1938 148 2289 233 sophistice
2319 155 2535 223 utens,

293 254 436 323 sive
472 254 637 321 intra
671 255 811 322 sive
848 264 1026 323 extra
1064 256 1386 340 propriam
1418 256 1791 334 materiam,
1833 268 1907 325 ut
1944 276 2058 342 per
2092 276 2162 323 se
2202 263 2403 341 patet.

435 361 722 430 Dubium
760 373 1062 448 superest
1089 364 1173 431 de
1212 364 1443 449 Logica
1479 374 1672 449 prout
1708 374 1934 432 utente
1978 365 2218 450 regulis
2265 364 2542 432 demon-

295 471 544 538 strandi
585 471 750 537 intra
790 470 1115 557 propriam
1154 472 1526 547 materiam,
1569 472 1620 538 si
1676 472 1826 555 quis
1884 490 2120 557 nempe
2159 471 2312 538 velit
2350 471 2536 555 sequi

293 579 692 645 sententiam
715 578 904 646 Rubii
934 579 1343 664 aliorumque
1359 579 1591 663 quinto
1621 580 1765 646 loco
1794 580 2085 645 relatam:
2121 598 2309 662 «quo
2338 598 2535 647 sensu

296 686 449 758 licet
487 688 814 753 fateantur
850 704 1087 752 omnes
1125 695 1343 753 actum
1388 686 1673 772 logicum
1712 705 1857 753 esse
1893 685 2321 754 scientificum
2361 686 2541 752 reali-

292 803 394 859 ter
431 794 569 859 sive
608 793 918 877 identice;
962 797 1180 879 plures
1217 803 1436 872 tamen
1475 794 1540 860 id
1580 802 1823 880 negant
1853 794 1935 859 de
1971 794 2082 859 tali
2116 804 2261 860 actu
2301 795 2549 882 forma-h

292 902 441 967 liter
474 910 744 986 accepto
780 902 905 968 sub
953 921 1226 968 munere
1286 903 1528 968 utentis
1584 910 1697 967 aut
1752 919 1985 970 usus.»
2022 901 2333 969 Videatur
2384 902 2541 968 Los-

289 1010 449 1077 sada
481 1006 612 1097 (ι).

1006 1253 1608 1329 ARTICULUS
1652 1254 1796 1330 IV.

379 1424 717 1488 Utrum
753 1421 1090 1501 Logioa
1134 1421 1254 1485 sit
1297 1421 1674 1486 scientia
1717 1422 2281 1503 speculativa
2327 1439 2447 1488 an

1209 1548 1613 1627 practica

381 1781 540 1849 332.
635 1762 1041 1828 Postremam
1074 1759 1496 1845 aggredimur
1522 1759 1602 1825 de
1633 1767 1860 1825 natura
1888 1758 2135 1846 Logicae
2163 1768 2537 1828 controver-

283 1872 453 1939 siam
493 1870 668 1936 haud
711 1887 912 1954 parvo
949 1867 1104 1933 olim
1145 1868 1514 1934 animorum
1552 1875 1718 1933 aestu
1779 1867 2386 1952 sententiarumque
2422 1889 2535 1935 va-

286 1981 514 2045 rietate
537 1977 958 2061 disputatam.
989 1974 1358 2060 Suppositis
1387 1973 1642 2059 itaque,
1673 1993 1838 2058 quas
1880 1975 2029 2041 alibi
2076 1977 2528 2061 exposuimuS,

284 2082 574 2154 scientiae
610 2082 1028 2169 speculativae
1057 2103 1130 2148 ac
1162 2082 1453 2166 praeticae
1484 2081 1895 2160 notionibuS,
1937 2083 2208 2151 diversae
2245 2084 2529 2168 primum

284 2194 630 2278 opiniones
665 2201 1012 2258 auctorum
1053 2189 1465 2255 recensendae
1502 2201 1679 2258 sunt.

419 2301 631 2366 Prima
664 2298 987 2365 sententia
1023 2297 1396 2363 communis
1451 2297 1618 2363 inter
1676 2296 2051 2363 Thomistas
2106 2306 2172 2363 et
2217 2298 2530 2368 Scotistas

282 2398 475 2477 docet
513 2408 814 2493 Logicam
867 2424 1011 2472 esse
1071 2405 1367 2471 habitum
1425 2402 1938 2488 speculativum,
1999 2406 2301 2489 quamvis
2351 2408 2530 2474 facile

278 2518 676 2590 concedant,
705 2514 939 2580 saltem
965 2513 1198 2596 aliqui,
1227 2530 1370 2576 eam
1393 2529 1617 2597 gerere
1646 2510 2137 2577 similitudinem
2168 2516 2524 2597 quamdam

278 2644 434 2692 cum
471 2622 739 2689 scientia
777 2620 1073 2706 practica.
1116 2619 1333 2685 Videri
1374 2628 1652 2702 possunt
1687 2619 1855 2685 inter
1893 2619 2051 2684 alios
2090 2638 2207 2704 pro
2241 2622 2358 2687 hac
2388 2624 2524 2707 opi-

281 2734 478 2802 nione
515 2730 827 2798 Soncinas
864 2724 991 2816 (2),
1015 2726 1298 2810 Javellus
1340 2722 1471 2814 (3),
1523 2726 1879 2812 Capreolus
1903 2721 2033 2812 (4),
2059 2726 2368 2795 Hervaeus
2392 2726 2522 2817 (5),
2636 2705 2648 2719 ⁹

278 2844 482 2909 Sotus
518 2835 649 2927 (6),
679 2840 964 2920 joannes
1003 2853 1040 2900 a
1078 2834 1149 2901 S.
1191 2833 1448 2900 Thoma
1484 2832 1613 2921 (7),
1669 2833 2177 2918 Complutenses
2211 2833 2341 2925 (8),
2400 2838 2529 2905 Ro-

279 2948 418 3019 selli
457 2946 586 3037 (9),
609 2940 1066 3031 Toletus(1o),
1096 2940 1399 3008 Mastrius
1426 2938 1600 3029 (11),
1641 2949 1707 3006 et
1741 2940 2002 3010 Cardin.
2037 2939 2311 3028 Aguirre
2346 2942 2522 3033 (12).

383 3181 467 3252 (ι)
537 3179 713 3254 Log.,
749 3187 912 3235 tract.
951 3195 999 3245 1,
1028 3171 1178 3244 disp.
1217 3192 1265 3238 ι.
1295 3191 1421 3244 cap.
1451 3172 1510 3242 8,
1542 3191 1604 3230 n.
1640 3191 1722 3244 19,
1756 3191 1921 3245 seqq.

382 3275 465 3339 (2)
540 3269 671 3328 Lib.
703 3267 758 3324 6.
793 3264 1074 3338 Metaph„
1108 3281 1168 3333 q.
1200 3280 1254 3320 2.

380 3364 464 3435 (3)
539 3358 671 3418 Lib.
702 3356 758 3414 6.
790 3352 1073 3426 Metaph„
1104 3371 1164 3424 q.
1190 3372 1242 3421 3.

376 3456 460 3526 (4)
535 3449 801 3522 Proleg„
834 3445 901 3501 in
948 3441 1033 3500 lib
1095 3450 1209 3500 15¹·
1229 3438 1510 3508 Sentent„
1570 3461 1631 3512 q.
1688 3460 1742 3511 2,
1791 3462 1846 3499 a.
1885 3463 1929 3511 ι,
1982 3443 2083 3501 Aa
2130 3452 2247 3501 „aa
2272 3443 2525 3503 Aureoli

268 3554 454 3605 contr.
494 3545 612 3614 4⁰¹²
637 3535 892 3595 conclus.

379 3634 464 3705 (5)
539 3625 814 3698 Quodlib.
856 3644 903 3680 1.
934 3641 996 3693 q.
1023 3641 1073 3693 3.

378 3723 462 3790 (6)
537 3718 811 3784 Dialem-t„
841 3723 1051 3785 quoest.
1081 3728 1137 3783 4.
1173 3728 1415 3781 prooem.

379 3817 461 3886 (7)
534 3809 709 3884 Log.‚
740 3800 982 3864 secund.
1014 3812 1166 3872 part.
1198 3819 1255 3871 q.
1295 3820 1342 3868 1,
1371 3817 1424 3857 a.
1445 3819 1501 3871 4.

376 3903 461 3969 (8)
534 3897 812 3964 Dialect„
841 3891 994 3963 disp.
1031 3911 1080 3958 1,
1110 3908 1353 3962 prooem.
1385 3908 1443 3960 q.
1482 3888 1538 3946 6.

375 3995 459 4064 (9)
531 3986 762 4061 Logia,
793 4002 851 4054 q.
883 4001 934 4049 2,
967 4001 1020 4039 a.
1051 3980 1107 4038 6.

337 4085 459 4149 (ιο)
532 4078 702 4154 Log„
736 4094 796 4147 q.
825 4091 883 4146 4,
907 4090 1148 4143 prooem.

337 4175 458 4238 (11)
529 4167 705 4241 Log„
735 4172 943 4236 quaeet.
970 4178 1209 4232 prooem.
1234 4169 1344 4216 art.
1372 4174 1423 4230 5,
1455 4177 1513 4216 n.
1541 4175 1628 4231 55.

335 4262 458 4333 (12)
531 4256 772 4317 Selectae
789 4253 1028 4326 disput„
1060 4250 1234 4324 Lag..
1262 4260 1406 4307 treet
1441 4268 1487 4316 1,
1515 4246 1669 4322 disp.
1698 4266 1753 4323 5,
1773 4262 1911 4309 sect.
1943 4271 1991 4324 3.
