3492 5525
554 469 615 534 794
663 451 788 516 Locren
808 451 1036 526 hinton—Lus.
1061 451 1230 514 2.¹¹¹D1se.
1253 463 1298 513 a·
1317 453 1394 514 Gru.
1419 465 1490 533 μω

512 632 623 700 omnia
653 635 800 719 praesidia
829 635 870 701 ad
903 635 989 701 illam
1021 634 1204 700 habendam
1231 633 1342 700 innata
1369 641 1459 708 sunt,
1490 651 1579 716 neg,
1602 639 1634 695 et
1720 676 1721 679 ,

512 759 583 826 neg.
603 757 737 826 conseq.

578 848 616 914 Et
631 867 664 914 re
687 847 821 933 quidem
845 867 921 916 vera
951 848 1094 925 termini,
1115 848 1235 932 quibus
1253 848 1357 931 prima
1381 845 1534 932 principia
1552 865 1629 913 con·

512 963 612 1033 stant,
638 958 720 1023 tales
741 965 831 1034 sunt,
858 966 895 1022 ut
913 955 1063 1023 facillime
1082 956 1123 1022 ab
1145 957 1300 1022 omnibus
1319 954 1473 1042 cognosci
1492 955 1630 1040 possint;
1720 1011 1722 1021 .

513 1063 589 1147 quia
614 1064 726 1130 lumen
755 1067 901 1132 naturale
923 1067 1068 1151 cujusvis
1090 1064 1232 1130 hominis
1249 1063 1380 1140 suflicit,
1401 1073 1440 1130 ut
1467 1072 1632 1146 comparet

512 1170 571 1236 sibi
590 1171 712 1256 species
737 1191 851 1238 eorum
880 1171 1108 1258 intelligibiles,
1137 1180 1171 1237 et
1196 1171 1396 1238 habilitatem
1421 1170 1567 1254 acquirat
1591 1171 1632 1235 ad
1720 1206 1722 1227 :

513 1279 646 1344 eosdem
665 1279 748 1346 inter
766 1298 802 1346 se
820 1280 970 1365 expedite
989 1279 1250 1365 conjungendos.

557 1435 634 1507 206.
682 1439 872 1510 Prorosmo
887 1440 941 1505 2.·
987 1445 1199 1509 probabilius
1212 1445 1348 1506 videtur
1361 1443 1499 1506 nautum
1511 1443 1634 1522 princi·
1720 1414 1722 1419 ’

511 1551 647 1630 piorum
668 1571 738 1615 non
760 1555 951 1616 consistere
968 1554 1005 1614 in
1027 1553 1206 1631 speciebus
1223 1551 1505 1631 intelligibilibus,
1522 1552 1583 1614 sed
1597 1552 1634 1613 in
1720 1616 1722 1645 ν

511 1659 625 1740 aliqua
639 1661 705 1722 alia
722 1662 884 1740 qualitate
901 1661 1073 1724 distincta.

579 1815 758 1901 Propositio
778 1818 846 1882 haec
867 1818 952 1882 forte
969 1815 1206 1901 transgreditur
1225 1813 1350 1900 Logicae
1379 1813 1513 1896 limites,
1537 1823 1634 1899 atque
1720 1869 1722 1913 Ξ

512 1922 552 1987 ad
584 1921 828 2009 Psychologiam
867 1925 976 2008 potius
1007 1932 1144 2007 spectat3
1178 1922 1389 1988 nihilominus
1421 1924 1462 1989 ad
1491 1923 1635 1990 materiae

511 2031 793 2115 complementum
807 2031 946 2098 breviter
959 2030 1148 2097 declaranda
1162 2039 1196 2096 et
1209 2031 1377 2115 probanda
1390 2039 1452 2096 est.
1469 2038 1514 2097 Et
1522 2037 1636 2113 primo

511 2138 644 2221 quidem
662 2138 856 2222 experientia
876 2139 944 2223 ipsa
967 2138 1133 2205 suadetur.
1160 2135 1297 2204 Constat
1318 2137 1407 2203 enim
1426 2137 1634 2222 potissimum
1720 2209 1722 2229 Ι

511 2244 793 2330 inpositionibus,
824 2248 982 2331 majorem
1010 2244 1192 2330 comparari
1207 2245 1390 2311 facilitatem
1413 2263 1451 2310 ac
1477 2243 1638 2329 prompti·
1720 2244 1722 2247 ’

512 2352 659 2420 tudinem
686 2361 718 2418 et
740 2353 834 2437 quasi
858 2353 1105 2420 familiaritatem
1128 2370 1190 2420 usu
1214 2361 1246 2419 et
1274 2352 1464 2437 repetitione
1485 2361 1633 2418 actuum.
1720 2388 1722 2435 ÷

506 2460 614 2544 'Atqui
634 2461 696 2526 hoc
714 2460 845 2546 signum
876 2470 938 2537 est,
959 2446 1049 2544 quod
1069 2459 1202 2526 facilitas
1230 2479 1266 2525 ac
1286 2459 1512 2544 promptitudo
1531 2460 1636 2544 prima
1720 2448 1722 2477 ⁵

512 2586 570 2651 per
594 2568 685 2652 ipsos
713 2587 866 2634 assensus
900 2567 1133 2653 principiorum
1151 2577 1305 2652 generata
1333 2580 1394 2634 est.
1423 2569 1507 2634 Nam
1536 2567 1636 2633 simili
1720 2624 1722 2637 .

514 2675 614 2740 modo
633 2675 763 2741 habitus
781 2675 957 2771 acquisitos
980 2693 1154 2760 augescere
1173 2687 1270 2757 atque
1288 2672 1412 2740 intendi
1431 2675 1634 2740 censendum

513 2790 575 2859 est,
597 2802 663 2867 quo
684 2784 826 2867 primum
846 2786 1039 2870 gignuntur.
1060 2782 1185 2867 Ergo...
1273 2861 1277 2879 Ι

579 2896 754 2959 Praeterea
766 2892 834 2957 hoc
852 2901 902 2958 est
922 2891 1093 2957 discrimen
1113 2889 1194 2955 inter
1218 2888 1347 2955 habitus
1371 2893 1636 2974 supernaturales

512 3006 545 3063 et
564 2998 742 3074 naturales,
764 2999 852 3081 quod
871 2999 915 3064 illi
934 3000 1012 3064 dent
1029 2995 1218 3080 simpliciter
1237 3014 1335 3080 posse
1346 2998 1489 3080 operari,
1510 2998 1544 3064 hi
1557 3016 1636 3064 vero

514 3122 580 3169 non
600 3104 679 3171 dent
697 3085 884 3189 simpliciter
902 3124 1014 3190 posse,
1036 3103 1094 3170 sed
1121 3104 1210 3167 facile
1239 3122 1350 3187 posse.
1376 3106 1478 3188 Atqui
1506 3105 1637 3173 habitus

514 3210 742 3296 principiorum
761 3214 788 3280 si
807 3214 839 3278 in
860 3213 1031 3297 speciebus
1044 3209 1301 3295 intelligibilibus
1319 3210 1553 3289 consisterent,
1578 3215 1636 3279 da·

514 3327 585 3384 rent
608 3318 792 3404 simpliciter
814 3339 910 3404 posse
928 3319 1069 3404 operari,
1090 3317 1252 3401 siquidem
1280 3316 1350 3383 sine
1375 3318 1550 3403 speciebus
1573 3322 1637 3387 im·

514 3425 665 3509 possibile
684 3437 733 3492 est
746 3428 937 3512 intelligere.
954 3428 1078 3513 Ergo...

580 3540 738 3618 Denique
760 3535 786 3601 si
806 3536 936 3601 habitus
950 3536 1180 3619 principiorum
1199 3534 1231 3600 in
1252 3534 1423 3619 speciebus
1451 3535 1637 3621 intelligibi·
1720 3526 1722 3552 ¹

515 3640 599 3707 libus
616 3642 848 3723 consisterent,
871 3660 937 3707 nan
955 3642 1051 3708 video
1069 3660 1127 3708 cur
1144 3642 1322 3708 necessaria
1336 3650 1424 3708 esset
1438 3643 1636 3727 experientia

515 3758 548 3814 et
565 3749 709 3815 inductio
728 3750 768 3815 ad
787 3750 967 3835 colligenda
985 3749 1155 3834 principia,
1179 3749 1464 3833 quemadmodum
1484 3768 1637 3817 necessa·
1720 3775 1722 3784 ³

516 3856 595 3921 riam
615 3872 686 3921 esse
706 3875 784 3922 mox
803 3856 998 3925 videbimus.
1026 3858 1110 3923 Nam
1129 3856 1155 3923 si
1174 3866 1247 3941 post
1272 3858 1491 3923 terminorum
1522 3859 1637 3943 cogni-

514 3963 640 4029 tionem
651 3964 908 4031 adhucinductio
923 3963 1065 4048 plurium
1079 3964 1291 4049 singularium
1306 3982 1444 4030 casuum
1459 3964 1637 4048 requiritur
1720 4038 1722 4044 ,

515 4072 556 4137 ad
575 4070 759 4137 facilitatem
778 4072 974 4137 assentiendi
1000 4072 1198 4147 habendam,
1229 4072 1372 4155 profecto
1398 4080 1516 4155 praeter
1545 4072 1634 4157 ipsas
1720 4056 1722 4127 ἶ

516 4179 640 4263 species
658 4180 777 4264 aliquid
796 4180 883 4245 aliud
902 4180 1092 4264 ponendum
1112 4188 1174 4246 est.
1720 4152 1722 4192 Ε

581 4293 696 4355 Dices.
723 4287 877 4354 Habitum
898 4305 963 4352 non
978 4288 1155 4353 consistere
1167 4286 1200 4352 in
1217 4285 1294 4353 solis
1308 4285 1480 4370 speciebus
1495 4289 1548 4354 vel
1566 4288 1637 4355 illa·

517 4413 589 4459 rum
608 4392 811 4471 collectione,
833 4394 893 4460 sed
909 4393 943 4459 in
961 4394 1131 4479 speciebus
1148 4392 1303 4460 ordinatis
1321 4395 1374 4459 vel
1390 4395 1424 4459 in
1449 4397 1634 4478 specierum

516 4498 730 4569 ordinatione.
753 4501 895 4567 Concedi
913 4502 975 4567 hoc
995 4511 1118 4586 potest;
1147 4519 1261 4566 verum
1284 4509 1368 4567 recte
1393 4501 1547 4569 observat
1564 4504 1637 4571 Exi·
1720 4578 1722 4608 Ι

518 4607 604 4674 mius
624 4608 742 4675 Ductor
760 4607 996 4675 ordinationem
1021 4608 1208 4694 hujusmodi
1236 4608 1322 4675 aliud
1342 4627 1453 4675 revera
1475 4629 1549 4677 esse
1569 4632 1635 4679 non
1720 4619 1722 4654 ²

516 4731 614 4799 posse
642 4714 703 4780 nisi
732 4716 932 4783 habilitatem
959 4734 1081 4800 «quam
1105 4714 1287 4782 intellectus
1316 4714 1453 4801 acquirit
1481 4718 1524 4784 ad
1552 4718 1638 4787 ordi
