3492 5525
226 546 346 611 Annae
362 547 607 629 pubertatem.
624 567 788 615 uooonun
803 568 945 617 urrcruu
960 569 1098 619 svccoo·
1137 573 1190 641 341

13 791 14 798 ,
106 727 207 797 Darii
218 728 400 797 affirmatur
413 731 626 816 predicatum
644 732 678 803 in
696 734 905 806 conclusione
922 736 965 802 de
978 737 1139 825 subjecto,
1159 757 1235 825 pro-

109 844 222 921 pterea
234 837 326 921 quod
344 837 426 905 illud
448 838 647 907 affirmatum
676 841 711 925 in
738 841 915 926 praemissis
943 854 994 911 est
1020 844 1062 910 de
1088 836 1233 913 'termino
1285 908 1286 913 ,

13 1031 14 1034 ¹
109 944 220 1011 medio
238 945 463 1012 universaliter
479 954 636 1032 sumpto,
657 949 720 1015 sub
734 948 828 1035 cuius
839 950 1033 1019 extensione
1047 953 1233 1021 continetur

13 1037 14 1088 ἶ
107 1034 313 1138 s'ubjectum3
333 1052 419 1119 etin
448 1052 598 1122 Calarant
612 1054 766 1133 acFara’o,
796 1065 936 1143 negatur
963 1059 996 1128 in
1023 1061 1234 1129 conclusione

108 1160 321 1245 praedicatum
340 1161 382 1227 de
399 1159 565 1248 subjecto,
583 1163 661 1246 quia
685 1164 767 1230 illud
785 1176 943 1250 negatum
967 1174 1017 1233 est
1035 1168 1068 1234 in
1088 1170 1235 1253 praemis·

107 1268 154 1333 sis
171 1268 213 1335 de
231 1266 371 1334 termino
385 1268 494 1335 medio
509 1269 734 1338 universaliter
750 1281 905 1357 sumpto,
930 1274 994 1341 sub
1012 1276 1106 1360 qu'us
1122 1284 1235 1343 exten·

106 1374 201 1441 sione
219 1376 506 1459 comprehenditur
532 1378 731 1463 subjectum.

13 1547 14 1576 ,
176 1482 305 1567 Reliqui
319 1503 437 1551 omnes
450 1484 539 1551 modi
551 1484 695 1552 bifariam
710 1487 925 1555 demonstrari
940 1491 1047 1556 solent
1061 1510 1080 1555 a
1093 1489 1231 1576 Logicis,
1290 1520 1413 1568 amm„

106 1590 259 1659 ostensiva
277 1602 310 1659 et
327 1592 541 1675 repreheruioa
566 1593 617 1659 vel
639 1600 700 1677 par
720 1596 938 1691 deductionem
962 1598 1004 1663 ad
1032 1598 1231 1681 impossibile,
1248 1590 1445 1647 ΜῑῑωΜ·

109 1702 162 1766 vel
181 1699 280 1767 etiam
299 1719 340 1766 ex
355 1702 503 1769 absurdo.

176 1808 437 1887 Demonstratio,
458 1808 623 1875 ostensiva
640 1810 674 1875 in
699 1828 739 1875 eo
763 1810 824 1877 sita
845 1819 913 1889 est,
938 1814 1029 1895 quod
1055 1812 1234 1897 imperfecti
1298 1856 1402 1905 ,Mo

108 1916 202 1983 modi
220 1936 278 2001 per
291 1925 402 2001 aptam
420 1918 669 1983 conversionem
685 1920 782 1985 unius
800 1936 857 1984 aut
876 1920 1019 2003 plurium
1039 1921 1234 2006 propositio·
1297 1931 1408 1976 avenn„

108 2043 206 2102 num,
234 2024 286 2090 vel
305 2025 402 2090 etiarn
423 2044 479 2110 per
497 2026 688 2091 earumdem
715 2028 1004 2111 transpositionem
1024 2028 1065 2095 acl
1091 2030 1234 2113 aliquam
1249 2002 1449 2119 ,Ἠῗξζζζ

107 2153 150 2199 erc
179 2140 322 2216 quatuor
344 2132 456 2199 formis
483 2134 633 2217 perfectis
662 2142 870 2201 revocentur.
898 2137 981 2203 Nam
1006 2154 1083 2202 vera
1109 2142 1159 2203 est
1182 2138 1236 2203 illa

107 2243 164 2307 lex
182 2241 443 2325 consequentiae,
464 2258 565 2323 quam
580 2241 730 2325 superius
739 2241 1056 2310 demonstravimus:
1074 2243 1237 2329 Quidquid

105 2348 252 2433 sequidar
266 2367 308 2413 cx
324 2352 533 2432 consequente,
553 2349 695 2433 sequitur
710 2368 750 2415 ex
767 2353 981 2417 antecedente:
1005 2350 1031 2417 si
1050 2369 1128 2435 ergo
1149 2362 1236 2419 recte

106 2457 182 2523 fluit
199 2455 367 2522 conclusio
389 2475 409 2521 a
426 2474 582 2522 conversa
600 2456 642 2521 ad
660 2466 925 2535 convertentem,
946 2456 1105 2543 quidquid
1126 2460 1236 2543 sequi-

104 2574 162 2631 tur
181 2583 224 2629 ex
242 2571 466 2640 convertente,
482 2574 638 2647 sequetur
652 2565 751 2632 etiarn
765 2584 806 2630 ex
819 2584 989 2631 conversa.
1007 2566 1045 2630 Et
1063 2568 1125 2631 hoc
1140 2574 1234 2650 pacto

105 2673 325 2737 demonstrari
352 2680 492 2754 possunt
514 2690 632 2737 omnes
660 2672 750 2738 modi
777 2672 972 2757 imperfecti,
1001 2675 1072 2739 solo
1097 2665 1234 2758 excepto

104 2784 227 2848 Baroco
246 2790 279 2846 et
296 2782 453 2857 Bocardo,
473 2779 529 2863 qui
547 2782 657 2847 solum
677 2779 806 2864 probari
828 2790 969 2866 possunt
986 2799 1043 2868 per
1066 2781 1236 2850 deductio·

13 2902 14 2907 ’
105 2908 186 2954 nem
215 2887 258 2953 a'd
274 2885 488 2972 impossibile.
509 2888 546 2952 Et
566 2888 645 2953 ratio
670 2896 732 2964 est,
753 2887 830 2971 quia
849 2907 927 2955 cunr
948 2891 1065 2956 horum
1091 2890 1234 2957 duorum
1284 2893 1292 2922 ¹

13 3060 14 3063 ,
106 2997 285 3062 modorum
306 2993 544 3080 propositiones
565 2996 712 3062 converti
733 3004 900 3080 nequeant
924 2996 985 3062 nisi
1005 3015 1063 3081 per
1086 2997 1235 3063 accidens

13 3084 14 3091 ἵ
105 3111 166 3170 aut
184 3121 243 3187 per
260 3089 590 3187 contrapositionem,
607 3102 749 3169 revocari
769 3121 836 3170 non
856 3115 995 3188 possunt
1013 3116 1076 3189 ope
1094 3122 1236 3170 conver·

111 3210 218 3278 sionis
237 3211 278 3278 ad
297 3212 401 3276 ullum
417 3229 458 3276 ex
472 3219 614 3296 quatuor
628 3211 735 3276 modis
754 3211 915 3296 perfectis.

163 3321 248 3405 158.Ι
287 3317 357 3397 Janr
377 3326 414 3384 ut
437 3317 582 3384 reductio
601 3319 778 3384 modorum
802 3319 1069 3402 imperfectorum
1097 3320 1138 3385 ad
1164 3339 1238 3405 per·
1290 3343 1408 3390 maman

13 3444 14 3447 ’
112 3429 220 3494 fectos
248 3438 324 3511 apte
353 3435 542 3512 peragatur,
563 3427 644 3493 scire
671 3433 799 3510 oportet
817 3426 924 3510 primo
949 3426 990 3492 ad
1013 3445 1166 3511 quaenam
1195 3447 1236 3494 ex
1249 3415 1349 3498 ΡΜ*
1367 3413 1445 3460 Μ

13 3616 14 3619 ¹
111 3532 268 3621 perfectis
285 3533 393 3600 modis
406 3533 525 3620 singuli
539 3532 720 3619 imperfecti
733 3532 905 3615 revocandi
917 3533 999 3616 sint;
1015 3533 1132 3601 deinde
1146 3553 1237 3620 quae·
1269 3485 1433 3603 Ἢζῗίῂ

13 3638 14 3645 ’
111 3663 192 3710 nam
206 3641 446 3727 propositiones
463 3642 734 3726 transponendae,
750 3659 788 3707 ac
805 3641 940 3708 demum
954 3660 1106 3724 quaenam
1122 3651 1155 3708 et
1168 3661 1236 3726 quo

13 3760 14 3824 l
104 3769 231 3838 genere
252 3749 473 3816 conversionis
496 3749 737 3816 convertendae.
763 3749 797 3814 ld
820 3767 917 3833 porro
940 3758 1048 3815 totum
1070 3749 1236 3816 docebunt

13 3848 14 3853 ’
103 3855 377 3924 artificiosissima
394 3855 447 3921 illa
469 3857 612 3923 carmina
635 3855 864 3923 novemdecim
881 3855 998 3922 modos
1020 3856 1116 3924 utiles
1133 3857 1237 3923 conti-

106 3964 238 4032 nentia:
255 3963 415 4040 Barbara,
436 3961 599 4041 Celarant,
620 3971 684 4030 etc.

175 4070 279 4137 Vides
288 4071 323 4136 in
333 4071 383 4137 his
397 4071 527 4155 singula
535 4071 645 4148 verba,
657 4071 795 4137 totidem
811 4071 929 4137 modos
939 4071 1033 4138 utiles
1049 4071 1236 4155 exprimen-

104 4184 168 4256 tia,
190 4177 332 4266 exordiri
352 4196 417 4243 una
434 4197 476 4244 ex
495 4186 636 4262 quatuor
653 4178 740 4246 hisce
758 4179 873 4245 litteris
889 4177 928 4254 B,
948 4179 991 4254 C,
1012 4178 1056 4255 D,
1078 4179 1118 4255 F,
1137 4179 1248 4267 idque

104 4286 273 4375 significat
291 4285 438 4370 singulos
452 4286 570 4352 modos
584 4286 791 4371 imperfectos
809 4279 941 4352 adeum
958 4287 1136 4370 perfectum
1153 4286 1235 4352 redi·

103 4395 238 4482 gendos
256 4411 348 4469 esse,
370 4390 426 4477 qui
442 4394 557 4459 eadem
577 4394 680 4460 littera
700 4394 883 4470 exorditur,
899 4405 980 4479 puta
992 4393 1176 4475 Baralipfon
1194 4395 1235 4460 ad

103 4504 273 4577 Barbara,
300 4501 414 4567 Casara
433 4501 474 4566 ad
507 4500 668 4578 Calarent,
687 4502 813 4569 Dabitis
831 4500 872 4567 ad
891 4500 1005 4577 Darii,
1031 4499 1177 4584 Fapasmo
1195 4502 1236 4567 ad
1283 4513 1288 4528 ·

104 4611 199 4678 Faria
217 4620 281 4676 etc.

175 4717 281 4784 Vides
317 4724 471 4799 praeterea
499 4715 651 4799 quaedam
688 4719 838 4804 symbola
873 4717 1035 4803 ejusmodi
1070 4715 1236 4782 continere
1289 4713 1413 4797 *efficite

105 4825 192 4891 inter
211 4825 292 4889 alias
315 4823 458 4888 litteram
477 4847 532 4899 m,
553 4832 591 4890 ut
609 4824 804 4902 Cameslras,
830 4826 983 4909 quaedam
1002 4848 1037 4901 s,
1066 4831 1104 4889 ut
1122 4821 1237 4887 Calan·
1269 4785 1432 4915 '‘fflffm'
