3492 5525
576 436 652 502 ¹04⁰
700 418 824 481 Locren
840 417 1069 491 Meton-Lm.
1089 434 1160 495 μ’,
1178 419 1267 481 [nse.
1284 430 1329 500 4·
1344 416 1422 479 Cue.
1441 430 1511 493 νυ

532 600 632 681 topica
649 600 769 666 ratione
787 599 844 686 (ex
859 600 938 666 iocis
952 619 1072 683 nempe
1086 598 1321 665 communibus
1335 596 1557 681 deprompta),
1572 594 1643 658 elin

536 708 586 773 r.⁰
605 711 644 772 de
663 714 821 776 Partibus
834 715 1037 775 animalium
1052 704 1138 794 (cap.
1162 706 1269 790 scire.
1291 702 1444 793 princip.)
1457 704 1550 778 elicit,
1570 704 1646 786 quod

530 815 664 881 anmbile
679 819 728 880 est
742 815 854 899 magis,
870 822 1006 898 paruum
1022 814 1147 899 aliquid
1163 832 1343 897 cognoscere
1359 816 1398 876 dc
1416 812 1506 876 rebus
1524 809 1645 875 nobilio

529 922 636 998 ribus,
654 940 749 1006 quarn
766 924 864 987 multa
882 940 1064 1005 cognoscere
1080 924 1120 986 de
1144 921 1237 987 rebus
1254 919 1502 1004 ignobilioribus.
1523 916 1645 999 Sapien-

532 1029 577 1094 tia
594 1028 709 1112 igitur,
728 1030 771 1093 ad
787 1048 882 1115 quom
904 1030 1041 1110 pertinet
1055 1028 1118 1093 Dei
1140 1027 1287 1111 cognitio,
1308 1026 1441 1102 bomini,
1466 1024 1600 1089 nraxirne
1615 1024 1644 1087 in

530 1139 614 1202 statu
644 1128 737 1224 bnjns
760 1138 851 1214 vila,
881 1156 943 1201 non
968 1140 1068 1219 potest
1088 1135 1222 1220 perfecte
1251 1135 1417 1209 advenire,
1443 1137 1481 1199 ut
1500 1133 1545 1197 sit
1563 1132 1647 1217 quasi

529 1247 598 1331 ejus
612 1242 780 1325 possessio,
798 1246 854 1309 sed
866 1246 922 1309 boc
938 1246 1036 1309 solius
1049 1244 1112 1308 Dei
1127 1247 1187 1319 est,
1205 1242 1369 1309 nttmitnr
1382 1242 1417 1305 in
1435 1248 1483 1306 r.⁰
1497 1248 1644 1322 bdetaph.

438 1376 446 1393 ¹
530 1347 618 1437 (cap.
643 1368 676 1416 tt
700 1364 775 1435 post
794 1348 901 1439 med.)
919 1352 982 1417 Sed
1007 1354 1109 1415 tomen
1129 1350 1186 1415 illa
1203 1351 1324 1415 modica
1345 1350 1493 1433 cognitio,
1513 1367 1583 1432 qua
1596 1355 1646 1429 prr

529 1458 714 1539 sapientiam
729 1460 769 1524 cle
794 1461 862 1524 Deo
887 1458 995 1524 baberi
1017 1463 1132 1541 potest,
1157 1458 1244 1523 omni
1259 1458 1319 1523 alii
1338 1456 1510 1541 cognitioni
1525 1456 1646 1538 prater-

529 1564 614 1652 tur(
640 1564 665 1654 ).

596 1673 724 1750 Quibus
738 1673 856 1739 similia
873 1682 907 1739 et
923 1674 1029 1741 adhuc
1049 1674 1181 1740 clariora
1201 1687 1279 1740 sunt
1298 1674 1368 1738 iraec
1381 1672 1457 1738 elia:
1473 1670 1644 1739 &ennam

528 1780 630 1847 omnis
646 1801 686 1846 ex
697 1785 770 1846 actu
784 1762 952 1847 tondatur:
966 1782 1065 1847 omnis
1077 1786 1181 1847 antem
1193 1784 1282 1847 actus
1300 1783 1451 1847 laudatur
1466 1800 1507 1845 ex
1519 1780 1645 1843 duobus:

527 1908 569 1953 ex
584 1890 699 1975 objecto
711 1889 903 1973 etqualitate
920 1908 975 1955 seu
988 1892 1096 1970 modo,·
1113 1889 1196 1955 sicut
1206 1890 1362 1975 adficere
1377 1892 1426 1954 est
1436 1888 1548 1953 nulius
1560 1906 1646 1972 quan

520 1996 630 2081 facere
646 1998 777 2073 lectum,
796 1997 871 2081 quia
896 1998 1045 2083 abactam
1071 1996 1286 2083 adpicationis
1303 2000 1353 2062 est
1371 1997 1483 2061 melius
1508 1998 1597 2061 lecto.
1616 1994 1645 2058 ln

528 2106 632 2168 eodem
649 2106 754 2169 autem
771 2110 911 2184 respectu
927 2106 1061 2191 ejusdem
1080 2105 1128 2169 rei
1154 2104 1222 2185 ipsa
1240 2104 1376 2189 qualitas
1395 2106 1531 2187 gradum
1549 2120 1647 2187 quem-

528 2213 602 2275 dam
611 2210 712 2295 facit,
731 2210 806 2295 puio
824 2215 940 2296 quanto
957 2213 1066 2276 modus
1084 2211 1214 2297 aedificii
1228 2214 1277 2277 est
1291 2212 1413 2287 melior,
1438 2212 1526 2276 tanto
1542 2210 1647 2275 nuliru

528 2315 764 2404 estactficium.
783 2318 838 2384 Sic
854 2337 925 2403 ergo
952 2318 982 2383 si
1006 2318 1225 2385 consideratur
1251 2318 1380 2385 scientio
1402 2338 1458 2384 seu
1478 2322 1568 2383 actrts
1584 2321 1646 2404 ejus

527 2444 568 2490 ex
584 2426 717 2513 objecto,
733 2428 823 2507 potet
843 2428 928 2510 qnod
944 2427 1001 2491 illa
1018 2426 1148 2491 scicntia
1166 2431 1213 2491 est
1228 2413 1379 2503 nobilior,
1398 2445 1468 2511 que
1484 2430 1534 2490 est
1548 2426 1647 2489 melio-
1714 2444 1715 2453 2

500 2558 505 2566 ·
528 2552 598 2599 rum
616 2538 648 2598 et
670 2533 954 2615 honorabiliorum·
977 2534 1008 2598 si
1033 2551 1108 2599 vero
1129 2534 1345 2599 consideretur
1360 2553 1401 2599 ex
1426 2534 1579 2619 qualitate
1598 2550 1646 2597 scu

528 2643 634 2718 modo,
654 2640 700 2705 sic
716 2641 846 2707 scientia
859 2642 917 2706 illa
935 2644 984 2706 est
999 2642 1151 2719 nobilior,
1172 2660 1241 2727 perce
1261 2643 1386 2709 certior.
1403 2640 1467 2707 Sed
1483 2643 1540 2707 boc
1554 2645 1603 2707 est
1617 2642 1644 2703 in

526 2749 711 2834 quibusdam
736 2749 878 2815 scientiis
901 2750 1077 2827 diuersum,
1103 2750 1177 2835 quio
1200 2750 1316 2836 atiquo
1341 2755 1419 2817 sunt
1443 2752 1546 2834 magr's
1562 2754 1647 2814 cerlo

526 2859 617 2935 aliis,
637 2862 784 2924 ettamen
808 2863 884 2924 sunt
904 2859 1053 2924 derebus
1081 2859 1186 2924 minus
1211 2859 1459 2940 honorabilibus,·
1483 2860 1558 2924 alr'ce
1580 2877 1646 2922 vcro

526 2970 603 3030 sunt
616 2969 656 3030 de
669 2967 760 3033 rebus
776 2966 878 3050 magis
896 2965 1142 3043 honorabilibus,
1163 2970 1196 3032 et
1210 2969 1312 3032 tamen
1329 2971 1408 3032 sunt
1421 2968 1528 3032 minus
1549 2971 1643 3032 certa.

527 3072 741 3142 Nihilominus
760 3078 862 3140 tamen
887 3073 944 3138 illo
962 3077 1009 3139 est
1033 3075 1159 3150 melior,
1177 3091 1249 3158 quae
1265 3075 1304 3138 de
1322 3075 1412 3139 rebus
1428 3074 1607 3162 pudoribus
1622 3077 1647 3138 et
1713 3139 1714 3176 r

528 3182 806 3247 honorabilioribus
822 3185 881 3246 est.
909 3181 1010 3269 Cujus
1026 3181 1110 3246 ratio
1127 3185 1188 3258 est,
1217 3181 1293 3266 guia
1314 3181 1398 3247 sicut
1417 3182 1498 3246 dicit
1514 3183 1646 3247 Pbitoso

522 3289 605 3370 pbus
622 3289 657 3354 in
684 3289 765 3355 libro
796 3308 832 3355 11
863 3294 907 3356 de
920 3293 1152 3367 Animalibus,
1181 3289 1279 3372 uragis
1299 3289 1548 3372 concupiscimus
1575 3288 1647 3354 scire

527 3397 681 3497 motuum
697 3401 736 3462 de
754 3397 846 3462 rebus
868 3396 1102 3462 honorabilibus
1119 3400 1153 3462 et
1167 3396 1346 3472 ultissimis,
1371 3397 1493 3462 etianrsi
1509 3398 1606 3478 topice
1621 3399 1647 3459 el

524 3505 728 3586 probabiliter
744 3505 829 3570 illud
843 3505 997 3580 sciemus,
1016 3523 1111 3590 quam
1123 3505 1210 3570 scire
1223 3507 1356 3570 multum
1370 3509 1403 3570 et
1412 3511 1471 3587 per
1486 3503 1645 3571 certitudi-

526 3629 598 3677 nem
614 3614 653 3678 de
671 3613 762 3678 rebus
780 3613 885 3678 minus
903 3611 1145 3680 honorabilibus.
1171 3613 1238 3678 Hoc
1254 3615 1338 3678 enirn
1355 3613 1445 3678 babet
1459 3613 1644 3678 nobilitatem
1712 3637 1713 3684 t

525 3739 566 3784 ex
582 3739 615 3785 se
632 3724 665 3785 et
676 3739 734 3786 suo
750 3721 941 3796 substantia,
962 3720 1045 3785 illud
1061 3739 1134 3786 nero
1152 3739 1191 3784 ex
1209 3723 1298 3786 modo
1316 3721 1513 3805 etqualitate
1527 3718 1591 3808 (2).

592 3828 638 3894 Ex
649 3830 707 3911 hec
722 3828 865 3934 doctrina
879 3829 977 3896 s'olvit
989 3829 1086 3894 etiam
1103 3827 1280 3912 Angelicus
1294 3837 1542 3914 argumentum,
1560 3825 1642 3913 quod

525 3944 638 4001 contra
648 3937 869 4022 praestantiam
879 3934 1065 4021 Theologiae
1078 3955 1175 4020 supra
1186 3935 1337 4003 scientias
1353 3938 1513 4002 humanas
1530 3953 1642 4003 omnes

525 4043 594 4110 steri
612 4053 720 4136 potest
734 4064 775 4110 ex
791 4045 904 4131 majori
920 4063 1041 4128 nempe
1056 4045 1171 4109 harum
1186 4043 1364 4128 subjectiva
1378 4045 1571 4110 certitudine
1582 4041 1639 4130 (3).

569 4158 672 4220 Dices
694 4159 745 4218 2.⁰
790 4151 945 4219 Moralem
975 4170 1047 4218 esse
1072 4151 1221 4218 omnium
1255 4151 1499 4236 dignissimam,
1535 4160 1642 4236 utpote
1711 4167 1712 4194 ³

527 4279 601 4344 quae
627 4260 789 4328 incumbit
807 4261 846 4326 ad
877 4261 1092 4328 vttamrecte
1117 4259 1351 4326 instituendam
1380 4269 1413 4325 et
1444 4259 1641 4344 dirigendam

560 4533 602 4601 (s)
640 4528 672 4590 S.
688 4529 806 4600 Thom,
826 4551 849 4588 1.
866 4551 894 4598 2,
909 4549 938 4602 q.
954 4529 1000 4598 66,
1016 4551 1044 4587 a.
1061 4547 1086 4601 5,
1102 4527 1139 4585 ad
1157 4539 1215 4601 3³¹⁸

560 4621 602 4688 (a)
641 4618 675 4678 S.
687 4617 805 4690 Thom,
824 4632 862 4679 1.·
873 4619 1037 4690 dederim,
1053 4619 1116 4678 ieet.
1137 4641 1161 4689 1,
1177 4621 1264 4692 paulo
1278 4634 1343 4693 poet
1356 4620 1486 4681 initium.

562 4717 602 4785 (3)
638 4709 715 4769 Vide
731 4710 763 4770 S.
781 4711 936 4771 Ductorem
950 4709 981 4768 in
999 4731 1024 4770 1.
1039 4729 1067 4781 p,
1081 4729 1111 4781 q.
1130 4731 1152 4780 r,
1167 4731 1194 4768 a.
1212 4730 1238 4784 ς,
1251 4709 1288 4768 ed
1311 4720 1367 4770 r.··
