<?xml version="1.0" encoding="UTF-8"?>
<!DOCTYPE html PUBLIC "-//W3C//DTD XHTML 1.0 Transitional//EN"
    "http://www.w3.org/TR/xhtml1/DTD/xhtml1-transitional.dtd">
<html xmlns="http://www.w3.org/1999/xhtml" xml:lang="en" lang="en">
 <head>
  <title>
</title>
<meta http-equiv="Content-Type" content="text/html;charset=utf-8" />
  <meta name='ocr-system' content='tesseract 3.04.00' />
  <meta name='ocr-capabilities' content='ocr_page ocr_carea ocr_par ocr_line ocrx_word'/>
</head>
<body>
  <div class='ocr_page' id='page_1' title='image "./institutionesph00urrgoog/institutionesph00urrgoog_0616.png"; bbox 0 0 3492 5525; ppageno 0'>
   <div class='ocr_carea' id='block_1_1' title="bbox 556 449 1484 538">
    <p class='ocr_par' dir='ltr' id='par_1_1' title="bbox 556 449 1484 538">
     <span class='ocr_line' id='line_1_1' title="bbox 556 449 1484 538; baseline 0.003 -22"><span class='ocrx_word' id='word_1_1' title='bbox 556 449 613 535; x_wconf 81' lang='lat'>596</span> <span class='ocrx_word' id='word_1_2' title='bbox 673 452 797 519; x_wconf 76' lang='lat' dir='ltr'>Locren</span> <span class='ocrx_word' id='word_1_3' title='bbox 811 452 1042 530; x_wconf 76' lang='lat' dir='ltr'>MrJon-Lru.</span> <span class='ocrx_word' id='word_1_4' title='bbox 1062 466 1131 532; x_wconf 61' lang='grc' dir='ltr'>ψ,</span> <span class='ocrx_word' id='word_1_5' title='bbox 1147 449 1241 519; x_wconf 71' lang='lat' dir='ltr'>Dran.</span> <span class='ocrx_word' id='word_1_6' title='bbox 1258 466 1303 538; x_wconf 83' lang='grc'>4.·</span> <span class='ocrx_word' id='word_1_7' title='bbox 1315 452 1394 519; x_wconf 73' lang='lat' dir='ltr'>Cae.</span> <span class='ocrx_word' id='word_1_8' title='bbox 1414 468 1484 521; x_wconf 56' lang='grc' dir='ltr'>ψ’</span> 
     </span>
    </p>
   </div>
   <div class='ocr_carea' id='block_1_2' title="bbox 512 633 1645 1259">
    <p class='ocr_par' dir='ltr' id='par_1_2' title="bbox 512 633 1643 936">
     <span class='ocr_line' id='line_1_2' title="bbox 580 633 1641 720; baseline 0.002 -21"><span class='ocrx_word' id='word_1_9' title='bbox 580 640 684 717; x_wconf 84' lang='lat' dir='ltr'>Reep.</span> <span class='ocrx_word' id='word_1_10' title='bbox 697 634 739 699; x_wconf 90' lang='lat' dir='ltr'>ad</span> <span class='ocrx_word' id='word_1_11' title='bbox 753 633 909 720; x_wconf 88' lang='lat' dir='ltr'>primurn,</span> <span class='ocrx_word' id='word_1_12' title='bbox 920 636 1012 717; x_wconf 85' lang='lat' dir='ltr'>dist.,·</span> <span class='ocrx_word' id='word_1_13' title='bbox 1022 633 1234 719; x_wconf 86' lang='lat' dir='ltr'>experiuntur</span> <span class='ocrx_word' id='word_1_14' title='bbox 1246 634 1460 710; x_wconf 88' lang='lat' dir='ltr'>sensationes,</span> <span class='ocrx_word' id='word_1_15' title='bbox 1471 652 1557 719; x_wconf 90' lang='lat' dir='ltr'>quas</span> <span class='ocrx_word' id='word_1_16' title='bbox 1567 654 1641 701; x_wconf 91' lang='lat' dir='ltr'>non</span> 
     </span>
     <span class='ocr_line' id='line_1_3' title="bbox 513 740 1643 828; baseline 0.003 -24"><span class='ocrx_word' id='word_1_17' title='bbox 513 740 653 823; x_wconf 88' lang='lat' dir='ltr'>habent,</span> <span class='ocrx_word' id='word_1_18' title='bbox 683 760 723 807; x_wconf 93' lang='lat' dir='ltr'>eo</span> <span class='ocrx_word' id='word_1_19' title='bbox 751 743 852 810; x_wconf 90' lang='lat' dir='ltr'>modo</span> <span class='ocrx_word' id='word_1_20' title='bbox 870 763 937 827; x_wconf 93' lang='lat' dir='ltr'>quo</span> <span class='ocrx_word' id='word_1_21' title='bbox 956 742 1185 828; x_wconf 89' lang='lat' dir='ltr'>experiuntur,</span> <span class='ocrx_word' id='word_1_22' title='bbox 1205 761 1294 826; x_wconf 52' lang='grc' dir='ltr'>ηιμ·</span> <span class='ocrx_word' id='word_1_23' title='bbox 1313 761 1396 826; x_wconf 88' lang='lat' dir='ltr'>quas</span> <span class='ocrx_word' id='word_1_24' title='bbox 1421 761 1488 809; x_wconf 93' lang='lat' dir='ltr'>non</span> <span class='ocrx_word' id='word_1_25' title='bbox 1512 742 1643 808; x_wconf 85' lang='lat' dir='ltr'>habent</span> 
     </span>
     <span class='ocr_line' id='line_1_4' title="bbox 512 848 1061 936; baseline 0.004 -23"><span class='ocrx_word' id='word_1_26' title='bbox 512 866 552 913; x_wconf 86' lang='lat' dir='ltr'>eo</span> <span class='ocrx_word' id='word_1_27' title='bbox 571 848 687 925; x_wconf 86' lang='lat' dir='ltr'>modo,</span> <span class='ocrx_word' id='word_1_28' title='bbox 708 867 775 933; x_wconf 92' lang='lat' dir='ltr'>quo</span> <span class='ocrx_word' id='word_1_29' title='bbox 789 850 954 936; x_wconf 88' lang='lat' dir='ltr'>judicant,</span> <span class='ocrx_word' id='word_1_30' title='bbox 974 870 1061 917; x_wconf 83' lang='lat' dir='ltr'>conc.</span> 
     </span>
    </p>

    <p class='ocr_par' dir='ltr' id='par_1_3' title="bbox 513 956 1645 1259">
     <span class='ocr_line' id='line_1_5' title="bbox 581 956 1642 1043; baseline 0.003 -23"><span class='ocrx_word' id='word_1_31' title='bbox 581 956 633 1021; x_wconf 83' lang='lat' dir='ltr'>Ad</span> <span class='ocrx_word' id='word_1_32' title='bbox 650 956 787 1023; x_wconf 87' lang='lat' dir='ltr'>aiterum</span> <span class='ocrx_word' id='word_1_33' title='bbox 805 959 984 1043; x_wconf 69' lang='lat' dir='ltr'>dntinguo:</span> <span class='ocrx_word' id='word_1_34' title='bbox 1003 967 1036 1023; x_wconf 92' lang='lat' dir='ltr'>et</span> <span class='ocrx_word' id='word_1_35' title='bbox 1056 977 1121 1025; x_wconf 93' lang='lat' dir='ltr'>non</span> <span class='ocrx_word' id='word_1_36' title='bbox 1142 959 1263 1025; x_wconf 88' lang='lat' dir='ltr'>habent</span> <span class='ocrx_word' id='word_1_37' title='bbox 1278 958 1366 1023; x_wconf 87' lang='lat' dir='ltr'>illam</span> <span class='ocrx_word' id='word_1_38' title='bbox 1388 956 1642 1042; x_wconf 78' lang='lat' dir='ltr'>persuasionem</span> 
     </span>
     <span class='ocr_line' id='line_1_6' title="bbox 513 1062 1641 1149; baseline 0.004 -22"><span class='ocrx_word' id='word_1_39' title='bbox 513 1062 678 1139; x_wconf 91' lang='lat' dir='ltr'>intimam,</span> <span class='ocrx_word' id='word_1_40' title='bbox 705 1082 770 1148; x_wconf 89' lang='lat' dir='ltr'>qua</span> <span class='ocrx_word' id='word_1_41' title='bbox 795 1082 905 1131; x_wconf 86' lang='lat' dir='ltr'>revera</span> <span class='ocrx_word' id='word_1_42' title='bbox 922 1067 1060 1133; x_wconf 92' lang='lat' dir='ltr'>credunt</span> <span class='ocrx_word' id='word_1_43' title='bbox 1088 1086 1124 1133; x_wconf 90' lang='lat' dir='ltr'>se</span> <span class='ocrx_word' id='word_1_44' title='bbox 1141 1085 1232 1141; x_wconf 90' lang='lat' dir='ltr'>esse,</span> <span class='ocrx_word' id='word_1_45' title='bbox 1262 1066 1353 1149; x_wconf 90' lang='lat' dir='ltr'>quod</span> <span class='ocrx_word' id='word_1_46' title='bbox 1380 1084 1446 1131; x_wconf 93' lang='lat' dir='ltr'>non</span> <span class='ocrx_word' id='word_1_47' title='bbox 1465 1076 1561 1142; x_wconf 91' lang='lat' dir='ltr'>sunt,</span> <span class='ocrx_word' id='word_1_48' title='bbox 1582 1068 1641 1131; x_wconf 89' lang='lat' dir='ltr'>vel</span> 
     </span>
     <span class='ocr_line' id='line_1_7' title="bbox 513 1170 1645 1259; baseline 0.005 -26"><span class='ocrx_word' id='word_1_49' title='bbox 513 1189 610 1255; x_wconf 83' lang='lat' dir='ltr'>agere</span> <span class='ocrx_word' id='word_1_50' title='bbox 633 1178 689 1237; x_wconf 92' lang='lat' dir='ltr'>aut</span> <span class='ocrx_word' id='word_1_51' title='bbox 709 1170 791 1256; x_wconf 88' lang='lat' dir='ltr'>pati,</span> <span class='ocrx_word' id='word_1_52' title='bbox 806 1192 882 1257; x_wconf 86' lang='lat' dir='ltr'>quae</span> <span class='ocrx_word' id='word_1_53' title='bbox 901 1191 961 1238; x_wconf 91' lang='lat' dir='ltr'>nec</span> <span class='ocrx_word' id='word_1_54' title='bbox 978 1183 1083 1258; x_wconf 81' lang='lat' dir='ltr'>agunt</span> <span class='ocrx_word' id='word_1_55' title='bbox 1102 1192 1162 1241; x_wconf 87' lang='lat' dir='ltr'>nec</span> <span class='ocrx_word' id='word_1_56' title='bbox 1181 1173 1365 1257; x_wconf 90' lang='lat' dir='ltr'>patiuntur,</span> <span class='ocrx_word' id='word_1_57' title='bbox 1381 1192 1469 1257; x_wconf 81' lang='lat' dir='ltr'>ncg.;</span> <span class='ocrx_word' id='word_1_58' title='bbox 1486 1175 1567 1239; x_wconf 83' lang='lat' dir='ltr'>salso</span> <span class='ocrx_word' id='word_1_59' title='bbox 1582 1176 1645 1259; x_wconf 87' lang='lat' dir='ltr'>ju-</span> 
     </span>
    </p>
   </div>
   <div class='ocr_carea' id='block_1_3' title="bbox 429 1277 1081 1357">
    <p class='ocr_par' dir='ltr' id='par_1_4' title="bbox 429 1277 1081 1357">
     <span class='ocr_line' id='line_1_8' title="bbox 429 1277 1081 1357; baseline 0.005 -15"><span class='ocrx_word' id='word_1_60' title='bbox 429 1336 434 1357; x_wconf 68' lang='lat'>,</span> <span class='ocrx_word' id='word_1_61' title='bbox 512 1277 638 1355; x_wconf 86' lang='lat' dir='ltr'>dicant,</span> <span class='ocrx_word' id='word_1_62' title='bbox 658 1296 735 1345; x_wconf 88' lang='lat' dir='ltr'>cum</span> <span class='ocrx_word' id='word_1_63' title='bbox 756 1278 800 1345; x_wconf 92' lang='lat' dir='ltr'>ita</span> <span class='ocrx_word' id='word_1_64' title='bbox 818 1281 974 1357; x_wconf 90' lang='lat' dir='ltr'>credunt,</span> <span class='ocrx_word' id='word_1_65' title='bbox 993 1300 1081 1346; x_wconf 82' lang='lat' dir='ltr'>conc.</span> 
     </span>
    </p>
   </div>
   <div class='ocr_carea' id='block_1_4' title="bbox 513 1384 1643 1903">
    <p class='ocr_par' dir='ltr' id='par_1_5' title="bbox 513 1384 1643 1903">
     <span class='ocr_line' id='line_1_9' title="bbox 580 1384 1640 1473; baseline 0.002 -24"><span class='ocrx_word' id='word_1_66' title='bbox 580 1384 734 1452; x_wconf 84' lang='lat' dir='ltr'>Videlicet</span> <span class='ocrx_word' id='word_1_67' title='bbox 748 1388 779 1453; x_wconf 95' lang='lat' dir='ltr'>in</span> <span class='ocrx_word' id='word_1_68' title='bbox 800 1389 986 1455; x_wconf 87' lang='lat' dir='ltr'><strong>amentibus</strong></span> <span class='ocrx_word' id='word_1_69' title='bbox 1004 1408 1041 1463; x_wconf 80' lang='lat' dir='ltr'>ac</span> <span class='ocrx_word' id='word_1_70' title='bbox 1059 1387 1297 1454; x_wconf 82' lang='lat' dir='ltr'>dormientibus</span> <span class='ocrx_word' id='word_1_71' title='bbox 1316 1387 1465 1473; x_wconf 86' lang='lat' dir='ltr'>deceptio</span> <span class='ocrx_word' id='word_1_72' title='bbox 1484 1406 1550 1453; x_wconf 93' lang='lat' dir='ltr'>non</span> <span class='ocrx_word' id='word_1_73' title='bbox 1568 1396 1640 1463; x_wconf 85' lang='lat' dir='ltr'>est,</span> 
     </span>
     <span class='ocr_line' id='line_1_10' title="bbox 513 1492 1643 1579; baseline 0.002 -22"><span class='ocrx_word' id='word_1_74' title='bbox 513 1492 545 1557; x_wconf 92' lang='lat' dir='ltr'>in</span> <span class='ocrx_word' id='word_1_75' title='bbox 574 1494 770 1577; x_wconf 91' lang='lat' dir='ltr'>experiendo</span> <span class='ocrx_word' id='word_1_76' title='bbox 794 1494 956 1561; x_wconf 90' lang='lat' dir='ltr'>internam</span> <span class='ocrx_word' id='word_1_77' title='bbox 987 1496 1075 1561; x_wconf 89' lang='lat' dir='ltr'>illam</span> <span class='ocrx_word' id='word_1_78' title='bbox 1103 1494 1309 1562; x_wconf 82' lang='lat' dir='ltr'>affectionem</span> <span class='ocrx_word' id='word_1_79' title='bbox 1338 1514 1464 1570; x_wconf 92' lang='lat' dir='ltr'>rerum,</span> <span class='ocrx_word' id='word_1_80' title='bbox 1492 1513 1575 1579; x_wconf 89' lang='lat' dir='ltr'>quas</span> <span class='ocrx_word' id='word_1_81' title='bbox 1595 1515 1643 1559; x_wconf 89' lang='lat' dir='ltr'>ex</span> 
     </span>
     <span class='ocr_line' id='line_1_11' title="bbox 515 1600 1643 1687; baseline 0.003 -22"><span class='ocrx_word' id='word_1_82' title='bbox 515 1600 696 1685; x_wconf 87' lang='lat' dir='ltr'>perturbata</span> <span class='ocrx_word' id='word_1_83' title='bbox 717 1600 950 1687; x_wconf 82' lang='lat' dir='ltr'>imaginatione</span> <span class='ocrx_word' id='word_1_84' title='bbox 966 1620 1062 1669; x_wconf 88' lang='lat' dir='ltr'>veras</span> <span class='ocrx_word' id='word_1_85' title='bbox 1088 1602 1295 1669; x_wconf 83' lang='lat' dir='ltr'>arbitrantur.</span> <span class='ocrx_word' id='word_1_86' title='bbox 1324 1603 1410 1670; x_wconf 84' lang='lat' dir='ltr'>Licet</span> <span class='ocrx_word' id='word_1_87' title='bbox 1433 1602 1520 1667; x_wconf 89' lang='lat' dir='ltr'>enim</span> <span class='ocrx_word' id='word_1_88' title='bbox 1545 1603 1643 1668; x_wconf 75' lang='lat' dir='ltr'>falsae</span> 
     </span>
     <span class='ocr_line' id='line_1_12' title="bbox 514 1707 1641 1793; baseline 0.002 -20"><span class='ocrx_word' id='word_1_89' title='bbox 514 1707 580 1773; x_wconf 93' lang='lat' dir='ltr'>sint</span> <span class='ocrx_word' id='word_1_90' title='bbox 597 1708 759 1791; x_wconf 90' lang='lat' dir='ltr'>ejusmodi</span> <span class='ocrx_word' id='word_1_91' title='bbox 787 1710 1030 1793; x_wconf 80' lang='lat' dir='ltr'>persuasiones,</span> <span class='ocrx_word' id='word_1_92' title='bbox 1056 1728 1170 1775; x_wconf 90' lang='lat' dir='ltr'>verum</span> <span class='ocrx_word' id='word_1_93' title='bbox 1192 1719 1301 1775; x_wconf 90' lang='lat' dir='ltr'>tamen</span> <span class='ocrx_word' id='word_1_94' title='bbox 1325 1720 1376 1775; x_wconf 88' lang='lat' dir='ltr'>est</span> <span class='ocrx_word' id='word_1_95' title='bbox 1403 1710 1473 1775; x_wconf 78' lang='lat' dir='ltr'>illas</span> <span class='ocrx_word' id='word_1_96' title='bbox 1496 1708 1641 1775; x_wconf 87' lang='lat' dir='ltr'>existere</span> 
     </span>
     <span class='ocr_line' id='line_1_13' title="bbox 514 1814 1640 1903; baseline 0.002 -22"><span class='ocrx_word' id='word_1_97' title='bbox 514 1814 546 1881; x_wconf 93' lang='lat' dir='ltr'>in</span> <span class='ocrx_word' id='word_1_98' title='bbox 566 1826 676 1881; x_wconf 88' lang='lat' dir='ltr'>mente</span> <span class='ocrx_word' id='word_1_99' title='bbox 696 1816 878 1883; x_wconf 88' lang='lat' dir='ltr'>amentium</span> <span class='ocrx_word' id='word_1_100' title='bbox 907 1817 1221 1901; x_wconf 85' lang='lat' dir='ltr'>dormientiumque.</span> <span class='ocrx_word' id='word_1_101' title='bbox 1243 1817 1343 1901; x_wconf 82' lang='lat' dir='ltr'>Atqui</span> <span class='ocrx_word' id='word_1_102' title='bbox 1369 1817 1491 1903; x_wconf 87' lang='lat' dir='ltr'>judicia</span> <span class='ocrx_word' id='word_1_103' title='bbox 1520 1818 1573 1889; x_wconf 85' lang='lat' dir='ltr'>illa</span> <span class='ocrx_word' id='word_1_104' title='bbox 1602 1829 1640 1883; x_wconf 89' lang='lat' dir='ltr'>et</span> 
     </span>
    </p>
   </div>
   <div class='ocr_carea' id='block_1_5' title="bbox 402 1918 1640 2007">
    <p class='ocr_par' dir='ltr' id='par_1_6' title="bbox 402 1918 1640 2007">
     <span class='ocr_line' id='line_1_14' title="bbox 402 1918 1640 2007; baseline 0.002 -20"><span class='ocrx_word' id='word_1_105' title='bbox 402 1918 404 1923; x_wconf 74' lang='grc'><strong>’</strong></span> <span class='ocrx_word' id='word_1_106' title='bbox 514 1920 739 2007; x_wconf 87' lang='lat' dir='ltr'>persuasiones</span> <span class='ocrx_word' id='word_1_107' title='bbox 758 1925 846 1989; x_wconf 83' lang='lat' dir='ltr'>satsae</span> <span class='ocrx_word' id='word_1_108' title='bbox 866 1943 931 1991; x_wconf 91' lang='lat' dir='ltr'>non</span> <span class='ocrx_word' id='word_1_109' title='bbox 951 1932 1099 2007; x_wconf 87' lang='lat' dir='ltr'>spectant</span> <span class='ocrx_word' id='word_1_110' title='bbox 1117 1924 1157 1989; x_wconf 92' lang='lat' dir='ltr'>ad</span> <span class='ocrx_word' id='word_1_111' title='bbox 1181 1924 1432 2000; x_wconf 89' lang='lat' dir='ltr'>conscientiam,</span> <span class='ocrx_word' id='word_1_112' title='bbox 1448 1925 1506 1990; x_wconf 87' lang='lat' dir='ltr'>sed</span> <span class='ocrx_word' id='word_1_113' title='bbox 1524 1924 1640 1990; x_wconf 84' lang='lat' dir='ltr'>solum</span> 
     </span>
    </p>
   </div>
   <div class='ocr_carea' id='block_1_6' title="bbox 512 2030 1642 2438">
    <p class='ocr_par' dir='ltr' id='par_1_7' title="bbox 512 2030 1642 2438">
     <span class='ocr_line' id='line_1_15' title="bbox 514 2030 1642 2117; baseline 0 -20"><span class='ocrx_word' id='word_1_114' title='bbox 514 2030 712 2117; x_wconf 89' lang='lat' dir='ltr'>experientia</span> <span class='ocrx_word' id='word_1_115' title='bbox 730 2032 869 2099; x_wconf 84' lang='lat' dir='ltr'>illarum.</span> <span class='ocrx_word' id='word_1_116' title='bbox 899 2033 984 2117; x_wconf 81' lang='lat' dir='ltr'>Ergo</span> <span class='ocrx_word' id='word_1_117' title='bbox 1003 2051 1091 2098; x_wconf 90' lang='lat' dir='ltr'>error</span> <span class='ocrx_word' id='word_1_118' title='bbox 1110 2051 1176 2097; x_wconf 92' lang='lat' dir='ltr'>non</span> <span class='ocrx_word' id='word_1_119' title='bbox 1200 2040 1250 2097; x_wconf 90' lang='lat' dir='ltr'>est</span> <span class='ocrx_word' id='word_1_120' title='bbox 1267 2031 1488 2107; x_wconf 78' lang='lat' dir='ltr'>conscientia,</span> <span class='ocrx_word' id='word_1_121' title='bbox 1508 2033 1567 2097; x_wconf 85' lang='lat' dir='ltr'>sed</span> <span class='ocrx_word' id='word_1_122' title='bbox 1586 2052 1642 2097; x_wconf 90' lang='lat' dir='ltr'>ra-</span> 
     </span>
     <span class='ocr_line' id='line_1_16' title="bbox 512 2138 1642 2224; baseline -0.001 -19"><span class='ocrx_word' id='word_1_123' title='bbox 512 2138 611 2206; x_wconf 90' lang='lat' dir='ltr'>tionis</span> <span class='ocrx_word' id='word_1_124' title='bbox 643 2138 831 2215; x_wconf 87' lang='lat' dir='ltr'>dumtaxat,</span> <span class='ocrx_word' id='word_1_125' title='bbox 864 2157 940 2224; x_wconf 82' lang='lat' dir='ltr'>quae</span> <span class='ocrx_word' id='word_1_126' title='bbox 962 2138 1108 2206; x_wconf 89' lang='lat' dir='ltr'>ludibriis</span> <span class='ocrx_word' id='word_1_127' title='bbox 1135 2138 1376 2223; x_wconf 84' lang='lat' dir='ltr'>imaginationis</span> <span class='ocrx_word' id='word_1_128' title='bbox 1394 2138 1564 2205; x_wconf 87' lang='lat' dir='ltr'>adducitur</span> <span class='ocrx_word' id='word_1_129' title='bbox 1594 2140 1642 2204; x_wconf 88' lang='lat' dir='ltr'>ad</span> 
     </span>
     <span class='ocr_line' id='line_1_17' title="bbox 514 2246 1642 2332; baseline 0 -21"><span class='ocrx_word' id='word_1_130' title='bbox 514 2248 605 2331; x_wconf 90' lang='lat' dir='ltr'>plura</span> <span class='ocrx_word' id='word_1_131' title='bbox 636 2246 912 2313; x_wconf 74' lang='lat' dir='ltr'>comminiscendo</span> <span class='ocrx_word' id='word_1_132' title='bbox 943 2246 1119 2332; x_wconf 82' lang='lat' dir='ltr'>figmenta,</span> <span class='ocrx_word' id='word_1_133' title='bbox 1154 2265 1220 2315; x_wconf 86' lang='lat' dir='ltr'>non</span> <span class='ocrx_word' id='word_1_134' title='bbox 1251 2248 1361 2313; x_wconf 92' lang='lat' dir='ltr'>minus</span> <span class='ocrx_word' id='word_1_135' title='bbox 1384 2246 1514 2329; x_wconf 85' lang='lat' dir='ltr'>ridicula</span> <span class='ocrx_word' id='word_1_136' title='bbox 1546 2264 1642 2329; x_wconf 86' lang='lat' dir='ltr'>saepe</span> 
     </span>
     <span class='ocr_line' id='line_1_18' title="bbox 513 2350 797 2438; baseline 0 -19"><span class='ocrx_word' id='word_1_137' title='bbox 513 2370 614 2437; x_wconf 91' lang='lat' dir='ltr'>quam</span> <span class='ocrx_word' id='word_1_138' title='bbox 634 2350 745 2438; x_wconf 80' lang='lat' dir='ltr'>falsa(</span> <span class='ocrx_word' id='word_1_139' title='bbox 769 2354 797 2437; x_wconf 69' lang='lat' dir='ltr'>i.</span> 
     </span>
    </p>
   </div>
   <div class='ocr_carea' id='block_1_7' title="bbox 557 2460 1739 2545">
    <p class='ocr_par' dir='ltr' id='par_1_8' title="bbox 557 2460 1739 2545">
     <span class='ocr_line' id='line_1_19' title="bbox 557 2460 1739 2545; baseline -0.003 -16"><span class='ocrx_word' id='word_1_140' title='bbox 557 2465 666 2543; x_wconf 86' lang='lat' dir='ltr'>Objic.</span> <span class='ocrx_word' id='word_1_141' title='bbox 689 2466 741 2529; x_wconf 79' lang='grc' dir='ltr'>3.ο</span> <span class='ocrx_word' id='word_1_142' title='bbox 786 2460 882 2545; x_wconf 83' lang='lat' dir='ltr'>Saepe</span> <span class='ocrx_word' id='word_1_143' title='bbox 910 2460 1100 2526; x_wconf 90' lang='lat' dir='ltr'>dubitamus</span> <span class='ocrx_word' id='word_1_144' title='bbox 1122 2460 1164 2525; x_wconf 92' lang='lat' dir='ltr'>de</span> <span class='ocrx_word' id='word_1_145' title='bbox 1187 2460 1375 2537; x_wconf 81' lang='lat' dir='ltr'>affectione,</span> <span class='ocrx_word' id='word_1_146' title='bbox 1405 2480 1504 2543; x_wconf 89' lang='lat' dir='ltr'>quarn</span> <span class='ocrx_word' id='word_1_147' title='bbox 1534 2460 1643 2526; x_wconf 87' lang='lat' dir='ltr'>habe·</span> <span class='ocrx_word' id='word_1_148' title='bbox 1737 2495 1739 2505; x_wconf 34' lang='grc' dir='ltr'>ι</span> 
     </span>
    </p>
   </div>
   <div class='ocr_carea' id='block_1_8' title="bbox 514 2548 1738 2651">
    <p class='ocr_par' dir='ltr' id='par_1_9' title="bbox 514 2548 1738 2651">
     <span class='ocr_line' id='line_1_20' title="bbox 514 2548 1738 2651; baseline -0.002 -18"><span class='ocrx_word' id='word_1_149' title='bbox 514 2584 604 2643; x_wconf 86' lang='lat' dir='ltr'>mus,</span> <span class='ocrx_word' id='word_1_150' title='bbox 627 2585 706 2631; x_wconf 92' lang='lat' dir='ltr'>num</span> <span class='ocrx_word' id='word_1_151' title='bbox 732 2566 774 2632; x_wconf 91' lang='lat' dir='ltr'>sit</span> <span class='ocrx_word' id='word_1_152' title='bbox 793 2566 862 2632; x_wconf 86' lang='lat' dir='ltr'>haec</span> <span class='ocrx_word' id='word_1_153' title='bbox 882 2568 934 2632; x_wconf 90' lang='lat' dir='ltr'>vel</span> <span class='ocrx_word' id='word_1_154' title='bbox 954 2567 1023 2643; x_wconf 93' lang='lat' dir='ltr'>illa,</span> <span class='ocrx_word' id='word_1_155' title='bbox 1044 2568 1124 2651; x_wconf 91' lang='lat' dir='ltr'>quin</span> <span class='ocrx_word' id='word_1_156' title='bbox 1144 2548 1511 2649; x_wconf 55' lang='lat' dir='ltr'>possimus&#39;discernere</span> <span class='ocrx_word' id='word_1_157' title='bbox 1529 2567 1639 2633; x_wconf 87' lang='lat' dir='ltr'>illam.</span> <span class='ocrx_word' id='word_1_158' title='bbox 1737 2625 1738 2640; x_wconf 73' lang='lat'>,</span> 
     </span>
    </p>
   </div>
   <div class='ocr_carea' id='block_1_9' title="bbox 513 2673 1739 2866">
    <p class='ocr_par' dir='ltr' id='par_1_10' title="bbox 513 2673 1739 2866">
     <span class='ocr_line' id='line_1_21' title="bbox 514 2673 1739 2759; baseline 0.001 -19"><span class='ocrx_word' id='word_1_159' title='bbox 514 2675 619 2740; x_wconf 88' lang='lat' dir='ltr'>lmmo</span> <span class='ocrx_word' id='word_1_160' title='bbox 646 2673 836 2740; x_wconf 87' lang='lat' dir='ltr'>dubitamus</span> <span class='ocrx_word' id='word_1_161' title='bbox 859 2674 901 2739; x_wconf 89' lang='lat' dir='ltr'>de</span> <span class='ocrx_word' id='word_1_162' title='bbox 927 2674 997 2758; x_wconf 91' lang='lat' dir='ltr'>ipsa</span> <span class='ocrx_word' id='word_1_163' title='bbox 1024 2675 1120 2739; x_wconf 92' lang='lat' dir='ltr'>etiam</span> <span class='ocrx_word' id='word_1_164' title='bbox 1143 2673 1314 2740; x_wconf 88' lang='lat' dir='ltr'>existentia</span> <span class='ocrx_word' id='word_1_165' title='bbox 1334 2676 1366 2741; x_wconf 92' lang='lat' dir='ltr'>in</span> <span class='ocrx_word' id='word_1_166' title='bbox 1386 2676 1480 2741; x_wconf 84' lang='lat' dir='ltr'>nobis</span> <span class='ocrx_word' id='word_1_167' title='bbox 1499 2676 1642 2759; x_wconf 76' lang='lat' dir='ltr'>alicuius</span> <span class='ocrx_word' id='word_1_168' title='bbox 1737 2685 1739 2695; x_wconf 51' lang='lat'>³</span> 
     </span>
     <span class='ocr_line' id='line_1_22' title="bbox 513 2782 1738 2866; baseline 0 -18"><span class='ocrx_word' id='word_1_169' title='bbox 513 2782 703 2848; x_wconf 84' lang='lat' dir='ltr'>affectionis.</span> <span class='ocrx_word' id='word_1_170' title='bbox 734 2783 817 2866; x_wconf 86' lang='lat' dir='ltr'>Ergo</span> <span class='ocrx_word' id='word_1_171' title='bbox 836 2782 931 2847; x_wconf 84' lang='lat' dir='ltr'>fidele</span> <span class='ocrx_word' id='word_1_172' title='bbox 956 2792 1055 2866; x_wconf 90' lang='lat' dir='ltr'>atque</span> <span class='ocrx_word' id='word_1_173' title='bbox 1078 2782 1251 2848; x_wconf 90' lang='lat' dir='ltr'>indubium</span> <span class='ocrx_word' id='word_1_174' title='bbox 1272 2802 1337 2848; x_wconf 92' lang='lat' dir='ltr'>non</span> <span class='ocrx_word' id='word_1_175' title='bbox 1357 2791 1408 2848; x_wconf 90' lang='lat' dir='ltr'>est</span> <span class='ocrx_word' id='word_1_176' title='bbox 1427 2782 1641 2849; x_wconf 87' lang='lat' dir='ltr'>conscientiae</span> <span class='ocrx_word' id='word_1_177' title='bbox 1737 2834 1738 2857; x_wconf 46' lang='lat'><em>2</em></span> 
     </span>
    </p>
   </div>
   <div class='ocr_carea' id='block_1_10' title="bbox 512 2889 1639 3509">
    <p class='ocr_par' dir='ltr' id='par_1_11' title="bbox 512 2889 1639 3509">
     <span class='ocr_line' id='line_1_23' title="bbox 513 2889 753 2956; baseline 0.004 -1"><span class='ocrx_word' id='word_1_178' title='bbox 513 2889 753 2956; x_wconf 88' lang='lat' dir='ltr'>testimonium.</span> 
     </span>
     <span class='ocr_line' id='line_1_24' title="bbox 571 2997 1639 3080; baseline -0.002 -16"><span class='ocrx_word' id='word_1_179' title='bbox 571 3005 675 3080; x_wconf 87' lang='lat' dir='ltr'>Resp.</span> <span class='ocrx_word' id='word_1_180' title='bbox 687 2997 760 3062; x_wconf 79' lang='lat' dir='ltr'>dist.</span> <span class='ocrx_word' id='word_1_181' title='bbox 773 3005 841 3062; x_wconf 89' lang='lat' dir='ltr'>ant.</span> <span class='ocrx_word' id='word_1_182' title='bbox 853 2997 963 3080; x_wconf 90' lang='lat' dir='ltr'>quoad</span> <span class='ocrx_word' id='word_1_183' title='bbox 979 3003 1049 3062; x_wconf 81' lang='lat' dir='ltr'>r.⁸¹¹¹</span> <span class='ocrx_word' id='word_1_184' title='bbox 1058 3005 1196 3080; x_wconf 87' lang='lat' dir='ltr'>partem;</span> <span class='ocrx_word' id='word_1_185' title='bbox 1209 2997 1398 3064; x_wconf 87' lang='lat' dir='ltr'>dubitamus</span> <span class='ocrx_word' id='word_1_186' title='bbox 1407 2999 1449 3063; x_wconf 92' lang='lat' dir='ltr'>de</span> <span class='ocrx_word' id='word_1_187' title='bbox 1459 3006 1571 3063; x_wconf 89' lang='lat' dir='ltr'>natura</span> <span class='ocrx_word' id='word_1_188' title='bbox 1581 2999 1639 3062; x_wconf 86' lang='lat' dir='ltr'>vel</span> 
     </span>
     <span class='ocr_line' id='line_1_25' title="bbox 513 3103 1636 3189; baseline -0.002 -19"><span class='ocrx_word' id='word_1_189' title='bbox 513 3104 668 3188; x_wconf 86' lang='lat' dir='ltr'>qualitate</span> <span class='ocrx_word' id='word_1_190' title='bbox 683 3103 876 3181; x_wconf 82' lang='lat' dir='ltr'>affectionis,</span> <span class='ocrx_word' id='word_1_191' title='bbox 888 3107 1005 3185; x_wconf 84' lang='lat' dir='ltr'>trans.;</span> <span class='ocrx_word' id='word_1_192' title='bbox 1018 3104 1058 3169; x_wconf 92' lang='lat' dir='ltr'>de</span> <span class='ocrx_word' id='word_1_193' title='bbox 1069 3103 1140 3188; x_wconf 90' lang='lat' dir='ltr'>ipsa</span> <span class='ocrx_word' id='word_1_194' title='bbox 1154 3106 1225 3189; x_wconf 90' lang='lat' dir='ltr'>ejus</span> <span class='ocrx_word' id='word_1_195' title='bbox 1234 3105 1348 3169; x_wconf 88' lang='lat' dir='ltr'>actuali</span> <span class='ocrx_word' id='word_1_196' title='bbox 1361 3104 1544 3188; x_wconf 85' lang='lat' dir='ltr'>praesentia,</span> <span class='ocrx_word' id='word_1_197' title='bbox 1560 3124 1636 3188; x_wconf 82' lang='lat' dir='ltr'>aeg.</span> 
     </span>
     <span class='ocr_line' id='line_1_26' title="bbox 580 3210 1636 3296; baseline 0.004 -19"><span class='ocrx_word' id='word_1_198' title='bbox 580 3211 631 3277; x_wconf 82' lang='lat' dir='ltr'>Ad</span> <span class='ocrx_word' id='word_1_199' title='bbox 647 3219 721 3276; x_wconf 48' lang='lat'>²³¹⁰</span> <span class='ocrx_word' id='word_1_200' title='bbox 737 3212 855 3296; x_wconf 85' lang='lat' dir='ltr'>pariter</span> <span class='ocrx_word' id='word_1_201' title='bbox 867 3211 1015 3296; x_wconf 81' lang='lat' dir='ltr'>disting.,·</span> <span class='ocrx_word' id='word_1_202' title='bbox 1030 3210 1219 3277; x_wconf 87' lang='lat' dir='ltr'>dubitamus</span> <span class='ocrx_word' id='word_1_203' title='bbox 1229 3212 1269 3277; x_wconf 89' lang='lat' dir='ltr'>de</span> <span class='ocrx_word' id='word_1_204' title='bbox 1279 3211 1448 3278; x_wconf 87' lang='lat' dir='ltr'>existentia</span> <span class='ocrx_word' id='word_1_205' title='bbox 1460 3213 1636 3295; x_wconf 84' lang='lat' dir='ltr'>praeterita.</span> 
     </span>
     <span class='ocr_line' id='line_1_27' title="bbox 512 3317 1639 3404; baseline -0.002 -19"><span class='ocrx_word' id='word_1_206' title='bbox 512 3337 587 3403; x_wconf 88' lang='lat' dir='ltr'>quae</span> <span class='ocrx_word' id='word_1_207' title='bbox 605 3326 729 3404; x_wconf 87' lang='lat' dir='ltr'>spectat</span> <span class='ocrx_word' id='word_1_208' title='bbox 747 3319 787 3384; x_wconf 86' lang='lat' dir='ltr'>ad</span> <span class='ocrx_word' id='word_1_209' title='bbox 807 3317 1016 3394; x_wconf 88' lang='lat' dir='ltr'>memoriam,</span> <span class='ocrx_word' id='word_1_210' title='bbox 1039 3337 1105 3384; x_wconf 91' lang='lat' dir='ltr'>non</span> <span class='ocrx_word' id='word_1_211' title='bbox 1124 3318 1165 3383; x_wconf 90' lang='lat' dir='ltr'>ad</span> <span class='ocrx_word' id='word_1_212' title='bbox 1183 3319 1435 3394; x_wconf 91' lang='lat' dir='ltr'>conscientiam,</span> <span class='ocrx_word' id='word_1_213' title='bbox 1457 3323 1575 3401; x_wconf 84' lang='lat' dir='ltr'>trans.;</span> <span class='ocrx_word' id='word_1_214' title='bbox 1593 3321 1639 3383; x_wconf 90' lang='lat' dir='ltr'>de</span> 
     </span>
     <span class='ocr_line' id='line_1_28' title="bbox 512 3424 1399 3509; baseline 0 -18"><span class='ocrx_word' id='word_1_215' title='bbox 512 3427 682 3492; x_wconf 90' lang='lat' dir='ltr'>existentia</span> <span class='ocrx_word' id='word_1_216' title='bbox 697 3424 749 3492; x_wconf 90' lang='lat' dir='ltr'>hic</span> <span class='ocrx_word' id='word_1_217' title='bbox 765 3434 798 3491; x_wconf 92' lang='lat' dir='ltr'>et</span> <span class='ocrx_word' id='word_1_218' title='bbox 818 3445 904 3491; x_wconf 93' lang='lat' dir='ltr'>nunc</span> <span class='ocrx_word' id='word_1_219' title='bbox 923 3425 1092 3509; x_wconf 87' lang='lat' dir='ltr'>praesentis</span> <span class='ocrx_word' id='word_1_220' title='bbox 1111 3424 1307 3502; x_wconf 77' lang='lat' dir='ltr'>affectionis,</span> <span class='ocrx_word' id='word_1_221' title='bbox 1329 3445 1399 3508; x_wconf 75' lang='lat' dir='ltr'>neg.</span> 
     </span>
    </p>
   </div>
   <div class='ocr_carea' id='block_1_11' title="bbox 557 3583 1587 3674">
    <p class='ocr_par' dir='ltr' id='par_1_12' title="bbox 557 3583 1587 3674">
     <span class='ocr_line' id='line_1_29' title="bbox 557 3583 1587 3674; baseline 0 -22"><span class='ocrx_word' id='word_1_222' title='bbox 557 3583 575 3674; x_wconf 64' lang='grc' dir='ltr'><strong>ἓ</strong></span> <span class='ocrx_word' id='word_1_223' title='bbox 596 3587 836 3653; x_wconf 76' lang='lat' dir='ltr'>tv.-c0unn</span> <span class='ocrx_word' id='word_1_224' title='bbox 855 3601 1074 3652; x_wconf 75' lang='lat' dir='ltr'>venncrrnnsn</span> <span class='ocrx_word' id='word_1_225' title='bbox 1098 3602 1344 3652; x_wconf 71' lang='lat' dir='ltr'>inminuerunt</span> <span class='ocrx_word' id='word_1_226' title='bbox 1365 3603 1405 3650; x_wconf 76' lang='lat' dir='ltr'>nc</span> <span class='ocrx_word' id='word_1_227' title='bbox 1428 3602 1587 3654; x_wconf 72' lang='lat' dir='ltr'>maronis.</span> 
     </span>
    </p>
   </div>
   <div class='ocr_carea' id='block_1_12' title="bbox 514 3746 1640 3940">
    <p class='ocr_par' dir='ltr' id='par_1_13' title="bbox 514 3746 1640 3940">
     <span class='ocr_line' id='line_1_30' title="bbox 562 3746 1640 3833; baseline 0.004 -20"><span class='ocrx_word' id='word_1_228' title='bbox 562 3747 635 3816; x_wconf 85' lang='lat'>118.</span> <span class='ocrx_word' id='word_1_229' title='bbox 683 3753 791 3830; x_wconf 84' lang='lat' dir='ltr'>objic.</span> <span class='ocrx_word' id='word_1_230' title='bbox 816 3746 866 3814; x_wconf 89' lang='lat'>1.⁰</span> <span class='ocrx_word' id='word_1_231' title='bbox 888 3746 981 3813; x_wconf 88' lang='lat' dir='ltr'>Multi</span> <span class='ocrx_word' id='word_1_232' title='bbox 1000 3765 1134 3812; x_wconf 90' lang='lat' dir='ltr'>erronea</span> <span class='ocrx_word' id='word_1_233' title='bbox 1157 3746 1277 3812; x_wconf 90' lang='lat' dir='ltr'>docent</span> <span class='ocrx_word' id='word_1_234' title='bbox 1300 3757 1414 3813; x_wconf 91' lang='lat' dir='ltr'>contra</span> <span class='ocrx_word' id='word_1_235' title='bbox 1430 3747 1500 3832; x_wconf 91' lang='lat' dir='ltr'>ipsa</span> <span class='ocrx_word' id='word_1_236' title='bbox 1518 3747 1640 3833; x_wconf 90' lang='lat' dir='ltr'>princi·</span> 
     </span>
     <span class='ocr_line' id='line_1_31' title="bbox 514 3853 1638 3940; baseline 0.003 -20"><span class='ocrx_word' id='word_1_237' title='bbox 514 3856 566 3940; x_wconf 92' lang='lat' dir='ltr'>pia</span> <span class='ocrx_word' id='word_1_238' title='bbox 593 3855 803 3922; x_wconf 89' lang='lat' dir='ltr'>scientiarum</span> <span class='ocrx_word' id='word_1_239' title='bbox 824 3873 882 3939; x_wconf 86' lang='lat' dir='ltr'>per</span> <span class='ocrx_word' id='word_1_240' title='bbox 906 3873 942 3920; x_wconf 90' lang='lat' dir='ltr'>se</span> <span class='ocrx_word' id='word_1_241' title='bbox 967 3854 1145 3928; x_wconf 88' lang='lat' dir='ltr'>evidentia,</span> <span class='ocrx_word' id='word_1_242' title='bbox 1166 3863 1203 3919; x_wconf 90' lang='lat' dir='ltr'>ut</span> <span class='ocrx_word' id='word_1_243' title='bbox 1228 3853 1271 3918; x_wconf 86' lang='lat' dir='ltr'>ini</span> <span class='ocrx_word' id='word_1_244' title='bbox 1290 3853 1347 3938; x_wconf 92' lang='lat' dir='ltr'>qui</span> <span class='ocrx_word' id='word_1_245' title='bbox 1367 3864 1506 3939; x_wconf 84' lang='lat' dir='ltr'>negant,</span> <span class='ocrx_word' id='word_1_246' title='bbox 1526 3867 1582 3922; x_wconf 91' lang='lat' dir='ltr'>aut</span> <span class='ocrx_word' id='word_1_247' title='bbox 1602 3858 1638 3923; x_wconf 89' lang='lat' dir='ltr'>in</span> 
     </span>
    </p>
   </div>
   <div class='ocr_carea' id='block_1_13' title="bbox 510 4011 1640 4713">
    <p class='ocr_par' dir='ltr' id='par_1_14' title="bbox 510 4011 1640 4713">
     <span class='ocr_line' id='line_1_32' title="bbox 547 4011 1638 4088; baseline -0.002 -13"><span class='ocrx_word' id='word_1_248' title='bbox 547 4023 586 4084; x_wconf 88' lang='lat' dir='ltr'>(r)</span> <span class='ocrx_word' id='word_1_249' title='bbox 624 4015 722 4087; x_wconf 87' lang='lat' dir='ltr'>Quare</span> <span class='ocrx_word' id='word_1_250' title='bbox 744 4013 895 4072; x_wconf 80' lang='lat' dir='ltr'>verissime</span> <span class='ocrx_word' id='word_1_251' title='bbox 917 4012 1033 4084; x_wconf 82' lang='lat' dir='ltr'>scripsit</span> <span class='ocrx_word' id='word_1_252' title='bbox 1050 4011 1173 4081; x_wconf 81' lang='lat' dir='ltr'>Jacobua</span> <span class='ocrx_word' id='word_1_253' title='bbox 1195 4012 1368 4070; x_wconf 84' lang='lat' dir='ltr'>Balmoaius:</span> <span class='ocrx_word' id='word_1_254' title='bbox 1395 4013 1452 4070; x_wconf 76' lang='lat' dir='ltr'>«Er</span> <span class='ocrx_word' id='word_1_255' title='bbox 1472 4021 1562 4072; x_wconf 79' lang='lat' dir='ltr'>suerio</span> <span class='ocrx_word' id='word_1_256' title='bbox 1575 4035 1596 4088; x_wconf 81' lang='lat' dir='ltr'>y</span> <span class='ocrx_word' id='word_1_257' title='bbox 1609 4015 1638 4074; x_wconf 83' lang='lat' dir='ltr'>la</span> 
     </span>
     <span class='ocr_line' id='line_1_33' title="bbox 510 4099 1640 4180; baseline -0.002 -16"><span class='ocrx_word' id='word_1_258' title='bbox 510 4106 626 4180; x_wconf 81' lang='lat' dir='ltr'>vigilia,</span> <span class='ocrx_word' id='word_1_259' title='bbox 642 4107 669 4163; x_wconf 86' lang='lat' dir='ltr'>ia</span> <span class='ocrx_word' id='word_1_260' title='bbox 683 4102 832 4164; x_wconf 84' lang='lat' dir='ltr'>demencia</span> <span class='ocrx_word' id='word_1_261' title='bbox 847 4103 908 4176; x_wconf 81' lang='lat' dir='ltr'>yla</span> <span class='ocrx_word' id='word_1_262' title='bbox 930 4102 1050 4160; x_wconf 86' lang='lat' dir='ltr'>cordura</span> <span class='ocrx_word' id='word_1_263' title='bbox 1068 4119 1121 4159; x_wconf 82' lang='lat' dir='ltr'>son</span> <span class='ocrx_word' id='word_1_264' title='bbox 1136 4099 1323 4160; x_wconf 82' lang='lat' dir='ltr'>indiserentee</span> <span class='ocrx_word' id='word_1_265' title='bbox 1338 4121 1408 4174; x_wconf 84' lang='lat' dir='ltr'>para</span> <span class='ocrx_word' id='word_1_266' title='bbox 1420 4103 1447 4159; x_wconf 90' lang='lat' dir='ltr'>el</span> <span class='ocrx_word' id='word_1_267' title='bbox 1468 4102 1640 4162; x_wconf 81' lang='lat' dir='ltr'>testimonio</span> 
     </span>
     <span class='ocr_line' id='line_1_34' title="bbox 510 4191 1640 4264; baseline -0.004 -9"><span class='ocrx_word' id='word_1_268' title='bbox 510 4197 547 4256; x_wconf 85' lang='lat' dir='ltr'>de</span> <span class='ocrx_word' id='word_1_269' title='bbox 561 4197 589 4254; x_wconf 88' lang='lat' dir='ltr'>la</span> <span class='ocrx_word' id='word_1_270' title='bbox 603 4193 776 4254; x_wconf 86' lang='lat' dir='ltr'>conciencia:</span> <span class='ocrx_word' id='word_1_271' title='bbox 792 4193 817 4252; x_wconf 90' lang='lat' dir='ltr'>el</span> <span class='ocrx_word' id='word_1_272' title='bbox 832 4213 913 4250; x_wconf 88' lang='lat' dir='ltr'>error</span> <span class='ocrx_word' id='word_1_273' title='bbox 926 4191 1019 4264; x_wconf 86' lang='lat' dir='ltr'>puede</span> <span class='ocrx_word' id='word_1_274' title='bbox 1028 4203 1105 4249; x_wconf 82' lang='lat' dir='ltr'>eatur</span> <span class='ocrx_word' id='word_1_275' title='bbox 1118 4210 1155 4248; x_wconf 88' lang='lat' dir='ltr'>en</span> <span class='ocrx_word' id='word_1_276' title='bbox 1168 4191 1195 4248; x_wconf 87' lang='lat' dir='ltr'>el</span> <span class='ocrx_word' id='word_1_277' title='bbox 1209 4191 1319 4262; x_wconf 83' lang='lat' dir='ltr'>objeto,</span> <span class='ocrx_word' id='word_1_278' title='bbox 1334 4211 1397 4249; x_wconf 83' lang='lat' dir='ltr'>maa</span> <span class='ocrx_word' id='word_1_279' title='bbox 1412 4211 1451 4249; x_wconf 93' lang='lat' dir='ltr'>no</span> <span class='ocrx_word' id='word_1_280' title='bbox 1464 4211 1500 4249; x_wconf 86' lang='lat' dir='ltr'>en</span> <span class='ocrx_word' id='word_1_281' title='bbox 1513 4193 1540 4249; x_wconf 81' lang='lat' dir='ltr'>el</span> <span class='ocrx_word' id='word_1_282' title='bbox 1555 4191 1640 4252; x_wconf 82' lang='lat' dir='ltr'>iend-</span> 
     </span>
     <span class='ocr_line' id='line_1_35' title="bbox 512 4280 1640 4354; baseline -0.002 -10"><span class='ocrx_word' id='word_1_283' title='bbox 512 4305 598 4344; x_wconf 89' lang='lat' dir='ltr'>meno</span> <span class='ocrx_word' id='word_1_284' title='bbox 620 4285 745 4342; x_wconf 88' lang='lat' dir='ltr'>interno.</span> <span class='ocrx_word' id='word_1_285' title='bbox 769 4281 804 4339; x_wconf 89' lang='lat' dir='ltr'>El</span> <span class='ocrx_word' id='word_1_286' title='bbox 830 4282 892 4340; x_wconf 87' lang='lat' dir='ltr'>ioco</span> <span class='ocrx_word' id='word_1_287' title='bbox 911 4301 968 4352; x_wconf 88' lang='lat' dir='ltr'>que</span> <span class='ocrx_word' id='word_1_288' title='bbox 990 4301 1054 4338; x_wconf 80' lang='lat' dir='ltr'>creo</span> <span class='ocrx_word' id='word_1_289' title='bbox 1076 4292 1176 4338; x_wconf 84' lang='lat' dir='ltr'>contar</span> <span class='ocrx_word' id='word_1_290' title='bbox 1199 4299 1369 4338; x_wconf 81' lang='lat' dir='ltr'>numerosas</span> <span class='ocrx_word' id='word_1_291' title='bbox 1388 4280 1511 4354; x_wconf 79' lang='lat' dir='ltr'>talegas,</span> <span class='ocrx_word' id='word_1_292' title='bbox 1535 4301 1573 4340; x_wconf 90' lang='lat' dir='ltr'>no</span> <span class='ocrx_word' id='word_1_293' title='bbox 1592 4283 1640 4342; x_wconf 81' lang='lat' dir='ltr'>las</span> 
     </span>
     <span class='ocr_line' id='line_1_36' title="bbox 511 4369 1640 4444; baseline -0.004 -10"><span class='ocrx_word' id='word_1_294' title='bbox 511 4386 613 4434; x_wconf 87' lang='lat' dir='ltr'>cuenta</span> <span class='ocrx_word' id='word_1_295' title='bbox 627 4374 827 4440; x_wconf 85' lang='lat' dir='ltr'>eiertamente,</span> <span class='ocrx_word' id='word_1_296' title='bbox 844 4392 863 4444; x_wconf 91' lang='lat' dir='ltr'>y</span> <span class='ocrx_word' id='word_1_297' title='bbox 877 4391 914 4428; x_wconf 87' lang='lat' dir='ltr'>en</span> <span class='ocrx_word' id='word_1_298' title='bbox 924 4385 986 4428; x_wconf 83' lang='lat' dir='ltr'>esto</span> <span class='ocrx_word' id='word_1_299' title='bbox 1000 4390 1031 4428; x_wconf 87' lang='lat' dir='ltr'>se</span> <span class='ocrx_word' id='word_1_300' title='bbox 1046 4378 1171 4443; x_wconf 60' lang='lat' dir='ltr'>cognom</span> <span class='ocrx_word' id='word_1_301' title='bbox 1190 4389 1260 4441; x_wconf 85' lang='lat' dir='ltr'>pero</span> <span class='ocrx_word' id='word_1_302' title='bbox 1274 4369 1351 4427; x_wconf 87' lang='lat' dir='ltr'>tiene</span> <span class='ocrx_word' id='word_1_303' title='bbox 1363 4388 1400 4428; x_wconf 86' lang='lat' dir='ltr'>en</span> <span class='ocrx_word' id='word_1_304' title='bbox 1421 4391 1457 4428; x_wconf 86' lang='lat' dir='ltr'>ou</span> <span class='ocrx_word' id='word_1_305' title='bbox 1470 4370 1593 4444; x_wconf 82' lang='lat' dir='ltr'>espiritu</span> <span class='ocrx_word' id='word_1_306' title='bbox 1609 4373 1640 4430; x_wconf 81' lang='lat' dir='ltr'>ia</span> 
     </span>
     <span class='ocr_line' id='line_1_37' title="bbox 511 4456 1640 4533; baseline -0.003 -10"><span class='ocrx_word' id='word_1_307' title='bbox 511 4463 674 4524; x_wconf 83' lang='lat' dir='ltr'>conciencia</span> <span class='ocrx_word' id='word_1_308' title='bbox 688 4463 725 4520; x_wconf 90' lang='lat' dir='ltr'>de</span> <span class='ocrx_word' id='word_1_309' title='bbox 739 4481 796 4532; x_wconf 91' lang='lat' dir='ltr'>que</span> <span class='ocrx_word' id='word_1_310' title='bbox 811 4461 840 4518; x_wconf 91' lang='lat' dir='ltr'>lo</span> <span class='ocrx_word' id='word_1_311' title='bbox 860 4460 945 4529; x_wconf 81' lang='lat' dir='ltr'>hace,</span> <span class='ocrx_word' id='word_1_312' title='bbox 961 4481 981 4533; x_wconf 86' lang='lat' dir='ltr'>y</span> <span class='ocrx_word' id='word_1_313' title='bbox 994 4479 1031 4517; x_wconf 85' lang='lat' dir='ltr'>en</span> <span class='ocrx_word' id='word_1_314' title='bbox 1045 4470 1107 4516; x_wconf 83' lang='lat' dir='ltr'>esto</span> <span class='ocrx_word' id='word_1_315' title='bbox 1120 4477 1152 4516; x_wconf 85' lang='lat' dir='ltr'>es</span> <span class='ocrx_word' id='word_1_316' title='bbox 1163 4456 1301 4517; x_wconf 80' lang='lat' dir='ltr'>insalible.</span> <span class='ocrx_word' id='word_1_317' title='bbox 1319 4459 1353 4516; x_wconf 79' lang='lat' dir='ltr'>t]</span> <span class='ocrx_word' id='word_1_318' title='bbox 1371 4479 1430 4530; x_wconf 85' lang='lat' dir='ltr'>que</span> <span class='ocrx_word' id='word_1_319' title='bbox 1442 4467 1533 4518; x_wconf 82' lang='lat' dir='ltr'>auena</span> <span class='ocrx_word' id='word_1_320' title='bbox 1545 4461 1640 4520; x_wconf 77' lang='lat' dir='ltr'>haber</span> 
     </span>
     <span class='ocr_line' id='line_1_38' title="bbox 510 4548 1640 4621; baseline -0.003 -9"><span class='ocrx_word' id='word_1_321' title='bbox 510 4554 593 4612; x_wconf 88' lang='lat' dir='ltr'>caido</span> <span class='ocrx_word' id='word_1_322' title='bbox 613 4573 649 4611; x_wconf 91' lang='lat' dir='ltr'>en</span> <span class='ocrx_word' id='word_1_323' title='bbox 670 4570 771 4609; x_wconf 79' lang='lat' dir='ltr'>manos</span> <span class='ocrx_word' id='word_1_324' title='bbox 791 4550 827 4607; x_wconf 90' lang='lat' dir='ltr'>de</span> <span class='ocrx_word' id='word_1_325' title='bbox 841 4549 991 4619; x_wconf 84' lang='lat' dir='ltr'>ladronea,</span> <span class='ocrx_word' id='word_1_326' title='bbox 1013 4568 1045 4607; x_wconf 82' lang='lat' dir='ltr'>se</span> <span class='ocrx_word' id='word_1_327' title='bbox 1058 4556 1171 4621; x_wconf 80' lang='lat' dir='ltr'>engada</span> <span class='ocrx_word' id='word_1_328' title='bbox 1186 4568 1223 4605; x_wconf 84' lang='lat' dir='ltr'>en</span> <span class='ocrx_word' id='word_1_329' title='bbox 1244 4548 1273 4606; x_wconf 86' lang='lat' dir='ltr'>io</span> <span class='ocrx_word' id='word_1_330' title='bbox 1289 4559 1403 4607; x_wconf 87' lang='lat' dir='ltr'>tocante</span> <span class='ocrx_word' id='word_1_331' title='bbox 1423 4548 1562 4621; x_wconf 75' lang='lat' dir='ltr'>dlobieto</span> <span class='ocrx_word' id='word_1_332' title='bbox 1583 4571 1640 4609; x_wconf 80' lang='lat' dir='ltr'>ex·</span> 
     </span>
     <span class='ocr_line' id='line_1_39' title="bbox 511 4636 1640 4713; baseline 0 -11"><span class='ocrx_word' id='word_1_333' title='bbox 511 4657 611 4713; x_wconf 85' lang='lat' dir='ltr'>terno,</span> <span class='ocrx_word' id='word_1_334' title='bbox 628 4661 690 4700; x_wconf 86' lang='lat' dir='ltr'>mus</span> <span class='ocrx_word' id='word_1_335' title='bbox 712 4661 750 4699; x_wconf 92' lang='lat' dir='ltr'>no</span> <span class='ocrx_word' id='word_1_336' title='bbox 768 4659 803 4698; x_wconf 83' lang='lat' dir='ltr'>en</span> <span class='ocrx_word' id='word_1_337' title='bbox 826 4640 854 4697; x_wconf 92' lang='lat' dir='ltr'>lo</span> <span class='ocrx_word' id='word_1_338' title='bbox 873 4636 1084 4710; x_wconf 82' lang='lat' dir='ltr'>perteneciente</span> <span class='ocrx_word' id='word_1_339' title='bbox 1096 4637 1124 4695; x_wconf 82' lang='lat' dir='ltr'>ol</span> <span class='ocrx_word' id='word_1_340' title='bbox 1138 4649 1202 4696; x_wconf 85' lang='lat' dir='ltr'>acto</span> <span class='ocrx_word' id='word_1_341' title='bbox 1223 4636 1328 4698; x_wconf 83' lang='lat' dir='ltr'>mismo</span> <span class='ocrx_word' id='word_1_342' title='bbox 1341 4658 1396 4699; x_wconf 85' lang='lat' dir='ltr'>oon</span> <span class='ocrx_word' id='word_1_343' title='bbox 1416 4658 1476 4711; x_wconf 86' lang='lat' dir='ltr'>que</span> <span class='ocrx_word' id='word_1_344' title='bbox 1488 4639 1518 4699; x_wconf 86' lang='lat' dir='ltr'>lo</span> <span class='ocrx_word' id='word_1_345' title='bbox 1535 4659 1640 4702; x_wconf 74' lang='lat' dir='ltr'>eree».</span> 
     </span>
    </p>
   </div>
   <div class='ocr_carea' id='block_1_14' title="bbox 510 4727 1170 4804">
    <p class='ocr_par' dir='ltr' id='par_1_15' title="bbox 510 4727 1170 4804">
     <span class='ocr_line' id='line_1_40' title="bbox 510 4727 1170 4804; baseline -0.008 -12"><span class='ocrx_word' id='word_1_346' title='bbox 510 4731 777 4804; x_wconf 82' lang='lat' dir='ltr'>(Fr&#39;los.sundarn.,</span> <span class='ocrx_word' id='word_1_347' title='bbox 797 4727 847 4790; x_wconf 90' lang='lat' dir='ltr'>lib.</span> <span class='ocrx_word' id='word_1_348' title='bbox 866 4749 891 4800; x_wconf 87' lang='lat' dir='ltr'>r,</span> <span class='ocrx_word' id='word_1_349' title='bbox 906 4747 970 4801; x_wconf 84' lang='lat' dir='ltr'>cap.</span> <span class='ocrx_word' id='word_1_350' title='bbox 989 4745 1075 4802; x_wconf 80' lang='lat' dir='ltr'>15,n.</span> <span class='ocrx_word' id='word_1_351' title='bbox 1098 4727 1170 4800; x_wconf 82' lang='lat'>148).</span> 
     </span>
    </p>
   </div>
   <div class='ocr_carea' id='block_1_15' title="bbox 0 0 1750 5525">
    <p class='ocr_par' dir='ltr' id='par_1_16' title="bbox 0 0 1750 5525">
     <span class='ocr_line' id='line_1_41' title="bbox 0 0 1750 5525; baseline 0 0"><span class='ocrx_word' id='word_1_352' title='bbox 0 0 1750 5525; x_wconf 95' lang='lat' dir='ltr'> </span> 
     </span>
    </p>
   </div>
  </div>
 </body>
</html>
