3492 5525
312 729 414 780 Bauium,
422 727 483 774 Bon-

368 792 426 840 nen.

325 1034 414 1080 Rsulict
428 1041 469 1079 etc.

520 543 521 548 .
550 511 591 579 94
959 493 1190 560 lvraooucrro

486 685 490 692 ’
579 677 1628 764 TraditionalismumdocuerepotissimumBonald,Lamennais,

510 787 683 853 Ludoaicus
696 786 848 872 fingenius
861 787 970 853 Maria
984 786 1119 853 Bautain
1132 783 1183 874 (n.
1204 783 1287 874 1796
1301 786 1349 875 -l-
1365 784 1475 876 1867),
1490 791 1631 869 Bonmly

511 903 542 962 et
562 895 695 979 quidam
713 895 764 960 alii
784 895 956 980 scriptores
975 892 1152 960 Annalium
1168 893 1384 980 Philosophia
1396 895 1577 962 christianae
1596 895 1629 961 in

514 1001 616 1068 Gallia
635 1021 691 1086 per
709 1002 835 1088 aliquot
854 1018 974 1079 annos,
995 1021 1032 1067 ac
1047 1002 1182 1068 demum
1199 1003 1235 1068 P.
1258 1001 1398 1068 Ventura
1415 1003 1548 1070 Raulr'ca
1561 998 1627 1090 (ι),

510 1107 568 1194 qui
594 1109 667 1176 licet
695 1109 821 1195 optimo
839 1101 977 1176 consilio
999 1109 1110 1185 ducti,·
1131 1119 1334 1193 grassantem
1356 1107 1629 1177 Rationalismum

510 1217 750 1303 prolligandum
765 1217 1004 1302 suscepissent,
1017 1225 1228 1283 excesserunt
1241 1228 1366 1295 tamen,
1381 1217 1539 1284 rationem
1556 1219 1629 1303 plus

509 1320 607 1409 aequo'
628 1325 863 1411 deprimentes.
884 1324 1052 1390 Adversus
1066 1324 1383 1394 Traditionalismum
1409 1326 1538 1411 egregie
1552 1325 1631 1392 scri-

510 1451 603 1518 psere
615 1435 719 1518 Lupias
731 1444 763 1501 et
780 1433 818 1502 P.
835 1432 964 1498 Cbasnt
978 1451 996 1497 e
1011 1431 1172 1500 Societate
1184 1431 1272 1514 Jesu.
1309 1512 1313 1522 ι

331 1603 344 1635 n
405 1588 481 1634 m·
558 1557 632 1608 rar.
680 1539 949 1627 Ontologismum
975 1539 1111 1625 professi
1136 1548 1215 1608 sunt
1243 1551 1318 1625 post
1341 1541 1626 1608 Mallebranchium

511 1647 687 1716 Cardinalis
713 1647 932 1733 Sigismundras
959 1643 1073 1714 Gerdil
1095 1648 1357 1732 pedemontanus
1376 1644 1390 1735 l
1403 1642 1558 1737 †r8ar)
1581 1651 1629 1716 vir

507 1755 735 1833 doctissimus,
764 1755 902 1840 Ubagbs,
927 1755 1055 1821 Moeiler
1074 1757 1113 1820 de
1136 1754 1290 1823 Classem
1312 1755 1430 1839 aliique
1456 1755 1629 1840 scriptores

508 1861 705 1930 lovaniensis
723 1861 875 1949 periodici
894 1863 991 1928 libelli
1009 1863 1113 1931 Revue
1132 1861 1312 1948 Catbolripue
1331 1864 1364 1928 in
1384 1863 1494 1949 Belgio
1514 1863 1548 1930 in
1567 1864 1630 1951 pri·

508 1969 573 2038 mis
586 1971 803 2058 temporibus;
821 1968 984 2046 Gioberti,
1000 1971 1037 2038 P.
1048 1969 1199 2052 josephus
1216 1970 1357 2039 Rornano
1369 1979 1403 2036 et
1421 1970 1472 2036 alii
1485 1967 1549 2058 (2).

557 2096 630 2146 122.
677 2077 873 2145 Scholastica
900 2077 1106 2162 Philosophia
1129 2077 1161 2144 in
1186 2077 1296 2144 effreni
1320 2078 1474 2164 opinandi
1502 2078 1629 2146 licentia

314 2207 325 2238 ι
388 2209 426 2240 ιιι
458 2209 465 2247 s
506 2203 583 2252 cum
607 2194 697 2253 tanta
717 2194 847 2253 mentes
869 2185 1043 2252 hominum
1065 2185 1236 2252 invasisset
1256 2185 1413 2251 colluvies
1436 2187 1631 2255 absurdissi-

508 2311 639 2360 morum
655 2305 887 2380 systematum,
899 2291 1028 2379 jacebat
1041 2293 1103 2358 hoc
1117 2293 1237 2358 saeculo
1255 2292 1389 2359 ineunte
1404 2292 1628 2362 miserandum

506 2402 539 2468 in
554 2401 712 2479 modurn,
728 2402 833 2468 donec
847 2419 944 2484 opera
960 2398 1304 2486 praestantissimorum
1320 2399 1515 2486 scriptorum
1531 2402 1631 2487 pede-

506 2509 623 2577 tentim
639 2507 717 2594 erigi
738 2509 946 2594 crepitatque
964 2507 998 2573 in
1018 2508 1191 2592 pristinum
1211 2510 1371 2574 honorem
1393 2508 1530 2576 restitui.
1552 2507 1630 2586 Quo
1734 2564 1735 2579 ,

507 2618 539 2684 in
556 2636 654 2702 opere
666 2616 788 2702 primas
802 2616 877 2684 tulit
892 2618 927 2682 P.
952 2614 1117 2681 Mattheus
1137 2609 1311 2681 liberatore
1324 2635 1342 2680 e
1355 2614 1516 2683 Societate
1538 2615 1628 2698 lesu,
1734 2692 1736 2721 ἱ

508 2725 751 2811 neapolitanus,
773 2724 829 2810 qui
840 2725 910 2812 jam
925 2741 1012 2791 anno
1032 2726 1109 2806 1841
1128 2741 1262 2791 cursum
1278 2723 1541 2809 philosophicum
1560 2725 1631 2792 edi·

476 2916 480 2925 ῃ
506 2834 571 2911 dit,
588 2853 731 2918 eumque
748 2832 853 2919 magis
867 2842 900 2897 et
919 2832 1025 2918 magis
1039 2832 1170 2917 perfecit
1184 2833 1359 2917 plusquam
1374 2832 1546 2901 duodecim
1561 2834 1632 2899 edi-

506 2942 651 3009 tionibus
664 2939 755 3008 iactis
776 2943 816 3008 ad
831 2958 957 3007 annum
973 2958 1080 3025 usque
1104 2936 1203 3016 1860,
1224 2959 1301 3007 cum
1322 2958 1442 3007 novam
1462 2942 1630 3026 longeque

506 3048 682 3116 auctiorem
703 3059 734 3115 et
750 3048 918 3115 meliorem
938 3047 1140 3117 elucubravit
1160 3046 1336 3115 editionem
1348 3048 1408 3116 tria
1420 3050 1629 3134 complexam

505 3155 689 3234 volumina,
713 3176 751 3222 ac
778 3154 925 3221 triennali
956 3154 1172 3241 Philosophiae
1195 3156 1305 3221 studio
1328 3156 1629 3224 accommodatam.

506 3262 556 3329 hb
570 3283 658 3331 anno
671 3265 807 3331 demum
828 3262 912 3330 1860
926 3266 1045 3350 pluries
1054 3264 1141 3331 idem
1153 3282 1237 3349 opus
1248 3264 1373 3331 editum
1387 3272 1437 3330 est
1447 3265 1553 3351 magis
1563 3264 1633 3329 ela·

504 3372 669 3440 boraturn.
683 3370 764 3439 Huic
776 3372 884 3439 cursui
897 3373 990 3459 plura
1006 3374 1082 3452 alia,
1097 3390 1203 3457 eaque
1216 3390 1283 3437 non
1294 3372 1438 3459 vulgaria
1450 3391 1548 3457 opera
1558 3373 1634 3457 phi-

504 3480 671 3565 losophica
680 3478 802 3547 addidit
817 3480 903 3547 idem
919 3480 1025 3547 clarus
1035 3490 1147 3547 auctor
1161 3476 1225 3567 (3).
1241 3481 1316 3546 llaec
1331 3479 1420 3546 initia
1425 3480 1511 3566 juvit
1521 3498 1633 3564 copus

504 3586 721 3672 periodicum‚
737 3585 789 3653 cui
801 3603 923 3653 nomen
936 3586 1270 3664 CivilitasCatbolica,
1283 3604 1357 3670 quae
1372 3605 1459 3653 anno
1476 3588 1556 3674 ¹85)
1572 3608 1633 3672 pa-

503 3692 1628 3783 lamprolessaest(4)instaurandamessePhilosophiamS.Thomae,

502 3802 602 3871 veluti
623 3802 756 3870 unicum
776 3802 963 3871 inveteratis
981 3804 1189 3871 scientiarum
1212 3802 1305 3870 malis
1329 3803 1538 3870 remedium»
1561 3800 1631 3891 (5).

503 3909 650 3978 Prodiere
678 3911 795 3980 deinde
821 3910 882 3980 alia
906 3912 1043 3998 scripta,
1059 3931 1133 3998 quae
1161 3912 1330 3997 inceptum
1352 3930 1438 3996 opus
1452 3928 1635 3997 promove·

538 4165 580 4232 (ι)
617 4159 775 4233 camna,
791 4180 852 4234 par.
868 4159 962 4230 83&

538 4255 579 4318 (a)
615 4250 686 4309 Vid.
702 4248 862 4321 Genesim,
878 4268 1001 4325 pann.

537 4344 578 4415 (3)
613 4338 705 4399 Delia
725 4341 909 4403 Conbscenec
922 4340 1135 4410 intellettrraiar
1146 4338 1204 4399 Dei
1216 4340 1371 4418 Comperto
1380 4361 1487 4402 amano
1500 4348 1528 4401 et
1542 4341 1632 4401 bert·

501 4430 612 4490 Anima
625 4451 739 4491 amana.

536 4520 578 4595 (4)
614 4520 656 4579 La
668 4520 786 4582 Civilia
796 4520 953 4592 Catloiica¹
962 4542 1039 4581 anno
1045 4528 1156 4597 quarto,
1166 4523 1382 4592 secandaserie‚
1391 4522 1450 4581 vol.
1460 4542 1476 4595 3
1485 4542 1553 4598 pag.
1564 4525 1630 4599 πός,

501 4610 559 4668 Dei
569 4610 882 4689 progressofilosofico
895 4612 1025 4687 possible
1038 4614 1088 4671 nel
1101 4618 1194 4688 tempo
1208 4620 1353 4689 presente.

536 4704 577 4775 (ς)
614 4698 797 4771 Liberalem,
812 4700 1013 4761 Institutione
1031 4702 1264 4777 philosophice,
1285 4702 1344 4762 vol.
1369 4723 1398 4773 ι,
1420 4720 1488 4776 pag.
1509 4720 1539 4761 v.
1555 4702 1633 4769 Pra-

502 4788 640 4865 ri,1881.
