3492 5525
572 478 632 558 qba
674 477 802 544 Locren
815 479 1048 555 Maron-Lis.
1067 494 1138 557 aaa,
1155 480 1247 544 Drsr.
1262 494 1309 563 4·
1324 479 1402 543 Can.
1421 492 1496 541 affl

533 662 642 730 induci
666 665 707 730 ad
729 665 947 751 operandum,
964 666 1166 748 quandoper
1188 664 1351 748 objectum
1364 681 1461 729 suum
1489 680 1558 727 non
1580 661 1654 725 satis

534 772 781 841 determinatur.
797 774 867 855 lam
885 792 961 839 vero
976 773 1073 839 etiam
1089 771 1120 837 in
1137 773 1198 838 hoc
1210 788 1307 838 sensu
1325 782 1455 837 nonest
1471 769 1654 836 intellectus

534 879 664 962 penitus
681 880 772 957 liber,
803 891 839 948 ut
866 881 958 947 liceat
976 880 1035 947 sibi
1054 878 1302 963 quomodolibet
1316 878 1353 955 „in
1382 876 1598 945 assentiendo
1623 894 1653 940 se

533 1006 663 1072 gerere,
684 983 760 1074 quia
778 990 930 1056 voluntas
949 990 1021 1056 licet
1036 989 1161 1071 physice
1183 988 1306 1073 quidem
1321 988 1432 1070 possit,
1452 1005 1521 1053 non
1540 998 1653 1052 tamen

533 1097 696 1161 moraliter
707 1105 815 1181 potest
833 1114 1080 1181 quemcumque
1099 1114 1269 1163 assensum
1286 1097 1335 1161 vel
1348 1096 1535 1161 dissensum
1553 1094 1657 1177 impe-

535 1222 604 1267 rare
630 1204 823 1281 intellectui,
857 1205 1140 1289 quemadmodum
1175 1204 1296 1269 vellent
1324 1202 1344 1267 ii
1372 1203 1485 1267 effreni
1515 1200 1652 1285 lieentia

535 1312 679 1394 patroni,
699 1311 757 1393 qui
775 1329 811 1377 se
829 1310 942 1377 dicunt
961 1312 1052 1377 liberi
1067 1311 1267 1395 cogitatores;
1293 1318 1381 1374 vetat
1403 1309 1492 1374 enim
1512 1308 1545 1372 id
1564 1320 1657 1373 natu-

535 1418 609 1483 ralis
630 1420 783 1485 honestas
797 1429 830 1485 et
856 1418 988 1485 rationis
1012 1420 1188 1485 dictamen.
1215 1418 1307 1485 litut
1327 1418 1368 1482 de
1384 1417 1451 1483 sola
1469 1416 1655 1499 quaestione

535 1536 646 1593 nostra
666 1528 851 1609 loquamur,
879 1527 1013 1593 evidens
1037 1535 1097 1603 est,
1125 1518 1193 1591 Deo
1214 1526 1358 1608 loquenti
1379 1543 1471 1591 aures
1491 1542 1568 1589 esse
1589 1542 1657 1607 prs

460 1704 465 1717 ,
534 1634 669 1710 bendas,
689 1652 748 1698 nec
763 1652 860 1718 posse
879 1636 1094 1709 voluntatem,
1117 1633 1215 1700 salvis
1231 1634 1410 1698 honestatis
1428 1630 1559 1707 officiis,
1577 1650 1652 1697 cum

534 1740 576 1804 de
590 1740 784 1806 revelatione
801 1740 910 1807 divina
925 1740 1125 1826 sufficienter
1139 1750 1280 1817 constat,
1296 1740 1479 1805 dissensum
1500 1758 1518 1803 a
1535 1740 1656 1804 volun-

533 1856 599 1913 tate
617 1848 767 1932 imperari
783 1849 957 1916 intellectui
977 1858 1034 1915 aut
1054 1866 1226 1915 assensum
1242 1848 1393 1913 contrarii
1409 1846 1536 1913 erroris.
1561 1846 1662 1944 Plura

533 1954 574 2019 de
590 1957 651 2021 boc
665 1955 753 2021 dabit
766 1955 914 2024 Salvator
928 1956 1104 2042 Tongiorgi
1119 1955 1132 2043 (
1159 1954 1183 2044 ).
1719 2038 1720 2053 χ

600 2062 768 2147 Objiciunt
784 2082 918 2147 quoque
944 2063 1162 2130 Rationalistae
1182 2064 1335 2150 mysteria
1357 2072 1467 2128 contra
1490 2060 1650 2127 rationem
1719 2096 1720 2173 p

533 2187 621 2238 esse:
643 2172 733 2253 quod
752 2180 987 2256 argumentum
1006 2172 1183 2239 accuratius
1201 2172 1424 2256 repellendum
1439 2178 1502 2234 est.
1719 2174 1720 2199 ¹

667 2364 922 2456 §ll-Uram
941 2386 1018 2443 Qua
1036 2386 1119 2437 suur
1133 2386 1232 2436 suam
1247 2384 1427 2442 narrouera,
1448 2382 1520 2435 soar

933 2494 1059 2545 conans
1078 2494 1251 2543 narrouau.

578 2664 666 2740 279.
705 2656 968 2724 Pnoeosrr103.“
1014 2662 1102 2741 Quae
1127 2671 1210 2723 sunt
1231 2678 1335 2739 supra
1363 2660 1548 2727 rationem,
1585 2677 1651 2720 nou

532 2769 601 2829 nisi
619 2769 867 2830 absurdissime
886 2771 951 2830 dici
963 2779 1109 2848 possunt
1121 2787 1199 2832 esse
1209 2779 1328 2832 contra
1338 2769 1526 2840 rationem
1542 2785 1650 2846 neque

532 2877 602 2938 ulla
614 2885 816 2956 potestesse
846 2877 937 2938 inter
955 2879 1122 2940 rationem
1142 2877 1372 2957 veritatesque
1391 2877 1561 2938 revelatas
1580 2877 1649 2936 veri

532 2984 685 3046 nominis
702 2984 886 3047 dissensio.

599 3143 717 3206 Prima
733 3163 814 3222 pars
830 3148 918 3204 certa
936 3149 986 3206 est
1004 3159 1044 3205 ex
1063 3139 1270 3206 damnatione
1293 3142 1391 3224 hujus
1418 3139 1646 3224 propositionis

533 3245 564 3311 in
583 3245 710 3327 Syllaba
725 3255 859 3312 notatae:
882 3246 1003 3312 Christi
1002 3246 1086 3331 fides
1096 3248 1238 3313 bumana
1251 3247 1428 3333 refragatur
1447 3248 1571 3312 rationi
1574 3269 1589 3328 ;
1601 3249 1649 3310 di·
1718 3301 1719 3306 ,

530 3354 666 3438 uinaque
683 3354 830 3419 revelatio
846 3374 909 3420 non
932 3358 1031 3420 solum
1044 3356 1125 3422 nibil
1146 3359 1287 3438 prodest,
1312 3375 1421 3422 oerum
1445 3355 1540 3420 edors
1566 3361 1651 3420 nocet
1718 3343 1719 3346 '

532 3461 664 3526 bominis
677 3461 862 3547 perfectioni
877 3463 890 3550 (
916 3461 940 3549 ).

598 3569 754 3636 Probatur
768 3585 876 3636 autem
889 3571 956 3637 sula
971 3569 1185 3638 declaratione
1200 3574 1428 3638 terminorum.
1449 3571 1534 3636 Nam
1550 3589 1650 3638 enun-

316 3693 343 3722 ω
360 3692 383 3722 ¹·
402 3677 515 3729 mium·
530 3676 637 3743 tiabile
656 3679 789 3762 aliquod
806 3697 878 3743 esse
897 3696 995 3762 supra
1024 3681 1181 3746 rationem
1201 3680 1361 3765 significat
1389 3681 1549 3746 rationem
1577 3681 1649 3744 illud

400 3763 474 3866 ἐξ,
495 3834 509 3864 .
529 3803 588 3851 sua
608 3785 728 3852 virtute
748 3785 855 3851 nativa
875 3786 1004 3869 assequi
1025 3806 1089 3853 non
1113 3806 1223 3872 posse,
1244 3807 1302 3854 seu
1317 3781 1580 3854 conienientiam
1602 3789 1648 3850 vel

355 3907 379 3937 ¹³
391 3893 473 3937 luem·
528 3893 777 3977 repugnantiam
798 3893 1013 3958 terminorum
1028 3894 1114 3960 illius
1129 3913 1195 3960 non
1210 3913 1306 3980 posse
1322 3888 1455 3976 intueri}
1473 3905 1590 3961 contra
1605 3915 1650 3958 ra·

527 3999 650 4067 tionem
670 4009 781 4066 autem
801 4017 872 4066 esse
892 3999 1030 4083 aliquid,
1050 4003 1256 4069 tantumdem
1281 4011 1346 4078 est;
1367 4021 1403 4067 ac
1423 4001 1539 4068 rationi
1558 4021 1645 4086 repu-

527 4126 644 4191 gnare,
662 4126 783 4190 nempe
802 4117 947 4173 mentem
964 4107 1136 4174 salsitatem
1153 4111 1236 4176 illius
1251 4109 1443 4194 perspicere.
1464 4107 1565 4192 Atqui
1583 4110 1647 4174 ltaec

527 4216 595 4281 duo
613 4215 780 4281 evidenter
798 4223 868 4280 toto
885 4217 970 4281 coeio
989 4216 1126 4292 distant,
1148 4217 1300 4282 rationem
1325 4217 1451 4302 oliqrar'd
1479 4235 1542 4282 non
1564 4223 1650 4298 posse

563 4416 603 4479 (ι)
639 4410 707 4470 Loc.
722 4408 771 4468 cit.
787 4431 802 4467 a
816 4429 846 4467 n.
862 4431 924 4483 739.
941 4409 1003 4470 Cir.
1019 4411 1083 4470 aliae
1097 4410 1282 4472 difficultates
1294 4411 1373 4485 apud
1394 4413 1431 4472 cl.
1447 4413 1481 4474 Ρ.
1494 4415 1646 4489 Josephorn

525 4499 777 4558 blandive-lust.
793 4501 907 4558 Philus.
925 4501 1083 4572 scholast,
1096 4502 1213 4579 Lupia..
1236 4523 1265 4561 n.
1279 4521 1333 4576 443
1348 4521 1430 4576 seqq.
1717 4503 1718 4561 l

561 4596 602 4658 (a)
638 4589 765 4664 Syllam„
781 4609 810 4647 n.
836 4588 887 4646 Vl.
905 4590 1068 4661 Propositio
1088 4608 1157 4651 vero
1180 4591 1235 4651 ista
1259 4593 1422 4665 proscripta
1443 4595 1501 4664 jam
1526 4593 1646 4654 lucrata

526 4678 578 4738 Pio
593 4678 632 4738 lx
646 4678 675 4736 in
691 4678 784 4750 Epist.
801 4678 919 4752 Encycl.
937 4680 1000 4759 (lui
1017 4677 1162 4755 pluribus,
1177 4703 1203 4756 9.
1220 4681 1376 4744 Novembr.
1395 4683 1507 4758 1846er
1526 4683 1556 4744 in
1568 4685 1647 4746 Allo·

524 4783 583 4833 cut.
597 4770 733 4829 Maxima
749 4769 873 4844 quiden,
892 4791 919 4842 9.
932 4768 1014 4839 ,lunii
1031 4771 1109 4830 1862.
