3492 5525
315 485 489 549 Appium
511 501 556 548 or:
578 483 807 549 Senoassmcs
828 501 1072 550 orsoususrour:
1161 500 1219 570 395

134 671 255 736 dicitrsr
266 674 516 756 syllofflsticus,
533 667 673 753 tangitur
683 668 903 751 disputationis
915 669 1171 750 instrumentum,
1188 671 1262 738 scil·

135 779 207 844 tieet
229 778 436 861 syllogismus,
454 778 512 843 suo
534 795 595 862 quo
616 775 918 859 comprehenduntur
933 779 1008 845 atro
1034 780 1148 862 species
1168 797 1262 864 argu·
1401 763 1406 771 ¹

136 886 334 953 mutationis
350 889 381 952 ei
395 885 628 968 disputationis,
651 883 734 950 sicut
753 884 965 970 torperfecturn
983 888 1042 952 uro
1057 887 1204 973 ursacio.
1224 887 1264 954 Et

134 1002 191 1074 per
201 993 467 1078 oorlistinguitur
478 991 696 1076 disputationi
707 992 827 1058 actious
837 993 1062 1076 corporalibus,
1073 998 1112 1060 ut
1121 1015 1262 1063 currere

134 1103 188 1168 uel
211 1106 401 1178 commeta,
425 1107 457 1166 et
478 1101 519 1168 ab
536 1100 657 1166 artiores
672 1099 878 1178 uoluntariis,
894 1105 1067 1169 ‘niumm
1084 1113 1117 1170 et
1130 1107 1259 1172 odisse.

136 1211 219 1278 Nam
228 1215 287 1290 per
304 1209 358 1274 loc
373 1209 458 1292 quod
484 1207 604 1273 dicitnr
618 1211 723 1274 unius
741 1206 782 1273 ad
806 1214 967 1287 alterum,
994 1212 1166 1292 tangrentur
1189 1211 1262 1276 dua

131 1323 275 1399 persona
286 1316 463 1400 apponentis
471 1319 504 1383 et
514 1315 738 1398 respondentis,
750 1315 1071 1401 interquosoertitur
1079 1317 1262 1401 disputatio:

135 1425 229 1492 etiom
246 1425 301 1490 troc
318 1424 449 1491 additur
470 1427 515 1490 ad
533 1423 742 1508 differentzom
759 1423 1028 1501 ratiocinationis,
1048 1442 1144 1510 meam
1161 1426 1259 1503 labet,

135 1533 192 1617 qui
207 1549 309 1598 secum
326 1531 545 1598 ratiocinatur.
561 1531 687 1597 Pertrac
703 1534 808 1597 autem
825 1533 910 1616 quod
921 1533 1041 1599 droitur
1052 1538 1096 1600 ad
1109 1539 1264 1618 proposi·

135 1655 211 1708 tum
224 1643 489 1726 ostendendum,
510 1639 649 1723 tangitur
664 1638 886 1722 disputationis
894 1640 1018 1724 effectus
1029 1641 1096 1708 sive
1112 1641 1263 1707 terminus

134 1746 283 1834 autfinis
295 1745 475 1829 prasinus:
493 1751 526 1812 et
535 1754 594 1830 per
612 1746 667 1811 loc
683 1745 894 1830 distinguitur
909 1747 1079 1829 dupundi>
1101 1767 1120 1812 a
1136 1749 1262 1832 syllogi-

134 1855 211 1920 smis
227 1853 470 1937 exemplaribus,
490 1855 547 1940 qui
563 1871 627 1919 nou
645 1853 840 1922 inducuntur
852 1856 898 1920 ad
912 1856 1136 1921 ostendendum
1149 1862 1263 1938 propo-

134 1964 231 2029 situm
242 1961 382 2046 ntrouod,
399 1963 455 2027 sed
473 1962 670 2047 adsumam
689 1961 860 2043 syllogismi
880 1963 1171 2049 mmptficandam
1195 1960 1259 2051 (1).

203 2068 435 2152 Disputatronis
451 2072 554 2134 autem
570 2072 705 2154 quatuor
721 2073 798 2134 sunt
812 2068 938 2151 speeies,
953 2071 1074 2136 scilicet
1092 2075 1263 2138 doetrina-
1328 2104 1382 2140 som
1399 2107 1440 2139 m.

134 2184 192 2256 lis,
208 2182 395 2256 dialectics,
416 2181 583 2244 tentatus
596 2184 630 2240 et
647 2169 846 2260 sophistica,
866 2195 936 2262 qua
952 2176 1122 2244 etiamalio
1139 2178 1263 2246 nornine

134 2285 254 2352 dicitur
265 2290 413 2368 litigiosa
431 2285 500 2368 (vet
508 2283 726 2371 contentiosa).
748 2284 945 2351 Doctrinalis
963 2286 1029 2352 sire
1046 2285 1264 2352 demonstrati-

133 2389 175 2458 vo
193 2395 250 2470 est,
263 2411 332 2478 qua
349 2394 394 2456 od
408 2391 568 2457 sciendum
578 2391 758 2469 ordinatur,
771 2395 942 2472 procidens
952 2412 994 2459 ex
1008 2394 1124 2476 primis
1139 2395 1263 2461 siveris

133 2507 268 2584 etprrse
284 2499 366 2566 notis
376 2503 408 2565 et
419 2499 559 2582 propriis
572 2498 661 2564 iltius
673 2499 823 2575 scientia,
838 2502 879 2564 de
889 2517 953 2584 qua
962 2500 1183 2585 fitdisputatio
1194 2499 1259 2588 (2):

134 2612 168 2674 et
181 2609 245 2674 orec
261 2605 396 2674 uertitur
419 2607 502 2672 iuter
525 2607 681 2672 docentem
702 2609 735 2671 et
748 2606 971 2693 addiscentem.
995 2607 1172 2675 Dialectica
1188 2627 1263 2674 vero

133 2715 305 2800 disputatio
330 2718 377 2781 est
396 2733 437 2782 ex
460 2713 674 2798 probabilibus
686 2715 875 2798 procedens,
898 2718 933 2781 et
954 2719 1000 2782 od
1017 2714 1192 2799 opinionem
1212 2719 1266 2785 oet

129 2824 324 2909 propositum
341 2826 479 2891 tendens.
499 2822 658 2890 tentativa
671 2826 775 2890 autern
785 2822 956 2907 disputatio
968 2826 1030 2901 est,
1043 2843 1114 2910 qua
1132 2824 1261 2890 ordina·

134 2938 192 3011 tur
203 2936 249 2999 ad
263 2932 505 3016 experimentum
521 2932 705 2997 sumendum
718 2934 757 2996 de
774 2931 882 3017 atiquo
893 2939 954 3014 per
963 2950 1012 3008 ea,
1030 2950 1102 3019 qua
1113 2931 1265 2999 viderur

133 3040 342 3123 respondenti.
361 3038 534 3123 Sophisti'ca
551 3043 655 3105 auom
667 3042 713 3104 est
724 3040 851 3106 tenderes
865 3040 910 3104 ad
924 3039 1072 3122 gloriam,
1092 3039 1263 3123 utsapiens

132 3168 198 3216 esse
214 3149 375 3226 videatur,
395 3149 479 3215 unde
491 3146 611 3212 dicitur
621 3146 802 3229 sophistica,
821 3146 915 3231 quasi
925 3153 1080 3229 apparens
1090 3148 1259 3230 sapiendo,

132 3262 167 3323 et
177 3256 368 3339 proceditex
385 3255 444 3331 tris,
456 3272 525 3340 qua
540 3254 691 3321 vedentur
702 3272 768 3319 esse
780 3272 857 3319 vera
873 3254 940 3320 sive
949 3254 1139 3337 probabilia,
1155 3259 1261 3322 elnon

132 3368 222 3445 sunu·
239 3365 290 3431 vet
303 3362 489 3445 simpliciter
495 3360 603 3447 salsas
609 3361 838 3445 propositiones
850 3365 1046 3437 assumendo,
1067 3363 1260 3448 quaoideu·

132 3476 189 3538 tur
203 3488 268 3538 esse
282 3488 376 3548 uera,
392 3470 444 3536 vet
459 3470 494 3535 in
515 3470 631 3536 virtute
646 3468 810 3555 salsarum
825 3469 1072 3552 propositionum
1097 3488 1261 3555 argimun-

133 3581 231 3645 tondo
248 3576 312 3666 (3).

201 3686 239 3753 Et
258 3688 327 3753 haec
345 3684 479 3770 quidem
498 3694 547 3753 est
571 3684 688 3752 divisio
713 3681 945 3769 disputationis
974 3703 1016 3751 ex
1044 3687 1180 3751 materia
1206 3686 1259 3752 vel

133 3794 200 3862 tine
226 3793 412 3879 desumpta.
435 3792 552 3859 Forma
579 3810 657 3858 vero
683 3792 735 3859 vel
761 3791 939 3858 methodus
967 3793 1115 3877 ejusdem
1143 3792 1260 3878 triplex

131 3920 206 3970 esse
228 3910 353 3988 potest,
378 3901 550 3967 communis
568 3918 627 3969 seu
657 3900 815 3983 uulgaris,
834 3899 988 3967 socratica
1010 3909 1043 3966 et
1066 3900 1260 3986 syllogistica

131 4028 195 4079 seu
212 4009 408 4077 scholastica.

200 4114 351 4203 vulgaris
373 4124 442 4192 est,
464 4133 539 4199 quae
557 4113 697 4182 liberum
725 4112 905 4181 disserendi
932 4114 1081 4199 sequitur
1106 4117 1257 4195 modum,
1313 4133 1440 4191 mmmm

131 4235 231 4312 prout
245 4226 282 4317 ‚in
301 4224 471 4291 communi
494 4222 668 4292 homiuum
689 4240 867 4309 congressu
886 4234 920 4291 et
939 4222 1138 4308 quotidianis
1159 4226 1260 4293 ootlo-
1321 4207 1425 4261 ’Μ

130 4332 220 4419 quiis
238 4330 306 4399 fieri
325 4334 423 4400 solet.

130 4524 412 4540 ..n—nna·—

167 4600 211 4675 (ι)
246 4599 279 4660 S.
292 4600 411 4671 Thous,
427 4598 539 4672 opusc.
554 4600 590 4657 ds
603 4594 757 4665 Fallaciis,
775 4616 839 4669 asp.
858 4617 882 4657 ι.

167 4696 210 4759 (2)
247 4690 291 4749 De
305 4689 353 4749 his
367 4690 514 4765 agendum
529 4700 576 4748 est
589 4686 722 4758 interius,
739 4685 790 4747 ubi
802 4686 839 4747 de
851 4686 1114 4748 Demonstratioue.

168 4784 211 4855 (3)
248 4778 281 4839 S.
296 4780 414 4852 Thoai,
429 4778 484 4841 loc.
500 4777 563 4851 cit„
577 4798 641 4852 cap.
658 4796 685 4837 a.
