3492 5525
11 4729 20 4887 l

11 4910 19 5007 l

13 5118 17 5129 1

237 473 354 537 harre.
374 489 431 535 rs·
440 472 476 537 ln
490 490 560 549 Quo
574 490 753 537 consrsrar
766 490 923 537 assensn
933 488 1129 537 sruroorsrrr
1149 466 1208 552 813

176 661 276 723 Prob.
308 656 358 725 1.⁰
404 657 450 722 Ex
481 655 683 724 Aristotelica
701 656 883 743 syllogismi
913 654 1117 730 delinitione,
1147 670 1247 737 quarn
1307 648 1418 705 emmer.

129 781 247 829 omnes
273 782 340 829 uno
358 782 413 829 ore
429 764 590 848 recipiunt
609 766 640 830 in
670 762 850 831 Dialectica.
872 764 1030 829 Definitur
1048 780 1166 845 nempe
1183 762 1250 847 syl·

129 870 289 954 logismus
306 871 422 948 oratio,
442 872 477 936 in
494 890 572 956 qua,
593 872 775 956 qutmsaam
789 871 917 954 positis,
932 870 1023 936 aliud
1034 867 1193 955 quidpiam
1209 868 1250 933 alr

130 976 528 1061 tempestuariis:
541 979 720 1045 necessitate
734 979 859 1071 accidit,
880 998 915 1043 eo
927 979 1011 1063 puori
1022 976 1085 1043 bac
1096 974 1196 1061 sunt(
1220 972 1246 1060 ).
1332 1024 1336 1032 .

129 1084 224 1151 Unde
244 1086 381 1151 habetur
398 1086 626 1172 syllogismum
649 1105 721 1152 esse
750 1086 949 1161 orationem,
973 1093 1112 1167 eamque
1131 1082 1251 1149 oratio-
1286 1139 1289 1144 .

134 1210 223 1267 nem,
243 1210 317 1275 quae
337 1192 428 1275 plura
441 1194 692 1278 complectatur,
709 1203 742 1259 et
756 1214 811 1270 ea,
827 1213 867 1259 ex
886 1194 1005 1277 quibus
1024 1191 1110 1258 aliud
1128 1189 1250 1255 derive-

133 1308 203 1377 tur,
225 1308 262 1365 ut
279 1298 494 1367 consideranti
519 1310 619 1386 patet.
1001 1364 1005 1371 .

197 1406 368 1475 Enimvero
387 1408 414 1473 si
434 1426 474 1473 err
494 1418 604 1474 mente
624 1408 807 1475 Aristotelis
826 1408 1039 1495 syllogismus
1053 1408 1121 1471 haec
1140 1403 1250 1471 omnia

132 1532 198 1580 non
226 1516 513 1599 complecteretur,
546 1515 604 1580 sed
631 1526 688 1582 aut
715 1516 800 1581 solas
829 1515 1030 1599 praemissas.
1060 1521 1117 1577 aut
1145 1513 1250 1577 solam

130 1620 389 1697 conclusionem,
406 1622 610 1689 definiendus
625 1634 711 1689 esset
725 1622 841 1700 oratio,
858 1642 898 1688 ex
910 1641 972 1706 qua
985 1619 1073 1687 aliud
1084 1618 1249 1703 quidpiam

131 1730 223 1812 sequi
243 1747 377 1795 necesse
396 1738 462 1804 est,
485 1730 536 1796 vel
551 1730 672 1805 oratio,
691 1748 760 1814 qum
777 1748 818 1795 ex
837 1730 906 1796 aliis
924 1728 1120 1812 quibusdam
1137 1724 1249 1809 positis

133 1854 264 1903 necesse
284 1843 334 1903 est
353 1836 481 1902 evenire
500 1845 556 1903 aut
575 1838 680 1919 sequi.

176 1949 277 2011 Proh.
300 1942 353 2011 2.⁰
400 1942 484 2019 Quia
503 1962 543 2009 ex
570 1943 684 2011 iisdem
704 1942 884 2027 praemissis
912 1961 968 2026 per
987 1942 1091 2008 solam
1120 1941 1250 2006 conclu·

129 2050 231 2117 sionis
249 2050 468 2116 diversitatem
488 2051 636 2117 diversus
655 2050 825 2117 conficitur
842 2050 1070 2137 syllogismus,
1092 2057 1128 2114 ut
1146 2047 1250 2113 mani-

131 2159 250 2225 festum
278 2157 378 2225 estin
407 2157 514 2223 modis
539 2157 669 2225 directis
689 2166 721 2223 et
740 2157 903 2224 indirectis
928 2158 1041 2241 primae
1059 2154 1188 2239 figuram
1216 2164 1249 2219 et

130 2283 337 2339 econverso,
357 2264 383 2330 si
402 2265 516 2351 eadem
536 2264 700 2332 conclusio
715 2284 756 2331 ex
774 2265 910 2332 diversis
929 2263 1107 2348 praemissis
1120 2260 1252 2346 colliga·

129 2384 199 2447 tur,
232 2372 379 2437 diversus
406 2390 538 2455 quoque
569 2372 675 2438 evadit
702 2372 914 2458 syllogismus
945 2368 1010 2456 (2).
1042 2369 1135 2435 Adde
1162 2368 1250 2451 quod

131 2480 244 2545 eadem
269 2478 431 2562 ipsissima
458 2480 625 2546 conclusio
643 2488 751 2563 potest
769 2479 877 2563 colligi
904 2476 1165 2563 argumentando
1195 2493 1252 2559 per

132 2588 269 2651 sormam
297 2585 365 2653 sive
394 2586 573 2672 syllogismi
601 2587 671 2653 sive
696 2585 969 2673 enthymematis,
996 2584 1064 2650 sive
1092 2583 1253 2650 inductio·

132 2695 182 2760 nis
199 2702 263 2759 etc.
284 2692 318 2758 Si
337 2711 416 2778 ergo
435 2692 576 2760 essentia
598 2692 781 2781 syllogismi
800 2701 869 2759 tota
888 2702 1009 2777 quanta
1037 2700 1103 2769 est,
1124 2690 1253 2765 sisteret

132 2802 163 2866 in
181 2800 405 2876 conclusione,
431 2801 604 2868 dicendum
623 2803 704 2868 toret
727 2802 959 2889 syllogismum
980 2817 1079 2885 posse
1098 2799 1253 2865 essentia·

130 2909 201 2973 liter
215 2928 281 2975 non
300 2908 479 3000 discrepare
492 2910 532 2974 ab
551 2907 620 2975 aliis
640 2909 752 2976 formis
771 2907 1076 2994 argumentationis.

197 3017 341 3099 Denique
372 3034 478 3099 neque
500 3017 598 3083 etiarn
626 3019 695 3083 sola
726 3017 854 3083 intuitio
882 3015 1033 3081 illationis
1061 3015 1112 3081 vel
1141 3029 1253 3078 conse·
1289 3017 1440 3103 sesamum

130 3123 271 3207 quentiae
290 3125 457 3192 constituit
475 3123 672 3190 discursum.
693 3123 865 3192 Nonacrim
891 3142 931 3189 ex
952 3123 1007 3188 boc
1023 3121 1140 3207 alchuis
1161 3120 1254 3188 retro
1281 3093 1453 3208 „mrim

127 3231 255 3296 cinatur
267 3231 318 3296 vel
328 3230 492 3308 discurrit,
512 3235 595 3316 quod
608 3231 735 3314 inspicit
744 3231 881 3317 qualiter
894 3250 934 3297 ex
943 3229 1116 3313 praemissis
1128 3229 1254 3294 conciat·
1301 3235 1434 3279 diusmo·

128 3337 176 3403 sio
192 3342 351 3423 separatur,
367 3339 464 3404 simul
480 3342 641 3423 utrumque
668 3338 881 3415 considerans,
910 3339 965 3403 boc
985 3337 1080 3402 ‘enim
1100 3334 1256 3419 contingit

128 3465 193 3510 non
209 3449 465 3530 arguuuntando,
486 3447 541 3511 sed
558 3451 736 3530 argumenta
747 3447 936 3534 judicando.
956 3445 1048 3513 Sicut
1073 3463 1129 3510 nec
1149 3442 1256 3528 cogni·

128 3553 173 3617 iio
190 3552 361 3618 materialis
377 3557 424 3618 est
439 3572 480 3617 ax
493 3553 563 3632 boc,
584 3555 667 3638 quod
684 3553 860 3619 materialia
879 3552 1039 3641 dijudicat
1054 3549 1119 3640 (3).

197 3659 279 3726 llinc
308 3661 380 3726 licet
408 3659 495 3726 Deus
523 3661 619 3726 etiam
652 3661 758 3726 videat
786 3661 975 3746 hujusmodi
1004 3656 1255 3727 consecutiones

128 3769 212 3834 inler
236 3767 420 3851 praemissas
440 3777 473 3834 et
495 3767 753 3852 conclusionem;
779 3780 811 3836 et
838 3769 1018 3855 generatim
1045 3767 1129 3835 inter
1152 3767 1255 3834 varias

130 3875 293 3953 veritates,
315 3894 381 3941 non
393 3875 552 3942 discurrit.
574 3876 612 3942 Et
627 3875 773 3943 similiter
792 3877 909 3963 Angeli
930 3894 995 3943 non
1012 3875 1208 3942 discurrunt.

175 3988 276 4050 Dices
302 3981 353 4049 1.⁰
401 3981 592 4050 Aristoteles
617 3984 847 4070 syllogismum
876 3982 1173 4052 demonstrativum
1200 3981 1257 4048 de·

128 4089 202 4154 imit
214 4089 424 4174 syllogismum
435 4091 487 4156 val
498 4091 778 4168 ratiocinationem,
793 4111 862 4177 quae
875 4090 1036 4160 scientiam
1048 4090 1151 4176 afficit.
1170 4089 1254 4156 Cum

129 4216 208 4282 ergo
240 4195 273 4262 in
305 4217 342 4261 ea
371 4196 561 4266 definitione
593 4197 727 4264 scientia
754 4199 911 4285 importet
938 4197 1182 4266 conclusionem
1214 4217 1254 4264 ex
1303 4249 1328 4266 ..
1392 4259 1396 4267 .

130 4304 308 4390 praemissis
328 4305 515 4372 necessariis
540 4306 731 4384 derivatam,
764 4307 981 4393 Philosophus
1010 4307 1136 4374 videtur
1156 4306 1255 4391 syllo-

166 4578 205 4639 (ι)
241 4572 316 4631 Vide
330 4545 432 4644 Arist„
449 4573 498 4633 lib.
518 4595 542 4645 r,
558 4575 656 4633 Prior.
672 4574 868 4648 analyticae,
884 4595 947 4648 cap.
962 4596 985 4635 r.

100 4723 108 4732 ⁶
165 4661 207 4734 (a)
242 4661 319 4721 Vide
332 4661 476 4734 Lossudm
492 4663 546 4722 loe.
562 4663 610 4723 cit.

164 4756 205 4825 (a)
241 4742 275 4810 S·
285 4751 390 4814 Thom·
410 4763 448 4814 r.·
462 4753 562 4822 Contr,
578 4751 673 4826 Gens,
691 4773 753 4827 cap.
768 4773 812 4828 57,
827 4753 923 4816 initio.
