3492 5525
267 456 385 523 Arene.
405 456 605 522 1.⁰·Rcrur.
623 476 723 521 rausa
736 474 897 521 entreats
911 474 1113 531 suarucrrvx
1158 470 1211 538 541

129 639 320 709 instituatur
346 641 572 726 cognitionum
604 650 802 707 nostrarum.
831 637 972 709 Quando
1005 658 1083 704 vero
1111 654 1254 703 examen

131 749 322 832 hujusmodi
340 747 530 834 instituitur,
546 746 701 813 veracitas
717 748 906 813 facultatum
921 755 1107 813 nostrarum
1122 743 1259 811 vivacis·

130 854 216 921 sima
234 855 398 922 evidentia
413 857 542 940 fulgens
557 856 757 941 agnoscitur.
771 854 884 939 ltaque
899 853 1038 939 quaestio
1054 872 1120 919 non
1135 861 1198 929 est,
1213 870 1255 938 an

130 971 165 1027 et
185 964 290 1048 qualis
309 963 392 1029 adsit
411 964 443 1029 in
464 963 558 1029 nobis
584 963 739 1029 naturalis
766 960 946 1037 inclinatio,
977 963 1017 1029 ad
1045 961 1254 1027 asserendam

131 1072 323 1136 facultatum
343 1070 568 1147 veracitatem,
589 1071 648 1137 sed
666 1088 708 1134 an
726 1088 765 1135 ea
790 1078 961 1153 tamquam
990 1068 1116 1134 motivo
1138 1067 1257 1133 innita·
1334 1049 1340 1063 ’

129 1186 187 1243 tur
203 1179 379 1261 certitudo;
397 1189 501 1255 etan,
519 1179 651 1262 quando
670 1176 824 1244 veracitas
844 1178 897 1243 illa
920 1178 991 1243 loco
1007 1175 1123 1244 motivi
1142 1194 1255 1242 assen-

131 1303 207 1351 sum
227 1286 367 1369 aliquem
383 1295 510 1353 certum
530 1294 682 1371 generat,
699 1294 860 1353 asseratur
878 1286 1049 1352 dumtaxat
1071 1303 1111 1349 ex
1130 1283 1256 1368 impetu

132 1392 307 1461 instinctus
321 1395 409 1462 caci.

178 1507 286 1584 Objic.
308 1512 357 1571 3.ο
401 1502 503 1567 Multa
521 1511 609 1567 certo
632 1509 746 1566 tenent
770 1501 886 1577 rudes,
908 1518 1051 1583 quorum
1070 1507 1184 1564 tamen
1206 1517 1255 1562 ra·

132 1607 255 1675 tionem
284 1629 342 1675 nec
361 1609 430 1676 aliis
456 1610 605 1684 reddere,
636 1628 694 1674 nec
724 1608 784 1693 ipsi
805 1608 914 1675 videre
933 1616 1090 1691 possunt,
1116 1604 1254 1683 utcirca
1305 1646 1309 1654 ·

132 1718 314 1783 ordinatam
339 1716 594 1783 vicissitudinem
614 1724 820 1800 temporum,
846 1716 972 1801 aliaque
995 1723 1150 1780 sexcenta
1169 1712 1256 1778 simi-

132 1824 186 1890 lia.
208 1826 290 1910 Ergo
305 1824 591 1890 admittendusest
607 1822 780 1889 instinctus
798 1842 917 1889 caecus.

200 1939 305 2015 Resp.
333 1951 419 1999 conc.
449 1932 587 2015 primam
620 1940 744 2013 partem
770 1930 1010 2004 antecedentis,
1035 1946 1114 2012 nego
1137 1946 1256 1994 secun·

130 2039 223 2107 dam.
242 2039 343 2104 Multa
363 2039 450 2105 enim
478 2040 622 2105 sentiunt
651 2048 682 2104 et
710 2039 921 2123 experiuntur
949 2037 1064 2112 rudes,
1093 2054 1167 2120 quae
1195 2053 1253 2100 ne-

130 2155 257 2231 queunt
272 2146 403 2231 penitus
421 2147 596 2229 declarare;
614 2165 673 2211 nec
693 2156 820 2223 tamen,
838 2144 915 2231 quia
934 2144 1084 2210 rellexam
1104 2152 1138 2207 et
1154 2144 1256 2226 expli·

129 2252 286 2319 catiorem
314 2255 510 2322 evidentiam
540 2272 605 2318 non
633 2253 788 2330 habeant,
810 2252 900 2319 omni
930 2269 1064 2336 prorsus
1090 2250 1252 2315 evidentia

94 2348 104 2367 ”
129 2381 237 2427 carere
256 2362 381 2428 dicendi
396 2370 485 2429 sunt.
510 2361 678 2427 Certitudo
697 2380 774 2427 vero
796 2362 936 2444 exempli
957 2360 1042 2425 allati
1062 2368 1095 2425 et
1112 2358 1252 2424 aliorum

129 2471 215 2535 bene
235 2470 413 2535 multorum
433 2469 567 2553 produci
584 2470 758 2553 potestnel
773 2488 830 2553 per
850 2467 1084 2552 experientiam
1111 2477 1144 2533 et
1159 2466 1254 2531 indu·

129 2578 272 2643 ctionem
300 2576 538 2653 sufficientem,
559 2578 610 2642 vel
631 2595 687 2660 per
715 2577 850 2642 aliorum
876 2576 1067 2641 relationem
1089 2583 1121 2638 et
1140 2583 1255 2640 aucto-
1301 2584 1304 2589 ·

131 2684 272 2750 ritatem.

198 2793 319 2859 Deinde
339 2793 424 2859 aliud
443 2802 512 2870 est,
534 2793 623 2876 quod
643 2792 809 2874 homines,
827 2791 896 2856 sive
915 2792 1027 2866 rudes,
1041 2791 1110 2856 sive
1122 2790 1251 2875 sapien·

128 2910 197 2977 tes,
215 2913 327 2968 natura
346 2902 445 2978 duce,
467 2901 661 2966 inclinentur
675 2901 715 2966 ad
731 2910 819 2966 certo
833 2899 977 2983 quodam
995 2899 1094 2964 modo
1105 2899 1254 2982 judicari·
1316 2977 1321 2984 ‚

128 3009 211 3073 dum
230 3007 262 3072 in
282 3001 479 3091 quibusdam
495 3007 608 3084 rebus,
630 3015 663 3071 et
681 3007 766 3073 aliud
790 3017 855 3082 est,
882 3006 970 3089 quod
985 3006 1019 3070 in
1039 3005 1100 3072 illis
1115 3006 1247 3090 judiciis

130 3116 259 3181 nullum
279 3114 395 3180 habeat
414 3115 575 3181 motivum
596 3133 747 3180 assensus
771 3123 888 3199 praeter
910 3112 1100 3180 instinctum
1123 3122 1251 3179 nuturae

129 3241 268 3288 caecum.

174 3335 283 3412 objic.
304 3343 352 3413 4.⁰
398 3330 495 3396 Aliud
514 3331 701 3414 exemplum
722 3330 819 3414 liujus
843 3329 1018 3395 instinctus
1037 3338 1107 3403 est,
1128 3329 1161 3395 in
1177 3347 1253 3413 pro·

130 3435 288 3522 pensione
307 3435 419 3512 insita,
439 3456 540 3521 quam
556 3437 706 3504 homines
719 3438 855 3512 habent,
873 3445 909 3503 ut
923 3437 1060 3502 aliorum
1076 3436 1250 3502 hominum
1358 3498 1360 3501 .

127 3544 320 3610 testimonio
330 3544 451 3612 ridant.
474 3545 556 3630 Ergo
582 3545 698 3610 iterum
722 3525 894 3611 instinctus
921 3544 1055 3628 quidam
1079 3553 1249 3626 tamquam

127 3650 334 3718 certitudinis
353 3652 514 3718 motivum
531 3653 756 3718 admittendus
770 3663 833 3746 est..

196 3766 301 3843 Resp.
321 3759 396 3826 dist.
425 3761 551 3827 antiit
574 3759 681 3827 fidunt
705 3761 744 3825 de
775 3761 857 3827 lacto
887 3768 1018 3845 propter
1045 3761 1128 3825 hanc
1151 3758 1250 3825 animi

127 3866 385 3954 propensionem
422 3876 593 3956 tamquam
631 3868 813 3943 motivum,
848 3885 935 3951 nega:
973 3867 1082 3932 fidunt
1118 3875 1250 3952 propter

128 3973 372 4052 auctoritatem,
404 3993 504 4058 quam
536 3995 610 4040 vere
641 3975 692 4040 vel
723 3976 803 4042 falso
832 3983 949 4058 putant
979 3975 1084 4041 inesse
1113 3976 1249 4040 aliorum

125 4061 335 4159 testimonio,
355 4101 442 4152 conc.
462 4083 512 4150 vel
526 4083 675 4164 suddisi.,·
689 4090 722 4148 et
740 4083 847 4166 sidunt
862 4101 994 4167 semper
1008 4082 1105 4167 plena
1118 4082 1251 4148 certitu-

126 4192 216 4266 dine,
236 4209 324 4275 neg„
346 4207 452 4274 saepe,
473 4194 573 4256 trans.
1223 4217 1228 4224 ·

180 4299 267 4392 ‘Non
297 4315 458 4383 negamus
489 4297 601 4364 insitas
630 4316 703 4364 esse
730 4299 771 4364 ab
799 4297 941 4364 Auctore
962 4296 1249 4384 providentissimo

127 4416 251 4472 naturae
267 4405 501 4490 propensiones
515 4406 674 4489 quasdam
689 4407 851 4491 ingenitas
865 4425 924 4473 seu
940 4405 1124 4481 instinctus,
1138 4405 1195 4490 qui
1209 4404 1249 4471 ad

126 4531 263 4579 omnem
288 4512 389 4579 vitam
409 4513 558 4580 alendam
590 4524 622 4580 et
649 4516 908 4580 conservandam
937 4513 1159 4598 requiruntur.
1181 4512 1250 4577 l·loc

126 4637 231 4686 unum
252 4637 429 4704 negamus,
451 4621 705 4704 propensionem
725 4621 934 4708 hujusmodi,
955 4641 1095 4705 eamque
1114 4639 1248 4697 caecam,

125 4745 200 4794 esse
214 4727 397 4803 criterium,
414 4728 504 4810 quod
519 4746 579 4794 nos
591 4728 623 4793 in
638 4729 863 4813 amplectenda
877 4729 1013 4798 veritate
1025 4729 1250 4816 respiciamus.
