3492 5525
419 510 424 523 ,
526 450 586 534 uoq
636 449 763 517 Locren
777 454 1014 527 Maiore-Lim
1032 468 1100 532 1³¹⁸,
1117 452 1207 518 urse.
1225 468 1270 537 4.·
1285 456 1368 519 Cin.
1385 468 1457 518 aum

286 646 460 693 Fidehumana
487 637 665 702 extrinsece
684 636 767 701 etin
791 646 965 703 attestante
991 636 1162 703 inevidens
1180 638 1241 716 sit,
1269 657 1402 705 necesse
1425 638 1489 705 est.
1520 638 1620 705 Unde

309 720 442 841 ssffifflss
487 740 541 817 fit,
559 752 595 809 ut
614 746 808 827 plerumque
826 745 971 811 humana
989 743 1073 810 fides
1090 744 1228 811 lallibilis
1247 747 1307 821 sit,
1329 766 1366 813 ac
1384 755 1516 813 tantum
1536 764 1620 812 con-

300 858 364 903 Fide·
373 858 447 902 divina
487 849 588 915 tineat
606 869 778 918 assensum
803 852 1005 937 probabilem
1027 860 1127 937 atque
1154 854 1333 937 incertum,
1354 854 1431 938 quia
1457 852 1618 919 nimirum

286 933 459 1047 ’Μζζζῃζῗψ
487 956 687 1042 quandoque
706 959 815 1044 ipsum
831 960 1077 1035 testimonium,
1098 968 1131 1025 et
1145 960 1325 1044 saepissinre
1340 962 1515 1029 auctoritas
1530 963 1616 1046 ejus,

487 1064 609 1130 incerta
632 1064 682 1131 est
707 1075 806 1150 atque
833 1067 1021 1133 inevidens:
1050 1068 1132 1133 lides
1159 1087 1238 1133 vero
1268 1068 1379 1135 divina
1405 1078 1455 1135 est
1483 1087 1619 1153 semper

488 1172 682 1249 certissima,
704 1175 777 1239 licet
792 1175 975 1252 inevidenS,
993 1174 1068 1259 quia
1082 1174 1239 1259 supponit
1252 1176 1475 1262 cognitionem
1495 1178 1620 1243 obscu-

490 1298 557 1344 ram
577 1280 731 1363 quidem,
752 1283 810 1348 sed
829 1293 942 1349 tamen
963 1302 1096 1367 prorsus
1110 1292 1232 1349 certam
1252 1284 1458 1351 revelationis
1472 1303 1510 1349 ac
1525 1284 1619 1350 testi-

490 1386 591 1453 monii
616 1388 735 1465 divini,
763 1390 908 1474 itemque
930 1390 1172 1476 cognitionem,
1198 1393 1313 1457 saltem
1337 1392 1371 1457 in
1391 1392 1539 1476 plurimis
1558 1393 1621 1457 ho-

491 1494 653 1573 minibus,
674 1496 860 1564 evidentem
881 1497 1092 1565 auctoritatis.

342 1609 411 1692 Fides,
507 1638 509 1647 ι
559 1602 680 1669 Sedulo
698 1612 809 1670 tamen
829 1624 906 1671 cave
931 1624 971 1671 ne
995 1605 1109 1680 exiis,
1136 1623 1212 1689 quae
1239 1606 1397 1673 hactenus
1421 1607 1617 1683 dictasunt,

299 1690 450 1797 ³}2,{,⁰,'}{¹‡,“
492 1711 669 1776 concludas
699 1730 871 1778 assensum
892 1711 967 1777 fidei
995 1712 1180 1779 discursum
1211 1714 1383 1779 formalem
1408 1722 1466 1778 aut
1491 1713 1621 1779 ratioci-

306 1823 435 1871 discursum
495 1817 586 1883 nium
606 1819 788 1896 continere,
816 1828 866 1885 est
888 1821 977 1886 enim
1003 1838 1157 1887 assensus
1180 1820 1368 1886 immediate
1397 1822 1524 1905 positus
1544 1840 1621 1906 pro-

498 1934 568 2009 pter
582 1926 716 1992 testium
730 1928 969 1995 auctoritatem.

321 2046 448 2095 1111111111
547 2050 617 2097 rar.
666 2032 711 2099 Ex
730 2034 881 2103 hislacile
896 2044 945 2101 est
956 2036 1148 2101 concludere
1162 2035 1341 2101 testimonii
1355 2044 1427 2101 tum
1442 2034 1620 2103 utilitatem

284 2122 402 2169 ⁰““⁸³‘³⁸
423 2125 482 2171 ⁶⁶²¹·
496 2148 568 2207 tum
589 2141 826 2209 necessitatem.
854 2144 928 2208 Non
948 2151 998 2208 est
1016 2143 1111 2209 nobis
1133 2142 1295 2209 inanimo
1314 2144 1623 2229 nuncinvestigare

498 2268 578 2314 num
603 2251 644 2315 ad
663 2251 766 2335 ipsam
787 2250 907 2317 mentis
925 2249 1147 2316 evolutionem
1174 2250 1392 2316 necessarium
1416 2250 1460 2316 sit
1480 2252 1621 2317 aliorum

496 2358 722 2425 testimonium
742 2376 779 2422 ac
798 2357 1040 2442 magisterium,
1068 2375 1124 2442 per
1142 2358 1233 2441 quod
1252 2357 1357 2441 prima
1381 2358 1474 2441 quasi
1493 2339 1625 2425 semina

496 2466 570 2531 vitae
588 2466 697 2531 omnis
716 2465 940 2535 intellectualis
959 2467 1103 2531 humano
1118 2463 1292 2530 intellectui
1313 2465 1523 2531 mandentur:
1546 2466 1623 2532 talis

496 2573 582 2639 enim
594 2572 813 2638 controversia
828 2573 957 2656 respicit
971 2573 1130 2657 originem
1144 2570 1305 2649 idearum,
1318 2581 1351 2637 et
1365 2572 1440 2638 alibi
1454 2574 1623 2639 tractanda

495 2690 562 2757 est,
583 2700 658 2747 curn
678 2680 719 2745 de
736 2678 1020 2746 Traditionalis'mo
1039 2680 1229 2747 instituetur
1245 2696 1371 2745 sermo.

562 2790 655 2855 Nunc
681 2809 759 2874 ergo
787 2789 819 2853 id
847 2790 953 2854 solum
984 2790 1195 2872 inquirimus,
1225 2788 1377 2872 quisnam
1409 2789 1452 2856 sit
1480 2790 1621 2856 aliorum

494 2897 683 2965 testimonio
698 2897 891 2964 tribuendus
906 2897 996 2962 locus
1014 2897 1097 2962 inter
1116 2897 1283 2962 facultates
1298 2914 1335 2960 ac
1350 2896 1459 2962 media
1473 2897 1621 2963 hominis

495 3009 536 3073 ad
563 3007 802 3090 assequendam
832 3006 1019 3080 veritatem,
1040 3004 1108 3070 sive
1132 3004 1275 3088 possint,
1296 3003 1364 3068 sive
1393 3022 1460 3070 non
1489 3004 1621 3088 possint

495 3115 618 3198 absque
636 3114 690 3178 illo
709 3113 912 3198 cognitiones
940 3112 1062 3179 ordinis
1092 3111 1313 3177 immaterialis
1341 3130 1378 3176 ac
1406 3113 1540 3178 moralis
1569 3113 1621 3177 in-

493 3221 614 3288 choari.
644 3220 768 3286 Verum
797 3222 837 3285 de
865 3221 964 3287 divini
991 3219 1170 3286 testimonii
1198 3219 1353 3294 utilitate,
1372 3238 1440 3303 quo
1468 3220 1510 3284 de
1540 3219 1620 3304 ipsis

496 3328 695 3395 naturalibus
721 3328 911 3393 veritatibus
935 3329 977 3393 ad
1005 3327 1194 3411 religionem
1221 3337 1254 3392 et
1279 3326 1430 3391 ordinem
1457 3327 1618 3392 moralem

495 3436 717 3522 spectantibus
737 3437 950 3511 edoceamur,
971 3435 1102 3500 inferius
1125 3433 1291 3519 agendum
1318 3442 1369 3498 est
1390 3430 1456 3520 (1).
1477 3433 1620 3517 ldeoque

494 3545 597 3611 solius
616 3541 751 3609 humani
771 3542 949 3608 testimonii
969 3541 1140 3609 utilitatem
1161 3541 1212 3606 hic
1231 3540 1372 3607 breviter
1389 3541 1617 3609 tractabimus.

543 3722 616 3770 122.
663 3704 869 3772 Prorostrto.
890 3708 1147 3772 Testimonium
1164 3708 1328 3779 aliorum,
1352 3716 1431 3768 turn
1451 3707 1620 3784 dogmati·

492 3836 574 3882 cum
592 3826 668 3880 turn
690 3817 912 3889 historicum,
933 3824 987 3878 est
1010 3815 1164 3876 medium
1190 3814 1234 3876 ad
1259 3816 1377 3891 plures
1403 3813 1619 3892 cognitiones

495 3925 670 3989 habendas
687 3941 832 4003 prorsus
855 3924 1103 3985 necessarium.
1208 3955 1212 3964 ·

279 4098 403 4141 metente,
418 4109 479 4144 resn·
560 4083 624 4148 Res
644 4091 732 4164 patet
751 4079 949 4165 experientia
967 4089 1000 4144 et
1018 4078 1154 4144 ratione.
1175 4075 1301 4141 Etenim
1322 4093 1374 4142 res
1391 4075 1474 4141 scitu
1493 4075 1617 4161 dignae,

287 4167 467 4214 N⁰⁰³⁵h⁵³¹⁰⁶⁶⁵⁴
493 4190 562 4256 sive
583 4207 657 4272 quae
681 4190 762 4256 lacta
784 4188 962 4272 respiciunt
988 4185 1057 4251 sive
1079 4203 1154 4268 quae
1173 4165 1375 4260 doctrinam,
1396 4192 1476 4249 sunt
1502 4201 1620 4267 prope·

494 4298 631 4363 modum
662 4296 813 4372 infinitae,
841 4297 946 4379 plenae
969 4287 1226 4367 difficultalibus,
1253 4289 1431 4372 spatiisque
1453 4300 1620 4358 contentae

492 4407 639 4471 locorum
659 4424 698 4469 ao
712 4412 904 4488 temporum
919 4398 1145 4486 amplissimis;
1161 4415 1239 4464 cum
1258 4417 1276 4461 e
1294 4415 1456 4463 converso
1471 4396 1619 4481 plerique

527 4565 568 4634 (1)
603 4563 639 4621 Ν.
656 4565 719 4621 281.
735 4563 810 4620 Vide
826 4561 936 4620 interea
951 4559 1137 4620 S.Thomam
1152 4577 1186 4624 a,
1202 4576 1228 4614 2.
1240 4576 1270 4626 q.
1285 4575 1318 4624 2,
1333 4567 1390 4612 nrt.
1404 4575 1439 4627 43
1457 4553 1620 4614 r.·Contro

491 4653 607 4722 Gentes,
622 4673 684 4725 cap.
699 4673 727 4725 43
740 4664 779 4724 ν
793 4652 862 4710 dist.
873 4671 919 4724 24,
930 4663 986 4708 art.
1000 4672 1030 4722 3,
1041 4649 1129 4706 solut.
1143 4646 1189 4704 vel
1200 4643 1375 4716 quastione.
1388 4655 1437 4712 r.⁸;
1452 4647 1489 4702 de
1503 4645 1613 4715 Veris,

489 4764 518 4817 q.
537 4765 585 4817 14,
601 4754 655 4803 art.
678 4762 725 4812 ¹⁰3
743 4742 851 4816 Opusc.
867 4741 964 4816 Super
978 4741 1111 4800 Boetium
1124 4738 1159 4796 de
1175 4735 1297 4807 Triuia,
1311 4747 1416 4807 quast.
1429 4753 1459 4805 a,
1471 4745 1527 4792 art
1548 4754 1572 4793 1.
