3492 5525
547 408 606 492 634
668 405 794 473 Locrca
810 408 1040 482 lirion-tn.
1061 422 1128 485 1.¹¹⁸,
1145 406 1235 474 Drse.
1250 421 1295 491 4.·
1311 408 1390 493 Cre.
1408 424 1478 472 μ’

508 611 625 659 omnes
639 595 778 678 populos
793 594 954 679 viguisse,
972 594 1050 664 nillil
1065 594 1255 665 conficietur
1264 612 1361 671 ,eum
1375 594 1487 680 opinio
1500 595 1634 663 illanon
1742 596 1744 599 ’

508 702 550 769 sit
576 702 617 769 de
645 720 783 770 numero
813 719 928 769 eorum
951 702 1166 787 judiciorum,
1194 702 1277 771 circa
1304 723 1380 787 quae
1407 702 1634 769 infallibilitate
1742 744 1744 748 -

507 809 647 893 gaudeat
679 828 797 877 sensus
825 810 1033 887 communis,
1065 811 1229 896 siquidem
1262 808 1405 902 evidenti
1438 810 1554 877 rationi
1582 830 1635 878 re·

511 918 664 1003 lragatur.

507 1151 582 1199 sum
610 1152 822 1201 communem
851 1134 1114 1219 expectantibus,
1140 1135 1285 1217 itemque
1313 1136 1417 1200 honor
1440 1132 1634 1217 parentibus

506 1240 636 1307 debitus
659 1249 692 1306 et
717 1241 1031 1308 universalissimum
1056 1250 1255 1326 praeceptum
1281 1252 1395 1336 uetans
1418 1240 1543 1308 malum
1562 1241 1635 1307 aliis

507 1349 621 1417 iacere.
648 1348 746 1432 Atqui
772 1350 865 1415 multi
891 1358 1092 1434 negaverunt
1114 1349 1320 1415 existentiam
1344 1348 1419 1424 Dei,
1441 1367 1500 1415 nec
1518 1348 1636 1415 delue-

508 1468 582 1523 runt
610 1456 737 1541 populi,
772 1457 828 1540 qui
862 1465 1013 1542 parentes
1047 1474 1144 1523 senes
1174 1455 1407 1531 interficerent,
1440 1475 1477 1522 ac
1504 1457 1632 1521 furtum

507 1564 745 1649 permitterent.
762 1565 856 1649 Ergo.
1514 1616 1519 1623 -

549 1678 654 1755 Resp.
679 1679 726 1739 n·
779 1670 933 1739 Transeat
948 1680 1070 1747 totum,
1091 1679 1124 1736 et
1141 1690 1212 1756 neg.
1232 1690 1368 1755 conseq.
1388 1671 1457 1737 Hoc
1474 1673 1564 1740 enim
1582 1693 1636 1739 ar-

506 1786 667 1864 gumento
687 1796 752 1846 non
772 1779 915 1865 tangitur
934 1778 1052 1860 thesis;
1075 1779 1289 1864 nequeenim
1308 1799 1348 1845 eo
1363 1780 1517 1864 probatur
1530 1800 1636 1866 gene-

510 1886 609 1953 ralenr
623 1904 822 1956 consensum
838 1886 1025 1963 hominum,
1041 1906 1113 1955 cum
1125 1888 1224 1963 adest,
1239 1887 1339 1953 fldem
1360 1888 1474 1962 iacere,
1490 1889 1551 1956 sed
1565 1897 1635 1955 tan·

507 2003 579 2060 turn
598 1994 808 2060 contenditur
822 2014 887 2060 non
903 1997 1011 2062 adesse
1027 2012 1225 2063 consensum
1240 1994 1332 2060 illum
1346 1997 1532 2080 generalem
1547 1997 1633 2063 eirea

506 2102 667 2185 quasdam
681 2101 845 2177 veritates,
862 2121 898 2167 ac
913 2101 1048 2186 proinde
1063 2120 1130 2168 non
1144 2120 1217 2168 esse
1227 2111 1302 2185 apta
1316 2102 1469 2186 quaedam
1480 2105 1635 2187 exempla

506 2209 611 2275 afferri
640 2210 751 2285 solita,
772 2229 847 2275 cunr
876 2209 925 2276 vis
948 2218 981 2275 et
1005 2218 1120 2276 natura
1138 2209 1223 2276 illius
1240 2227 1421 2276 consensus
1439 2210 1630 2293 explicatur.

548 2323 655 2399 Resp.
677 2325 729 2384 a.⁰
774 2318 906 2385 Falsum
925 2336 998 2385 esse
1012 2318 1057 2393 id,
1078 2317 1167 2402 quod
1181 2316 1297 2383 dicitur
1311 2316 1352 2381 de
1368 2316 1426 2382 Dei
1443 2317 1632 2393 existentia,

505 2432 542 2491 ut
569 2442 655 2490 nunc
681 2426 901 2509 supponimus
920 2444 961 2491 ex
980 2424 1114 2490 naturali
1133 2423 1321 2510 Theologia.
1347 2423 1380 2491 ld
1404 2424 1520 2499 etiam,
1541 2426 1634 2508 quod

504 2530 622 2601 dicitur
645 2532 686 2597 de
711 2532 840 2616 populis
859 2533 929 2599 aliis
952 2541 1102 2618 parentes
1125 2530 1407 2607 interficientibus,
1433 2530 1511 2597 nihil
1530 2535 1631 2613 valet;

506 2640 581 2723 quia
610 2640 735 2705 barbari
763 2640 807 2705 illi
839 2659 904 2707 non
933 2640 1128 2726 ignorabant
1155 2640 1312 2705 honorem
1341 2640 1529 2723 parentibus
1558 2658 1634 2706 esse

504 2747 733 2824 tribuendum,
768 2747 826 2814 sed
857 2755 985 2814 tantum
1016 2747 1164 2813 errabant
1201 2747 1234 2813 in
1269 2746 1375 2833 praxi,
1406 2744 1635 2815 existimantes

506 2857 661 2940 maiorem
692 2875 727 2922 se
755 2855 817 2921 illis
849 2855 1103 2922 nilsericordiam
1136 2855 1336 2921 exhibituros
1363 2873 1451 2930 esse,
1480 2857 1507 2921 si
1539 2858 1634 2922 senio
1742 2889 1744 2901 =

504 2972 655 3048 gravatos
687 2965 783 3047 hujus
810 2963 887 3030 vitae
914 2965 1070 3029 aerumnis
1099 2963 1284 3029 liberarent.
1314 2961 1462 3045 Denique
1490 2963 1531 3028 de
1561 2965 1634 3029 aliis

504 3072 629 3139 turtum
659 3069 924 3154 permittentibus
954 3071 1069 3138 similis
1088 3079 1160 3165 esto
1190 3070 1371 3154 responsio.
1393 3071 1560 3136 Noverant
1584 3071 1632 3136 illi

505 3180 648 3262 prolecto
669 3181 792 3244 malurn
815 3197 880 3244 non
900 3197 973 3246 esse
986 3179 1189 3256 iaciendum,
1210 3177 1314 3244 sedin
1330 3176 1530 3263 quibusdam
1549 3179 1633 3244 casi-
1742 3254 1744 3265 Ι

504 3289 567 3354 bus
592 3285 837 3370 particularibus
861 3306 903 3353 ex
922 3287 1103 3372 ignorantia
1127 3285 1266 3352 vincibili
1289 3285 1418 3351 eredere
1437 3297 1631 3369 potuerunt,

505 3396 646 3470 turtum,
679 3403 811 3478 propter
830 3394 931 3461 linem
951 3395 1094 3478 aliquem
1114 3393 1327 3470 laudabilem,
1350 3393 1494 3477 permitti
1521 3413 1630 3478 posse.

505 3501 567 3568 Sed
588 3504 656 3568 haec
677 3501 717 3568 ad
738 3504 896 3568 moralem
916 3501 1159 3586 Philosophiam
1180 3509 1341 3586 spectant.

915 3759 1116 3846 CAPUT
1147 3761 1221 3847 lll.

707 3925 816 3988 DE
869 3891 1431 3996 scaNORAN‘rsAE

759 4055 921 4129 nsoun
943 4055 1177 4123 ERRORUM
1199 4056 1373 4124 clusis.

558 4285 628 4350 ¹4¹·
678 4265 851 4350 Explicatis
879 4265 1024 4332 tontibus
1043 4286 1080 4332 ac
1100 4267 1217 4334 mediis
1235 4267 1379 4336 veritatis
1407 4272 1633 4354 assequendae,

508 4374 666 4459 quibusa
694 4371 985 4458 providentissimo
1014 4373 1155 4440 Auctore
1180 4381 1305 4442 naturae
1332 4377 1479 4444 instructi
1503 4397 1634 4456 surnus,

508 4481 674 4566 sequitur,
702 4490 738 4547 ut
764 4499 880 4548 causas
898 4478 997 4546 etiarn
1025 4481 1226 4565 aperiamus,
1246 4501 1320 4559 cur,
1350 4484 1425 4550 licet
1452 4485 1560 4551 media
1584 4486 1637 4552 illa

509 4591 552 4656 ad
569 4589 670 4654 finem
690 4607 787 4655 suurn
808 4588 1051 4671 assequendum
1071 4589 1239 4674 aptissima
1257 4589 1340 4667 sint,
1356 4592 1460 4658 multa
1474 4591 1639 4660 nihilomi-

512 4715 574 4764 nus
585 4696 787 4782 ignoremus,
801 4698 977 4782 pluresque
986 4696 1105 4782 passim
1116 4692 1330 4767 admittamus
1338 4717 1475 4767 errores.
1487 4700 1638 4769 Diximus
