3492 5525
261 464 377 529 Anmc.
392 479 454 547 4⁰·
468 464 656 543 Quantum
671 484 724 529 srn
736 468 911 539 oeiucrun
925 474 1094 531 scir-:nme
1133 483 1195 549 9²9

21 661 23 670 ¹
110 662 207 727 vam;
227 645 389 730 siquidem
414 646 621 732 singularitas
640 648 737 715 ullius
763 646 925 731 passionis
953 646 1146 733 principium
1168 666 1234 717 non

110 762 187 819 est»
206 752 274 842 (l).
1119 804 1121 811 .
1244 768 1248 819 ἶ

156 858 244 942 264,
280 867 384 930 Dices
405 870 453 931 1.⁰
498 862 714 947 Philosophus
740 864 837 931 docet
864 860 919 951 (2)
937 860 1138 949 impossibile
1163 881 1236 931 esse

109 967 191 1033 scire
215 977 394 1053 antequam
418 971 458 1036 ad
485 970 653 1038 indabriiua
678 971 882 1039 deveniatur.
912 968 996 1055 Ergo
1024 969 1157 1039 scientia
1185 980 1248 1037 est·

22 1118 27 1128 -
109 1076 209 1142 etiam
224 1078 265 1142 de
282 1077 476 1157 individuis,
496 1098 534 1145 ac
552 1078 687 1163 proinde
707 1087 844 1145 nonest
863 1076 1046 1147 universale
1063 1079 1237 1147 dumtaxat

109 1183 276 1269 objectum
295 1184 451 1253 scientiae.
1132 1196 1142 1217 ·

178 1298 282 1375 Reap.
299 1291 437 1386 'sensum
465 1292 643 1377 planiorem
667 1301 778 1359 textus
798 1292 991 1360 Aristotelici
1010 1294 1097 1359 hunc
1120 1291 1234 1370 videri,

111 1407 149 1463 ut
166 1398 371 1467 individuum
394 1400 482 1467 idern
507 1402 613 1468 valeat
635 1411 733 1485 atque
760 1400 966 1477 indivisibile,
991 1400 1084 1484 quasi
1115 1400 1237 1495 diceret

110 1507 242 1589 plenam
257 1506 302 1574 rei
316 1491 538 1593 cognitionem
556 1507 823 1577 definitionemve
841 1507 952 1574 haberi
972 1527 1038 1575 non
1058 1526 1153 1593 posse
1175 1507 1236 1573 nisi

107 1613 299 1681 deveniatur
311 1616 353 1682 ad
366 1634 519 1700 suprema
536 1635 672 1702 genera,
693 1635 768 1701 quae
786 1625 864 1683 sunt
879 1614 1120 1701 simplicissima
1139 1623 1172 1681 et
1186 1614 1236 1680 in-

109 1720 295 1799 divisibilia,
326 1724 375 1790 bis
401 1725 488 1790 enim
513 1725 687 1809 ignoratis,
716 1723 917 1809 impossibile
945 1732 996 1790 est
1025 1724 1174 1791 inferiora
1204 1731 1238 1787 et

110 1830 289 1914 posteriora
301 1839 499 1917 cognoscere
512 1830 576 1919 (3).
593 1832 874 1928 Objectioitaque
892 1848 959 1900 non
979 1842 1030 1899 est
1047 1832 1087 1899 ad
1107 1850 1190 1899 rem.

155 1944 259 2012 Dices
281 1944 332 2006 πθ
376 1938 465 2006 Deus
483 1950 534 2006 est
553 1948 666 2006 natura
688 1940 841 2025 quaedam
859 1940 1045 2026 singularis,
1070 1950 1103 2007 et
1123 1937 1247 2005 nihilo--

111 2046 221 2113 minus
239 2045 405 2133 objectum
423 2048 610 2133 suppeditat
629 2047 840 2115 nobilissime
854 2048 1011 2117 scientie.

176 2160 282 2237 Resp.
301 2155 379 2223 dist.
397 2164 528 2231 assert,
549 2166 599 2221 est
619 2167 734 2223 natura
762 2156 914 2240 quaedam
938 2156 1154 2223 essentialiter
1171 2155 1248 2220 sin··

108 2262 231 2345 gularis
243 2280 367 2345 suaque
382 2263 606 2341 individuatio,
621 2283 657 2329 ac
673 2261 809 2347 proinde
822 2261 1121 2354 immultiplicabilis
1132 2280 1233 2339 conc„

109 2386 205 2443 secus
227 2388 299 2454 neg.

178 2474 265 2543 Deus
293 2485 343 2543 est
361 2477 494 2562 quidem
518 2477 706 2563 singularis,
727 2479 785 2544 sed
810 2478 871 2554 ita,
894 2488 931 2545 ut
958 2470 1044 2545 idem
1073 2478 1115 2543 sit
1138 2476 1171 2543 in
1196 2495 1236 2543 eo

111 2602 244 2669 prorsus
264 2593 379 2650 natura
395 2594 428 2650 et
449 2584 679 2663 individuatio,
705 2587 793 2653 unde
815 2585 968 2653 attributa
987 2594 1020 2651 et
1040 2585 1234 2662 differentia,

111 2702 148 2756 ut
166 2692 210 2757 ita
239 2693 363 2769 dicam,
384 2692 602 2772 individualis,
623 2702 700 2759 sunt
719 2694 790 2778 ipsa
816 2703 929 2760 natura
954 2694 1023 2762 Dei.
1045 2692 1131 2762 Nihil
1156 2712 1235 2779 ergo

110 2800 249 2876 mirum,
265 2801 291 2866 si
310 2801 443 2867 scientia
461 2803 643 2886 theologica
657 2811 731 2886 agat
745 2803 786 2868 de
800 2802 882 2878 Deo,
900 2803 975 2868 licet
994 2801 1045 2868 hic
1060 2803 1102 2867 sit
1121 2801 1236 2886 singu·-

110 2907 201 2984 laris,
222 2927 297 2974 cum
318 2909 426 2975 divina
446 2918 560 2975 natura
575 2909 617 2974 sit
635 2911 731 2976 nobis
745 2910 854 2993 aliquo
873 2909 975 2976 modo
990 2909 1233 2994 cognoscibilis,

157 3021 258 3084 Dices
287 3023 336 3084 3.⁰
380 3018 454 3083 Non
474 3019 583 3083 solum
607 3016 647 3083 de
673 3016 757 3093 Deo,
779 3018 837 3082 sed
855 3017 897 3081 de
919 3017 1048 3084 Christo
1078 3015 1234 3092 Domino,

111 3122 168 3206 qui
183 3134 232 3189 est
246 3122 434 3190 individuus
453 3125 566 3199 homo,
583 3124 710 3190 disserit
722 3143 811 3190 sacra
824 3123 1014 3209 Theologia.
1029 3125 1114 3210 Ergo
1127 3131 1236 3208 potest

109 3231 315 3297 individuum
334 3250 406 3298 esse
425 3233 589 3316 objectum
608 3232 765 3300 scientiae.

154 3347 259 3422 Resp.
297 3352 343 3407 r.⁰
387 3338 482 3404 Sacra
518 3340 708 3424 Theologia,
742 3359 817 3424 quae
852 3340 893 3405 de
919 3337 1049 3405 Christo
1078 3338 1243 3419 Domino,

110 3448 145 3513 Β.
180 3447 314 3532 Virgine
346 3447 481 3531 aliisque
502 3448 721 3533 singularibus
739 3447 874 3533 objectis
892 3446 1054 3532 disputat,
1090 3466 1156 3514 non
1186 3458 1238 3514 est

110 3555 244 3622 scientia
268 3556 429 3632 bumana,
456 3556 498 3621 de
524 3574 590 3638 qua
617 3573 679 3621 nos
698 3573 786 3649 nunc
816 3557 963 3642 agimus,
985 3555 1044 3650 sed
1070 3555 1179 3622 divina
1199 3569 1236 3624 et

110 3683 151 3728 ex
170 3663 295 3729 lumine
314 3657 518 3730 revelationis
537 3663 693 3747 proiecta.

155 3777 261 3853 Resp.
291 3770 345 3839 2.⁰
391 3769 513 3836 Omnia
545 3771 699 3839 attributa
726 3769 981 3854 differentiaeque
1006 3769 1243 3849 individuales,

108 3897 192 3962 quas
210 3879 252 3945 de
269 3877 401 3946 Christo
418 3878 559 3944 Domino
577 3879 673 3944 docet
690 3878 880 3963 Theologia,
912 3886 1157 3963 cognoscuntur
1181 3896 1242 3962 per

110 3985 342 4052 revelationem
357 4005 394 4052 ac
408 3986 634 4062 traditionem,
652 4005 690 4051 ac
701 3985 836 4068 proinde
847 3985 1041 4070 dignissima
1056 3994 1151 4062 sunt,
1163 4004 1238 4069 quae

109 4094 285 4160 scientifice
310 4102 503 4170 tractentur,
524 4093 594 4159 sive
613 4093 655 4158 ad
678 4095 837 4179 majorem
860 4092 1057 4177 dogmatum
1081 4094 1239 4162 revelato-

110 4221 184 4268 rum
203 4202 471 4277 declarationem,
492 4201 561 4266 sive
574 4200 616 4266 ad
634 4199 859 4272 defensionem
876 4201 1069 4268 eorumdem
1088 4202 1130 4267 ab
1144 4201 1237 4268 omni

115 4339 370 4359 ..ιιι-μ...-

145 4399 187 4466 (1)
222 4369 386 4465 Conimbr.,
402 4397 455 4455 loc.
471 4416 542 4470 nup.
558 4396 607 4455 cit.
623 4409 681 4455 ert.
696 4405 745 4470 3.⁰,
761 4398 831 4456 Haec
844 4407 941 4456 tamen
956 4398 1037 4456 nihil
1054 4398 1215 4490 obelorum·

146 4495 186 4554 (2)
223 4487 288 4546 Lib.
305 4487 524 4560 2,Metaphys.,
540 4499 608 4545 text.
626 4507 665 4544 11.
1235 4497 1239 4504 '

145 4579 187 4650 (3)
223 4576 286 4637 Csr.
301 4576 340 4634 S.
358 4577 475 4647 Thom,
491 4577 539 4635 lib.
564 4597 590 4634 a.
613 4577 759 4652 Metaph.,
775 4590 844 4636 sect.
859 4595 887 4651 4,
912 4575 1076 4637 Secundam
1100 4579 1240 4636 rationem

104 4669 192 4815 {pirgi
204 4666 263 4736 dri,-
277 4666 663 4743 foneec.,1ib.2.nlerapu.,
677 4689 703 4726 c.
717 4687 746 4739 a,
762 4668 795 4727 in
811 4681 969 4728 comment.
984 4679 1054 4730 text.
1072 4689 1115 4739 ιις
1130 4667 1246 4766 Mauri}¹

1173 4873 1209 4940 59
