3492 5525
283 463 397 527 Anrrc.
423 477 482 527 υ·
505 462 630 527 Unrras
653 480 695 527 ur
715 480 876 527 anrrruuo
898 461 1124 527 Urnvansaars
1165 457 1226 542 649
1373 437 1377 449 ’

135 643 280 711 modum
297 644 429 711 inferius
439 643 693 721 declarabimus,
705 646 822 711 volunt
835 652 985 711 naturam
1001 662 1068 711 non
1081 642 1182 710 modo
1193 663 1265 711 esse

130 752 170 817 in
188 771 222 819 se
235 750 422 830 indr'visam,
439 751 498 818 sed
516 752 612 821 etiam
633 752 810 819 formaliter
827 754 979 819 eamdem
998 762 1031 819 et
1049 771 1263 819 communem

134 860 288 943 pluribus
306 860 498 937 individuis,
519 860 551 926 in
570 861 692 944 quinus
721 870 843 947 negant
867 869 1016 927 naturam
1045 860 1262 949 multiplicari,

134 968 222 1033 adeo
240 978 277 1035 ut
296 968 463 1035 individua
481 968 600 1052 speciei
627 971 679 1035 vel
708 968 837 1054 generis
863 968 998 1054 alicujus
1023 968 1265 1054 distinguantur

133 1074 273 1157 quidern
293 1074 377 1142 inter
395 1094 468 1143 sese
485 1076 608 1143 ratione
628 1075 910 1155 individuationis,
927 1075 1066 1160 ideoque
1085 1094 1159 1143 esse
1173 1077 1264 1161 plura

132 1182 320 1265 individua;
338 1202 404 1251 non
420 1202 498 1251 vero
513 1185 623 1269 plures
637 1185 796 1251 essentias
812 1194 844 1251 et
857 1193 1006 1261 naturas,
1026 1184 1101 1268 quia
1117 1202 1182 1251 una
1200 1186 1264 1251 ior-

134 1290 268 1359 maliter
277 1302 328 1359 est
341 1294 373 1359 in
384 1293 540 1360 omnibus
555 1300 686 1369 natura,
708 1312 767 1359 nec
781 1290 937 1377 distingui
953 1291 1078 1359 ratione
1091 1291 1177 1361 illius
1191 1312 1265 1376 pos·

133 1411 217 1466 sunt
235 1400 412 1473 individua.
444 1400 519 1467 llaec
546 1418 624 1486 ergo
648 1401 771 1485 duplex
795 1399 941 1485 acceptio
959 1401 1103 1467 formalis
1130 1401 1264 1468 unitatis

135 1508 285 1573 habenda
304 1508 353 1574 'est
373 1528 438 1594 prae
462 1509 581 1591 oculis,
608 1528 649 1574 ne
675 1508 749 1592 quis
776 1509 808 1574 in
828 1517 978 1575 veterum
1010 1509 1190 1576 ductorum
1219 1511 1264 1574 le·

134 1615 228 1681 tione
246 1616 466 1684 confundatur
484 1635 521 1682 ac
539 1618 655 1682 misere
671 1616 860 1712 decipiatur.
926 1654 933 1667 ·

206 1722 298 1789 Solet
316 1724 413 1789 etiam
433 1744 452 1790 a
471 1723 637 1791 nonnullis
657 1723 789 1790 nomine
805 1724 950 1789 formalis
972 1721 1105 1791 unitatis
1128 1723 1262 1809 intelligi

137 1830 248 1896 unitas
272 1830 511 1908 similitudinis,
534 1849 609 1913 quae
627 1828 713 1897 aliud
733 1849 801 1898 non
826 1840 893 1906 est,
918 1850 1019 1914 quam
1037 1829 1263 1897 convenientia

137 1938 232 2005 realis
244 1940 386 2023 plurium
403 1940 435 2005 in
451 1940 558 2023 aliqua
569 1942 690 2015 torma,
708 1941 831 2006 ratione
844 1940 939 2024 cujus
950 1939 1064 2004 eadem
1074 1938 1263 2005 definitione

138 2044 316 2113 definibilia
332 2054 422 2114 sunt.
450 2047 525 2112 llaec
547 2046 773 2113 convenientia
801 2067 859 2113 seu
886 2044 1065 2113 similitudo
1089 2044 1264 2131 improprie

137 2152 254 2220 dicitur
273 2154 397 2230 unitas,
418 2174 495 2221 cum
507 2155 719 2221 essentialiter
730 2156 883 2239 importet
894 2152 1111 2238 pluralitatem
1123 2152 1262 2229 entium,

139 2261 312 2346 inquibus
337 2262 414 2328 nihil
431 2262 607 2348 reperiatur
623 2282 641 2327 a
660 2272 749 2348 parte
773 2262 816 2329 rei
836 2262 1012 2329 indivisum
1033 2269 1065 2327 et
1086 2281 1264 2329 commune

138 2368 202 2435 illis
220 2370 391 2445 omnibus,
414 2372 472 2438 sed
486 2370 699 2437 solummodo
710 2370 741 2436 in
753 2371 890 2456 singulis
899 2371 941 2436 sit
952 2369 1090 2453 aliquid,
1111 2370 1164 2436 cui
1176 2370 1263 2437 aliud

138 2477 242 2544 simile
262 2478 294 2543 in
313 2478 445 2562 reliquis
460 2478 557 2545 inest.
580 2478 649 2544 lloc
668 2477 769 2545 modo
788 2480 904 2545 Petrus
922 2485 955 2543 et
973 2477 1093 2543 Paulus
1111 2476 1265 2545 dicuntur

138 2584 255 2650 habere
274 2604 373 2651 unam
395 2593 562 2664 naturam,
584 2588 684 2652 homo
702 2595 736 2651 et
759 2586 868 2651 asinus
888 2605 988 2653 unam
1012 2584 1259 2667 animalitatem

139 2710 204 2757 non
224 2693 300 2776 quia
318 2711 423 2759 unum
439 2693 558 2778 aliquid
573 2694 749 2760 indivisum
766 2702 798 2759 et
812 2694 997 2762 secundum
1012 2694 1163 2759 eamdem
1180 2696 1263 2782 phy-

137 2800 237 2866 sicam
257 2802 435 2868 realitatem
453 2803 493 2868 ab
511 2802 572 2868 illis
587 2802 806 2886 possideatur,
823 2801 908 2870 sicut
922 2804 1037 2869 eadem
1055 2813 1172 2869 natura
1187 2823 1263 2888 pos·

137 2908 260 2976 sidetur
278 2929 297 2973 a
314 2909 418 2975 tribus
437 2910 553 2977 divinis
579 2908 740 2991 Personis;
761 2911 820 2976 sed
849 2910 925 2993 quia
951 2910 983 2975 in
1007 2913 1102 2976 Petro
1122 2920 1171 2976 est
1196 2930 1262 2977 una

139 3027 252 3084 natura
272 3019 421 3083 etaltera
440 3018 472 3082 in
488 3019 589 3083 Paulo
608 3016 722 3082 similis
740 3019 878 3083 omnino
892 3017 1006 3102 priori,
1027 3029 1059 3084 et
1074 3018 1106 3082 in
1128 3020 1261 3087 homine

138 3135 188 3191 est
208 3143 272 3192 una
291 3124 472 3191 animalitas
491 3134 524 3190 et
543 3127 640 3191 altera
654 3117 773 3190 'similis
792 3125 823 3190 in
843 3124 934 3191 asino
953 3123 965 3212 (
991 3123 1016 3212 ).

207 3233 264 3299 llis
283 3252 342 3317 pro
356 3233 569 3299 terminorum
589 3231 802 3298 declaratione
822 3231 1015 3317 praemissis,
1041 3237 1258 3317 quaestionem

140 3341 338 3427 propositam
366 3341 407 3406 de
426 3349 548 3407 naturae
575 3338 765 3407 universalis
785 3340 909 3406 unitate
929 3343 1088 3407 resolvere
1115 3353 1257 3428 oportet.

187 3525 260 3593 149.
310 3503 517 3568 Proposrno,
543 3507 668 3568 linitas
700 3506 837 3584 propria
864 3507 1073 3570 universalis
1107 3526 1177 3571 non
1206 3521 1260 3572 est

140 3619 253 3681 unitas
267 3615 505 3686 individualiS,
526 3630 590 3675 nec
607 3615 774 3686 formalis,
791 3630 855 3675 nec
868 3615 984 3693 unitas
1009 3615 1257 3690 similitudinis,

140 3727 199 3790 sed
213 3735 267 3788 est
284 3723 446 3785 indivisio
462 3722 605 3783 actualis
619 3730 754 3783 naturae
768 3738 848 3782 curn
861 3721 1050 3799 aptitudine
1063 3723 1107 3784 ad
1120 3723 1261 3787 divisio·

140 3853 219 3897 nem
237 3833 273 3894 in
292 3833 408 3909 plures
425 3839 568 3892 naturas
590 3829 745 3906 ejusdem
763 3828 917 3890 nominis
934 3838 968 3889 et
991 3830 1144 3892 rationis.

206 3995 323 4056 Prima
340 4009 433 4070 pars.
449 3986 487 4051 Et
507 3985 587 4050 ratio
602 3996 652 4052 est
666 3983 813 4060 evidens,
831 3985 908 4067 quia
922 3984 1102 4052 universale
1116 3986 1259 4056 vindicat
1286 4003 1458 4059 ulamau

141 4118 210 4164 earn
231 4105 355 4163 naturae
374 4096 553 4169 unitatem,
574 4111 649 4176 quae
668 4092 883 4176 aptitudinem
904 4094 1022 4159 habeat
1047 4096 1088 4161 ad
1107 4113 1258 4163 commu·
1307 4077 1436 4192 ”mh

142 4205 334 4272 nicationem
350 4221 386 4268 ac
404 4201 596 4267 divisionem
617 4199 648 4265 in
669 4202 760 4285 plura
779 4201 926 4284 ejusdem
946 4201 1088 4269 nominis
1105 4223 1142 4268 ac
1161 4204 1257 4270 ratio-
1298 4217 1445 4268 narramur.

142 4313 202 4380 nis.
226 4309 347 4378 Unitati
371 4327 448 4376 vero
471 4308 660 4376 individuali
687 4327 746 4375 seu
767 4307 942 4375 numericae
968 4309 1117 4394 opposita
1137 4311 1258 4378 inoorn·

142 4418 375 4488 municabilitas
392 4417 564 4501 competit.

141 4665 416 4679 m

173 4764 213 4827 (1)
250 4757 325 4818 Vide
337 4758 437 4830 Suam,
448 4757 524 4830 disp.
538 4757 566 4817 6.
578 4755 753 4831 Meaprys,
769 4767 837 4815 sect.
853 4773 881 4822 2,
896 4774 927 4814 n.
946 4774 988 4831 ¹4·
