3492 5525
566 473 822 538 Pnousoorrcurt
987 541 992 550 ,
1159 484 1216 553 105

129 656 298 732 ordinare,
315 657 418 722 multa
428 656 595 724 tractanda
613 669 701 732 esse,
718 673 792 738 quae
809 653 926 739 partim
940 659 1092 737 spectant
1104 651 1145 718 ad
1161 651 1262 719 artist-

129 761 217 828 cium
239 761 346 847 ipsum
372 761 527 829 ratiocinii
552 773 742 847 rectamque
761 759 1031 847 syllogismorum
1047 768 1258 838 structuram,

132 869 248 955 partim
272 871 312 939 ad
333 869 537 937 conditiones
561 871 685 954 aliquas
703 869 872 956 generales
897 879 1032 936 actuum
1057 867 1262 934 intellectua-

131 977 211 1044 lium
235 987 386 1063 respectu
402 978 562 1054 materiae,
585 978 668 1044 circa
687 996 787 1060 quarn
804 985 964 1042 versatur.
981 975 1088 1048 Prima
1104 994 1183 1060 ergo
1208 974 1260 1040 illa

130 1085 297 1170 objectum
313 1095 390 1151 sunt
407 1084 533 1170 logicae
550 1085 701 1161 Minoris,
722 1086 793 1152 baec
814 1103 893 1150 vero
907 1083 1049 1166 Majoris.
1075 1081 1185 1169 ltaque
1201 1081 1263 1147 lo·

130 1190 202 1276 gica
218 1193 321 1277 Maior
338 1200 371 1257 et
387 1193 491 1258 Minor
506 1211 573 1258 non
588 1203 668 1259 sunt
686 1194 760 1258 duae
780 1191 907 1275 species
937 1189 1091 1266 diversa,
1112 1189 1170 1255 sed
1186 1190 1261 1257 duae

133 1311 241 1382 partes
255 1299 456 1386 integrantes
478 1300 626 1384 ejusdem
647 1299 841 1383 disciplinae,
858 1316 998 1383 quarum
1014 1298 1113 1362 altera
1133 1315 1260 1365 nuncu·

133 1415 228 1489 patur
243 1405 349 1473 Minor
367 1408 418 1472 vel
434 1407 551 1496 Parva,
569 1407 645 1490 quia
660 1414 692 1472 et
709 1405 840 1472 brevior
854 1415 905 1472 est
920 1414 953 1470 et
968 1405 1107 1481 facilior,
1143 1423 1261 1488 quam·

131 1532 234 1594 quam
251 1531 316 1578 non
329 1513 438 1598 exigui
453 1532 534 1579 sane
550 1515 725 1580 momenti.

202 1618 319 1705 Logrca
331 1621 590 1705 Mrnoraprrscrs
601 1618 872 1710 AA(1)passim
887 1620 1063 1687 vocabatur
1074 1617 1259 1696 Summuloe
1288 1637 1368 1693 ma·
1383 1637 1429 1685 nn
1407 1655 1462 1686 aar.

129 1746 190 1793 seu
202 1747 300 1812 parva
310 1746 458 1806 summa,
473 1747 539 1794 non
551 1747 628 1813 quia
641 1737 692 1794 est
702 1728 938 1812 compendium
952 1728 1098 1813 logrcae
1113 1727 1171 1793 sed
1184 1745 1260 1810 quia
1311 1720 1436 1828 3¹⁰⁰⁸¹u¹¹s

130 1835 265 1901 brevius
279 1836 421 1918 stiloque
436 1835 542 1921 magis
558 1835 774 1922 praeceptivo,
791 1855 892 1919 quam
909 1834 1109 1911 scientifico,
1126 1834 1261 1918 suscipit
1364 1863 1385 1899 a
1443 1828 1446 1839 '

130 1943 317 2008 tractandas
343 1941 714 2026 quaestioneslaciliores
742 1964 779 2009 ac
809 1944 915 2028 magis
946 1942 1159 2017 necessarias,
1185 1959 1261 2024 quae

131 2049 237 2133 ipsam
254 2051 506 2134 argumentandi
525 2052 663 2116 formam
682 2051 869 2135 respiciunt.
888 2050 982 2116 Unde
997 2049 1038 2116 ab
1052 2049 1122 2118 aliis
1137 2067 1261 2115 nomen
1315 2066 1405 2124 lum
1415 2080 1437 2115 t

131 2154 258 2240 accepit
275 2155 373 2223 etiam
387 2157 525 2242 isagoges
538 2175 596 2224 seu
611 2158 853 2225 introductionis
866 2161 911 2224 ad
923 2157 1083 2242 Logicarm
1104 2157 1180 2240 quia
1194 2175 1260 2222 non
1291 2139 1318 2186 ¹¹²
1304 2141 1440 2268 ”ffiffi’
1404 2157 1456 2187 ¹⁰¹⁰

130 2265 242 2330 solum
260 2265 347 2330 viam
373 2273 532 2349 praeparat
554 2265 594 2330 ad
616 2265 757 2350 reliquas
777 2265 946 2343 scientias,
963 2264 1078 2331 verum
1098 2265 1197 2332 etiam
1221 2265 1262 2329 ad

130 2371 238 2455 ipsam
267 2373 423 2457 Majorem
447 2373 599 2458 Logicam
628 2374 836 2449 manuducit,
863 2383 979 2458 utpote
993 2390 1086 2458 quae
1111 2390 1188 2438 cum
1210 2388 1262 2436 res

130 2467 312 2563 inv'estiget
345 2479 579 2557 abstrusiores,
617 2489 832 2565 praeeumtem
867 2481 1001 2566 requirit
1037 2478 1262 2565 cognitionem

130 2585 437 2672 artissyllogisticae
458 2587 521 2674 (2).
610 2598 614 2606 ’
1464 2665 1467 2672 Ι

199 2693 348 2759 Tandem
365 2693 482 2781 logica
497 2693 604 2760 Minor
618 2703 755 2791 vocatur
769 2670 866 2764 etiam
883 2695 1164 2773 arecentioribus‚
1181 2695 1264 2760 Dia·
1317 2717 1436 2765 nolana

127 2803 242 2867 lectr'ca
257 2810 289 2865 et
312 2796 589 2887 Logrcasmmalis,
616 2822 674 2888 per
688 2786 929 2889 oppositionem
957 2804 997 2869 ad
1016 2803 1173 2889 Majorem
1202 2803 1302 2869 Lo·
1290 2790 1465 2907 ⁸¹ffiff⁸s⁰l

124 2910 261 2996 gicam,
287 2924 363 2991 quae
388 2909 577 2994 simpliciter
604 2911 722 2996 logica
749 2912 933 2996 appellatur
958 2911 1129 2978 autetiam
1156 2911 1265 2994 Logira

124 3016 326 3096 materialrs;
359 3015 433 3081 ideo
465 3020 601 3084 fortasse
624 3018 702 3101 quia
730 3018 837 3085 Minor
865 3022 986 3085 formas
1011 3018 1264 3104 argumentandi

125 3124 277 3208 explicat
295 3142 400 3207 eaque
413 3124 524 3190 omnia
536 3128 700 3213 epucleat,
714 3144 789 3209 quae
801 3126 842 3191 ad
854 3126 959 3210 ipsam
969 3126 1220 3210 dispositionem
1231 3133 1265 3189 et

120 3228 378 3317 ordinationem
390 3242 524 3299 actuum
540 3234 672 3300 rationis
685 3241 852 3318 spectant;
880 3233 983 3317 Major
994 3252 1072 3309 vero
1090 3232 1123 3297 in
1139 3232 1266 3299 actibus

121 3328 1263 3429 ejusmodinonconsideratordinationemacdispositionemvariam,

124 3444 325 3513 secundum
341 3465 442 3530 quam
469 3446 593 3515 institui
609 3457 749 3532 possunt
763 3450 804 3514 ad
832 3446 1002 3515 veritatem
1023 3447 1263 3532 attingendam,
1285 3446 1291 3461 '

121 3554 189 3619 sed
209 3554 289 3619 alias
313 3554 506 3621 eorumdem
519 3556 710 3622 affectiones
729 3555 900 3623 materiam
916 3556 1026 3641 potius
1049 3564 1083 3621 et
1097 3556 1264 3641 objectum

119 3662 364 3747 respicientes.

196 3770 316 3853 Atque
340 3769 390 3835 his
404 3771 539 3836 tandem
565 3772 695 3837 duabus
710 3772 855 3857 partibus
875 3771 1055 3839 absolvitur
1079 3790 1145 3839 non
1164 3770 1265 3862 modo

116 3896 174 3945 ars
199 3876 281 3961 ipsa
298 3877 515 3963 syllogistica,
541 3879 667 3945 sedilia
690 3880 789 3944 etiam
810 3879 944 3957 omnia,
964 3898 1041 3963 quae
1066 3880 1107 3945 ad
1127 3878 1268 3962 reliquas

114 3984 290 4053 scientias
312 3984 434 4051 facilius
449 3986 672 4070 assequendas
699 3988 921 4073 requiruntur.
938 3986 977 4052 Et
1003 3990 1087 4054 hanc
1102 4006 1163 4053 nos
1184 4005 1269 4070 quo·

114 4116 190 4179 que
207 4092 412 4159 divisionem
435 4112 497 4161 usu
507 4096 578 4181 jam
602 4094 772 4163 communi
796 4114 833 4163 ac
848 4096 1004 4164 diuturno
1017 4095 1266 4181 comprobatam

112 4202 348 4272 sectabimur.

151 4498 201 4561 (1)
250 4487 324 4546 Post
347 4488 468 4582 l>etrum
492 4487 668 4560 Hispanum,
684 4486 736 4560 qui
756 4468 971 4549 summularum
992 4466 1094 4550 auctor
1116 4488 1270 4549 iuissedi-

112 4598 212 4643 crtur.

149 4678 199 4741 (κ)
247 4662 316 4727 etr.
337 4666 371 4723 P.
396 4666 547 4741 sylvester
563 4666 672 4726 Mauri.
700 4667 1015 4752 Quascftrtosopt,
1040 4657 1271 4729 summulam

113 4763 255 4841 logica
274 4756 383 4827 brevis,
398 4774 520 4829 prooem.
536 4758 613 4828 Cap.
630 4776 655 4817 r.
754 4826 757 4833 Ι
