3492 5525
228 445 343 511 Arrrrc.
360 461 421 531 4¹¹⁸
437 445 489 511 Dr:
503 463 609 510 causa
623 463 825 510 resarcinata:
841 441 1096 510 Unrvsasarnuu
1131 460 1192 526 519
1289 437 1292 446 '

12 623 13 626 ’
106 641 253 715 spectare
278 627 468 696 universalis
497 629 636 696 effectio.
659 629 728 696 Alia
747 647 882 713 quoque
902 629 1074 695 laudantur
1103 626 1140 692 S.
1165 625 1231 691 Do·

105 737 207 804 ctoris
225 738 409 804 testimonia
423 737 456 803 in
472 736 686 821 patrocinium
705 737 852 822 ejusdem
868 735 1048 821 opinionis,
1067 752 1143 817 quae
1158 733 1231 800 uni-

107 846 231 910 versale
247 863 302 929 per
319 843 570 913 abstractionem
587 844 769 910 intellectus
788 845 916 928 agentis
935 842 1077 908 conflare
1097 840 1230 908 arbitra-

106 961 162 1018 tur
180 949 243 1040 (r):
264 970 339 1034 quae
361 960 557 1017 tamennon
581 960 659 1017 sunt
677 961 725 1018 sat
753 953 849 1017 clara.
874 951 941 1017 Nec
970 968 1046 1015 vero
1066 948 1230 1014 sententia

106 1060 161 1125 iila
179 1059 213 1124 S.
234 1059 368 1125 Thomae
400 1059 549 1144 negantis
568 1059 751 1124 intellectus
775 1057 903 1143 agentis
931 1057 1170 1131 necessitatem,
1201 1053 1229 1120 si

108 1167 265 1234 darentur
283 1166 396 1230 formae
420 1174 582 1250 separatae·
600 1149 840 1231 'Platonicorum
851 1177 869 1240 ,·
885 1164 1071 1249 quidpiam,
1100 1162 1229 1246 opinor,

109 1271 276 1358 probatio
296 1275 355 1338 hac
373 1291 418 1337 re.
439 1272 523 1338 Nam
543 1273 694 1356 platonici
714 1274 835 1338 formas
855 1271 925 1338 ilias
940 1289 997 1337 seu
1010 1281 1141 1336 naturas
1160 1267 1232 1334 uni-

109 1381 253 1446 versales
274 1398 339 1445 non
359 1381 468 1445 solum
488 1387 669 1463 posuerunt
684 1397 784 1464 perse
804 1387 985 1464 separatas,
1007 1379 1064 1444 sed
1080 1384 1232 1461 praeterea

109 1486 179 1552 illas
197 1485 306 1552 dixere
323 1489 495 1552 secundum
511 1505 545 1552 se
561 1486 772 1570 intelligibiles
794 1489 885 1568 oetu;
914 1504 1008 1553 secus
1034 1495 1133 1569 atque
1162 1483 1232 1549 Ari·

107 1595 246 1661 stoteles
265 1603 297 1658 et
317 1588 351 1659 S.
373 1591 536 1669 Thomas,
556 1594 612 1676 qui
626 1602 756 1659 naturas
772 1609 878 1659 rerum
891 1593 1059 1659 sensibiles
1071 1599 1231 1676 negarunt

108 1719 183 1768 esse
200 1701 383 1768 secundum
403 1719 438 1766 se
454 1700 670 1786 intelligibiles
683 1709 774 1778 actu,
795 1702 852 1767 sed
863 1700 931 1765 heri
943 1699 1159 1784 intelligibiles
1174 1716 1231 1782 per

108 1807 270 1875 actionem
290 1807 471 1874 intellectus
490 1795 619 1893 agentis¹
635 1808 858 1874 abstrahendo
871 1828 890 1871 a
905 1805 1143 1892 phantasmatis
1156 1824 1231 1890 spe-

107 1917 175 1982 cies
194 1913 422 2000 intelligibiles.
443 1913 553 1990 Quare
572 1916 678 2000 potuit
697 1927 781 1982 recte
810 1933 927 2000 negare
956 1915 992 1982 S.
1013 1913 1173 2001 Thomas,
1197 1913 1230 1979 in

107 2021 269 2090 sententia
281 2022 519 2089 Platonicorum
535 2021 752 2094 necessarium
766 2041 838 2088 esse
850 2023 1051 2088 intellectum
1065 2029 1228 2106 agentem,

11 2177 12 2182 η
109 2113 236 2197 etiamsi
251 2148 315 2195 non
327 2128 401 2195 huie
411 2131 600 2197 attribueret
611 2131 816 2197 effectionem
829 2130 1037 2211 universalis;
1054 2129 1131 2213 quia
1142 2147 1231 2194 nem-

107 2257 148 2322 pe
167 2256 242 2303 cum
261 2237 443 2305 intellectus
461 2256 562 2323 agens
581 2238 765 2304 adstruatur
783 2238 823 2304 ad
842 2237 1022 2304 reddendas
1047 2236 1231 2320 intelligibi-

107 2348 155 2410 les
175 2354 247 2412 actu
269 2353 418 2420 naturas,
445 2364 519 2428 quae
548 2345 729 2412 secundum
758 2364 795 2411 se
821 2363 887 2411 non
916 2357 993 2411 sunt
1014 2343 1231 2429 intelligibiles

108 2453 170 2520 nisi
188 2453 221 2518 in
242 2454 401 2537 potentia,
424 2454 518 2536 plane
537 2452 698 2536 sequitur,
720 2453 747 2520 si
766 2463 890 2519 naturae
909 2453 1092 2520 secundum
1108 2453 1231 2534 seipsas
1338 2513 1343 2522 .

106 2561 173 2626 sint
192 2560 426 2644 intelligibiles,
449 2579 532 2646 opus
553 2580 619 2626 non
638 2579 711 2626 esse
735 2559 900 2627 intellectu
919 2569 1049 2646 agente.
1079 2561 1163 2644 Ergo
1191 2578 1231 2624 ex

106 2670 159 2734 illa
179 2666 409 2733 assertiones.
431 2665 566 2733 Thomae
583 2687 650 2734 non
674 2669 852 2735 necessario
871 2647 1018 2752 s‘equitur
1037 2668 1162 2752 ipsum,
1190 2667 1232 2731 ad

11 2864 12 2867 Ἴ
105 2774 375 2842 constituendum
397 2776 596 2852 universale,
617 2777 695 2843 satis
713 2777 864 2843 habuisse
879 2796 955 2843 cum
968 2779 1036 2845 sola
1049 2777 1230 2843 intellectus
1255 2861 1256 2864 Ἴ

106 2882 235 2969 agentis
253 2882 479 2949 abstractione.
764 2872 769 2881 ’
1160 2930 1167 2945 .

176 2989 316 3056 Aliunde
349 3009 427 3056 vero
457 3008 541 3075 saepe
570 2990 602 3057 S.
635 2990 779 3058 Thomas
808 2980 1024 3058 abstractione
1048 2990 1231 3058 intellectus

106 3096 289 3183 possibilis,
310 3115 368 3162 seu
384 3097 567 3183 cognitione
583 3098 748 3182 praecisiva
767 3098 834 3167 lieri
851 3098 1047 3173 universale,
1065 3098 1232 3184 perspicue

104 3208 202 3272 docet
219 3202 285 3293 (2).
311 3206 468 3271 Praeterea
485 3215 598 3271 contra
615 3206 802 3290 opinionem
831 3206 919 3272 iilam
941 3215 1140 3273 statuentem
1161 3206 1232 3272 utri-

104 3312 232 3380 versale
244 3312 312 3378 sreri
328 3330 384 3396 per
394 3312 644 3379 abstractionem
660 3313 843 3381 intellectus
855 3314 982 3399 agentis
993 3315 1095 3380 notari
1109 3322 1240 3405 potest:¹

157 3420 206 3485 r.⁰
253 3418 351 3495 Quod
379 3419 431 3485 iila
463 3420 573 3505 opinio
606 3431 770 3505 supponat
804 3422 900 3489 aliam
934 3421 1129 3488 sententiam
1165 3440 1231 3487 non

105 3544 224 3613 parum
253 3535 496 3593 controversam
521 3529 562 3592 de
590 3528 852 3616 objectoprimo
881 3540 915 3594 et
948 3530 1069 3595 directo
1097 3527 1231 3595 humani

102 3636 302 3720 intellectus.
333 3633 367 3701 Si
391 3635 478 3699 enim
508 3635 613 3719 primo
632 3644 664 3700 et
690 3636 810 3703 directe
837 3654 1015 3721 cognoscat
1042 3636 1229 3721 singularia,

101 3742 230 3827 species
249 3742 378 3807 iliorum
405 3742 622 3827 intelligibiles
651 3743 838 3811 immediate
861 3745 1095 3821 abstrahendo,
1116 3761 1231 3809 verum

102 3848 248 3933 amplius
268 3866 334 3915 non
353 3848 430 3926 erit,
451 3850 542 3932 quod
570 3858 684 3916 natura
701 3850 759 3919 fiat
785 3852 978 3919 universalis
996 3870 1053 3936 per
1070 3852 1232 3935 operatio-

11 3942 13 3953 ’
103 3976 184 4023 nem
204 3956 387 4023 intellectus
406 3958 543 4040 agentis.

151 4074 204 4131 2.⁰
251 4064 374 4131 Deinde
402 4065 547 4131 doctrina
575 4064 660 4133 illius
694 4066 856 4151 opinionis
887 4066 999 4151 nequit
1033 4064 1163 4134 extendi
1192 4065 1233 4132 ad

11 4174 13 4215 ³
103 4190 208 4239 omne
228 4172 429 4251 universale,
451 4173 509 4238 sed
529 4174 636 4239 solum
656 4174 696 4239 ad
716 4176 897 4242 universale
916 4185 1039 4241 naturae
1059 4173 1230 4259 specificae3

137 4369 182 4442 (r)
219 4368 295 4426 Vide
309 4367 341 4426 S.
356 4368 462 4427 Thom.
481 4388 504 4433 ι,
521 4386 550 4439 p.
566 4388 595 4439 q.
610 4369 655 4442 85,
669 4383 725 4427 art.
740 4390 761 4437 r,
775 4368 811 4428 ad
826 4382 893 4443 1.¹¹·‚
909 4382 964 4429 nrt.
980 4369 1114 4445 μᾶν·
1124 4368 1234 4428 Contra

11 4458 13 4509 i
99 4466 187 4534 geni.
206 4458 257 4516 lib.
272 4478 298 4525 a,
315 4478 378 4530 cap.
394 4478 439 4531 773
456 4466 497 4531 7.⁶
509 4456 734 4533 Metoplrysicor.
751 4460 814 4519 lect.
834 4482 875 4531 ¹3·

139 4552 182 4617 (a)
220 4546 295 4605 Vide
308 4568 336 4606 v.
352 4568 381 4620 g.
401 4568 411 4605 ι
430 4567 459 4618 p.
474 4566 503 4618 q.
518 4548 565 4620 85,
581 4561 637 4606 act.
654 4570 669 4621 3
684 4549 720 4606 ad
734 4558 810 4621 4⁸⁰3
828 4565 883 4610 art.
899 4571 915 4609 a
930 4550 967 4610 ad
982 4548 1180 4622 europaeo.
1194 4559 1235 4607 a·

101 4639 140 4697 de
156 4638 342 4707 Universal,
358 4638 396 4695 Et
417 4636 482 4694 ideo
495 4637 659 4695 intellectus
683 4640 920 4713 apprehendr't...3
935 4648 975 4701 a.·
987 4641 1023 4699 de
1035 4641 1157 4711 Animo,
1167 4638 1232 4698 lect.

103 4747 147 4786 ra.
165 4726 250 4787 adde
265 4726 321 4786 alia
336 4727 397 4787 loce
412 4724 547 4799 superius
563 4746 591 4785 n.
611 4748 663 4801 170
676 4726 810 4790 laudata.-
