3492 5525
285 146 298 172 ι
355 186 434 248 Can.
458 200 530 247 aum
551 184 602 247 De
621 202 839 249 uuonan-rone
860 184 1016 249 Centesrr
1133 192 1208 264 1057

127 388 194 435 non
222 366 299 435 sinit
328 388 388 434 nos
419 367 470 433 hic
498 367 628 452 penitus
651 368 814 453 praeterire
843 364 1055 443 methodum,
1080 384 1155 451 quae
1182 384 1248 432 non

126 496 251 562 paucos
269 458 362 543 nacta
380 485 431 542 est
450 476 648 552 laudatores,
667 495 728 542 nec
747 476 913 561 pauciores
932 482 1189 560 oppugnatores.

189 584 253 649 iiic
280 601 356 649 curn
377 592 540 662 notasset,
560 603 648 668 saepe
668 602 728 650 nos
751 584 792 650 ab
811 584 944 650 ineunte
971 591 1067 649 aetate
1093 582 1250 665 deceptos
1304 596 1426 647 exponitur-

126 691 228 758 ruisse
246 692 278 757 in
291 692 418 756 delectu
430 692 639 775 opinionum,
657 709 745 775 saepe
763 691 862 756 etiam
876 690 999 757 temere
1012 688 1110 755 nimis
1122 708 1158 753 ac
1169 706 1251 771 prae-

126 799 296 883 cipitanter
305 800 467 883 judicasse
480 799 521 863 de
534 799 648 876 rebus,
663 798 878 882 quaerendum
895 816 967 865 esse
981 798 1094 864 statuit
1108 794 1247 880 aliquem
1294 878 1296 883 Ι

128 906 284 981 modum,
310 924 379 990 quo
398 915 430 971 et
450 906 633 997 praejudicia
660 906 771 973 omnia
800 924 960 973 exuamus
979 924 1169 989 erroresque
1194 903 1250 970 ad-

128 1015 247 1080 missos
276 1032 484 1099 respuamus,
505 1022 542 1080 ut
565 1014 610 1080 sic
638 1014 781 1080 solidum
807 1004 962 1099 deinceps
988 1012 1119 1079 excitari
1147 1012 1249 1097 possit

127 1122 334 1190 scientiarum
351 1121 537 1200 aedificium,
552 1122 658 1205 ‚nullis
677 1121 818 1206 amplius
831 1122 1012 1188 obnoxium
1029 1120 1203 1187 dubiorum
1218 1129 1250 1186 et

127 1230 239 1297 incerti
259 1230 357 1296 animi
371 1215 652 1298 fluctuationibus.
668 1230 706 1295 Et
719 1229 914 1297 methodum
930 1227 1118 1315 hujusmodi
1133 1228 1250 1313 reperit

128 1338 295 1403 Cartesius
325 1337 358 1402 in
391 1336 565 1403 universali
594 1337 813 1416 dubitatione,
843 1332 926 1420 quae'
950 1338 982 1403 in
1015 1338 1122 1402 adulta
1155 1344 1250 1402 aetate

125 1447 228 1510 semei
247 1446 280 1511 in
300 1444 365 1511 vita
393 1445 593 1512 instituenda
612 1454 662 1510 est
680 1444 736 1521 ita,
758 1455 795 1512 ut
817 1445 851 1510 in
877 1446 1014 1511 dubium
1043 1453 1246 1521 revocentur,

125 1561 183 1617 aut
200 1552 298 1617 etiam
314 1561 484 1636 tamquam
490 1552 589 1636 salse
602 1554 801 1639 rejiciantur,
818 1572 935 1619 omnes
950 1569 1083 1637 prorsus
1099 1552 1249 1618 veritates

126 1669 159 1724 et
177 1660 399 1745 cognitiones,
420 1661 461 1725 de
481 1660 602 1744 quibus
622 1662 730 1744 aliquo
748 1662 848 1727 modo
866 1661 961 1727 liceat
981 1661 1074 1726 nobis
1087 1660 1246 1736 dubitare,
1358 1638 1364 1655 '

125 1768 178 1832 vei
206 1768 380 1834 falsitatem
411 1769 583 1853 suspicari,
615 1768 677 1834 iilis
704 1770 813 1835 solum
846 1768 1033 1844 reservatis,
1059 1768 1142 1833 circa
1167 1786 1249 1851 quas
1364 1810 1366 1816 -

125 1875 263 1941 dubium
294 1885 344 1941 est
376 1878 512 1959 prorsus
538 1876 756 1961 impossibile,
786 1877 941 1943 nimirum
975 1886 1012 1941 ut
1032 1894 1131 1962 super
1161 1876 1249 1948 hisce
1279 1890 1282 1895 ’

126 1982 317 2050 veritatibus
337 1985 464 2051 fundari
483 1984 586 2067 possit
604 1993 673 2050 tota
692 1984 888 2069 reliquarum
907 1992 1068 2051 certarum
1088 1982 1249 2069 cognitio-

126 2110 208 2156 num
228 2092 333 2157 moles
347 2091 380 2155 in
400 2089 571 2176 scientiis(
596 2088 620 2179 ).

193 2198 303 2282 itaque
321 2200 353 2263 in
382 2198 520 2264 dubium
548 2198 769 2265 revocandum
789 2207 839 2264 est
857 2198 954 2275 mihi,
982 2198 1105 2282 inquit,
1133 2196 1166 2264 in
1186 2198 1251 2283 pri-
1289 2218 1436 2269 nemereus

126 2306 208 2381 mis,
229 2306 387 2389 quidquid
411 2309 570 2372 hactenus
586 2315 623 2371 ut
641 2325 756 2373 verum
777 2306 908 2381 admisi,
929 2307 981 2371 vel
999 2326 1019 2372 a
1037 2306 1180 2372 seuniae·
1196 2308 1248 2371 vel
1283 2294 1438 2389 mimium·

119 2420 305 2496 persensus
322 2414 448 2497 ac'cepi,
469 2416 530 2479 hos
549 2414 637 2479 enirn
661 2414 826 2480 interdum
847 2414 956 2478 saltere
979 2413 1195 2498 deprehendi;
1217 2424 1251 2481 at

126 2521 306 2605 prudentiae
330 2531 380 2588 est
409 2539 579 2606 nunquam
608 2522 670 2588 illis
698 2524 795 2607 plane
821 2521 1002 2597 confidere,
1033 2504 1089 2606 qui
1118 2540 1179 2588 nos
1196 2523 1249 2587 vei

127 2630 228 2695 semel
244 2630 443 2713 deceperunt
460 2627 523 2717 (a).

194 2736 417 2804 Dubitandum
436 2754 570 2820 quoque
593 2748 644 2804 est
668 2737 710 2802 de
728 2736 807 2822 ipsis
826 2736 1015 2803 veritatibus
1042 2738 1252 2804 mathemati-

126 2845 189 2923 cis,
206 2864 388 2929 earumque
402 2847 564 2930 principiis
578 2846 677 2911 etiam
693 2845 900 2925 evidentibus
915 2844 985 2931 (3),
1002 2854 1073 2911 tum
1089 2847 1165 2929 quia
1179 2846 1251 2929 qui-

126 2955 203 3018 dam
224 2957 293 3019 baec
311 2962 486 3020 tractantes
505 2954 630 3037 decepti
647 2961 742 3035 sunt3
758 2962 829 3020 tum
849 2953 938 3038 quia,
959 2971 1034 3018 cum
1054 2953 1252 3019 audierimus

127 3061 252 3134 Deum,
272 3061 457 3127 Creatorem
474 3069 641 3137 nostrum,
663 3079 758 3144 posse
772 3059 933 3144 quidquid
948 3059 1014 3127 sibi
1029 3061 1158 3128 libuerit
1168 3063 1252 3128 sace-

127 3188 178 3243 re,
199 3169 281 3234 forte
297 3187 357 3233 nos
375 3169 457 3234 tales
471 3168 601 3244 effecit,
610 3179 647 3234 ut
666 3169 698 3233 in
714 3169 871 3234 omnibus
886 3169 1098 3253 decipiamur.
1115 3167 1147 3234 Si
1162 3169 1249 3234 enim

128 3277 217 3342 Deus
236 3276 435 3360 quandoque
455 3276 604 3360 permisit
623 3294 685 3354 nos
703 3276 785 3352 falli,
805 3296 862 3342 cur
878 3294 943 3342 non
964 3277 1068 3361 possit
1086 3277 1252 3360 permitte-

128 3403 162 3448 re
181 3394 217 3449 ut
231 3401 362 3468 semper
377 3384 546 3448 fallamur?
569 3381 622 3471 (4)
636 3383 696 3474 Vei
719 3393 804 3449 certe
823 3384 964 3469 supponi
981 3372 1106 3469 potest,
1123 3385 1252 3468 genium

125 3492 262 3576 aliquem
284 3491 471 3575 mair'gnum,
495 3494 693 3576 eumdemque
719 3511 836 3558 summe
858 3495 1014 3574 polenum
1032 3495 1065 3558 ei
1087 3493 1249 3570 callidum,

125 3618 248 3665 omnem
274 3617 366 3664 suam
387 3598 579 3664 industriam
602 3598 637 3663 in
659 3618 695 3664 eo
720 3600 877 3681 posuisse,
903 3603 941 3666 ut
960 3617 1008 3666 me
1028 3599 1162 3684 falleret
1186 3597 1199 3687 (
1225 3597 1251 3689 ).

165 3857 206 3920 (r)
242 3849 319 3908 Vide
328 3847 505 3919 Cartesium,
516 3849 616 3906 Medii.
636 3857 673 3906 r.·
685 3863 715 3907 et
726 3857 778 3916 2.·,·
790 3851 835 3908 De
844 3849 975 3923 Princip.
989 3850 1117 3919 Philon,
1132 3857 1167 3909 ι.·
1176 3864 1251 3924 part.

130 3955 366 4097 niziagertes,
383 4029 483 4086 Medii.
500 3993 549 4098 iffi
565 4030 609 4086 De
623 4028 768 4101 Princip,
786 4027 875 4099 prim.
891 4041 966 4100 pert.
984 4048 1014 4087 n.
1030 4049 1059 4102 4.

163 4124 204 4192 (3)
240 4118 278 4176 V.
294 4139 324 4191 g.
339 4119 414 4209 quod
427 4119 484 4175 duo
496 4126 524 4175 et
539 4118 598 4175 tria
611 4117 815 4192 simuijuncta
828 4127 895 4176 suat
909 4119 1050 4191 quiaque,
1067 4120 1254 4192 quadratum·
1271 4115 1273 4120 ’

128 4228 182 4281 que
194 4227 251 4266 non
275 4209 364 4282 piare
377 4207 481 4266 tabeat
495 4209 586 4266 latera
613 4227 701 4282 quam
715 4216 847 4280 quatuor.
864 4207 991 4278 Canes,
1011 4208 1113 4267 Medii.
1130 4219 1167 4268 1.·
1185 4209 1252 4270 cire.

129 4297 206 4461 miii
242 4389 287 4446 De
301 4389 455 4462 Princip,
473 4395 511 4446 1.·
522 4400 598 4460 part.
616 4402 646 4447 tr.
664 4408 691 4460 53
706 4387 807 4447 Medii.
825 4399 863 4446 1.·

164 4481 205 4550 (5)
242 4478 344 4536 Medii.
365 4482 402 4536 r.·
415 4496 491 4536 vers.
506 4477 557 4535 fin.
