3492 5525
561 474 615 549 53²
649 458 783 536 ‚lucret
796 461 1028 542 Maron-Lm.
1047 461 1224 544 t.²¹·,D1sr›.
1244 480 1291 552 3.⁸
1304 462 1385 533 Car.
1406 479 1475 532 nim

312 668 371 722 outa
385 668 493 713 afranium
584 648 638 717 Est
657 668 735 736 ergo
754 651 918 718 criterium
938 659 1015 719 nota
1033 650 1193 729 veritatis,
1208 668 1268 718 seu
1288 671 1403 718 norma
1419 658 1452 717 et
1468 650 1640 725 indicium,

304 740 501 799 '‘⁶⁰⁰⁶‘''lil0d‘
516 774 582 839 quo
610 756 778 824 veritatem
809 778 828 824 a
856 760 992 826 falsitate
1025 759 1255 827 discernimus:
1284 778 1386 844 quare
1413 778 1480 825 non
1509 776 1642 823 merum

517 864 678 932 motivum
697 882 851 933 assensus
874 866 1046 953 importat,
1072 866 1131 933 sed
1150 867 1312 934 motivum
1336 866 1531 952 impressam
1551 864 1643 931 inse

472 982 479 999 ¹
513 989 631 1054 gerens
659 982 771 1040 notam
800 983 833 1040 et
859 977 1077 1041 characterem
1105 974 1262 1045 veritatis.
1297 974 1436 1058 Duoque
1465 980 1545 1041 sunt
1566 973 1640 1051 eius

516 1079 645 1157 munia,
665 1098 807 1164 quorum
828 1083 967 1149 alterum
986 1102 1028 1149 ex
1045 1083 1146 1148 altero
1164 1082 1330 1166 sequitur:
1356 1082 1517 1167 primum,
1541 1089 1578 1145 ut
1596 1080 1639 1145 sit

513 1197 635 1253 tessera
661 1190 814 1272 quaedam
846 1199 879 1255 et
905 1190 1112 1274 signaculum
1141 1188 1183 1254 ad
1201 1189 1450 1275 cognoscendas
1476 1187 1568 1271 quasi
1596 1188 1639 1251 de

514 1294 591 1360 facie
620 1294 824 1380 cognitiones
851 1316 962 1372 veras,
993 1316 1029 1362 ac
1051 1297 1171 1363 deinde
1197 1308 1232 1365 ut
1256 1296 1371 1381 gignat
1393 1297 1425 1362 in
1450 1303 1560 1362 mente
1583 1292 1639 1359 frr-

514 1420 606 1467 mum
639 1420 827 1469 assensum.
852 1402 907 1469 Est
926 1402 1014 1469 enim
1031 1403 1154 1487 aliquid
1180 1404 1271 1488 quod
1290 1405 1323 1468 in
1346 1420 1559 1487 quacumque
1579 1420 1638 1467 co-

512 1507 658 1592 gnitione
678 1529 772 1577 mens
805 1519 917 1577 nostra
942 1512 1182 1596 deprehendat,
1216 1512 1301 1576 illico
1337 1521 1425 1577 certa
1456 1526 1637 1592 securaque

514 1615 657 1683 redditur
676 1618 717 1682 de
736 1618 822 1684 iilius
841 1618 989 1685 veritate.

580 1722 625 1789 Ex
643 1743 711 1808 quo
731 1726 820 1790 iacile
836 1726 1034 1802 concludes,
1050 1725 1164 1790 criterii
1181 1724 1404 1810 proprietates.
1426 1723 1530 1789 Debet
1548 1724 1635 1789 enirn

363 1830 386 1861 '¹¹
397 1832 408 1861 ²
512 1848 584 1895 esse
599 1830 704 1914 primo
718 1831 925 1909 immutabile,
943 1831 1027 1898 sicut
1041 1833 1112 1916 ipsa
1126 1833 1262 1914 veritas3
1279 1851 1315 1898 ac
1327 1832 1444 1898 deinde
1454 1830 1634 1915 infallibile,

513 1955 620 2021 neque
643 1938 730 2003 enim
754 1939 918 2004 criterium
942 1939 1086 2006 veritatis
1107 1958 1181 2006 esse
1200 1948 1326 2024 potest,
1347 1938 1380 2006 id
1398 1938 1488 2023 quod
1507 1939 1576 2004 sive
1594 1940 1636 2003 ad

511 2062 625 2111 verum
646 2045 715 2111 sive
734 2046 775 2111 ad
794 2046 912 2112 laisum
933 2045 1155 2113 indifferenter
1172 2065 1207 2113 se
1226 2048 1340 2122 habet,
1365 2047 1424 2113 sed
1448 2046 1544 2114 debet
1563 2064 1636 2112 esse

512 2163 590 2219 nota
608 2146 737 2237 propria
755 2153 836 2220 veri.

435 2299 456 2327 a.
578 2258 758 2329 Divisiones
773 2260 889 2327 criterii
905 2262 1075 2326 secundum
1095 2262 1298 2347 quodplures
1310 2256 1467 2346 distingui
1478 2273 1631 2345 possunt:

328 2354 349 2399 '¹¹
361 2370 456 2455 “llfflf
510 2367 597 2432 aliud
617 2367 703 2434 enim
722 2377 772 2434 est
786 2368 961 2445 internum,
978 2369 1064 2434 aliud
1083 2373 1264 2449 externum
1279 2368 1366 2435 aliud
1376 2369 1528 2449 partiale,
1545 2370 1632 2434 allud

356 2500 455 2544 „armar
507 2476 672 2556 generum
693 2476 779 2541 aliud
797 2477 994 2556 proximum,
1016 2477 1103 2542 aliud
1125 2483 1302 2558 supremum
1324 2494 1381 2542 seu
1400 2480 1562 2542 remotum.
1584 2475 1636 2540 in-
1741 2561 1742 2564 Ἴ

353 2584 467 2616 “wll
509 2588 638 2647 ternum
658 2582 822 2649 criterium
838 2592 889 2649 est
902 2584 994 2661 iliud,
1012 2584 1100 2668 quod
1117 2587 1168 2651 vel
1187 2584 1220 2649 in
1235 2584 1308 2669 ipso
1320 2584 1461 2670 objecto,
1483 2584 1534 2649 vel
1549 2583 1634 2649 intra

509 2687 617 2773 ipsum
640 2690 826 2776 subjectum
847 2691 949 2773 inest3
971 2702 1142 2783 externum
1164 2691 1318 2776 repetitur
1335 2710 1376 2756 ex
1394 2692 1530 2756 aliorum
1551 2690 1631 2755 circa

508 2796 673 2882 objectum
696 2797 900 2864 testimonio.
927 2800 1061 2865 Partiaie
1080 2801 1208 2884 respicit
1226 2817 1331 2866 unum
1351 2800 1498 2865 ordinem
1518 2800 1632 2884 cogni·
1740 2854 1742 2861 .

508 2904 622 2980 tionis,
642 2907 793 2990 generale
822 2915 932 2972 autem
953 2926 1072 2973 omnes
1095 2910 1255 2974 humanas
1281 2907 1497 2991 cognitiones.
1522 2907 1632 2973 Proxi-

508 3029 600 3078 mum
621 3022 672 3079 est
694 3012 791 3090 iliud,
812 3013 897 3080 ultra
914 3015 1004 3097 quod
1023 3015 1118 3082 datur
1136 3016 1241 3080 adhuc
1264 3014 1325 3080 alia
1346 3033 1460 3081 norma
1485 3014 1632 3082 veritatis

507 3118 737 3204 motivumque
755 3120 973 3198 certitudinis,
994 3139 1093 3205 aquo
1114 3122 1202 3207 prius
1217 3123 1295 3189 iilud
1309 3121 1507 3206 dependeat;
1527 3133 1559 3190 et
1574 3140 1630 3187 su-

506 3244 674 3310 premum,
695 3227 786 3312 quod
805 3245 872 3293 non
896 3227 994 3294 habet
1012 3229 1097 3294 aliud
1116 3229 1281 3315 superius,
1304 3248 1322 3294 a
1345 3246 1412 3313 quo
1430 3229 1624 3312 dependeat.
1739 3227 1740 3244 ¹

550 3388 606 3475 83.
653 3387 843 3457 Pnoeosrrro
883 3387 932 3455 r.‘
964 3395 1227 3458 Admittendum
1261 3404 1316 3458 eat
1345 3399 1541 3461 necessario
1569 3397 1631 3459 ali-

504 3502 595 3581 quod
613 3503 770 3564 veritatis
787 3503 980 3567 criterium.

349 3716 362 3746 ¹
391 3716 403 3746 e
437 3716 449 3746 a
571 3657 750 3741 Propositio
773 3658 910 3725 evidens
933 3669 1042 3726 estex
1066 3658 1120 3735 iis,
1145 3677 1221 3742 quae
1243 3669 1356 3727 contra
1378 3661 1624 3745 scepticismunr

414 3773 427 3784 “’
502 3764 756 3850 disputavimus.
777 3767 891 3851 ltaque
909 3767 1049 3833 breviter

324 3855 359 3885 '¹⁰
377 3856 453 3887 '‘⁸¹¹''
545 3879 714 3942 Probatur
736 3874 787 3942 r.⁰
834 3875 867 3940 Α
881 3874 1060 3957 posteriori.
1081 3872 1207 3940 Revera
1224 3873 1408 3942 intellectus
1428 3884 1625 3942 nosternon

502 3981 657 4048 omnibus
674 3993 798 4048 temere
816 3981 1006 4058 assentitur,
1025 3982 1084 4048 sed
1114 3981 1175 4048 alia
1201 3991 1389 4049 constanter
1416 3984 1624 4068 amplectitur

500 4095 671 4172 tamquam
691 4107 778 4166 vera,
804 4091 864 4156 alia
887 4100 1057 4173 tamquam
1088 4091 1167 4156 laisa
1187 4092 1324 4175 respuit,
1353 4110 1429 4157 vera
1448 4092 1583 4176 proinde
1607 4111 1625 4156 a

501 4196 589 4262 iaisis
617 4197 767 4268 secernit.
801 4197 903 4282 Atqui
931 4206 1100 4281 nequeunt
1129 4197 1195 4264 duo
1223 4199 1353 4264 diversa
1382 4199 1533 4275 discerni,
1564 4201 1623 4266 nisi

409 4329 413 4340 ·
487 4304 584 4370 adsit
606 4304 639 4370 in
659 4311 815 4389 promptu
835 4305 942 4388 aliqua
971 4312 1049 4370 nota
1073 4306 1125 4370 vel
1143 4304 1315 4384 indicium,
1336 4325 1403 4390 quo
1422 4307 1562 4390 invicem
1577 4309 1625 4374 di-

499 4410 740 4481 scriminentur'.
761 4411 886 4497 Ergo...

543 4527 645 4589 Prob.
661 4520 715 4586 2.⁰
763 4520 796 4586 Si
817 4523 945 4587 nulium
960 4521 1053 4587 adest
1071 4520 1255 4600 criterium,
1278 4523 1381 4608 logice
1400 4523 1492 4590 vitari
1508 4525 1623 4610 nequit

498 4627 737 4711 scepticismus.
758 4628 861 4712 Atqui
881 4629 1127 4712 scepticismum
1143 4639 1176 4695 et
1194 4631 1329 4718 physice
1348 4641 1381 4697 et
1400 4633 1622 4719 metaphysice
1735 4686 1736 4693 ,

462 4723 465 4732 ’
498 4735 679 4802 absurdum
698 4735 917 4807 ostendimus.
934 4737 1061 4822 Ergo...
