3492 5525
542 493 600 564 340
653 480 778 545 Locren
793 482 1024 555 Maron-Lae.
1045 500 1113 558 rm,
1127 482 1214 545 Drsn.
1234 496 1276 565 3.·
1291 482 1370 546 Cae.
1387 493 1471 546 aava

543 668 651 747 Objic.
681 662 733 730 a.⁰
782 664 833 729 Ad
855 664 916 729 hoc
936 674 973 731 ut
983 662 1141 748 judicium
1161 663 1309 748 aliquod,
1327 664 1427 730 etiarn
1449 665 1630 734 evidentis·

499 771 638 849 simum,
654 781 825 855 tamquam
839 779 967 837 certum
981 789 1208 849 assumamus,
1225 781 1355 856 oportet
1367 790 1625 859 praesupponere

396 926 402 933 -
499 879 705 947 veracitatem
728 880 919 947 facultatum
949 891 1153 956 nostrarum,
1183 878 1497 963 cognoscitivarum.
1517 883 1626 967 Atqui

498 986 632 1053 evidens
651 990 717 1054 non
736 995 788 1053 est
804 973 964 1053 veracitas¹
987 987 1176 1053 facultatum
1206 996 1410 1064 nostrarum,
1430 990 1483 1054 vel
1501 990 1623 1056 saltem

499 1110 563 1160 non
581 1096 751 1162 evidenter
768 1092 977 1179 cognoscitur
996 1094 1036 1159 ab
1052 1093 1136 1170 ullo,
1158 1092 1348 1178 priusquam
1366 1094 1487 1180 judicia
1508 1096 1626 1163 certis-

497 1200 581 1268 sima·
598 1204 750 1287 proferat.
772 1204 856 1289 Ergo
875 1209 986 1278 restat,
1004 1210 1040 1267 ut
1054 1211 1225 1285 tamquam
1240 1202 1493 1269 fundamentum
1510 1204 1623 1271 omnis

496 1310 697 1376 certitudinis
721 1310 894 1396 objectiva
911 1328 995 1375 caeca
1018 1309 1159 1392 quadam
1179 1308 1372 1375 necessitate
1401 1311 1624 1378 assentiamur

497 1418 684 1483 facultatum
701 1428 886 1485 nostrarum
907 1416 1082 1483 veracitati.

562 1531 668 1608 Resp.
694 1525 771 1593 dist.
801 1526 917 1611 Major.
945 1524 979 1589 Si
998 1543 1108 1590 sermo
1126 1523 1167 1590 sit
1186 1525 1227 1589 de
1253 1523 1382 1602 reflexa,
1407 1526 1621 1609 philosophica

495 1648 553 1725 seu
573 1631 748 1697 scientifica
765 1632 977 1707 certitudine,
998 1651 1085 1697 conc.
1109 1631 1135 1697 si
1155 1632 1196 1697 de
1211 1632 1351 1717 vulgari,
1371 1643 1565 1719 spontanea,
1580 1654 1619 1700 ac

452 1796 458 1811 .
497 1740 649 1818 naturali,
662 1741 813 1821 scaldist.,·
828 1748 960 1825 oportet
971 1758 1223 1825 praesupponere
1232 1739 1387 1824 implicite
1399 1751 1431 1806 et
1444 1750 1617 1828 tamquam

467 1908 469 1913 ,
495 1846 733 1926 conditionem,
756 1852 908 1924 transeat,
925 1857 1096 1931 tamquam
1112 1848 1274 1913 motivum
1293 1848 1494 1931 objectivum
1506 1868 1620 1917 assen-

495 1972 552 2021 sus
571 1955 661 2033 certi‚
682 1973 771 2038 nego.

562 2066 645 2147 Nego
674 2064 814 2148 primam
847 2072 974 2149 partem
1003 2062 1153 2143 Minoris3
1182 2066 1315 2129 alteram
1347 2064 1423 2133 dist.
1456 2067 1531 2132 Non
1566 2078 1619 2135 est

494 2170 629 2237 evidens
649 2171 843 2256 priusquam
857 2170 981 2258 judicia
1003 2180 1089 2236 certa
1107 2172 1246 2254 proferat
1264 2171 1455 2240 certitudine
1477 2175 1616 2259 vulgari,

494 2283 612 2356 frons„
633 2280 827 2347 certitudine
842 2278 1076 2363 philosophica,
1097 2297 1185 2362 nego.
1352 2276 1358 2290 '

560 2387 598 2452 Et
616 2390 749 2471 rugatur
764 2387 1011 2470 consequentia,

560 2495 657 2561 Aliud
681 2503 732 2559 est
751 2494 873 2578 aliquid
893 2510 1144 2578 praesupponere
1172 2492 1273 2559 instar
1298 2495 1499 2573 conditiones,
1527 2496 1618 2563 aliud

493 2619 746 2688 praesupponere
766 2602 865 2667 instar
888 2600 1000 2666 molini
1024 2619 1189 2667 assensus.
1219 2602 1299 2667 lllud
1318 2602 1405 2668 enim
1424 2604 1515 2687 quod
1533 2624 1617 2690 prae-

492 2710 690 2795 supponitur
722 2717 892 2793 tamquam
920 2707 1069 2775 nonnum
1098 2698 1268 2786 assensus,
1286 2718 1431 2795 oportet
1457 2719 1494 2777 ut
1526 2712 1615 2798 prius

493 2826 727 2902 cognoscatur,
749 2827 780 2884 et
800 2817 832 2882 in
853 2836 889 2882 se
908 2817 1107 2893 affirmetur,
1128 2835 1221 2884 secus
1239 2817 1327 2884 enim
1346 2817 1482 2885 influere
1501 2823 1615 2905 nequit

493 2925 525 2991 in
557 2926 783 3001 assertionem,
815 2926 908 3012 cujus
935 2935 984 2991 est
1008 2925 1185 2990 motivum.
1216 2924 1314 3001 Quod
1342 2945 1420 2992 vero
1442 2935 1613 3013 tamquam

491 3033 635 3100 conditio
648 3032 929 3118 praesupponitur,
946 3051 1079 3098 necesse
1094 3041 1237 3110 nonest,
1254 3042 1289 3099 ut
1304 3033 1422 3118 praevie
1436 3054 1609 3120 cognosca-

492 3150 562 3215 tur,
584 3142 756 3224 multoque
777 3141 904 3216 minus,
921 3151 958 3206 ut
977 3139 1169 3206 affirmetur.
1189 3139 1240 3206 Sic
1262 3149 1297 3207 ut
1312 3143 1437 3226 possim
1451 3143 1612 3228 judicium

490 3247 661 3332 quodlibet
694 3266 831 3331 ponere,
855 3247 999 3313 conditio
1027 3249 1205 3313 necessaria
1237 3259 1303 3325 est,
1333 3261 1368 3317 ut
1401 3250 1550 3329 existam,
1580 3263 1613 3320 et

491 3356 629 3421 habeam
663 3356 880 3422 intellectum.
901 3355 953 3420 An
987 3373 1064 3420 vero
1084 3373 1148 3420 non
1178 3374 1317 3439 possum
1349 3375 1548 3443 cognoscere
1579 3371 1613 3428 et

490 3463 653 3528 affirmare
672 3483 706 3528 v.
727 3483 761 3548 g.
783 3467 881 3528 totum
903 3480 968 3528 csse
988 3465 1092 3548 majus
1114 3479 1173 3527 sua
1190 3468 1299 3544 parte,
1326 3465 1405 3547 quin
1434 3465 1613 3533 existentiae

490 3590 573 3636 meae
588 3570 735 3637 subnitar
748 3578 919 3654 tamquam
930 3587 1084 3635 assensus
1094 3569 1181 3635 illius
1193 3570 1442 3638 motivoiCerte
1452 3572 1611 3658 judicium

489 3677 569 3744 illud
584 3677 686 3764 logice
706 3696 763 3744 seu
778 3677 812 3742 in
831 3676 944 3743 ordine
964 3675 1161 3761 cognitionis
1176 3677 1311 3743 minime
1324 3679 1444 3762 pendet
1462 3701 1481 3746 a
1499 3681 1613 3766 cogni·

476 3769 578 3852 'tione
607 3784 744 3870 propriae
762 3783 960 3860 existentia,
981 3802 1088 3867 neque
1106 3785 1195 3850 enim
1224 3787 1304 3852 ratio
1330 3805 1384 3852 me
1403 3763 1543 3856 movens
1571 3790 1612 3855 ad

485 3893 701 3981 judicandum
717 3893 807 3975 quod
821 3897 920 3958 totum
933 3896 1090 3980 estmojus
1099 3895 1265 3974 suaparte,
1280 3887 1331 3960 est
1339 3893 1510 3963 existentia
1524 3915 1610 3974 mea,

487 4011 522 4067 et
545 4000 707 4067 evidentia
732 3999 916 4066 intellectus
936 3997 1013 4067 mei.
1034 3998 1110 4064 Haec
1130 4001 1308 4067 necessaria
1339 4012 1417 4068 sunt
1440 4011 1611 4088 tamquam

489 4108 631 4195 physicae
665 4107 881 4184 conditiones,
912 4115 948 4171 ut
978 4115 1071 4172 actus
1099 4107 1234 4190 quilibet
1267 4110 1509 4194 cognoscitivus
1539 4131 1612 4180 esse

489 4216 608 4301 possit,
631 4234 697 4282 non
717 4233 794 4280 vero
811 4224 983 4297 tamquam
1004 4215 1127 4280 motiva
1145 4214 1371 4300 cognitionum
1386 4217 1543 4302 ipsarum.

558 4321 659 4389 Simili
680 4321 781 4388 modo
800 4321 948 4388 sehabet
967 4323 1123 4387 veracitas
1146 4323 1334 4390 facultatum
1360 4336 1542 4393 nostrarum
1563 4347 1613 4396 re-

491 4439 607 4513 spectu
625 4429 821 4515 judiciorum
842 4428 1039 4495 directorum
1058 4429 1140 4495 circa
1157 4431 1235 4496 alias
1252 4431 1416 4498 veritates.
1440 4433 1541 4505 Quod
1558 4439 1610 4502 vel

491 4537 611 4604 exinde
632 4545 735 4620 patet,
762 4538 852 4620 quod
879 4555 978 4603 nemo
1003 4539 1107 4603 soleat
1134 4536 1166 4603 in
1194 4537 1232 4605 iis
1257 4540 1460 4622 proferendis
1481 4543 1611 4626 judiciis

494 4645 608 4711 ailerre
632 4664 690 4728 pro
716 4643 841 4710 motivo
859 4662 1013 4711 assensus
1032 4645 1236 4711 veracitatem
1256 4645 1465 4725 facultatum,
1486 4649 1527 4715 de
1546 4670 1611 4735 qua

493 4771 554 4818 nec
572 4753 750 4839 cogitatur,
776 4771 836 4820 nec
858 4752 1043 4830 dubitatur,
1063 4751 1166 4819 donec
1189 4771 1330 4820 examen
1348 4755 1609 4843 philosophicum
