3492 5525
236 390 355 473 burte.
372 424 432 473 23⁸
447 408 680 474 Speclntca'rto
695 426 917 473 sctssuntnttult
931 426 1047 473 rotat..
1108 424 1169 493 977

85 612 146 659 seu
166 611 222 677 per
241 590 432 657 relationem
452 592 584 658 rationis
603 591 635 658 in
662 610 701 657 ea
727 592 995 658 denominatione
1022 591 1206 671 tundatam;
1435 608 1441 639 ¹

86 702 149 765 hoc
173 708 284 765 autern
315 699 416 765 modo
444 717 509 766 non
536 708 646 783 potest
672 699 807 765 scientia
833 700 952 765 babere
980 696 1139 765 unitatem
1168 696 1209 762 ab

85 810 216 893 objecto
233 806 334 874 scibili
353 808 417 873 sub
433 826 499 873 esse
515 808 650 884 scibilis,
670 808 747 891 quia
766 808 876 892 potius
895 807 963 891 ipsa
991 808 1047 873 dat
1074 805 1118 871 illi
1137 804 1210 871 uni-

85 924 201 981 tatem.
229 916 313 982 Nam
332 915 418 981 sicut
435 915 602 1000 objectum
622 924 673 982 est
691 915 821 993 scibile,
842 915 920 999 quia
947 913 1081 1006 scientia
1098 910 1210 979 termi-

87 1030 182 1087 natur
199 1023 240 1088 ad
258 1022 386 1106 ipsum,
406 1023 450 1087 ita
469 1031 520 1089 est
539 1042 642 1089 unum
662 1022 891 1107 scibile,‘quia
910 1040 975 1089 una
993 1020 1129 1088 scientia
1145 1030 1210 1087 ter-

87 1130 231 1195 minatur
248 1129 290 1196 cd
307 1124 401 1196 iilud.
422 1129 506 1216 Ergo
526 1150 593 1197 non
618 1139 728 1215 potest
744 1130 881 1197 scientia
898 1148 1030 1197 sumere
1049 1128 1209 1195 unitatem
1230 1166 1233 1172 Α

86 1258 130 1302 ex
147 1238 276 1323 objecto
298 1238 417 1315 scibili,
438 1246 602 1322 quatenus
620 1241 680 1305 hac
698 1258 779 1306 voce
797 1239 978 1323 explicatur
991 1239 1044 1303 illa
1062 1235 1213 1304 denomi-

87 1346 189 1413 natio.
210 1345 310 1437 lgitur
337 1345 364 1411 si
383 1346 493 1412 unitas
518 1347 663 1419 scientiae
689 1348 831 1415 sumitur
857 1366 900 1412 ex
928 1346 1052 1413 unitate
1078 1343 1209 1430 objecti,

85 1453 160 1519 talis
177 1450 286 1519 unitas
303 1453 420 1538 objecti
434 1456 700 1540 praesupponitur
717 1456 830 1524 ordine
846 1465 970 1523 naturae
990 1454 1031 1519 ad
1050 1453 1210 1518 unitatem

86 1560 246 1636 scientiae,
267 1562 371 1627 immo
389 1571 422 1627 et
441 1564 481 1628 ad
502 1582 575 1629 esse
592 1563 695 1648 ipsius
712 1564 873 1641 scientiae,
890 1573 924 1628 et
941 1564 982 1629 ad
1002 1580 1137 1628 ornnem
1156 1562 1214 1627 de-

89 1668 348 1737 nominationem
368 1690 386 1735 a
404 1670 539 1738 scientia
556 1680 740 1757 sumptam.
764 1672 850 1738 Cum
869 1690 951 1757 ergo
975 1680 1026 1737 est
1044 1688 1153 1737 sermo
1171 1670 1214 1735 de
1301 1656 1312 1675 ⁵

87 1776 217 1860 objecto
234 1777 339 1843 scibili
354 1782 392 1843 ul
406 1778 468 1856 sic,
484 1780 584 1846 dante
603 1781 762 1847 unitatem
782 1780 943 1856 scientiae,
966 1797 1031 1844 non
1051 1777 1214 1863 significat

86 1884 168 1949 illud
185 1904 250 1950 esse
268 1884 375 1951 scibile
391 1886 693 1953 denominationem
713 1908 732 1954 a
750 1888 899 1965 scientia,
922 1887 980 1953 sed
995 1886 1213 1971 aptitudinem

88 1993 287 2076 proximam,
302 2005 340 2061 ut
353 1995 417 2060 sub
430 2014 531 2061 unam
546 1996 713 2062 scientiam
726 1997 839 2062 cadere
857 1996 973 2080 possit:
990 2014 1064 2079 quae
1078 1994 1212 2078 quidem

87 2101 237 2183 aptitudo
256 2122 297 2167 ex
325 2116 415 2186 parte
435 2103 516 2188 [ejus
543 2104 750 2189 supponitur.
772 2104 863 2170 Sicut
890 2122 967 2169 cum
990 2104 1107 2170 dicitur
1124 2102 1223 2188 obJe-·

87 2218 179 2274 ctum
198 2209 290 2275 visus
307 2230 380 2277 esse
399 2212 543 2275 colorem
563 2221 596 2277 et
614 2214 745 2288 lumen,
767 2222 804 2277 ut
821 2212 1024 2278 conveniunt
1043 2211 1075 2275 in
1091 2209 1214 2275 ratione

88 2316 239 2393 visibilis,
260 2318 340 2383 illud
357 2336 422 2383 csse
438 2319 563 2384 visibile
577 2338 643 2385 non
659 2328 710 2385 est
728 2320 928 2385 sumendum
946 2338 1003 2404 per
1021 2318 1215 2384 denomina-

86 2423 212 2490 tionem
240 2428 493 2492 extrinsecama
521 2421 612 2509 visu3
641 2426 762 2511 alioqui
787 2426 866 2493 nihil
894 2425 1125 2511 explicaretur,
1156 2426 1213 2491 sed

88 2535 199 2617 potius
219 2544 380 2620 peteretur
406 2537 600 2620 principium
627 2535 819 2601 declarando
847 2535 965 2619 objecti
985 2535 1144 2602 unitatem
1173 2552 1214 2599 ex

88 2644 214 2710 unitate
233 2645 398 2728 potentiae.
419 2645 559 2728 Oportet
577 2663 674 2730 ergo,
694 2656 729 2711 ut
750 2662 897 2729 peream
918 2662 1033 2709 vocem
1054 2642 1216 2732 significe-
1260 2730 1263 2737 .

88 2763 143 2818 tur
161 2750 268 2836 aliqua
288 2753 368 2818 ratio
386 2771 427 2818 ex
445 2760 535 2837 parte
554 2752 699 2838 ipsarum
720 2772 846 2838 rerum,
867 2752 912 2818 ob
939 2771 1038 2836 quarn
1057 2768 1226 2817 censeam·

88 2870 143 2926 tur
162 2861 280 2927 habere
298 2861 391 2945 quasi
411 2861 627 2946 aptitudinem
647 2863 850 2947 proximam,
873 2870 910 2928 ut
933 2862 1039 2926 eidem
1059 2859 1215 2945 potentiae
1310 2855 1315 2866 '

89 2971 201 3036 visivae
220 2989 277 3054 per
294 2989 331 3036 se
357 2970 452 3056 objici
482 2969 621 3055 possint.
640 2971 724 3035 Nam
744 2970 821 3054 quia
839 2987 891 3035 res
909 2969 1095 3035 differentes
1114 2968 1212 3035 etiam

87 3078 272 3144 secundum
290 3078 433 3162 speciem
452 3077 484 3143 in
499 3096 562 3144 suo
579 3097 652 3144 esse
671 3078 746 3144 reali
765 3078 887 3143 cadunt
905 3077 967 3142 sub
986 3075 1137 3142 eamdem
1157 3095 1215 3160 po·
1308 3119 1311 3124 -

88 3187 227 3252 tentiam
256 3185 412 3261 visivam,
445 3185 623 3271 quaerimus
642 3185 676 3250 in
697 3185 744 3251 eis
770 3184 912 3267 aliquam
936 3182 1212 3259 convenientiam,

89 3311 166 3378 quae
194 3312 235 3360 ex
264 3304 353 3377 parte
381 3293 526 3378 ipsarum
555 3302 775 3378 supponatur,
808 3293 933 3359 ratione
963 3293 1057 3378 cujus
1087 3292 1215 3376 possint

89 3421 196 3467 unum
226 3400 320 3485 quasi
351 3401 539 3486 specificum
574 3400 739 3487 objectum
771 3400 987 3478 constituere,
1026 3400 1132 3484 qualis
1164 3407 1215 3466 est

89 3531 123 3577 v.
144 3531 181 3595 g.
203 3508 291 3575 idem
309 3511 430 3575 modus
447 3509 644 3576 immutandi
663 3510 789 3585 visum,
812 3511 864 3574 vel
884 3509 1005 3593 aliquid
1028 3509 1153 3590 simile3
1181 3515 1214 3574 et

90 3621 160 3683 haec
177 3625 313 3683 vocatur
332 3616 481 3702 proxima
492 3617 572 3682 ratio
586 3615 721 3682 visibilis
740 3637 782 3683 ex
795 3625 886 3701 parte
904 3616 1034 3702 objecti.
1056 3616 1108 3682 Ad
1128 3619 1214 3682 hunc

69 3745 170 3816 ergo
189 3727 328 3792 modurn
349 3724 596 3810 intelligendum
612 3734 662 3792 est
680 3727 722 3791 de
740 3726 868 3811 objecto
887 3725 1013 3792 scibili»
1034 3722 1047 3813 (
1074 3722 1099 3812 ).

157 3841 293 3902 Verum
318 3838 500 3901 difficultas
523 3847 558 3900 et
579 3839 780 3916 opinionum
807 3839 958 3901 varietas
980 3845 1035 3902 est
1059 3833 1092 3898 in
1114 3831 1216 3916 expli·
1286 3867 1312 3914 1„
1327 3882 1373 3927 q„

89 3943 193 4008 canda
212 3941 336 4008 ratione
353 3940 407 4005 illa
424 3939 602 4026 objectiva,
618 3959 693 4024 quae
711 3940 744 4006 in
764 3941 861 4006 rebus
880 3942 921 4007 ad
940 3941 1090 4006 eamdem
1111 3941 1216 4006 scien·
1228 3937 1271 3984 ¹⁵¹⁸
1281 3939 1312 4021 312
1321 3939 1389 3996 buin·
1398 3939 1429 3985 ret

91 4051 169 4115 tiam
190 4047 428 4134 pertinentibus
448 4047 623 4133 reperitur,
644 4056 678 4114 et
696 4058 828 4132 propter
846 4067 948 4132 quam
967 4046 1030 4114 illae
1045 4048 1078 4114 in
1099 4048 1213 4113 eadem
1263 4009 1391 4058 d'ffiwhu'

92 4157 218 4223 ratione
248 4156 367 4222 scibilis
399 4155 615 4232 conveniunt,
647 4167 680 4223 et
713 4167 845 4242 propter
878 4175 978 4240 quarn
1012 4155 1145 4223 scientia
1173 4155 1214 4221 ad

93 4265 284 4352 hujusmodi
304 4283 356 4330 res
373 4265 547 4332 terminata
566 4281 632 4330 una
649 4263 783 4341 dicitur,
800 4272 833 4329 et
851 4273 914 4335 est.

136 4374 215 4458 287.
264 4372 371 4440 Prima
385 4371 547 4438 sententia
560 4370 832 4438 communissima
846 4380 937 4439 tenet
952 4369 1112 4438 rationem
1126 4369 1215 4437 illam
1294 4385 1369 4436 vane

91 4481 307 4566 obiectivam,
328 4480 415 4546 unde
434 4479 578 4547 scientia
595 4479 824 4565 speculativae,
850 4498 927 4546 nam
946 4479 987 4545 de
1005 4479 1056 4547 his
1073 4478 1215 4565 agimus,
1270 4460 1394 4587 ⁸⁶:32¹*

127 4716 170 4784 (ι)
206 4709 334 4782 Suarez,
349 4709 426 4784 disp.
441 4710 569 4785 Metalli.
581 4729 634 4785 44,
648 4723 718 4772 sect.
737 4731 787 4784 rr,
802 4729 832 4771 n.
844 4711 891 4784 64.
