3492 5525
332 501 451 566 Aarrc.
477 515 534 564 aa·
556 498 648 578 Quin
668 519 721 564 sm
738 499 957 566 anolcamo
1112 501 1167 566 161

80 677 363 762 madaaammtata
384 682 452 746 idco
471 683 517 748 ad
528 683 735 766 cognoscenda
743 682 989 765 prada'cammta
1002 687 1212 767 oportetpra·

83 805 263 872 cognoscere
279 786 581 877 paada'cada'taa(1).
872 867 876 872 ,

151 895 262 980 Atque
279 896 325 961 ita
348 897 500 982 logicam
529 895 720 964 Aristoteles
747 879 1048 966 aPraedicameriis
1074 917 1212 966 exorsus

86 1010 153 1078 ast,
173 1003 226 1068 cui
240 1005 389 1070 tractatui
403 1003 557 1089 deinceps
571 1005 768 1102 Pom-llyrius
782 1023 877 1072 suam
898 1008 1040 1091 isagogen
1054 1005 1212 1090 praemisit
1264 981 1364 1098 W.

86 1111 123 1174 de
141 1108 290 1195 Quinque
302 1112 561 1178 Pradicabitimu
578 1109 643 1202 (2),
657 1131 716 1178 seu
726 1113 864 1196 primam
878 1113 1103 1180 institutionem
1120 1133 1140 1178 a
1153 1114 1213 1180 do·

87 1217 188 1282 ctrina
212 1219 353 1285 Platonis
374 1229 471 1304 atque
486 1219 669 1286 Aristotelis
687 1239 896 1304 expressam,
922 1233 998 1303 quae·
1016 1221 1210 1287 discentium

88 1326 216 1390 animos
233 1327 275 1390 ad
293 1327 415 1392 facilius
437 1327 675 1412 percipiendam
696 1327 900 1412 disciplinam
920 1330 961 1394 de
979 1313 1212 1413 prae'dicamen·

88 1433 125 1498 tis
151 1445 358 1517 praepararet.
384 1435 421 1499 Et
439 1437 594 1518 quoniam
612 1434 820 1502 Praaoaoia
842 1435 931 1501 idem
949 1436 1083 1502 tandem
1106 1443 1157 1502 est
1173 1454 1212 1500 ac

91 1540 278 1606 an'versate
296 1543 385 1637 quod
402 1543 533 1626 logicum
551 1551 681 1621 vocant,
702 1543 898 1628 posteriores
917 1542 1023 1628 logici
1038 1562 1104 1609 non
1123 1541 1212 1627 prius

88 1647 191 1730 ipsam
230 1649 484 1716 Praedicabillum
525 1650 750 1716 tractationem
787 1650 1075 1735 aggrediebantur,
1112 1669 1212 1733 quam

87 1756 343 1823 controversiam
379 1759 420 1823 de
452 1757 688 1824 Universoltdus
718 1758 751 1823 in
776 1776 896 1842 genere
924 1757 1113 1843 agitassent.
1145 1756 1214 1824 Nos

88 1883 183 1940 vero,
212 1863 331 1946 quide
355 1865 404 1930 his
427 1865 581 1932 omnibus
604 1868 699 1949 plene
723 1866 756 1930 in
781 1865 1026 1949 presentiarum
1050 1864 1214 1948 disputare

86 1988 151 2059 non
165 1989 358 2054 possumus,
372 1973 430 2038 sed
442 1981 602 2056 quantum
614 1969 735 2038 sufficit
744 1973 785 2038 ad
795 1989 923 2050 eorum,
934 1991 1009 2056 quae
1018 1979 1211 2056 sequuntur,

85 2077 351 2164 intelligentium
378 2081 537 2146 declarata
562 2080 701 2146 breviter
729 2080 950 2147 Pradicam'tis
976 2080 1115 2157 ratione,
1143 2078 1215 2163 ipsa

85 2185 240 2270 deinceps
267 2185 482 2253 Praedicabilia
507 2188 714 2272 singillatim,
741 2207 777 2252 ac
801 2189 937 2253 demum
962 2186 1215 2253 Praedicamenta

85 2293 200 2360 leviter
223 2293 457 2373 delibabimus,
486 2297 669 2360 uberiorem
694 2295 735 2361 de
760 2295 810 2360 his
836 2295 934 2360 rebus
959 2295 1213 2379 disputationem

85 2399 116 2464 in
146 2401 311 2485 propriam
340 2403 672 2486 opportunioremque
701 2403 814 2468 sedem
843 2403 1061 2468 remittentes.
1090 2401 1214 2468 Verum

84 2508 176 2590 prius
194 2519 271 2575 ante
289 2510 400 2576 omnia
418 2511 576 2595 explicare
595 2517 723 2594 oportet
741 2510 820 2593 quid
839 2510 882 2576 sit
893 2510 1093 2593 pradicatio.

473 2792 774 2870 ARTICULUS
796 2794 826 2869 Ι.

395 2964 522 3039 Quid
544 2966 604 3029 sit
631 2962 909 3045 praedicatio.
943 3054 947 3061 .

128 3178 189 3241 42·
239 3158 427 3226 Praedicatio
445 3158 672 3243 esta-ffirmotio
687 3158 876 3241 autnegatio
891 3156 1027 3243 ata'cujas
1043 3158 1083 3221 de
1095 3154 1219 3239 alapam.
1309 3172 1396 3255 .⁸'.⁵⁰.

82 3287 188 3349 quare
206 3267 371 3352 peragitur
389 3285 451 3350 ope
466 3266 593 3352 judicii,
615 3268 720 3352 ajente
740 3266 898 3349 Angelico
916 3263 1070 3329 Doctore:
1090 3263 1213 3329 Prodi·
1308 3257 1410 3325 ’ΨΜ

81 3376 165 3439 rotro
177 3380 229 3440 est
242 3376 410 3459 quoddam,
430 3376 515 3459 qaod
526 3376 696 3456 compater
708 3374 931 3456 peractionem
945 3373 1119 3438 intellectas
1133 3389 1216 3436 cooa-

77 3482 230 3563 ponentis
248 3486 281 3548 et
295 3482 483 3559 dividentes,
504 3483 618 3547 habens
637 3484 739 3547 amen
747 3482 993 3567 fundamentum
1010 3480 1046 3544 in
1064 3498 1098 3545 ra
1116 3479 1216 3562 ipsam

81 3592 239 3657 unitatem
257 3606 380 3668 aarum,
400 3608 531 3675 qaorum
549 3607 648 3655 anam
666 3592 704 3655 de
722 3591 820 3655 altero
836 3589 955 3654 dicitur
971 3585 1036 3676 (3),

150 3698 287 3783 Duplex
300 3707 351 3765 est
363 3696 561 3783 praedicatio:
578 3698 725 3763 ordinata
740 3706 837 3781 atque
850 3696 1046 3762 inordinata.
1061 3694 1218 3760 Ordinato
1321 3780 1326 3790 Ι
1357 3722 1397 3753 η·

81 3826 140 3875 seu
160 3807 267 3874 etiam
286 3808 444 3873 moderatis
462 3816 529 3885 est,
550 3825 624 3891 quae
642 3806 686 3871 rei
706 3814 829 3871 naturae
851 3803 1015 3891 congruit.
1034 3802 1219 3869 inordinata
1328 3792 1380 3824 '²⁸⁸

18 4078 19 4101 ¹
111 4080 157 4151 (ι)
200 4076 239 4135 S.
249 4076 367 4146 Thoan..
377 4075 423 4135 vel
432 4072 610 4148 quicumque
620 4074 660 4135 ait
668 4074 779 4133 Auctor
788 4073 833 4133 Da
848 4074 952 4133 Tatiae
964 4071 1086 4146 logica
1097 4070 1218 4132 Aristo·

82 4172 151 4228 tetis
166 4168 308 4237 Summa,
325 4165 357 4225 in
376 4165 533 4225 Prooemio.

113 4266 158 4330 (a)
200 4256 296 4317 Notat
310 4256 492 4330 Porphyrius
505 4256 538 4315 in
552 4274 605 4315 aua
618 4252 786 4329 prelatione
799 4253 837 4312 ad
850 4252 1002 4327 isagogen,
1017 4251 1218 4313 uacationem

81 4352 158 4409 hane
168 4348 213 4408 de
230 4346 468 4405 Praedicabilibus
481 4360 544 4406 tum
558 4345 597 4405 ad
607 4344 769 4405 doctrinam
782 4342 949 4405 Aristotelis
959 4342 996 4402 de
1011 4340 1220 4404 predicamen-

81 4442 118 4500 tis
130 4435 335 4501 numiam
344 4455 416 4507 asse,
432 4448 495 4496 tum
505 4436 608 4495 utilem
621 4436 659 4495 ad
668 4434 852 4510 definitiones
861 4434 1069 4507 assignandae,
1083 4452 1119 4493 ac
1131 4433 1220 4491 omni·
1346 4455 1351 4463 ·

83 4553 116 4590 so
136 4534 178 4589 ad
201 4528 367 4587 divisiones
385 4524 697 4599 demonstrationesq'ae
711 4523 917 4598 conficiendas.
935 4523 1012 4583 Vide
1021 4542 1089 4595 quse
1104 4522 1221 4583 inbono

83 4644 140 4682 rem
155 4618 270 4683 scribit
284 4616 414 4678 Toletus.
436 4617 500 4677 etr.
515 4615 739 4676 conimbriam
753 4616 788 4673 P.
804 4616 918 4675 Autan.
932 4613 1029 4674 Rubio
1038 4613 1070 4675 iu
1084 4612 1220 4675 eumdem

85 4712 190 4773 laeum.

115 4808 156 4876 (3)
198 4798 317 4873 opusc.
332 4796 370 4859 de
383 4796 459 4857 Emts
471 4809 502 4859 et
515 4796 643 4869 timent..
657 4814 722 4870 sap.
735 4812 755 4869 4
768 4794 817 4856 lin.

1148 4910 1180 4959 tt
