3492 5525
546 416 624 480 1026
657 415 781 482 Lootea
793 416 1028 491 Major-Lis.
1046 434 1115 495 μ’,
1132 418 1224 483 ὓιεΡ.
1242 433 1289 502 4.·
1302 416 1383 482 Cae.
1400 432 1470 501 ψ

502 603 664 687 nauseati
682 604 799 669 tibrum
823 605 862 668 dc
888 602 1044 711 intellectu
1071 606 1104 669 ct
1122 603 1329 687 intelligibili
1347 607 1398 670 aet
1422 605 1453 668 si
1480 605 1624 687 fecisset,

502 733 572 778 non
591 717 779 794 pertineret
794 716 839 778 ad
858 716 1038 779 scientiam
1055 719 1259 790 naturalem,
1280 717 1343 779 sed
1360 718 1471 795 magis
1489 718 1533 779 ad
1551 720 1627 780 lde·

502 825 736 904 taphysicum,
755 826 855 902 cuiue
880 834 934 888 est
950 824 1177 889 consideratio
1199 825 1243 887 de
1268 825 1471 887 substantiis
1489 844 1629 903 separa-

502 933 560 993 tis.
581 934 659 995 Alia
675 950 760 996 vero
777 933 894 996 omnia
914 942 997 995 aunt
1013 942 1110 995 actus
1127 933 1270 1010 alicujus
1283 932 1390 1011 partis
1403 916 1576 1010 eorporis,
1592 943 1628 995 et

502 1041 579 1102 ideo
596 1056 717 1102 eorum
735 1049 847 1118 potest
864 1058 943 1103 esse
961 1042 1118 1118 specialis
1135 1040 1362 1103 consideratio
1379 1058 1441 1118 per
1454 1041 1627 1118 aplioatio-

503 1165 585 1210 nem
602 1148 646 1209 ad
664 1166 790 1226 corpus
812 1150 869 1210 vel
889 1164 1016 1226 organa
1033 1164 1211 1226 corporea,
1232 1158 1360 1226 praeter
1380 1148 1629 1209 consideratio-

503 1274 597 1328 nem,
617 1274 698 1335 quae
712 1257 827 1319 habita
839 1266 894 1318 est
912 1257 954 1317 de
965 1256 1050 1335 ipsis
1069 1255 1104 1317 in
1120 1258 1206 1317 libro
1219 1258 1262 1319 de
1275 1257 1403 1317 Anima
1420 1248 1485 1337 (ἰ).

571 1357 694 1423 Similia
708 1359 803 1425 docet
817 1358 964 1443 Aquinas
979 1358 1012 1425 in
1023 1359 1107 1424 libro
1122 1359 1227 1443 primo
1240 1358 1460 1441 Physicorum,
1479 1358 1628 1423 scribens

505 1466 685 1531 naturalem
723 1466 965 1549 Philosophiam
1004 1467 1044 1532 de
1078 1468 1277 1533 naturalibus
1310 1485 1399 1540 esse,
1434 1466 1628 1548 multosque

503 1573 675 1657 complecti
693 1582 865 1648 tractatus,
887 1575 1030 1657 primum
1047 1576 1087 1640 de
1100 1575 1154 1648 iis,
1170 1592 1244 1657 quae
1261 1584 1510 1658 consequuntur
1523 1590 1627 1638 omne

504 1663 563 1747 ens
591 1682 712 1747 mobile
737 1682 771 1747 in
797 1681 983 1758 communi,
1014 1682 1054 1747 de
1074 1681 1193 1765 quibus
1213 1681 1278 1765 egit
1299 1680 1489 1747 Aristoteles
1509 1682 1542 1745 in
1562 1700 1627 1746 suo

503 1807 601 1872 opere
619 1789 822 1869 Physicorum
839 1806 898 1854 seu
918 1790 958 1853 de
977 1788 1109 1869 Physica
1127 1790 1371 1869 auscultatura
1403 1787 1522 1853 deinde
1546 1808 1627 1854 vero

502 1896 658 1980 consequi
677 1898 756 1962 alios
770 1905 926 1961 tractatus
941 1897 981 1961 de
996 1895 1091 1961 variis
1106 1896 1277 1979 speciebus
1292 1896 1482 1972 mobilium,
1502 1916 1628 1981 nempe

502 2006 540 2070 dc
558 2004 661 2079 Coeia,
677 2006 716 2068 de
734 2004 941 2070 Generatioua
957 2006 989 2069 ct
1007 2004 1218 2085 corruptione,
1238 2006 1276 2068 da
1294 2002 1454 2078 Meteoris,
1479 2005 1521 2068 de
1540 2004 1630 2069 Mix-

503 2112 545 2177 tis
563 2110 767 2187 inanimatis,
790 2130 826 2175 ac
843 2112 979 2177 demum
1000 2111 1040 2175 de
1059 2110 1169 2179 mixtis
1184 2110 1349 2188 animatis,
1367 2110 1541 2194 dequibus
1557 2113 1628 2195 egit

504 2218 696 2284 Aristoteles
713 2217 746 2283 in
766 2218 855 2285 libris
872 2220 910 2282 de
925 2218 1043 2283 Anima
1062 2228 1094 2284 et
1113 2218 1213 2304 aliis(
1237 2215 1263 2304 ).
1445 2294 1449 2306 ι

571 2326 651 2391 item
670 2325 743 2390 alibi
758 2344 833 2391 cum
854 2326 970 2391 eodem
991 2325 1164 2391 Aristotele
1182 2322 1246 2411 (3).
1268 2324 1306 2391 Et
1320 2346 1360 2391 ax
1376 2326 1430 2421 hoc
1443 2324 1557 2408 pulani
1566 2330 1629 2395 est.

502 2433 638 2517 quiscat
659 2434 769 2498 modus
796 2433 977 2516 inquirendi
1001 2432 1208 2516 auidditatcm
1231 2452 1335 2497 rerum
1362 2434 1580 2509 naturalium,
1601 2438 1636 2497 et

499 2541 673 2625 definiendi
689 2540 870 2605 inscientia
889 2540 1047 2615 naturali,
1067 2539 1141 2623 quia
1158 2539 1276 2606 scilicet
1292 2559 1362 2605 cum
1379 2541 1509 2605 maaria
1527 2542 1633 2605 seusi-

504 2648 571 2715 hiii.
592 2650 632 2713 Et
643 2652 771 2730 propter
787 2648 841 2712 hoc
858 2648 951 2712 etiam
969 2650 1007 2712 da
1026 2647 1144 2711 Anima
1162 2653 1323 2731 quaedam
1340 2654 1537 2731 speculatur
1558 2658 1633 2716 Na-

502 2763 641 2835 turalis,
661 2779 890 2840 quaecumque
914 2760 1042 2822 scilicet
1067 2777 1136 2822 non
1151 2759 1362 2822 definiuntur
1382 2760 1457 2822 sine
1479 2763 1633 2824 materia

503 2871 670 2932 sensibili.
691 2863 820 2929 Dicitur
842 2863 924 2928 anim
952 2864 1145 2928 insecundo
1175 2867 1212 2928 da
1239 2863 1374 2936 Auium,
1405 2865 1488 2946 quoa
1516 2865 1630 2929 anima

503 2976 552 3038 est
570 2975 657 3037 actus
688 2969 826 3053 corporis
853 2970 975 3052 physici
1005 2970 1151 3053 organici
1171 2972 1310 3053 potantia
1341 2971 1438 3035 vitam
1469 2971 1628 3038 habentis.

504 3088 632 3149 Anima
648 3094 781 3156 autem,
806 3083 998 3145 secundum
1016 3083 1106 3161 quod
1125 3101 1195 3144 non
1214 3093 1268 3146 est
1289 3093 1385 3145 aetus
1408 3084 1488 3145 talis
1507 3101 1631 3163 oorpo-

504 3195 569 3266 ris,
589 3211 659 3254 non
677 3191 825 3269 pertinet
841 3190 885 3252 ad
898 3189 1208 3252 considerationem
1223 3192 1409 3263 Naturalis,
1426 3191 1542 3269 siqua
1556 3194 1631 3254 ani·

504 3317 561 3363 ma
578 3308 691 3377 potest
704 3317 725 3360 a
738 3314 879 3375 corpore
896 3299 1049 3376 separari
1072 3289 1133 3378 (4).

503 3469 506 3473 ,
575 3404 745 3467 Praeterea:
780 3401 953 3465 intellectus
986 3401 1160 3465 osterulitur
1180 3420 1207 3465 a
1238 3401 1381 3481 Physicis
1413 3397 1488 3481 (De
1519 3401 1630 3466 anima

505 3510 560 3574 lib.
582 3527 619 3594 3,
640 3519 708 3573 tex.
730 3508 863 3574 Comm.
885 3503 905 3570 6
924 3517 957 3573 et
981 3505 1038 3594 ¹9)
1056 3513 1290 3589 esseseparatas
1303 3527 1323 3572 a
1337 3514 1482 3590 corpore,
1499 3512 1633 3594 etquad

503 3636 600 3702 nequa
620 3619 668 3682 est
688 3621 816 3696 corpus,
843 3633 940 3699 itaqua
962 3614 1064 3680 virtus
1087 3615 1121 3678 iu
1138 3621 1264 3696 corpora
1289 3612 1353 3702 (5).
1374 3615 1420 3680 En
1440 3634 1522 3700 ergo
1544 3620 1628 3692 haec,

504 3744 578 3808 quae
596 3745 615 3788 a
634 3723 863 3790 recentioribus
891 3729 1068 3789 tractantur
1095 3721 1385 3807 in·Psychologia,
1412 3743 1488 3806 quae
1509 3725 1632 3790 dicitur

503 3852 568 3897 una
593 3851 633 3898 ex
657 3831 802 3917 partibus
830 3829 1059 3917 Metaphysicae
1078 3829 1239 3912 specialis,
1260 3849 1300 3896 ex
1330 3831 1505 3914 angelico,
1529 3835 1632 3914 perti-

504 3953 582 4007 nent
602 3941 641 4004 ad
662 3939 856 4025 Physicum,
877 3955 935 4002 seu
955 3937 1188 4020 Philosophum
1209 3939 1401 4006 naturalem.

537 4262 578 4330 (l)
616 4259 648 4317 S.
664 4260 781 4327 Thom,
796 4260 831 4316 de
844 4258 938 4316 Seasu
953 4269 981 4316 et
996 4259 1126 4329 Sensato,
1141 4259 1207 4318 lect.
1222 4281 1245 4329 1,
1259 4259 1352 4318 initio.

538 4356 578 4418 (a)
615 4349 691 4407 Vide
705 4350 735 4406 in
749 4349 800 4406 lib.
819 4357 856 4407 1.'
871 4350 1032 4422 Phystion,
1048 4349 1113 4408 lect.
1132 4361 1169 4406 1.¹

537 4443 577 4509 (3)
615 4439 680 4497 Lib.
695 4441 726 4508 6,
744 4437 921 4512 Metaphys.,
937 4457 997 4510 cap.
1017 4460 1040 4496 1.

536 4533 576 4601 (4)
614 4527 647 4588 S.
662 4528 778 4598 Thoan,
792 4528 841 4586 lib.
857 4529 890 4598 6,
906 4529 1077 4602 Metaphys.,
1091 4529 1155 4589 lect.
1175 4549 1198 4597 1,
1215 4527 1244 4586 in
1261 4529 1309 4600 fin=
1325 4548 1440 4602 paragr.
1457 4535 1487 4590 al.

536 4623 576 4689 (ς)
614 4617 646 4675 S.
662 4606 844 4690 Thom.,'lib.
861 4629 901 4675 a·
916 4617 1016 4676 Contr.
1031 4617 1126 4689 Gaul,
1142 4639 1204 4690 cap.
1224 4619 1270 4690 56,
1292 4617 1321 4675 in
1336 4617 1414 4684 fine„
1432 4621 1508 4679 Item
1520 4625 1635 4700 impos·

503 4707 591 4768 sibile
604 4716 658 4768 est.
825 4711 828 4716 ’
