3492 5525
617 0 847 39 ARTIC·
881 0 1003 60 4⁰⁰⁸
1036 0 1274 44 UTRUM
1301 0 1461 43 LOG.
1497 0 1601 42 SIT
1623 0 1901 43 SPECUL.
1933 0 2019 43 AN
2052 0 2281 44 FRACT.
2350 0 2507 61 1099

335 155 701 227 secundum
757 160 916 244 quid
992 164 1494 247 speculativam,
1559 172 1631 229 ut
1710 163 2040 231 Hurtadus
2112 172 2178 231 et
2243 164 2345 231 alii
2404 165 2579 249 apud

336 264 734 355 Quiros(1).
779 268 1022 335 Verum
1069 269 1134 336 hi
1175 271 1489 356 postremi
1520 271 1738 356 potius
1774 271 2097 356 pertinere
2127 273 2384 339 dicendi
2417 281 2577 339 sunt

332 374 415 440 ad
457 376 812 442 secundam
852 378 1274 455 sententiam,
1316 381 1468 463 quia
1507 378 1767 464 plurimi
1806 398 2070 455 eorum,
2110 381 2221 464 qui
2261 381 2437 445 illam
2476 399 2580 446 se·-

330 501 466 565 quu
477 494 651 559 ntur,
672 484 1026 553 admittunt
1042 484 1344 572 Logicam
1361 506 1502 553 esse
1524 487 1990 572 speculativam
2005 487 2369 554 secundum
2388 487 2572 571 quid.

466 588 712 666 Quarta
749 591 1029 677 denique
1065 593 1387 661 sententia
1423 606 1523 661 est
1559 614 1825 671 eorum,
1886 596 1997 679 qui
2037 596 2426 662 arbitrantur
2463 595 2577 660 Lo·
2722 638 2893 686 quam,

328 698 541 783 gicam
583 717 796 783 neque
851 720 995 767 esse
1049 702 1381 767 scientiam
1422 703 1889 787 speculativam
1942 722 2152 786 neque
2194 702 2567 786 practicam,

328 805 449 870 sed
477 824 619 872 esse
638 806 981 874 dumtaxat
1009 808 1543 875 introductoriam
1567 820 1631 876 et
1661 810 2312 886 adminiculandam,
2343 808 2583 876 instru-.

331 922 767 999 mentumque
822 916 904 981 ad
958 918 1399 1001 assequendas
1452 925 1791 1000 utrasque.
1842 916 1929 982 lta
1968 917 2038 982 P.
2088 916 2373 982 Cosmus
2420 916 2572 981 Ala-

331 1021 553 1087 manni
600 1020 729 1109 (2),
773 1024 997 1090 Petrus
1054 1026 1252 1110 Niger
1305 1026 1536 1108 aliique
1593 1025 1779 1108 pauci
1826 1011 2002 1109 apud
2061 1024 2398 1091 Mastrium
2435 1021 2565 1111 (3).

418 1147 572 1215 333.
669 1131 735 1196 ln
759 1132 876 1196 hac
896 1131 1338 1198 controversia
1353 1133 1639 1217 primum
1663 1132 1945 1198 breviter
1962 1131 2417 1217 rejiciendaest
2434 1133 2571 1197 haec
2692 1166 2903 1223 Rejffim,

326 1236 556 1301 ultima
601 1238 824 1321 opinio
860 1247 1198 1323 tamquam
1230 1241 1410 1305 falsa.
1451 1241 1616 1306 Nam
1658 1239 1888 1324 Logica
1924 1238 1989 1304 in
2030 1239 2256 1323 primis
2300 1238 2571 1307 scientia
2624 1239 2798 1286 mian„
2815 1251 2970 1321 qparta

325 1355 458 1420 est,
485 1353 548 1410 at
567 1346 828 1412 scientia
850 1347 1222 1414 immediate
1244 1357 1308 1414 et
1327 1347 1664 1431 adaequate
1687 1346 1992 1413 dividitur
2014 1348 2078 1413 in
2097 1347 2562 1431 speculativam
2674 1321 2906 1357 '‘menn‘'

322 1462 390 1517 et
425 1455 794 1538 practicam.
827 1454 890 1519 Si
920 1455 1095 1519 enim
1125 1455 1333 1521 tendit
1360 1456 1439 1520 ad
1470 1474 1638 1539 opus
1669 1455 2100 1540 regulandum
2132 1468 2232 1522 est
2260 1454 2559 1538 practica3

321 1562 377 1627 si
432 1579 586 1627 vero
643 1580 826 1640 non,
851 1563 967 1628 sed
1023 1563 1194 1628 sistit
1247 1562 1313 1627 in
1371 1581 1546 1628 mera
1585 1563 2168 1645 contemplatione,
2223 1564 2566 1646 speculati-

325 1688 407 1735 va
459 1677 585 1736 est.
643 1669 853 1735 lmmo
905 1669 1077 1736 idem
1131 1670 1218 1735 ob
1257 1670 1556 1735 eamdem
1608 1670 1924 1736 rationem
1977 1670 2324 1750 dicendum
2372 1671 2561 1745 foret,

319 1775 574 1842 etiamsi
616 1795 747 1842 non
786 1785 959 1843 esset
995 1777 1285 1845 scientia.
1325 1779 1494 1843 Nam
1525 1776 1814 1863 cognitio
1840 1786 2014 1844 certe
2051 1786 2149 1843 est
2188 1777 2421 1862 Logica
2457 1780 2561 1843 vel

321 1884 580 1952 habitus
617 1885 1132 1969 cognoscitivus,
1166 1893 1364 1969 atque
1391 1885 1554 1951 adeo
1581 1886 1683 1950 vel
1712 1884 1881 1952 sistit
1907 1884 1974 1950 in
2003 1885 2560 1969 contemplatione

319 1991 574 2076 objecti,
621 1994 723 2058 vel
760 1992 976 2077 dirigit
1011 1994 1458 2076 operationem
1495 1991 1626 2078 (4).
1669 1993 1821 2071 Qo
1858 1993 2231 2077 supposito,
2272 1994 2357 2059 sit

406 2171 561 2238 334.
669 2154 1075 2220 Pnoposmo.
1147 2171 1231 2218 ι.·
1333 2159 1586 2236 Logica
1632 2168 1973 2237 quatenus
2026 2160 2298 2238 regulas
2353 2160 2564 2223 tradit

317 2266 505 2327 modi
541 2266 842 2339 sciendi,
886 2284 1051 2328 vere
1085 2259 1382 2350 practica
1418 2275 1548 2328 est.

448 2423 538 2488 lta
575 2421 853 2487 Lossada
889 2440 1040 2487 cum
1079 2421 1455 2488 auctoribus
1490 2422 1795 2489 secundae
1830 2422 2199 2490 sententiae.

447 2534 652 2597 Prob.
697 2530 803 2595 llla
841 2528 1108 2595 scientia
1135 2539 1233 2595 est
1266 2530 1580 2614 practica,
1614 2549 1764 2614 quae
1795 2530 2050 2615 respicit
2078 2531 2553 2616 operationem,

316 2638 673 2721 regulando
710 2637 884 2702 illam
916 2645 981 2702 et
1017 2636 1477 2704 constituendo
1518 2638 1830 2713 modum,
1864 2657 1999 2721 quo
2038 2638 2172 2703 fieri
2211 2638 2438 2714 debet,
2484 2650 2557 2706 ut
2705 2663 2864 2717 tonica

310 2753 566 2811 constat
599 2765 680 2811 ex
724 2744 871 2810 alibi
926 2744 1259 2830 praemissa
1303 2745 1571 2812 notione
1625 2744 1910 2812 scientiae
1967 2747 2284 2830 practicae.
2352 2745 2553 2832 Atqui
2583 2744 2973 2850 quffinffadff‘u‘

316 2853 547 2938 Logica
580 2853 839 2939 respicit
874 2855 1285 2938 operationes
1322 2854 1687 2920 intellectus
1725 2856 1850 2920 hoc
1887 2855 2112 2921 modo.
2635 2878 2824 2932 praene-
2845 2837 2925 2924 es’t.

446 2961 611 3026 Nam
649 2979 800 3026 cum
851 2981 917 3026 v.
958 2981 1056 3045 g.,
1097 2961 1291 3029 tradit
1327 2963 1582 3047 regulas
1617 2961 2001 3038 definiendi,
2043 2963 2403 3041 dividendi,
2454 2984 2554 3030 ar-

308 3068 738 3154 gumentandi
788 3077 950 3145 etc.,
1012 3069 1076 3134 in
1136 3066 1361 3164 primis
1400 3069 1654 3154 respicit
1691 3070 2103 3153 operationes
2156 3069 2546 3149 intellectus,

308 3195 545 3262 nempe
610 3176 1094 3252 definitionem,
1170 3175 1596 3254 divisionem,
1674 3179 2309 3262 argumentationem
2386 3191 2544 3257 etc„

306 3300 545 3367 easque
581 3283 945 3350 considerat
983 3292 1056 3350 ut
1092 3285 1513 3360 exercendas,
1557 3292 1623 3349 et
1661 3285 1930 3369 quidem
1971 3286 2171 3351 modo
2208 3288 2541 3371 operabili,

305 3392 621 3458 tradendo
686 3393 941 3476 regulas
1004 3400 1069 3456 et
1133 3389 1471 3476 dirigendo
1546 3392 1845 3468 modum,
1914 3411 2048 3476 quo
2122 3405 2293 3460 recte
2357 3395 2542 3463 fiant.

303 3501 557 3583 Nempe
596 3498 827 3584 Logica
863 3506 965 3565 est
1000 3498 1308 3584 practica:
1341 3496 1410 3586 α)
1439 3518 1521 3566 ex
1552 3507 1728 3583 parte
1759 3501 1991 3584 objecti
2012 3552 2027 3578 ,
2070 3520 2223 3567 nam
2254 3514 2550 3571 contem-

303 3608 516 3690 platur
550 3606 997 3691 operationes,
1039 3624 1188 3689 quae
1223 3614 1379 3672 sunt
1419 3607 1664 3691 praxis:
1698 3604 1770 3695 β)
1807 3627 1889 3674 ex
1925 3618 2105 3692 parte
2135 3610 2349 3688 modi,
2393 3631 2544 3678 nam

303 3716 495 3782 docet
535 3714 844 3790 modum,
887 3714 1295 3799 operationes
1330 3713 1657 3781 eliciendi:
1700 3712 1773 3806 γ)
1810 3735 1893 3782 ex
1931 3727 2111 3801 parte
2149 3716 2331 3797 finis,
2394 3738 2544 3785 nam

305 3830 627 3906 praecepta
664 3822 807 3906 ejus
843 3821 1225 3889 ordinantur
1261 3821 1342 3888 ad
1375 3822 1805 3907 operandum.

371 4002 456 4071 (ι)
532 3999 670 4061 Loc.
712 4020 853 4071 nup.
887 3998 987 4059 cit.
1020 4018 1080 4057 n.
1117 4018 1201 4072 53.

370 4095 451 4158 (2)
523 4088 740 4148 Summ.
786 4090 1010 4149 Philas.
1053 4088 1222 4162 prim.
1254 4100 1404 4162 part.
1431 4110 1491 4161 q.
1529 4110 1574 4158 1,
1599 4103 1708 4149 art.
1735 4111 1793 4163 4.

371 4186 453 4251 (3)
528 4180 665 4238 Loc.
699 4179 821 4250 cit„
859 4198 920 4238 n.
948 4196 1037 4252 55.

371 4275 452 4342 (4)
523 4268 676 4328 Vide
699 4271 746 4328 F
748 4288 975 4337 onseca,
1007 4269 1113 4329 loc.
1144 4269 1267 4337 cit„
1298 4280 1433 4328 sect.
1472 4279 1546 4328 ι.·
