3492 5525
239 408 356 471 Aurio.
374 420 433 469 ιιι
447 404 615 482 Quorrooo
631 422 916 504 namurssmlmsr..
934 421 967 467 ru
980 418 1099 465 couci..
1123 394 1182 481 817

183 582 245 647 lste
265 600 361 667 porro
379 600 558 649 concursus
569 580 823 675 praemissarum
844 580 877 647 in
909 567 1080 647 assensum
1109 580 1240 646 conclu·
1277 592 1434 677 quemnam

114 688 217 755 sionis
235 688 405 775 dupliciter
427 688 562 775 intelligi
581 698 707 775 potest:
734 688 840 774 primo
863 688 908 753 ita
935 698 973 755 ut
999 686 1060 774 ipsi
1085 705 1240 755 assensus
1254 669 1356 721 ’ΨΜ
1373 675 1453 720 '’⁰¹³⁸'‘

115 798 359 881 praemissarum
374 798 562 865 immediate
575 816 632 881 per
646 797 773 882 seipsos
786 796 886 863 simul
899 815 976 863 cum
990 797 1154 864 intellectu
1171 815 1242 882 pro

115 907 237 971 ducant
255 924 426 972 assensum
451 904 680 983 conclusionis,
705 907 788 972 sicut
806 906 932 991 species
949 903 1099 989 producit
1116 903 1242 989 simpli-

115 1031 188 1077 cem
219 1013 527 1097 apprehensionem,
562 1014 613 1079 vel
647 1013 731 1079 sicut
762 1011 796 1079 in
822 1013 983 1081 sententia
1019 1012 1240 1096 quorumdam

115 1118 361 1187 Thomistarum
376 1117 427 1210 (ι)
446 1130 537 1188 actus
556 1120 738 1188 intellectus
754 1122 918 1189 concurrit
932 1121 974 1187 ad
992 1120 1250 1206 productionem,

115 1238 207 1295 actus
232 1230 427 1296 voluntatis:
448 1230 593 1295 secundo
616 1229 659 1297 ita
679 1240 715 1296 ut
734 1248 792 1315 per
819 1248 975 1299 assensus
999 1228 1242 1314 praemissarum

116 1336 315 1419 producatur
339 1335 371 1402 in
396 1336 560 1404 intellectu
585 1338 709 1423 species
727 1339 880 1422 quaedam
909 1338 1069 1424 impressa
1092 1335 1249 1421 distincta.

115 1441 157 1508 ab
184 1445 368 1528 speciebus,
394 1463 468 1528 quae
489 1464 546 1529 per
562 1444 764 1513 intellectum
793 1454 946 1531 agentern
973 1444 1244 1513 abstrahuntura

116 1550 336 1628 sensibilibus,
367 1560 400 1617 et
418 1552 470 1617 illa
489 1550 643 1638 deinceps
672 1554 769 1619 simul
789 1572 866 1619 cum
896 1553 1063 1620 intellectu
1088 1552 1246 1637 producat

116 1676 288 1727 assensum
313 1658 541 1726 conclusionis:
563 1679 630 1745 quo
651 1661 751 1728 modo
770 1663 881 1745 plures
903 1661 1024 1729 docent
1041 1658 1243 1725 sensationes
1267 1741 1273 1751 Ι

117 1774 268 1832 externas
290 1785 479 1833 concurrere
505 1767 673 1837 adactum
701 1768 897 1837 sensationis
914 1769 1061 1844 internae,
1081 1774 1243 1860 quatenus

119 1892 239 1958 nempe
258 1872 339 1941 visio
360 1895 394 1942 v.
414 1894 449 1959 g.
465 1876 635 1943 oculorum
651 1877 825 1960 producat,
847 1884 880 1941 et
898 1875 1064 1961 imprimat
1088 1875 1121 1940 in
1144 1892 1245 1944 sensu
1303 1909 1308 1918 =
1335 1944 1339 1952 .

118 1980 261 2047 interiori
292 1980 432 2067 speciem
460 1982 651 2067 quamdam,
682 2002 748 2067 qua
767 1982 944 2060 mediante,
965 1993 1057 2049 actus
1074 1991 1246 2049 consenta-

120 2089 254 2154 neusin
279 2107 317 2154 eo
341 2098 513 2175 generetur
538 2086 602 2179 (2).
625 2088 749 2156 Verum
770 2091 872 2157 iusior
890 2091 993 2176 hujus.
1012 2089 1054 2157 rei
1074 2088 1245 2156 declaratio

120 2195 161 2261 ad
178 2196 405 2285 Psycologiam
425 2208 562 2281 spectat.

189 2304 259 2369 Alia
279 2314 329 2370 est
344 2306 503 2371 sententia
519 2323 643 2390 negans
662 2306 839 2391 praemissis
862 2305 1058 2372 efficientem
1078 2306 1248 2373 causalita·
1272 2334 1370 2384 md,
1386 2348 1440 2380 ,,,,.

120 2424 189 2479 tem
205 2412 237 2477 in
253 2412 512 2479 conclusionem.
537 2412 644 2496 anue
663 2414 759 2481 tribui
778 2416 861 2481 solet
880 2415 1034 2480 Durando
1048 2410 1118 2501 (7),
1131 2433 1170 2480 ac
1190 2432 1248 2499 po-
1323 2409 1400 2454 “¹¹¹⁵'‘

120 2530 191 2585 stea
214 2529 417 2609 propugnata
447 2528 497 2586 est
525 2519 566 2586 ab
594 2520 739 2587 Hurtado
762 2520 829 2609 (4),
854 2521 988 2607 Arriaga
1015 2519 1079 2611 (5),
1106 2519 1246 2612 Georgio

121 2628 255 2695 Rhodes
274 2624 341 2717 (6),
369 2628 539 2697 Francisco
563 2627 690 2695 Oviedo
723 2626 774 2718 (7)
802 2640 834 2696 et
857 2629 946 2708 aliis,
972 2630 1029 2714 qui
1052 2629 1251 2696 arbitrantur.

120 2734 310 2822 praemissas
327 2753 518 2804 concurrere
536 2736 577 2802 ad
594 2736 788 2805 eliciendum
816 2755 988 2805 assensum
1016 2737 1245 2814 conclusionis,

124 2843 246 2928 «quasi
278 2844 449 2922 directim,
481 2853 644 2928 quatenus
672 2845 878 2913 ostendendo
907 2843 1111 2912 identitatem
1142 2854 1249 2911 extre-

123 2969 255 3026 morum
275 2971 350 3017 cum
370 2951 496 3029 medin,
517 2951 673 3019 inclinant
692 2963 724 3018 et
743 2953 962 3021 determinant
987 2952 1188 3019 intellectum
1207 2952 1249 3018 ad

124 3059 352 3125 affirmandam
371 3059 572 3125 identitatem
592 3078 705 3126 eorum
722 3061 805 3126 inter
818 3078 871 3126 se:
889 3061 979 3146 quod
992 3078 1100 3146 genus
1112 3079 1249 3127 concur-

124 3184 183 3232 sus
214 3166 446 3244 illuminando,
485 3165 666 3245 invitando,
690 3157 892 3246 inclinando,
930 3167 1047 3251 dicitur
1081 3168 1251 3234 causalitas

126 3273 273 3357 moralis,
294 3275 424 3357 qualem
452 3274 573 3339 habent
602 3276 722 3359 regula·
747 3275 824 3342 artis
851 3255 1080 3352 in⁰arteiacta,
1104 3283 1138 3340 et
1156 3275 1250 3360 juxta

124 3399 341 3448 communem
362 3382 569 3459 sententiam,
581 3383 725 3468 cognitio
739 3365 857 3469 objecti
870 3383 1018 3450 amabilis
1033 3383 1065 3450 in
1081 3401 1250 3448 amorem»

123 3489 408 3574 quemadmodum
427 3487 536 3556 scribit
554 3491 590 3557 P.
619 3489 801 3557 Ludovicus
819 3490 960 3557 Lossada
973 3488 1039 3578 (8).
1060 3489 1151 3557 Hanc
1178 3508 1253 3558 cau·

125 3598 289 3666 salitatem
302 3608 418 3664 vocant
431 3596 527 3664 etiam
541 3596 703 3682 propriam
719 3613 823 3664 causae
833 3598 976 3665 formalis
985 3598 1174 3665 extrinseca
1185 3595 1250 3687 (9).

134 3861 388 3878 w

166 3977 207 4040 (ι)
244 3969 320 4030 Vide
329 3990 357 4030 v.
370 3991 400 4044 g.
419 3969 564 4042 Caietam,
579 3969 609 4029 ἰιι
627 3991 642 4029 ι
656 3991 684 4044 p,
698 3989 728 4043 q.
742 3971 787 4039 80,
802 3992 829 4031 a.
845 3992 872 4030 2.

164 4068 206 4129 (ι)
243 4061 306 4120 Cir.
318 4058 531 4132 Complutcna„
548 4060 638 4137 tog,
657 4060 733 4134 disp.
752 4081 794 4136 ι7,
806 4081 836 4133 q.
847 4083 873 4133 3,
891 4081 921 4121 ιι.
937 4082 982 4136 74.

167 4158 209 4224 (7)
246 4149 312 4209 Lib.
328 4170 357 4225 a,
370 4150 440 4208 dist.
456 4166 505 4223 24,
519 4170 550 4222 q.
568 4171 592 4220 r,
608 4170 691 4210 num.
706 4170 747 4210 12.

166 4245 207 4313 (4)
243 4243 287 4300 De
299 4240 410 4310 einim„
425 4238 500 4311 disp.
514 4262 541 4314 7,
556 4253 624 4298 sect.
640 4239 668 4298 8.

168 4331 211 4402 (5)
246 4329 365 4404 Logia,
380 4328 456 4402 disp.
476 4341 602 4400 15,aect.
620 4347 645 4402 5.

168 4419 208 4486 (6)
246 4417 360 4477 Philas:
374 4419 484 4495 ῥινῷ,
501 4417 549 4478 lib.
565 4439 587 4488 r,
604 4417 679 4492 disp.
694 4437 723 4492 4,
736 4432 839 4492 quaest,
852 4419 943 4496 unic,
954 4433 1024 4480 sect.
1039 4441 1063 4491 r,
1077 4419 1150 4481 Dico
1164 4429 1206 4495 7.·

167 4514 212 4584 (7)
246 4507 335 4584 Log„
346 4507 486 4570 Controv.
502 4530 530 4582 9,
543 4521 644 4582 punct.
657 4527 683 4581 5,
699 4530 729 4567 n.
739 4512 766 4568 6.

170 4599 211 4668 (8)
247 4599 336 4676 Log„
350 4611 433 4658 tract.
445 4600 474 4670 6,
490 4598 565 4674 disp.
580 4621 604 4671 r,
616 4619 681 4671 cap.
699 4621 721 4668 r,
738 4620 769 4659 a.
783 4618 812 4674 4.

168 4693 213 4762 (9)
250 4687 325 4750 Vide
336 4687 514 4759 Mestrium„
530 4689 574 4750 loc
588 4689 637 4751 cit.
652 4709 683 4750 a.
700 4689 742 4749 18.
