3492 5525
204 464 323 531 Aarrc.
342 462 648 549 3.¹¹⁸013Jncrrones
662 484 794 533 cournn
807 484 961 534 vsnscrr.
978 486 1118 532 saeuus.
1144 481 1202 552 599

116 658 207 733 parte
226 652 356 731 torma,
377 661 508 717 atvero
536 650 729 717 incertitudo
755 651 997 736 praemissarum
1016 653 1086 717 sola
1106 648 1237 727 suflicit,

116 768 154 825 ut
170 757 358 835 conclusio,
380 767 562 842 utcumque
581 766 667 825 recte
685 757 845 837 derivata,
866 758 952 826 inlici
971 758 1109 825 falsitate
1122 758 1238 843 possit.

116 864 213 939 Quod
232 865 259 931 si
277 863 365 949 quis,
385 868 511 950 absque
524 866 591 933 ullo
609 866 760 933 examine
778 866 848 935 sive
866 866 1010 932 materiae
1023 866 1093 933 sive
1112 867 1238 941 lormae,

116 973 300 1039 discurrens
314 974 348 1039 in
363 990 504 1039 errorem
517 972 655 1050 labatur,
671 974 717 1051 id,
738 992 804 1040 non
819 972 934 1040 ratio'ni
950 974 1022 1057 ipsi,
1043 973 1101 1041 sed
1117 972 1243 1038 ratioci-

116 1081 224 1146 nantis
237 1081 415 1147 oscitantiae
430 1081 673 1149 attribuendum
687 1092 748 1148 est.
767 1082 945 1158 Caeterum,
965 1081 1241 1166 quandocumque

117 1188 461 1274 mensobhujusmodi
471 1188 675 1255 oscitantiam
687 1206 828 1255 errorem
838 1189 980 1272 aliquem
992 1186 1240 1255 admittitetiam

116 1296 149 1362 in
174 1315 209 1362 re
228 1295 388 1373 evidenti,
411 1315 476 1361 non
496 1303 606 1380 potest
621 1314 688 1362 non
707 1297 875 1362 advertere
894 1297 1012 1363 saltem
1030 1296 1167 1362 confuse
1186 1313 1243 1379 pe-

117 1403 217 1469 riculo
233 1422 269 1469 se
285 1404 411 1469 errandi
430 1404 549 1488 exponi
569 1403 612 1469 ob
631 1404 797 1471 delectum
817 1405 895 1470 satis
909 1402 1049 1469 accurati
1068 1402 1239 1469 examinis.

182 1517 271 1578 lust.
292 1511 395 1595 Atqui
415 1529 524 1594 neque
542 1511 575 1577 irr
589 1509 795 1577 evidentibus
811 1510 916 1577 securi
929 1509 1067 1576 omnino
1082 1528 1152 1576 esse
1167 1528 1244 1594 pos·

117 1636 249 1686 sumus.
266 1618 350 1683 Nam
366 1619 461 1684 multi
476 1636 516 1684 ex
528 1618 602 1694 illis,
619 1618 675 1702 qui
695 1628 820 1696 errant,
837 1618 1032 1685 arbitrantur
1045 1626 1079 1683 et
1090 1636 1159 1683 rem
1171 1635 1243 1682 esse

119 1726 325 1801 evidentem,
346 1734 378 1790 et
397 1734 517 1791 rectam
532 1726 783 1811 argumentandi
798 1727 950 1793 sormam.

185 1832 309 1899 Deinde
328 1834 447 1899 veritas
465 1852 502 1899 ac
525 1833 685 1899 rectitudo
710 1832 864 1899 ratiocinii
883 1833 1021 1916 alicuius
1036 1833 1245 1919 cognoscitur

117 1940 180 2006 alio
201 1939 385 2018 ratiocinio,
401 1949 434 2005 et
453 1939 498 2005 sic
517 1940 703 2006 abeundum
723 1941 783 2009 erit
801 1940 833 2005 in
853 1940 1032 2028 inlinitum.
1159 2019 1163 2027 ,

185 2054 290 2131 Reep.
310 2062 381 2133 neg.
402 2056 577 2113 assertum.
598 2046 651 2112 Ad
670 2046 809 2132 primam
826 2048 953 2132 probat.
972 2048 1068 2124 dist„
1088 2046 1245 2114 arbitran-

115 2166 171 2222 tur
190 2152 252 2232 ita',
269 2156 320 2222 vel
339 2154 415 2239 quia
435 2154 594 2221 nonsatis
614 2154 803 2230 reflectunt,
821 2157 871 2220 vel
890 2155 968 2239 quia
981 2174 1018 2221 se
1035 2155 1148 2222 sinunt
1165 2156 1245 2221 atie·

116 2262 225 2330 ctibus
244 2263 345 2348 abripi
364 2283 400 2329 ac
417 2263 559 2347 partium
575 2262 703 2339 studio,
723 2281 825 2339 conc„
847 2264 954 2340 aliter,
970 2282 1041 2348 neg.

186 2369 238 2437 Ad
266 2371 467 2445 secundum,
491 2389 563 2452 neg.
592 2386 743 2454 prorsus3
775 2389 851 2437 nam
878 2370 998 2437 veritas
1023 2390 1061 2437 ac
1085 2369 1243 2437 rectitudo

119 2478 272 2544 ratiocinii
300 2476 445 2563 cujusvis
471 2476 607 2562 patescit
627 2496 667 2543 ex
688 2478 868 2546 attentione
894 2497 930 2545 ac
951 2478 1143 2554 reilexione,
1168 2496 1244 2563 quae

119 2604 185 2651 non
204 2586 238 2651 in
257 2586 403 2653 discursu
423 2588 484 2651 sita
502 2592 569 2662 est,
590 2584 649 2650 sed
669 2583 701 2650 in
721 2584 858 2669 simplici
877 2585 1063 2653 intuitione.

163 2700 271 2778 Oine.
293 2693 346 2778 7.⁰
393 2692 627 2759 Ratiocinando
647 2694 805 2759 memoria
832 2693 969 2762 utimur.
990 2694 1093 2780 Atqui
1116 2711 1245 2759 memo-

119 2803 164 2868 ria
183 2802 278 2869 valde
297 2811 347 2868 est
366 2803 473 2868 fallax.
490 2803 617 2886 Ergo...

186 2917 291 2993 Resp.
311 2909 388 2975 disi.
411 2911 539 2995 Major.;
558 2927 662 2994 saepe,
683 2928 789 2984 conc„
810 2929 962 2995 semper,
981 2929 1052 2994 neg.

188 3011 348 3083 Minorem
369 3017 486 3100 pariter
503 3018 593 3098 dist,;
614 3026 647 3083 et
667 3035 732 3081 non
757 3027 897 3100 possunt
916 3019 1086 3103 praecaveri
1105 3037 1241 3096 errores,

118 3126 240 3208 quibus
258 3127 461 3192 occasionem
477 3126 600 3210 praebet
615 3127 833 3210 quandoque,
852 3143 939 3209 neg,
959 3137 991 3192 et
1006 3135 1146 3210 possunt
1164 3146 1245 3212 prae-

119 3235 241 3310 caveri,
262 3249 352 3300 conc.

186 3338 277 3416 Quot
291 3340 379 3405 enim
398 3349 476 3406 sunt
491 3339 669 3416 ratiocinia,
690 3340 857 3423 inquibus
876 3349 933 3406 aut
956 3340 1116 3407 memoria
1134 3343 1243 3409 locum

121 3447 320 3522 nonhabet,
342 3453 397 3512 aut
415 3446 497 3512 adeo
520 3455 570 3513 est
588 3449 689 3525 clara,
720 3455 756 3514 ut
774 3447 914 3514 dubitari
937 3448 977 3514 de
996 3449 1067 3534 ejus
1089 3447 1244 3516 fidelitate

120 3555 283 3639 nequeat?
306 3553 405 3630 Qrod
432 3555 458 3621 si
484 3555 659 3640 aliquando
688 3557 846 3621 memoria
872 3555 1108 3641 praeteritamm
1134 3575 1242 3624 rerum

120 3663 222 3730 levior
239 3675 306 3739 est,
327 3671 384 3729 aut
406 3661 503 3728 etiam
524 3681 617 3747 paene
644 3663 843 3739 oblitterata,
864 3682 932 3730 non
959 3664 1078 3732 desunt
1101 3672 1177 3749 apta
1196 3684 1244 3730 re-

120 3771 244 3846 media,
264 3770 386 3854 quibus
404 3771 545 3836 suocurri
564 3768 639 3836 huic
652 3770 792 3839 delectui
808 3771 925 3854 possit,
942 3772 994 3837 vel
1009 3771 1089 3838 alios
1106 3771 1244 3839 interro·

118 3879 245 3964 gando,
266 3877 472 3962 vellegendo
491 3877 602 3952 libros,
620 3880 671 3943 vel
686 3879 803 3944 iterum
824 3896 891 3944 rem
910 3878 1075 3944 oblivione
1102 3879 1242 3958 deletam

120 3985 319 4051 addiscendo
334 3995 397 4050 etc.

166 4097 274 4174 objie.
295 4089 348 4157 8.⁰
396 4089 429 4155 Si
449 4108 515 4156 non
535 4091 617 4156 toret
636 4092 731 4157 fallax
750 4092 847 4169 ratio,
864 4093 1033 4176 quomodo
1046 4101 1097 4161 tot
1111 4113 1147 4160 ac
1160 4097 1242 4164 tanti

118 4217 244 4265 errores
262 4198 412 4265 scientias
425 4197 655 4282 deturparent?
673 4197 757 4264 Nam
778 4198 921 4266 scientiae
943 4211 1126 4285 peractum
1148 4205 1244 4270 ratio-

122 4306 174 4373 nis
192 4311 438 4390 comparantur.

189 4402 294 4478 Resp.
314 4394 391 4461 dist.
421 4402 490 4461 ant.
511 4393 542 4460 Si
562 4413 629 4460 non
648 4395 731 4463 toret
749 4414 807 4480 per
829 4415 864 4463 se
883 4398 995 4475 fallax,
1019 4418 1107 4484 neg„
1130 4401 1242 4468 sinon

120 4507 205 4570 soret
219 4503 314 4568 fallax
332 4521 390 4586 per
408 4501 573 4578 accidens,
592 4521 680 4569 conc.

188 4611 226 4676 Et
250 4609 418 4694 responsio
432 4617 522 4694 patet
535 4629 576 4676 ex
589 4610 700 4688 dictis,
717 4611 890 4697 magisque
905 4612 1043 4696 patebit,
1058 4631 1137 4680 cum
1151 4615 1244 4701 igno-

118 4719 233 4786 rantiae
253 4728 351 4801 atque
371 4735 516 4785 errorum
531 4735 644 4786 causas
657 4718 839 4788 distinctius
853 4721 1130 4790 enumerabimus.
