3492 5525
542 460 600 547 53⁰
741 444 866 541 Locren
888 440 1114 522 Maron-Lm.
1133 462 1203 528 μ’,
1225 443 1317 513 Drse.
1341 457 1385 531 3.·
1453 446 1459 451 '

567 634 604 701 Et
623 634 717 720 prob.
737 634 831 718 Min.;
850 636 927 720 quia
945 637 1114 720 quomodo
1128 643 1240 719 posset
1259 654 1355 702 mens
1370 634 1518 701 assentiri
1532 653 1628 709 vero,

500 743 593 827 cujus
618 742 816 809 contrarium
844 762 987 810 errorem
1014 743 1133 820 habet,
1161 740 1223 808 nisi
1248 743 1338 827 prius
1365 744 1507 829 expellat
1531 741 1627 808 illum

500 838 672 916 habiturn?
690 850 734 916 nt
753 849 944 938 hujusmodi
964 850 1113 917 habitum
1135 848 1250 934 nequit
1268 868 1364 916 mens
1382 848 1494 917 statim
1514 850 1628 934 expel-

500 956 566 1021 lere
585 975 652 1024 uno
671 956 913 1041 praemissarum
931 970 1085 1025 assensu.

565 1068 670 1148 Reap.
694 1082 766 1149 neg.
788 1065 906 1131 Minor.
927 1064 1012 1135 Quia
1030 1082 1121 1130 error
1133 1063 1186 1129 ille
1200 1082 1259 1148 per
1268 1063 1466 1131 evidentiam
1480 1061 1628 1148 praemis-

499 1188 608 1237 sarum
629 1174 822 1248 vinceretur,
844 1192 882 1238 ac
903 1173 1134 1258 deponeretur.

543 1283 650 1361 Objic.
676 1287 725 1361 9?
771 1279 807 1344 S.
834 1280 980 1346 Thomas
1005 1280 1135 1345 videtur
1159 1278 1254 1345 nobis
1279 1278 1453 1345 adversari.
1481 1279 1552 1344 Nan
1577 1275 1626 1341 sic

497 1385 619 1452 scribit:
652 1386 806 1453 Voluntas
830 1391 933 1461 meoet
947 1388 1161 1478 intellectum,
1192 1390 1348 1471 quantum
1374 1388 1419 1451 ad
1441 1383 1627 1451 exercitium

496 1497 605 1575 ιιιίιιε,Ι
624 1494 699 1578 quia
716 1496 749 1559 et
764 1480 866 1577 ipsum
878 1510 1004 1572 aarum,
1025 1495 1110 1578 quod
1122 1498 1171 1558 est
1181 1494 1332 1579 perfectio
1349 1493 1539 1568 intellectas,
1552 1510 1628 1557 con-
1738 1483 1739 1494 ’

498 1598 617 1666 linatur
634 1602 690 1666 sub
707 1602 884 1667 universali
900 1602 995 1677 bone,
1011 1604 1050 1666 ut
1059 1602 1218 1685 quoddam
1230 1600 1344 1666 bonum
1348 1594 1572 1686 particulare(
1597 1597 1624 1685 ).

564 1707 725 1793 Itemque:
755 1710 919 1791 Quantum
945 1710 990 1774 ad
1010 1708 1193 1773 exercitium
1216 1711 1350 1775 actus...
1378 1711 1470 1773 octies
1492 1706 1628 1772 radonis

496 1822 615 1897 seraper
629 1816 780 1899 imperari
786 1819 892 1899 potest
906 1813 919 1903 (
945 1814 970 1904 ).

564 1928 668 2007 Resp.
694 1942 771 2008 nego
785 1934 961 1990 assertum.
980 1924 1096 2017 Neque
1114 1920 1147 1987 S.
1169 1924 1315 1989 Thomas
1330 1924 1402 1988 vult
1417 1922 1625 1989 voluntatem

468 2024 472 2032 '
496 2049 628 2115 semper
641 2040 674 2095 et
692 2031 942 2114 quomodolibet
953 2048 1049 2115 posse
1059 2028 1219 2114 imperare
1233 2048 1426 2105 assensum,
1443 2039 1476 2094 et
1489 2047 1627 2095 movere

497 2139 606 2222 quoad
624 2138 831 2206 exercitium:
852 2140 910 2204 sed
923 2145 983 2204 aut
996 2138 1106 2204 solum
1122 2138 1153 2204 in
1174 2136 1412 2222 probabilibus,
1434 2147 1491 2203 aut
1511 2136 1543 2201 in
1559 2138 1630 2201 evi-

497 2244 667 2322 dentibus,
686 2246 795 2311 solum
815 2244 982 2312 indirecte.

564 2354 627 2419 Res
646 2360 736 2437 patet
753 2372 795 2419 ex
814 2352 892 2437 ipsis
916 2352 1053 2437 obiectis
1071 2352 1150 2419 locis
1168 2350 1320 2436 aliisque,
1347 2369 1424 2436 quae
1442 2350 1526 2417 inter
1550 2369 1629 2435 pro·

496 2458 642 2525 bationes
661 2439 883 2527 laudavimus}

582 2874 587 2882 ·
672 2833 1126 2946 DlSPUTnTlO
1165 2834 1442 2944 TERTIA.

675 3141 676 3144 Ἰ
784 3076 838 3132 DE
869 3071 1068 3130 canERlo
1097 3074 1336 3132 VERITATlS.

562 3317 672 3394 Ratio,
705 3335 770 3402 qua
802 3317 982 3404 generatim
1021 3317 1153 3400 sceptici
1183 3319 1224 3384 ad
1256 3337 1352 3385 suam
1386 3319 1626 3387 dubitationem

496 3425 711 3493 universalem
740 3426 975 3492 adstruendam
1000 3433 1157 3501 utuntur,
1185 3434 1237 3492 est
1264 3429 1350 3504 haec,
1370 3427 1448 3512 quia
1474 3427 1626 3495 videlicet

495 3534 622 3600 nullum
647 3533 790 3617 suppetit
812 3532 937 3599 homini
965 3533 1045 3599 satis
1064 3532 1167 3599 fidum
1196 3533 1380 3609 criterium,
1408 3543 1444 3600 ut
1463 3553 1577 3600 verum
1607 3557 1625 3600 a

495 3643 575 3707 salso
593 3649 752 3708 secernat.
779 3640 889 3724 Atque
915 3641 986 3705 naec
1002 3659 1098 3708 causa
1118 3641 1196 3717 luit,
1222 3660 1282 3708 cur
1300 3641 1489 3726 Philosophi
1515 3661 1627 3708 recen-

494 3749 592 3814 tiores
619 3747 755 3814 sollicite
774 3749 993 3831 quaestionem
1023 3751 1107 3814 hanc
1129 3758 1358 3833 pertractatam
1387 3748 1567 3828 voluerint,
1588 3761 1625 3816 ut

495 3873 613 3940 nempe
636 3855 779 3922 solidum
798 3855 975 3942 objicerent
998 3859 1282 3942 propugnaculum
1301 3866 1414 3924 contra
1436 3866 1625 3941 grassantes

493 3981 619 4029 errores
637 3965 873 4050 cujuscumque
896 3963 1026 4049 generis
1045 3964 1274 4049 scepticorum.
1301 3965 1515 4050 Quamquam
1534 3967 1622 4031 enim

492 4070 695 4137 admittenda
728 4087 861 4155 prorsus
888 4056 931 4138 sit
963 4064 1111 4140 veritatis
1134 4092 1171 4139 ac
1197 4073 1401 4140 certitudinis
1432 4073 1621 4145 existentia,
1738 4086 1739 4151 j

494 4179 716 4262 veracitasque
744 4177 934 4243 facultatum
965 4189 1168 4261 nostrarum;
1193 4181 1351 4264 quoniam
1370 4199 1428 4264 per
1456 4182 1513 4246 bas
1536 4181 1625 4265 ipsas

494 4286 661 4352 facultates
680 4287 774 4369 seepe'
791 4305 856 4351 non
881 4304 983 4370 pauca
1001 4287 1142 4353 absurda
1166 4295 1295 4353 mentes
1314 4287 1488 4355 hominum
1509 4307 1627 4372 perva-

494 4402 606 4458 serunt
625 4401 658 4458 et
676 4392 884 4459 scientiarum
908 4395 1117 4480 splendorem
1138 4397 1398 4478 commaculant;
1419 4413 1528 4480 operae
1551 4414 1626 4480 pre·

531 4641 574 4715 (1)
616 4660 676 4700 m.
692 4661 722 4713 q.
732 4662 760 4715 9,
772 4661 799 4699 a.
819 4641 884 4710 rad
899 4663 925 4715 3.

528 4733 571 4806 (a)
611 4749 672 4792 ma.
689 4749 719 4806 q.
738 4751 782 4806 17,
792 4750 820 4792 a.
832 4731 861 4802 6,
