3492 5525
540 455 601 541 624
656 458 782 523 Loorcn
798 422 1026 533 unna-Lm.
1047 459 1224 535 1.¹¹⁸,Drsr³.
1240 473 1287 542 4.·
1302 459 1381 524 Cae.
1397 474 1469 524 aum

568 642 690 708 Eodem
710 652 804 727 pacto
828 643 1086 719 demonstrabis,
1108 645 1232 709 nullam
1261 634 1505 729 insequentium
1525 663 1630 729 gene-

502 750 664 815 rationum
691 760 747 815 aut
769 752 941 836 deceptam
971 769 1043 817 esse
1063 761 1119 817 aut
1138 752 1288 835 decipere
1316 750 1480 837 potuisse,
1506 753 1627 816 saltem

500 857 608 939 quoad
625 858 697 923 iacti
716 859 952 936 substantiam,
972 860 1000 925 si
1019 860 1134 924 eadem
1154 861 1450 943 perseveraverint,
1474 878 1552 942 quae
1571 877 1629 924 su-

501 982 557 1047 pra
577 964 784 1043 monuimus,
805 966 971 1057 adjuncta.
992 964 1164 1041 «Quodsi
1188 966 1221 1032 in
1240 967 1347 1050 aliqua
1366 965 1540 1033 traditione
1555 968 1626 1031 haec

501 1054 650 1156 adjuncta
665 1071 787 1151 desint,
810 1084 932 1140 certam
952 1075 1040 1140 illam
1060 1074 1159 1139 tidem
1185 1092 1250 1139 non
1272 1073 1381 1157 laciet;
1402 1076 1541 1160 ejusque
1556 1094 1628 1139 ma-

496 1179 549 1263 jor
573 1180 624 1244 vel
653 1182 759 1247 minor
785 1182 994 1266 probabilitas
1026 1201 1067 1247 ex
1094 1181 1303 1266 generalibus
1332 1181 1498 1266 principiis
1526 1200 1626 1266 supra

501 1288 689 1370 praestitutis
708 1290 767 1355 erit
785 1288 1032 1377 aestimandae(
1059 1288 1084 1378 ).

543 1402 659 1465 Dices.
709 1398 879 1465 Certitudo
898 1398 1047 1466 historica
1070 1406 1103 1463 et
1124 1398 1322 1476 traditionis,
1343 1399 1474 1465 labente
1492 1408 1628 1483 tempo

500 1523 550 1580 re,
573 1513 704 1572 necesse
733 1518 782 1573 est
810 1525 942 1590 semper
971 1508 1077 1592 magis
1100 1525 1136 1571 ac
1156 1506 1261 1591 magis
1288 1506 1491 1583 infirmetur,
1516 1508 1627 1574 donec
1737 1588 1739 1596 Ι

499 1612 632 1677 tandem
653 1615 785 1699 penitus
800 1623 986 1680 evanescat.
1007 1614 1108 1679 Nam:
1125 1611 1159 1701 α)
1180 1614 1295 1680 Testes
1313 1614 1446 1679 mediati
1464 1623 1545 1681 sunt
1563 1616 1628 1681 mi·
1737 1601 1739 1620 ⁵

472 1750 474 1756 ·
499 1738 561 1785 nus
579 1719 644 1787 lide
662 1721 753 1807 digni
772 1740 873 1805 quarn
889 1721 1087 1798 immediati,
1104 1740 1211 1805 eoque
1225 1732 1302 1789 sunt
1321 1721 1432 1787 minus
1451 1720 1517 1786 side
1532 1720 1626 1808 digni

498 1844 565 1909 quo
584 1829 689 1912 magis
708 1828 838 1895 remoti.
859 1824 900 1917 β)
918 1828 1014 1895 Facta
1032 1830 1113 1894 dum
1132 1848 1191 1913 per
1206 1829 1378 1895 hominum
1401 1848 1458 1893 ora
1471 1838 1625 1896 transvo-

497 1936 582 2011 lant,
603 1936 827 2002 deformantur
846 1955 883 2001 ac
901 1946 1059 2020 perpetuo
1079 1944 1260 2003 mutantur.
1287 1934 1330 2025 γ)
1349 1938 1424 2003 Νοιι
1444 1956 1548 2021 pauca
1565 1937 1626 2005 de-

498 2045 595 2128 nique
624 2046 721 2120 lacta,
752 2064 825 2129 quae
850 2045 940 2129 prius
972 2052 1142 2129 tamquam
1171 2053 1258 2111 certa
1286 2044 1507 2122 habebantur,
1537 2046 1626 2111 inter

472 2162 477 2173 ·
496 2150 597 2217 aniles
616 2152 749 2217 tabellas
768 2152 886 2218 deinde
905 2152 1189 2237 amandatasunt.

562 2266 667 2342 Resp.
687 2260 761 2325 dist.
782 2268 897 2326 asseri.
919 2258 950 2324 Si
979 2267 1082 2325 certas
1102 2246 1250 2325 habuerit
1274 2260 1498 2336 conditiones,
1523 2270 1625 2344 prout

496 2368 681 2452 expositum
702 2376 768 2444 est,
787 2386 873 2451 neg„
895 2368 921 2433 si
940 2366 1011 2433 illas
1030 2386 1096 2432 non
1117 2368 1282 2445 habuerit,
1303 2372 1405 2435 trans.

561 2476 612 2541 Ad
627 2476 659 2561 a)
679 2476 756 2543 dist.
760 2495 774 2558 ;
788 2474 813 2541 si
828 2486 955 2542 constet
970 2474 1130 2541 mediatos
1143 2484 1246 2542 testes
1262 2494 1321 2542 nec
1335 2477 1490 2561 deceptos
1505 2477 1621 2557 fuisse,

495 2602 554 2647 nec
573 2582 719 2660 mentiri,
741 2602 827 2666 neg„
848 2584 875 2648 si
896 2602 962 2647 non
982 2592 1137 2659 constet„
1159 2587 1260 2652 trans.

560 2691 612 2756 Ad
632 2689 670 2779 β)
685 2691 803 2776 pariter
821 2691 895 2758 dist.
918 2692 1013 2756 Facta
1026 2690 1107 2756 levis
1122 2691 1299 2769 momenti,
1316 2694 1432 2769 trans,
1450 2694 1532 2758 iacta
1546 2694 1624 2762 illu-

492 2800 624 2875 striora,
639 2809 672 2864 et
686 2818 828 2882 quorum
840 2797 967 2864 intersit
982 2799 1177 2865 memoriam
1191 2800 1373 2878 custodire,
1386 2801 1621 2887 subdistingue:

492 2909 603 2993 quoad
621 2907 838 2974 substantiam
859 2917 892 2972 et
910 2908 1061 2993 adjuncta
1086 2908 1287 2984 essentialia,
1311 2927 1398 2992 neg„
1415 2911 1526 2993 quoad
1545 2910 1619 2987 alia,

493 3021 593 3084 trans.

560 3123 610 3189 nd
629 3119 665 3215 γ)
683 3124 780 3190 etiam
799 3123 874 3188 dist.
896 3122 933 3187 Et
952 3141 990 3186 ea
1008 3112 1091 3188 iacta
1114 3122 1309 3188 constabant
1328 3142 1385 3207 per
1406 3124 1618 3192 traditionem

492 3252 529 3298 ac
546 3229 783 3298 testimonium
794 3230 936 3314 praelatis
954 3229 1196 3296 conditionibus
1211 3238 1382 3308 ornatum,
1402 3249 1490 3315 neg,
1507 3249 1617 3313 secus,

492 3345 592 3407 trans.
615 3337 627 3428 (
653 3337 677 3426 ).

573 3575 576 3580 '
648 3568 665 3660 ᾗ
687 3573 816 3638 ll.——De
836 3571 992 3636 llrsrorua
1011 3587 1055 3636 aa
1073 3548 1212 3644 netrours
1230 3587 1446 3638 oocunenrrs.

542 3789 614 3856 135.
663 3767 802 3835 Historia
830 3777 880 3833 est
907 3767 980 3834 lacti
1010 3767 1149 3832 narratio
1168 3767 1296 3852 scriptis
1314 3770 1560 3837 commendata.
1582 3773 1616 3837 ln

492 3877 641 3955 historia,
658 3887 690 3943 et
702 3875 881 3962 generatim
897 3875 930 3939 in
952 3875 1110 3940 omnibus
1121 3875 1329 3942 documentis
1348 3877 1496 3961 scriptis,
1516 3897 1616 3945 nosse

491 3993 621 4071 oportet
650 3992 723 4050 ante
752 3983 880 4060 omnia,
911 3983 1052 4049 ausint:
1074 3979 1115 4069 α)
1134 3983 1329 4066 authenticas
1350 3981 1392 4071 β)
1411 3985 1555 4069 integrm
1573 3983 1615 4078 γ)

489 4113 553 4159 non
567 4091 763 4176 interpolata.

294 4220 327 4267 sn
337 4221 463 4267 annena·
556 4205 764 4269 Anthentica
790 4199 841 4264 vel
869 4202 1018 4281 genuina
1033 4207 1112 4264 sunt
1139 4198 1193 4262 illa
1219 4199 1355 4284 scripta,
1380 4219 1455 4283 quae
1473 4202 1515 4267 ad
1534 4221 1614 4270 eum

303 4293 449 4376 '‘¹¹⁸⁰”¹¹{⁸²
491 4320 655 4375 auctorem
683 4307 862 4392 pertinent,
884 4305 925 4370 ad
950 4322 1090 4388 eamque
1114 4312 1266 4394 aetatem,
1292 4308 1345 4373 cui
1368 4308 1613 4380 adscribuntur.

312 4381 355 4410 non
365 4378 441 4420 spuria

293 4438 326 4482 ver
338 4437 461 4492 ,ιιρρωιιις
491 4417 593 4483 Serus
611 4416 673 4483 dici
692 4417 800 4482 solent
817 4419 936 4499 spuria
953 4413 1006 4479 vel
1025 4412 1207 4497 supposita.

525 4673 566 4736 (1)
601 4667 708 4741 Tong,
724 4667 778 4725 loe.
793 4663 853 4734 cit..
870 4685 900 4724 n.
913 4665 978 4740 645,
993 4665 1057 4738 646.

524 4759 565 4834 (a)
601 4755 678 4816 Vide
690 4757 797 4831 Tong,
814 4756 868 4818 loc.
882 4758 945 4827 cit,
961 4775 993 4814 n.
1007 4756 1072 4814 662.
