3492 5525
529 489 586 574 184
712 488 838 553 toarci
856 485 1110 551 Minoa-Drsa.
1137 497 1179 548 r.·
1200 484 1278 550 Car.
1303 499 1373 568 num

312 712 372 770 Qua
386 709 433 767 ar,
556 671 619 742 Uiri
633 680 683 739 est
699 671 782 739 rata
793 671 944 758 favmit's
959 667 1084 739 essertdt'
1099 669 1149 736 tic
1166 670 1217 736 vei
1235 669 1327 751 ahian
1345 677 1382 736 ut
1394 685 1458 734 asse
1480 667 1515 733 in
1533 671 1607 733 am·

480 784 554 866 pto,
572 781 606 848 in
623 782 733 847 cala.

335 925 405 978 Sim,
551 888 639 956 Situs
651 896 702 956 est
715 892 800 954 certa
807 887 923 971 positio
930 886 1072 971 partiam
1084 887 1120 952 in
1133 885 1243 952 ordine
1254 887 1427 967 adlocam,·
1440 892 1477 949 ut
1488 885 1605 950 satere.

319 1034 423 1092 ΟΜ,
482 1052 487 1060 .
552 997 689 1080 Quam
706 1004 756 1063 est
764 995 916 1081 famatis
930 995 1030 1072 ratio,
1046 1002 1106 1078 per
1121 1012 1215 1080 paam
1230 993 1354 1080 aiaaid
1364 993 1483 1060 dicitur
1496 989 1607 1059 essein

482 1105 545 1172 aaa
560 1106 614 1170 aa!
627 1104 687 1171 illa
703 1102 881 1170 duratione.

318 1249 420 1298 pm„
555 1211 690 1281 Habitus
715 1219 766 1277 est
782 1211 959 1298 adjacentia
984 1209 1173 1286 aestimati,
1193 1209 1262 1276 sive
1279 1209 1408 1295 proprie
1426 1209 1496 1276 sive
1514 1207 1609 1273 latius

488 1319 613 1405 sumpti
633 1337 692 1404 pro
711 1319 857 1403 quolibet
875 1317 1081 1404 operimento
1101 1317 1259 1403 corporis.
1279 1317 1322 1384 ita
1331 1317 1487 1400 pallium,
1504 1333 1607 1392 arma,

491 1428 616 1513 aliaque
634 1426 751 1494 similia
767 1435 848 1495 sunt
865 1426 1006 1492 habitus.

285 1571 471 1622 mumma,
538 1552 593 1620 52.
639 1535 734 1602 Nunc
751 1535 858 1618 aliqua
876 1533 965 1600 reddi
980 1541 1090 1618 potest
1103 1533 1183 1599 ratio
1202 1533 1298 1618 hujus
1315 1531 1482 1620 divisionis
1501 1531 1536 1597 in
1554 1531 1610 1597 de·

288 1648 365 1694 ream
382 1644 464 1701 „a
490 1661 564 1723 cern
595 1639 855 1728 praedicamenta.
883 1641 967 1709 Nam
996 1640 1156 1726 quidquid
1183 1649 1234 1707 est
1255 1639 1288 1705 in
1315 1638 1484 1706 individuo
1511 1639 1610 1706 etde

294 1728 453 1772 ‘mm'
488 1751 545 1819 illo
560 1749 722 1837 predicari
737 1757 860 1834 potest,
883 1750 935 1816 vel
955 1748 1095 1834 pertinet
1111 1749 1153 1814 ad
1166 1747 1236 1834 ejus
1249 1747 1441 1825 essentiam,
1458 1749 1509 1812 vel
1529 1765 1607 1813 non.

489 1857 524 1926 Si
543 1858 704 1944 primurn,
725 1857 860 1922 habetur
884 1856 1078 1924 Substantia.
1099 1855 1134 1921 Si
1158 1863 1209 1922 est
1230 1863 1321 1921 extra
1343 1855 1535 1932 essentiam,
1555 1863 1612 1920 aut
1727 1859 1728 1928 ἕ

488 1966 533 2032 iiii
552 1965 745 2032 intrinsecus
762 1965 915 2042 inhaeret,
932 1972 987 2030 aut
1007 1981 1085 2030 non.
1106 1962 1139 2030 Si
1154 1964 1315 2048 primum,
1331 1964 1384 2029 vei
1398 1962 1551 2029 convenit
1567 1962 1610 2027 illi

486 2075 626 2140 absoluta
639 2074 692 2140 vel
709 2071 894 2154 respectiva:
915 2073 943 2137 si
963 2071 1157 2155 respective,
1178 2071 1336 2138 habemus
1357 2069 1565 2151 Relationem
1584 2069 1612 2134 si

489 2180 653 2257 absolute,
679 2179 891 2260 Quantitatenx
909 2187 942 2244 et
962 2179 1169 2259 Qualitatem,
1196 2187 1293 2262 prout
1310 2186 1526 2261 consequatur
1544 2195 1615 2242 ma·

489 2289 603 2354 teriam
628 2296 684 2352 aut
702 2289 856 2352 formam.
877 2285 912 2351 Si
931 2287 980 2362 id,
1000 2286 1092 2371 quod
1110 2285 1301 2371 praedicatur
1315 2287 1356 2352 de
1372 2285 1549 2352 substantia
1563 2285 1610 2351 in·

489 2395 639 2471 dividua,
661 2393 760 2460 afficit
784 2395 873 2461 iiiam
897 2394 1114 2475 extrinsecus3
1135 2401 1192 2459 aut
1211 2393 1308 2459 afficit
1328 2394 1415 2460 illam
1442 2392 1474 2458 in
1500 2393 1613 2458 ordine

488 2504 531 2570 ad
545 2502 725 2588 potentiam
744 2501 896 2578 activam,
910 2502 1017 2566 autad
1031 2500 1211 2585 passivam,
1227 2509 1284 2566 aut
1296 2500 1336 2566 ad
1351 2508 1514 2567 neutram.
1530 2498 1561 2564 Si
1571 2501 1613 2566 ad

489 2612 628 2678 activam
643 2619 695 2677 est
708 2609 819 2691 Actio;
833 2607 861 2674 si
876 2608 917 2674 ad
932 2609 1110 2694 passivam,
1126 2609 1249 2674 Passio.
1270 2607 1305 2674 Si
1319 2609 1359 2674 ad
1374 2617 1539 2689 neutram3
1560 2609 1613 2674 vel

489 2717 644 2787 convenit
657 2735 716 2803 per
733 2717 872 2782 modum
888 2733 1050 2784 mensurae
1069 2717 1120 2784 vel
1140 2733 1219 2783 non.
1238 2714 1271 2783 Si
1291 2733 1374 2794 non,
1393 2715 1503 2783 existit
1516 2714 1617 2783 Hadi-
1725 2703 1727 2787 i

490 2830 554 2893 tas.
574 2826 608 2892 Si
629 2844 685 2910 per
705 2826 844 2891 modurn
864 2841 1044 2905 mensurae;
1058 2833 1116 2891 aut
1129 2824 1303 2909 temporis,
1320 2832 1376 2889 aut
1389 2824 1467 2900 loci,
1481 2832 1540 2889 aut
1555 2842 1617 2908 po-
1725 2872 1727 2907 ,

489 2932 617 3003 sitiatis
640 2933 783 3019 partium
807 2934 912 3008 inse,
931 2942 1097 3017 exurgunt
1116 2933 1365 3017 praedicamenta
1382 2932 1531 3016 Quando,
1553 2930 1620 2999 uti
1726 2938 1727 3013 i

490 3051 522 3110 et
539 3038 704 3129 Ss'trts(t).
1726 3038 1727 3053 ¹

557 3148 630 3230 jam
655 3156 695 3214 ut
711 3148 841 3223 videas,
868 3146 1035 3231 quomodo
1054 3149 1181 3233 possint
1202 3148 1341 3215 ordinari
1364 3148 1616 3233 praedicamenta

492 3258 526 3325 in
551 3256 635 3324 serie
658 3256 932 3341 praedicamentali
951 3274 968 3321 a
987 3274 1145 3341 supremo
1165 3275 1286 3343 genere
1308 3256 1473 3341 usquead
1499 3254 1618 3325 indivi-

491 3367 575 3447 dua,
593 3364 702 3449 accipe
718 3366 909 3450 exemplum
929 3363 962 3429 in
978 3364 1164 3430 substantia.

528 3654 572 3727 (1)
607 3653 677 3716 Hac
685 3666 730 3712 est
742 3652 819 3712 ratio
826 3651 994 3723 divisionis,
1004 3672 1094 3725 quam
1107 3652 1292 3725 amplectitur
1303 3652 1335 3713 S.
1350 3654 1492 3724 homas,
1504 3654 1611 3727 5.·Μι·

494 3746 611 3821 taptys.
626 3745 692 3801 ieet.
707 3764 740 3816 9,
761 3758 791 3801 et
811 3748 851 3815 3.·
863 3742 1016 3816 Physicar.
1031 3743 1096 3801 ieet.
1120 3760 1145 3813 ς.
1161 3740 1225 3801 Cir.
1247 3742 1438 3813 Conimbric,
1461 3743 1514 3816 qui
1526 3743 1618 3802 aliam

494 3854 614 3908 quoque
634 3832 779 3893 rationem
793 3846 963 3905 proponunt
977 3832 1034 3899 (De
1053 3834 1227 3891 Proedism.
1251 3847 1354 3905 quaest.
1377 3854 1409 3904 a,
1424 3846 1479 3893 art.
1496 3839 1540 3907 3);
1555 3853 1618 3893 non

494 3922 573 3985 enim
587 3936 632 3985 est
645 3938 780 3984 nocuum
792 3922 957 3983 accuratius
970 3922 1033 3981 hu
1045 3922 1219 3983 examinare.
