3492 5525
551 540 606 604 34²
730 523 853 587 ionica
875 520 1125 586 anore—Drse.
1150 534 1194 603 3.·
1215 521 1294 585 Cro.
1318 536 1390 585 num

509 708 573 783 κθ,
602 706 765 789 ‘luaedaem
796 730 820 791 Ρ
852 716 890 774 ut
916 708 1077 791 Fapesmo.
1111 704 1200 781 Quid
1236 706 1296 773 sibi
1329 696 1452 772 volunt'
1478 702 1563 771 haec?
1595 728 1632 771 m

328 840 464 887 moerens
509 813 669 897 significat
687 814 873 897 praemissas
900 815 990 880 modi
1013 814 1097 882 illius
1125 806 1384 898 transponendas
1402 832 1492 888 esse,
1517 836 1555 889 s,
1583 811 1633 877 in·
1730 822 1731 889 j

313 914 471 1030 ffifflffli
508 920 593 986 dicat
626 922 882 1007 propositionem
907 921 1112 1007 designatam
1138 940 1196 1006 per
1221 922 1367 986 vocalem
1392 920 1629 1005 praecedentem
1730 926 1731 989 l

450 1014 457 1027 '
507 1030 762 1095 convertendam
779 1048 853 1095 esse
867 1014 1072 1114 simpliciter,
1092 1053 1115 1113 p
1134 1048 1212 1095 vero
1231 1028 1489 1114 propositionem
1512 1047 1631 1112 praece-
1730 1076 1731 1125 3

506 1135 597 1202 denti
611 1136 713 1202 vocali
732 1156 920 1222 expressam
939 1138 1195 1203 convertendam
1215 1154 1287 1203 esse
1300 1155 1359 1221 por
1377 1136 1537 1203 accidens.
1556 1135 1631 1201 Duo
1730 1132 1731 1153 ¹

507 1251 630 1310 restant
644 1243 751 1321 modi,
771 1244 946 1329 inquibus
968 1244 1045 1311 nihil
1065 1246 1185 1311 horum
1202 1244 1377 1329 reperitur,
1398 1246 1519 1311 Baroco
1537 1262 1631 1309 nem·
1730 1236 1731 1317 ζ

506 1370 547 1436 pe
561 1360 594 1415 et
608 1353 769 1419 Bocardo:
784 1363 816 1419 at
830 1353 915 1419 inest
933 1354 967 1418 in
987 1354 1102 1419 mediis
1117 1350 1203 1419 hisce
1221 1352 1357 1420 vocibus
1375 1350 1479 1420 littera
1495 1374 1531 1429 c,
1554 1368 1630 1435 quae
1730 1398 1731 1437 ἒ

506 1459 641 1526 denotat
659 1459 778 1526 modos
797 1459 913 1527 iisdem
929 1460 1129 1546 significatos
1148 1478 1213 1526 non
1229 1478 1326 1544 posse
1346 1460 1473 1543 probari
1492 1459 1632 1541 ostensi·
1730 1450 1731 1471 ¹

507 1585 566 1642 ve,
594 1568 654 1633 sed
677 1576 806 1633 tantum
831 1587 873 1634 ex
896 1569 1051 1636 absurdo.
1080 1566 1164 1644 Quae
1192 1568 1303 1633 omnia
1327 1567 1433 1652 logici
1461 1566 1632 1633 memoriae

500 1674 656 1759 juvandae
671 1692 768 1741 causa
784 1677 872 1742 bisce
891 1674 1060 1742 versiculis
1078 1675 1412 1759 comprehenderunt.

610 1836 615 1843 ’
686 1836 878 1919 Simpliciter
894 1837 975 1903 verti
986 1840 1057 1903 vuli
1072 1844 1108 1915 S,
1131 1844 1248 1905 Puero
1260 1844 1319 1919 per
1336 1836 1451 1915 occid„

510 1936 518 1950 ’
684 1952 722 2013 Μ
741 1948 812 2010 vult
828 1946 1006 2027 transponi,
1027 1952 1054 2013 C
1069 1952 1128 2027 per
1144 1944 1330 2027 impossibile
1343 1945 1429 2013 duci.

571 2107 629 2173 llis
643 2107 823 2174 instructus
841 2107 983 2191 reguliS,
1006 2106 1095 2172 facile
1121 2106 1361 2172 demonstrabis
1379 2106 1543 2173 ostensive
1559 2108 1629 2174 vim

503 2214 661 2299 probandi
681 2214 836 2282 tredecim
856 2216 1045 2281 modorum.

569 2322 619 2388 Sit
637 2324 791 2407 exemplo
806 2323 857 2388 bic
876 2322 1091 2408 syllogimus:
1117 2320 1216 2387 Onne
1228 2320 1350 2387 animai
1368 2326 1413 2387 esi
1424 2322 1544 2389 vibens.
1564 2324 1631 2389 Sed
1730 2308 1731 2351 ¹

500 2430 602 2495 ornnis
629 2430 717 2497 domo
737 2434 785 2496 est
799 2430 930 2496 ancittal.
951 2430 1029 2512 Ergo
1057 2428 1186 2513 ale'quod
1207 2426 1316 2494 vivens
1337 2432 1384 2495 est
1408 2430 1505 2495 bono
1527 2430 1629 2496 Vides
1730 2482 1731 2505 r

501 2535 553 2601 lric
570 2538 802 2624 syllogismum
833 2536 948 2621 primae
967 2536 1082 2621 tigurae
1104 2534 1269 2601 indirectas
1288 2555 1364 2602 cum
1387 2537 1492 2604 tribus
1512 2556 1629 2621 propo-
1730 2564 1731 2605 l

500 2640 677 2712 sitionibus
696 2644 954 2727 designabilibus
969 2662 1026 2729 per
1045 2644 1175 2710 vocales
1191 2642 1237 2719 A,
1259 2643 1305 2719 Α,
1327 2644 1354 2707 l:
1375 2662 1475 2727 quare
1494 2646 1628 2730 syllogi·
1730 2654 1731 2661 ’

499 2769 594 2818 smus
609 2763 659 2819 est
670 2751 703 2818 in
717 2751 918 2835 Boratinon
932 2752 988 2836 qui
1005 2751 1170 2818 reducitur
1185 2751 1225 2816 ad
1239 2752 1393 2828 Barbara,
1415 2750 1441 2818 si
1456 2763 1627 2819 converta-
1730 2805 1731 2860 l

499 2866 553 2924 tur
573 2878 631 2944 per
644 2860 795 2926 accidens
813 2860 981 2926 conclusio
995 2860 1060 2926 sic:
1083 2859 1195 2925 Omnis
1207 2860 1294 2924 bomo
1305 2863 1351 2924 est
1362 2859 1483 2926 vinens.

566 2967 612 3031 En
631 2966 718 3032 aliud
736 2970 944 3052 exemplum:
966 2967 1068 3034 Omne
1089 2967 1212 3032 anineai
1234 2970 1283 3033 est
1297 2966 1417 3032 nivern.
1437 2968 1501 3034 Sed
1516 2971 1628 3034 nullus

488 3074 578 3157 'lapis
595 3079 643 3141 est
654 3075 773 3140 vivens.
794 3075 873 3160 Ergo
890 3077 998 3140 nullus
1015 3075 1096 3158 lapis
1115 3079 1164 3140 est
1181 3075 1315 3140 animal.
1336 3074 1560 3161 syllogismus
1574 3089 1627 3145 est

496 3181 530 3246 in
550 3180 742 3259 Comestres,
764 3190 801 3247 ut
818 3191 927 3266 patet3
949 3182 1155 3248 reducendus
1174 3182 1309 3265 proinde
1330 3189 1380 3248 est
1404 3183 1445 3248 ad
1464 3181 1623 3259 Celarent,

495 3290 741 3373 transponendo
760 3289 962 3374 praemissas,
980 3301 1011 3356 et
1025 3290 1247 3357 convertendo
1262 3289 1449 3373 simpliciter
1461 3289 1624 3357 minorem
1730 3299 1731 3312 ¹

496 3403 529 3460 et
551 3397 816 3474 conclusionem,
847 3397 1131 3480 quemadmodum
1150 3395 1347 3482 lpraecipiunt
1364 3407 1474 3481 ‘nuper
1497 3399 1625 3464 traditae

495 3507 596 3591 leges.
618 3505 655 3569 Et
674 3506 719 3571 sic
741 3503 914 3580 habebitur
933 3505 983 3574 hic
1002 3504 1217 3591 syllogismus
1236 3502 1519 3572 evidentissimus:
1541 3509 1626 3574 Nul-

495 3615 562 3680 lum
574 3613 684 3678 nivern
708 3615 756 3677 est
768 3613 860 3695 lapis.
876 3613 940 3678 Sed
955 3631 1046 3678 omne
1058 3611 1181 3677 animal
1195 3614 1244 3677 est
1262 3611 1382 3678 nivern.
1402 3613 1481 3695 Ergo
1498 3614 1625 3694 nullum

494 3720 618 3786 animal
628 3722 676 3784 est
691 3720 784 3800 lapis.

563 3827 666 3892 Simili
687 3827 787 3891 modo
802 3826 1035 3912 syllogismum
1052 3829 1139 3892 hunc
1152 3828 1185 3893 in
1199 3821 1341 3892 Fc'rison:
1355 3827 1489 3895 Nullum
1498 3827 1625 3894 animal

494 3938 543 3999 est
554 3933 647 4015 lapis.
659 3934 722 4000 Sed
732 3932 862 4018 aliquod
873 3934 995 3999 animai
1007 3937 1056 3999 est
1065 3934 1341 4018 subsnntnAErgo
1354 3933 1462 4018 aliqua
1475 3935 1624 4001 nubian-

495 4041 540 4105 tic
558 4059 622 4106 non
635 4044 684 4106 est
695 4040 794 4122 lapis;
806 4040 938 4106 reduces
957 4042 1002 4107 sic
1017 4043 1057 4106 ad
1072 4041 1180 4107 Ferio:
1191 4041 1325 4108 Nullum
1334 4041 1457 4107 animal
1466 4045 1515 4108 est
1524 4044 1619 4124 lapis.
1730 4093 1731 4108 2

493 4145 558 4212 Sed
573 4149 682 4233 aliqua
704 4148 878 4217 substantae
897 4151 945 4213 est
968 4149 1101 4217 animal.
1129 4151 1206 4234 Ergo
1227 4149 1335 4234 aliqua
1357 4151 1531 4215 substantio
1555 4169 1622 4215 non

491 4259 541 4320 est
555 4257 647 4337 lapis.
1541 4269 1545 4276 ·

543 4379 615 4450 ¹59·
665 4363 814 4428 Probatio
833 4364 1080 4450 reprehensiva,
1101 4382 1159 4430 seu
1178 4365 1218 4430 ad
1236 4363 1422 4447 impossibile
1440 4365 1491 4431 vel
1505 4383 1545 4429 ex
1562 4365 1623 4429 ab·

298 4461 310 4492 ¹
338 4461 361 4492 '²
377 4462 417 4494 ‘¹²'
491 4473 605 4546 medo,
618 4473 682 4537 huc
691 4473 826 4538 tandem
842 4481 1022 4550 revocatur,
1038 4481 1074 4538 ut
1089 4493 1179 4550 eum,
1195 4472 1250 4556 qui
1264 4472 1442 4557 praemissis
1454 4491 1618 4548 annuens,

492 4578 736 4645 conclusionem
756 4590 870 4646 renuat
889 4580 1058 4665 amplecti,
1076 4599 1118 4646 eo
1136 4581 1207 4664 ipso
1226 4581 1267 4646 ad
1283 4581 1350 4647 duo
1368 4581 1620 4648 contradictoria

451 4772 453 4775 Ι
493 4686 543 4752 vel
562 4687 722 4752 contraria
740 4687 941 4753 admittenda
959 4687 1032 4772 cogi
1051 4688 1331 4756 demonstremus.
1358 4687 1427 4754 Hoc
1445 4689 1620 4757 dumtaxat

492 4792 784 4861 demonstrationis
807 4812 926 4879 genere
951 4794 1078 4878 probari
1103 4804 1243 4879 possunt
1265 4796 1354 4861 modi
1367 4796 1488 4862 Baroco
1504 4803 1539 4862 et
1555 4797 1620 4866 Bo·
