3492 5525
212 492 327 554 harro.
342 503 402 573 4⁰⁸
415 489 467 553 An
483 505 638 551 rausirns
654 503 705 549 sar
719 502 751 548 ru
765 501 875 548 slltl’t„
891 503 1097 549 terentibus.
1120 497 1178 568 435

100 688 162 736 seu
181 669 309 736 actibus
332 667 572 756 cognoscendi,
593 667 650 752 qui
673 666 716 732 ita
731 683 771 732 se
789 665 927 743 habent,
947 666 1032 733 sicut
1056 664 1222 750 simplices

100 777 285 862 imagines»
304 777 317 858 i
323 775 367 866 1),

167 889 329 952 Diximus
346 891 383 956 in
410 889 642 968 propositione
669 882 851 968 simplicem
880 890 1077 967 conceptum
1095 882 1223 965 propne

101 999 207 1074 asper
223 1011 256 1058 se
274 1011 332 1060 seu
349 992 473 1062 ratione
491 974 542 1058 sui
561 993 679 1057 salsum
693 1009 766 1058 esse
786 1009 852 1057 non
865 1009 975 1076 posse,
996 1008 1093 1075 posse
1109 997 1220 1055 autem

102 1118 161 1182 per
171 1099 332 1168 accidens.

153 1223 203 1290 ¹9·
251 1205 284 1272 ld
294 1217 331 1272 ut
341 1207 529 1291 explicetur,
540 1206 663 1291 duplex
671 1223 778 1291 genus
789 1206 1087 1290 apprehensionum
1097 1203 1223 1288 simpli·
1254 1214 1418 1276 vulterana·

105 1315 190 1380 cium
206 1333 247 1381 ex
266 1315 411 1400 angelici
431 1314 578 1398 Doctoris
598 1315 757 1380 sententia
775 1313 1045 1400 distinguendum
1065 1320 1126 1379 est:
1148 1313 1230 1378 alte·
1257 1292 1414 1408 'ppffli‘r
1462 1347 1467 1357 ·

101 1439 175 1488 rum
190 1441 320 1500 earum,
336 1422 488 1507 aquibus
508 1423 674 1507 objectum
694 1423 745 1489 vel
761 1423 841 1488 ratio
860 1423 969 1506 aliqua
982 1419 1222 1504 simplicissima

101 1538 137 1593 et
153 1528 359 1614 incomplexe
377 1530 562 1607 exhibetur,
583 1530 689 1613 qualis
707 1514 758 1597 est
775 1549 809 1597 v.
823 1549 857 1614 g.
875 1529 1091 1614 apprehensio
1105 1522 1222 1613 re'prae-

100 1646 234 1702 sentans
250 1637 509 1715 rationalitatem,
529 1640 677 1713 colorem,
697 1645 775 1720 etc.;
796 1637 934 1703 alterum
953 1655 1033 1702 vero
1051 1654 1182 1713 earum,
1203 1653 1222 1700 a

102 1741 225 1826 quibus
243 1731 493 1829 representatur
510 1745 677 1829 objectum
696 1745 920 1828 compositum
949 1746 1001 1811 vel
1017 1743 1098 1810 ratio
1114 1743 1222 1826 aliqua

100 1853 285 1936 complexa,
295 1862 331 1919 ut
340 1853 538 1937 siconcipias
547 1851 697 1920 bominem
708 1853 974 1946 rocamananaa
981 1852 1135 1918 rationale
1143 1859 1219 1930 ete:

101 1959 291 2042 hujusmodi
314 1971 391 2027 sunt
411 1960 533 2044 passim
552 1960 840 2044 apprehensiones,
862 1978 939 2044 quae
957 1979 1024 2044 prae
1050 1978 1086 2025 se
1115 1960 1223 2024 terunt
1268 1971 1272 1978 ·

101 2083 210 2130 rerum
229 2065 451 2144 definitiones,
472 2075 587 2152 utpote
613 2085 687 2151 quae
705 2066 791 2133 fiunt
818 2086 876 2152 per
901 2084 1008 2152 genus
1034 2065 1221 2150 proximum

102 2181 136 2237 et
166 2173 316 2242 ultimam
344 2175 578 2252 differentiam,
613 2193 650 2240 ac
679 2174 814 2259 proinde
847 2176 1017 2241 continent
1052 2174 1222 2240 notionem

99 2282 319 2365 complexam.
341 2282 451 2366 ltaque
469 2283 564 2348 docet
576 2283 725 2366 Aquinas
738 2283 770 2348 in
791 2281 980 2366 hujusmodi
994 2282 1224 2367 apprehensio-

101 2387 212 2466 nibus,
227 2391 416 2473 complexas
432 2391 581 2457 notiones
592 2390 835 2465 exhibentibus,
850 2409 948 2474 posse
958 2391 1127 2458 admisceri
1137 2389 1223 2456 talsi-

100 2503 203 2561 tatem
212 2503 272 2578 par
287 2497 443 2576 madens,
464 2517 584 2582 nempe
603 2498 725 2563 ratione
743 2497 961 2580 afflrrnattonis
980 2498 1029 2562 vel
1048 2497 1222 2580 negationis
1248 2514 1336 2568 Quibus
1351 2521 1422 2567 mon·

101 2621 257 2685 annexae;
288 2605 377 2688 quod
395 2604 532 2691 oontigit
549 2605 736 2690 dupliciter:
767 2605 818 2671 vel
837 2624 879 2670 ex
895 2605 1123 2688 imparatione
1144 2606 1221 2691 defi·
1269 2592 1400 2707 mjff

99 2709 230 2777 nidonis
246 2714 290 2779 ad
305 2711 482 2798 definitam,
510 2721 543 2780 et
560 2723 639 2781 tunc
662 2713 779 2780 dicitur
803 2712 949 2779 definitio
968 2714 1046 2780 salsa
1070 2721 1218 2799 respectu
1241 2733 1428 2789 apprehensione.

100 2818 248 2904 alicujus,
273 2821 324 2886 cui
350 2840 414 2887 non
435 2831 519 2887 recte
543 2821 744 2899 attribuitur,
770 2821 842 2886 licet
860 2822 895 2887 in
917 2840 956 2899 se,
975 2821 1144 2888 verissima
1162 2822 1216 2905 sit;

101 2926 189 2991 sicut
215 2926 361 2994 delinitio
389 2929 504 2995 circuti
529 2931 608 2995 falsa
636 2940 686 2995 est
714 2930 755 2995 de
783 2931 966 3012 triangulo·
986 2928 1046 2994 Vel
1074 2932 1219 2997 secundo

102 3043 250 3117 respectu
271 3035 410 3118 partium
432 3036 669 3120 complexionis
688 3036 790 3120 ipsius
817 3047 873 3103 aut
897 3035 1096 3104 definitionis
1114 3037 1155 3103 ad
1173 3039 1223 3103 in-

102 3142 226 3220 vicem,
257 3142 291 3208 in
319 3142 439 3227 quibus
457 3144 640 3228 implicetur
658 3144 766 3229 aliqua
795 3142 1006 3227 impossibilis
1034 3145 1221 3222 affirmatio,
1255 3222 1258 3227 ¹

101 3256 139 3312 ut
154 3249 182 3314 si
199 3250 274 3332 quis
293 3252 376 3316 hanc
389 3250 612 3319 definitionem
632 3251 807 3335 concipiat:
827 3252 962 3319 Animal
976 3252 1131 3319 rationale
1147 3272 1225 3340 qua-

100 3358 216 3438 drupes
235 3358 287 3423 vel
303 3360 434 3443 alatam,
457 3377 532 3425 nam
551 3360 584 3424 in
604 3358 792 3445 hujusmodi
811 3358 1001 3427 definitione
1017 3362 1226 3446 praesupponi

103 3471 213 3547 potest
231 3464 294 3531 hoc
314 3465 472 3550 judicium
498 3468 629 3533 falsum:
650 3466 784 3533 Animal
803 3466 959 3533 rationale
982 3472 1032 3535 est
1049 3471 1226 3553 quadrupes

101 3572 157 3637 vel
170 3570 324 3659 alatum(
349 3570 374 3659 ).

171 3679 206 3744 ln
219 3680 532 3764 apprehensionibus
542 3682 819 3760 autem,rationes
830 3682 995 3768 simplices
1004 3692 1037 3749 et
1047 3685 1226 3769 incomple-
1345 3670 1352 3682 ’

103 3804 164 3853 xas
174 3788 493 3871 repraesentantibus,
504 3788 601 3856 docet
610 3788 646 3855 S.
657 3790 803 3858 Thomas
817 3809 894 3857 cum
909 3792 1083 3858 Aristotele
1098 3792 1226 3878 proprie

104 3912 173 3961 non
188 3894 255 3961 dari
270 3895 510 3979 deceptionem,
523 3898 581 3963 sed
593 3898 822 3982 ignorantiam,
838 3898 914 3983 quia
922 3900 1148 3985 quatumque...
1162 3919 1226 3967 non

102 4002 232 4086 attingit
245 4004 290 4067 ad
305 4007 397 4087 quod
413 4010 497 4088 quid
513 4018 568 4073 est
584 4004 634 4071 rei
648 4004 812 4089 simplicis,
827 4008 955 4090 peniteas
972 4007 1102 4091 ignorat
1112 4008 1224 4091 ipsam,

103 4126 169 4175 non
194 4109 279 4175 enim
300 4114 400 4193 potest
424 4112 549 4197 alian&
575 4115 642 4199 ejus
663 4112 744 4179 scire
768 4117 801 4180 et
820 4114 946 4200 aliquid
964 4115 1126 4199 ignorare,
1148 4134 1225 4184 cum

142 4432 185 4503 (r)
222 4430 310 4491 Suar.
324 4432 365 4492 ib.
382 4452 412 4492 a.
432 4452 473 4507 ις.
563 4496 565 4500 ,

142 4524 184 4587 (a)
221 4520 291 4579 Vid.
307 4518 341 4580 S.
357 4520 414 4581 Th.
434 4542 457 4593 r,
473 4540 502 4595 p.
518 4540 547 4596 q.
566 4542 609 4596 17,
623 4542 650 4583 a.
666 4544 694 4597 33
709 4544 740 4595 q.
753 4524 877 4598 85,a.6;
895 4524 1015 4585 r.·dist.
1032 4546 1111 4601 19,q.
1128 4544 1154 4601 5,
1169 4548 1226 4588 a.r

104 4610 144 4670 ad
159 4618 236 4683 7.“;
252 4611 334 4671 Cant.
350 4610 433 4672 Geni.
448 4610 498 4671 lib.
517 4633 541 4683 1,
557 4632 620 4685 cap.
637 4630 688 4686 593
702 4614 748 4672 De
771 4614 863 4675 Verit.
880 4636 910 4688 q.
928 4636 954 4687 r,
968 4636 995 4674 a.
1015 4636 1061 4687 ¹²3
1078 4604 1228 4693 Meaapnyss

104 4700 157 4760 lib.
172 4720 202 4774 9,
217 4700 282 4759 loct.
301 4722 343 4772 ιι,
359 4722 475 4776 paragr.
490 4704 520 4773 d,
530 4723 558 4771 e,-
571 4701 616 4760 De
629 4701 747 4775 Anima,
763 4702 813 4763 lib.
830 4716 857 4779 ’3,
872 4705 938 4765 leot.
957 4726 999 4777 11,
1014 4704 1080 4765 circ.
1096 4704 1150 4767 fin.
1165 4706 1227 4768 Csr.

104 4788 177 4850 Did.
195 4788 268 4849 Ruiz
281 4788 318 4851 de
332 4790 483 4865 Montoye,
500 4794 545 4852 De
558 4791 693 4854 Scientia
703 4794 771 4865 Dei,
780 4792 857 4867 disp.
872 4816 917 4870 92,
932 4811 1003 4857 sect.
1023 4816 1052 4867 2,
1067 4816 1097 4856 n.
1118 4816 1158 4863 ro,
