3492 5525
240 468 358 532 Aramo.
373 482 432 551 3.¹¹·
447 466 526 546 Quo
541 485 634 532 sese.
649 486 741 532 nouo
756 486 808 532 srr
819 485 899 532 vert.
913 486 952 530 au
963 483 1094 540 Juurcro
1125 482 1182 548 43¹

100 649 238 735 proinde
256 649 288 716 in
307 649 398 716 omni
422 659 497 716 actu
522 648 634 734 judicii
665 667 761 716 mens
786 647 942 734 implicite
965 656 1066 731 atque
1085 645 1224 712 exercite

99 757 195 842 quasi
219 766 416 842 protestatur
432 767 466 822 et
483 757 652 842 cognoscit
674 776 742 824 rem
767 775 856 832 esse,
883 763 982 842 prout
1005 775 1023 821 a
1047 773 1084 822 se
1101 771 1226 838 cogno-

101 866 218 942 scitur,
241 883 301 932 seu
319 884 355 931 se
372 865 406 932 in
425 866 659 950 cognoscendo
678 884 766 941 rem,
787 863 982 931 conformari
995 862 1102 928 eidem
1121 863 1249 928 luten--

100 973 275 1040 tionaliter.
296 972 405 1044 Quare
423 973 532 1056 quoad
549 992 617 1038 rem
637 972 741 1057 ipsam
753 973 838 1038 idem
859 982 909 1038 est
927 972 1051 1038 dicere:
1068 971 1169 1038 llorno
1180 971 1229 1034 esi

100 1081 250 1160 riutilis,
262 1090 306 1149 et:
322 1083 439 1147 Verum
446 1085 493 1147 est
510 1081 662 1147 hominem
673 1101 737 1146 esse
748 1081 912 1147 risibilem.
925 1080 963 1145 Et
977 1079 1051 1145 ideo
1065 1099 1084 1143 a
1099 1077 1225 1162 iogicis

103 1208 171 1256 non
190 1169 412 1256 consideratur
432 1188 516 1254 inter
534 1189 654 1255 modos
678 1189 855 1255 efficientes
877 1186 1134 1272 propositionem
1154 1203 1225 1251 mo·

102 1297 228 1382 dalem,
249 1297 369 1363 modus
384 1297 453 1362 aeri
470 1297 609 1382 etsaisi,
632 1305 669 1362 ut
686 1316 747 1364 suo
766 1297 838 1363 loco
858 1305 1009 1362 notatum
1023 1294 1085 1362 luit
1103 1290 1167 1382 (ι).

170 1387 339 1473 Probatur
357 1404 411 1472 a*
429 1427 511 1487 pare
530 1411 784 1488 propositionis.
809 1405 893 1471 Nam
912 1404 1046 1487 quando
1069 1401 1227 1485 quaeritur

101 1513 144 1578 de
172 1513 306 1580 veritate
335 1512 534 1588 intellectus,
556 1512 777 1580 controversia
805 1512 998 1597 intelligitur
1015 1512 1056 1577 de
1075 1509 1223 1586 veritate,

102 1637 178 1705 quae
198 1619 240 1686 sit
257 1620 290 1685 in
309 1619 473 1686 intellectu
493 1628 663 1703 tamquam
684 1618 830 1706 cognita.
855 1617 957 1702 Atqui
976 1619 1094 1685 veritas
1117 1617 1225 1683 solum

101 1729 135 1794 in
164 1737 238 1794 actu
264 1729 449 1794 intellectus
467 1726 642 1812 judicantis
661 1727 817 1812 reperitur
836 1735 875 1794 ut
898 1727 1048 1812 cognita,
1067 1725 1228 1810 quemad-

102 1835 242 1902 modum
260 1835 468 1902 ostendimus
483 1835 516 1901 in
536 1825 639 1919 prima
658 1845 762 1920 parte.
783 1834 880 1920 Ergo.
967 1900 972 1909 ,

170 1949 295 2027 Major.
320 1943 464 2020 Etenim,
491 1951 528 2008 ut
554 1951 802 2028 argumentatur
829 1941 1007 2009 Cardinalis
1033 1942 1167 2008 Toletus
1185 1960 1227 2007 ex

103 2049 251 2136 Angelici
269 2051 417 2118 doctrina
430 2047 494 2138 (2),
513 2051 797 2134 «unumquodque
815 2051 1006 2136 simpliciter
1019 2048 1137 2116 dicitur
1154 2067 1226 2115 esse

102 2158 137 2224 in
155 2157 234 2236 alio,
255 2158 387 2242 quando
405 2166 457 2224 est
475 2159 660 2225 secundum
684 2159 821 2224 modum
846 2158 1014 2244 proprium
1040 2156 1140 2224 illius.
1160 2156 1226 2223 Sed

103 2267 226 2332 modus
239 2267 390 2351 proprius
403 2265 592 2334 intellectus·
606 2274 657 2332 est
670 2266 827 2351 cognitio.
844 2266 929 2351 Ergo
943 2265 1133 2351 simpliciter
1146 2265 1227 2331 illud

102 2391 219 2440 verum
238 2374 363 2440 dicetur
381 2391 452 2440 esse
471 2374 504 2440 in
523 2373 703 2451 intellectu,
723 2374 814 2464 quod
833 2385 885 2440 est
902 2375 1100 2460 cognitum»
1114 2370 1179 2461 (3).

358 2535 363 2548 '
429 2535 626 2602 Sotvuurua
644 2551 894 2602 urrrrcutrares:

154 2713 205 2781 17.
251 2701 400 2781 Objieies
428 2695 535 2766 1.⁰Si
564 2715 640 2764 vera
668 2706 720 2765 est
752 2697 846 2764 allata
875 2697 1038 2777 doctrina,
1064 2697 1225 2786 judicium

100 2825 235 2889 semper
252 2804 313 2871 erit
339 2814 432 2894 actus
451 2804 609 2887 rellexus3
633 2804 691 2872 sed
719 2806 838 2871 dantur
861 2806 961 2874 etiam
986 2824 1027 2873 ex
1054 2806 1225 2874 communi

100 2912 249 2979 doctrina
263 2913 384 2999 judicia
402 2912 536 2981 directa.
557 2914 653 2999 Ergo.
1215 2971 1218 2977 .

170 3028 275 3105 Resp.
294 3020 370 3089 dr'st.
385 3022 498 3107 Major.
519 3021 629 3088 Omne
643 3021 801 3107 judicium
820 3020 880 3088 erit
899 3020 1059 3089 rellexum
1078 3022 1228 3089 retlexio-

103 3148 145 3195 ne
163 3128 298 3194 cadente
316 3146 416 3212 supra
434 3128 592 3213 praevium
621 3138 732 3195 actum
760 3129 916 3214 simplicis
943 3130 1224 3214 apprehensionis,

99 3254 205 3313 conc„
225 3254 323 3320 supra
341 3236 499 3320 praevium
519 3236 661 3321 aliquem
682 3246 790 3303 actum
803 3237 936 3322 judicii,
956 3256 1024 3321 neg.

169 3343 207 3408 Et
224 3343 482 3411 contradistincia
499 3344 644 3421 Minore,
664 3362 733 3427 neg.
754 3362 891 3429 conseq.

164 3450 326 3533 judicium
346 3470 464 3529 omne,
484 3451 582 3517 etiam
603 3451 636 3517 id
664 3452 755 3535 quod
783 3452 939 3517 directum
966 3453 1165 3537 appellatur,
1186 3472 1227 3520 ex

102 3567 217 3627 natura
232 3577 291 3625 sua
309 3557 452 3642 aliquam
472 3560 618 3625 continet
637 3560 860 3626 reflexionem.
883 3558 1021 3642 iudicari
1049 3560 1138 3627 enim
1160 3579 1227 3626 non

101 3676 230 3751 potest,
251 3667 311 3733 nisi
330 3666 490 3752 precedat
508 3667 724 3751 apprehensio
743 3668 904 3753 simplex,
930 3676 963 3734 et
981 3666 1042 3735 nisi
1061 3667 1112 3746 id,
1137 3668 1228 3752 quod

100 3775 142 3840 de
170 3794 204 3841 re
232 3774 503 3860 apprehenditur,
531 3792 607 3840 cum
634 3774 704 3859 ipsa
738 3794 771 3840 re
800 3765 1026 3861 comparetur,
1056 3776 1162 3860 deque
1189 3795 1228 3842 ea

100 3882 284 3950 affirmetur
314 3891 371 3949 aut
401 3892 552 3968 negetur.
582 3881 693 3968 Atque
727 3884 796 3949 haec
822 3894 873 3951 est
901 3902 1056 3970 expressa
1082 3884 1229 3951 donnna

100 3990 138 4057 S.
170 3990 306 4057 Thomae
333 3987 399 4078 (4).
424 3990 549 4057 Veritas
574 3992 659 4058 est...
689 3990 723 4055 in
741 3991 909 4070 intellectu,
935 3991 1022 4057 sicut
1042 4008 1229 4076 consequens

98 4102 207 4165 actum
223 4098 412 4173 melecius,
438 4100 470 4163 et
484 4096 568 4164 st'cut
584 4098 705 4181 cognita
724 4105 785 4181 per
801 4099 991 4166 intellectam
994 4118 1010 4180 ;
1032 4099 1231 4184 consequitor

98 4224 234 4291 nanrqrae
247 4206 420 4273 intellectus
435 4205 660 4289 operatiorem,
679 4208 850 4273 secundnm
866 4209 950 4293 quod
958 4207 1117 4295 judicium
1138 4206 1231 4273 intel-

134 4500 179 4564 <t)
218 4492 374 4569 lnLogica
389 4492 641 4569 Minori,n.114.

135 4584 180 4657 (a)
220 4604 278 4655 ap.
294 4604 324 4655 q.
345 4584 467 4654 16‚a2.

135 4681 179 4748 (3)
217 4673 250 4733 ln
266 4684 323 4731 ι.·“ι
336 4686 464 4746 partem,
478 4686 584 4746 quaest.
603 4674 654 4744 16,
668 4693 685 4733 a
698 4694 725 4731 a.

126 4760 178 4837 14)
216 4766 261 4823 De
278 4762 414 4835 Varini..
431 4777 534 4835 quest.
554 4784 583 4835 t,
598 4778 653 4824 art.
669 4782 698 4837 9.
713 4762 778 4823 Cl'r.
795 4784 807 4823 1
824 4782 853 4838 p.
868 4778 975 4836 quest.
994 4764 1043 4837 16,
1057 4776 1114 4825 ert.
1130 4784 1158 4831 a.
