3492 5525
308 426 426 493 Anrrb.
451 442 509 510 3³¹³
531 428 785 493 Pnoemernrns
806 447 1047 493 cenrrronrrurs
1140 446 1199 511 4p7

115 615 171 691 iis,
191 626 267 697 quae
281 612 350 697 ipse
369 622 523 697 expertus
538 622 602 689 est,
619 632 720 697 quarn
739 614 791 691 iis,
811 633 887 697 quae
903 633 945 679 ex
960 613 1097 681 aliorum
1114 613 1242 679 relatio·

116 742 158 786 ne
175 720 316 806 accepit3
332 729 365 786 et
384 720 409 786 si
436 740 493 805 par
517 722 558 787 sit
581 722 615 787 in
635 722 782 805 utrisque
805 722 988 798 evidentia,
1006 722 1112 806 magis
1129 720 1241 791 firmat

115 822 316 894 intellectum
340 828 421 893 ratio
446 829 581 895 tundata
604 828 639 895 in
661 829 915 903 ,inmutabilibus
940 847 1051 899 rerum
1077 826 1238 904 essentiis,

116 955 216 1020 quam
243 936 275 1001 in
295 936 421 1022 legibus
448 938 665 1015 naturalibus,
691 956 765 1020 quae
793 938 1047 1021 suspensionem
1072 937 1105 1003 in
1131 934 1241 1022 aliquo

115 1063 193 1110 casu
213 1052 353 1129 possunt
368 1063 425 1129 per
440 1043 582 1109 divinam
604 1046 877 1129 omnipotentiam
892 1044 1015 1112 subire.

179 1154 248 1234 Jam
272 1152 297 1217 si
318 1153 488 1218 formalem
515 1152 743 1219 certitudinem
765 1153 997 1239 respiciamus,
1018 1161 1131 1237 potest
1149 1161 1242 1218 actus

118 1262 275 1344 majorem
295 1260 414 1325 habere
434 1260 683 1345 repugnantiam
703 1280 779 1326 curn
800 1261 937 1327 salsitate
957 1278 1016 1343 pro
1036 1259 1150 1343 majori
1170 1276 1243 1345 per·

117 1368 255 1433 sectione
287 1368 566 1453 intelligentiae,a
592 1386 658 1453 qua
686 1362 862 1435 eliciendus
893 1376 954 1434 est.
986 1367 1023 1431 Et
1052 1368 1113 1433 hoc
1142 1366 1242 1433 modo
1356 1437 1361 1456 ,

117 1484 209 1541 actus
221 1474 487 1561 supernaturalis,
507 1474 633 1560 positus
647 1477 689 1542 ab
704 1476 867 1542 intellectu
880 1476 993 1561 adjuto
1004 1483 1105 1558 atque
1114 1475 1242 1541 elevato

117 1582 372 1668 supernaturalis
405 1582 538 1649 luminis
566 1582 798 1661 illustratione,
840 1582 945 1668 magis
978 1582 1152 1648 infallibilis
1179 1593 1242 1657 est,

117 1691 243 1758 caeteris
276 1690 419 1776 paribus,
440 1708 541 1774 quam
560 1700 652 1757 actus
670 1692 837 1769 naturalis,
859 1691 906 1756 Ex
924 1699 1016 1774 parte
1043 1699 1152 1757 autem
1181 1691 1246 1756 tor·

119 1799 214 1865 malis
230 1798 343 1865 motivi
359 1800 481 1865 variam
496 1818 629 1882 quoque
648 1800 781 1865 sortitur
795 1798 955 1866 certitudo
969 1797 1243 1873 infallibilitatem,

118 1906 386 1991 quandoquidem
407 1907 639 1993 metaphysicae
661 1906 861 1973 certitudinis
881 1914 971 1974 tanta
993 1914 1042 1971 est
1061 1923 1246 1989 repugnari*

119 2015 177 2091 tia,
199 2023 236 2079 ut
249 2012 446 2079 contrarium
462 2014 649 2098 contingere
666 2013 815 2079 absolute
830 2033 896 2080 non
913 2012 1030 2098 possit;
1048 2013 1244 2096 reliquarum

120 2140 200 2187 vero
214 2138 279 2187 non
294 2129 395 2197 tanta,
412 2140 487 2187 cum
501 2122 633 2206 physica
646 2120 805 2188 certitudo
824 2120 962 2187 deticere
978 2139 1035 2205 per
1051 2121 1243 2186 miraculum

121 2228 225 2312 possit
243 2228 405 2305 absolute,
426 2247 463 2293 ac
483 2227 614 2293 moralis
632 2227 729 2295 etiam
749 2227 875 2312 absque
894 2229 1060 2311 miraculo,
1078 2246 1136 2311 per
1152 2244 1245 2298 surn-

69 2358 87 2383 r
121 2354 217 2401 mum
238 2335 394 2403 libertatis
413 2336 566 2410 abusum,
586 2345 642 2401 aut
662 2355 718 2421 per
736 2336 903 2402 victoriam
922 2336 963 2401 de
979 2335 1086 2419 aliqua
1104 2335 1243 2402 difficul-

121 2453 188 2511 tate
208 2444 371 2509 moraliter
388 2443 610 2528 insuperabili.

190 2550 283 2616 Unde
303 2550 429 2635 scripsit
449 2550 626 2634 Angelicus
646 2550 776 2619 Doctor:
800 2552 962 2617 Certitndo
980 2552 1063 2617 nibil
1080 2551 1172 2616 aliud
1187 2554 1245 2632 est,

120 2675 216 2744 qnam
233 2658 450 2725 determinatio
467 2658 638 2725 intellectus
651 2662 695 2725 ad
717 2678 830 2725 unum:
849 2662 935 2726 tento
956 2662 1058 2725 autem
1070 2644 1179 2746 'major
1203 2662 1250 2723 est

120 2767 285 2844 certitudo,
305 2770 420 2852 quanto
437 2769 484 2831 est
490 2766 623 2852 fortius,
642 2769 726 2852 qnod
746 2767 1033 2833 determinationem
1051 2764 1192 2854 causat(
1218 2764 1245 2854 ).

169 2979 224 3047 61.
250 2965 252 2970 ¹
275 2983 520 3054 Conottxnrun.
571 2983 740 3050 Certitudo
758 2981 832 3049 fidei
857 2983 1111 3068 supernaturalis
1129 3001 1247 3066 quam·
1305 3015 1419 3062 cmm„

122 3091 201 3156 libet
222 3091 401 3156 naturalem
421 3090 647 3156 certitudinem
666 3091 793 3158 excedit
811 3087 875 3177 (2).
896 3089 1067 3158 Rationem
1092 3091 1138 3158 sic
1155 3109 1248 3176 egre·
1261 3089 1464 3204 Fidffiwttffljll·

122 3202 176 3286 gie
196 3198 300 3264 reddit
319 3198 463 3264 Eximius
483 3199 617 3264 Doctor:
640 3196 763 3264 «Ratio
782 3206 893 3264 autem
909 3200 1035 3283 proprie
1050 3198 1192 3265 sumitur
1207 3218 1248 3264 ex
1268 3163 1461 3280 mm?

123 3305 292 3371 altio‘ribus
322 3305 440 3380 causis,
470 3305 591 3394 quibus
629 3307 740 3372 nititur
768 3304 928 3372 certitudo
957 3306 1054 3373 Fidei.
1085 3307 1249 3373 Fundetur
1316 3306 1407 3351 udan

124 3414 214 3480 enim
235 3411 391 3496 inprime
410 3413 564 3491 Veritate,
590 3433 690 3496 quam
719 3414 826 3479 tallere
850 3417 902 3488 vel
923 3415 985 3478 talli
1014 3413 1247 3498 impossibilius

125 3533 190 3597 est,
212 3538 312 3604 quam
333 3521 512 3588 naturalem
532 3520 700 3588 scientiam
720 3520 863 3588 hominis
892 3540 1009 3588 errare.
1031 3520 1110 3587 ltem
1130 3523 1250 3606 pendet

125 3628 288 3694 certitudo
299 3627 383 3692 Fidei
403 3647 443 3693 ex
462 3629 585 3694 lumine
604 3629 711 3694 inluso
729 3638 763 3694 et
781 3629 906 3704 divino,
927 3628 1017 3711 quod
1032 3630 1129 3714 longe
1147 3632 1253 3696 excel-

127 3735 250 3804 lentius
278 3743 342 3812 est,
371 3755 470 3818 quam
501 3738 614 3802 lumen
643 3737 787 3802 naturale
815 3737 1013 3805 intellectus.
1055 3737 1252 3822 liujusmodi

127 3859 210 3929 ergo
245 3845 357 3910 lumen
388 3843 487 3910 etiarn
523 3845 650 3910 confert
685 3845 947 3911 excellentiorem
977 3844 1250 3912 certitudinem...
1298 3864 1302 3869 ·

128 3952 278 4036 Denique
297 3959 459 4033 quatenus
480 3950 574 4018 Fides
594 3953 714 4035 pendet
734 3971 775 4018 ex
795 3953 975 4029 voluntate,
996 3962 1034 4018 ut
1048 3953 1116 4038 jam
1131 3953 1251 4030 dicam,

128 4060 244 4126 nititur
271 4059 304 4126 in
334 4059 462 4144 speciali
481 4061 636 4135 ‚motione
664 4060 803 4145 Spiritus
827 4059 948 4136 Sancti,
969 4079 1043 4146 quae
1071 4060 1186 4126 efficax
1205 4072 1255 4126 est

128 4169 173 4234 ad
191 4165 410 4250 praestandam
432 4167 694 4235 excellentiorem
714 4167 957 4236 certitudinem.
978 4168 1073 4234 Unde
1090 4169 1189 4235 etiam
1202 4167 1253 4244 tit,

129 4283 169 4342 ut
187 4274 346 4341 certitudo
374 4273 461 4340 Fidei
480 4293 547 4341 non
567 4275 716 4342 admittat
734 4276 943 4342 deliberatam
963 4275 1202 4343 dubitationem
1222 4276 1255 4342 in

129 4384 312 4460 intellectu,
345 4382 471 4448 etiamsi
491 4383 577 4448 mille
597 4391 792 4470 argumenta
810 4393 993 4460 occurrant,
1014 4384 1135 4469 quibus
1155 4386 1258 4455 bomo

133 4557 404 4574 m*

168 4640 214 4706 (r)
251 4645 293 4708 3.·
307 4632 384 4693 Dist.
400 4652 446 4707 23,
461 4649 568 4707 quaest.
582 4653 610 4706 ο,
623 4655 651 4694 a.
668 4655 693 4702 ε,
710 4633 798 4694 solut.
810 4643 850 4704 n·

169 4726 212 4798 (2)
249 4723 282 4783 S.
298 4723 405 4784 Thom.
421 4723 460 4783 ib.
