3492 5525
543 551 596 623 ¹5²
728 538 854 604 Loorcx
874 536 1127 604 Mmon—Drss.
1154 549 1196 600 1.·
1217 535 1298 601 Oxi.
1321 549 1394 601 ass

500 732 611 788 natam
630 729 663 787 et
683 721 855 806 specialem
865 718 1089 786 habitudinem
1103 721 1327 805 repugnantis
1337 720 1458 786 habent
1468 737 1545 786 cum
1557 737 1626 786 uno
1734 736 1736 817 j

383 873 384 876 =
497 838 627 897 tantum
642 831 803 906 termino,
817 830 859 895 ita
872 837 959 895 uteo
973 828 1104 912 speciali
1120 828 1308 894 modocum
1321 828 1411 893 nullo
1422 827 1484 894 alio
1499 829 1625 912 possint

415 955 417 960 ·
497 955 659 1024 pugnare;
686 938 847 1021 disparata
872 953 951 1001 vero
984 935 1154 1020 implicant
1182 934 1364 1019 quamlibet
1398 935 1622 1002 diversitatem

497 1046 622 1128 absque
642 1051 729 1111 certa
743 1053 775 1110 et
792 1031 1008 1109 determinata
1027 1044 1114 1128 lege,
1141 1042 1230 1108 unde
1247 1061 1325 1108 cum
1346 1043 1460 1108 multis
1478 1041 1627 1108 terminis
1734 1040 1735 1125 j

496 1170 555 1220 seu
566 1151 721 1218 extremis
735 1168 830 1237 aeque
846 1149 1007 1222 dissidere
1017 1157 1172 1234 possunt.
1183 1150 1228 1214 lta
1240 1150 1327 1215 homo
1340 1159 1373 1216 et
1383 1149 1464 1232 lapis
1473 1159 1552 1216 sunt
1561 1149 1627 1215 dis-
1734 1164 1735 1227 g

496 1267 622 1346 parate,
648 1257 723 1344 quia
747 1277 814 1325 non
832 1266 921 1324 certa
938 1257 1082 1343 quadam
1108 1259 1266 1344 lege-sese
1288 1257 1488 1336 excludunt,
1510 1257 1569 1324 sed
1585 1275 1627 1322 eo
1734 1268 1735 1307 l

496 1368 597 1434 modo
615 1385 684 1452 quo
702 1367 801 1433 etism
823 1351 975 1452 pugnant
1002 1383 1079 1431 cum
1098 1383 1199 1450 aqua,
1221 1367 1286 1431 sole
1305 1365 1442 1450 aliisque
1460 1364 1627 1431 sexcentis
1734 1344 1735 1401 l

495 1474 606 1558 rebus.
626 1475 745 1541 Auum
758 1477 862 1540 autem
876 1482 909 1539 et
925 1473 1064 1557 negrum,
1089 1473 1176 1538 homo
1196 1487 1229 1539 et
1249 1490 1314 1538 non
1335 1473 1440 1550 domo,
1462 1472 1572 1538 videns
1593 1478 1628 1536 et

493 1601 611 1661 eacus,
631 1581 722 1666 pater
740 1590 772 1648 et
777 1581 873 1669 filius
893 1601 932 1646 ea
955 1580 1039 1647 inter
1052 1599 1088 1647 se
1109 1580 1181 1667 lege
1200 1599 1237 1646 ac
1264 1581 1389 1647 ratione
1413 1581 1625 1657 reluctantur,
1734 1614 1735 1617 π

215 1769 231 1784 1,
282 1722 292 1732 ·
495 1703 571 1776 quse
583 1699 755 1774 nequeunt
776 1707 854 1782 cum
876 1688 943 1755 ullo
962 1687 1024 1755 alio
1043 1697 1194 1755 extremo
1209 1696 1364 1772 praeterea
1387 1683 1544 1755 dissidere
1557 1685 1625 1776 (r).

136 1729 222 1862 six
295 1821 472 1878 optarem
541 1814 596 1884 37.
645 1795 795 1874 Quatuor
814 1804 1030 1863 numerantur
1048 1796 1175 1880 proprie
1199 1794 1363 1881 opposita:
1384 1795 1532 1873 relativa,
1552 1814 1628 1861 con·

283 1890 481 1950 ‘'bimi'‘
497 1907 617 1982 traria,
632 1905 795 1988 privativa
808 1915 841 1972 et
855 1903 1098 1969 contradictoria
1111 1900 1176 1992 (a).
1689 1968 1696 1984 ,
1734 1892 1735 1933 ³

296 2032 356 2090 otu
372 2033 470 2089 amm,
562 2011 707 2078 Relative
726 2011 879 2097 opposita
903 2020 997 2088 sunt,
1024 2029 1156 2096 quorum
1169 2014 1302 2078 alterum
1315 2014 1561 2093 perspectum
1582 2011 1625 2076 ad
1734 2022 1735 2029 ’

45 2143 152 2238 cmg,
163 2141 247 2229 pso.
495 2122 629 2186 alterum
642 2119 876 2186 denominatur:
890 2117 965 2184 talis
978 2127 1057 2184 sunt
1068 2122 1158 2200 pater
1176 2118 1318 2204 etfilius,
1334 2137 1432 2186 casua
1445 2121 1478 2184 et
1486 2119 1624 2202 effectio,
1734 2202 1735 2205 Ἴ

496 2230 602 2316 nujus
615 2226 770 2293 elminus.
899 2233 902 2240 '

284 2353 344 2410 outo
361 2354 476 2402 eonem..
565 2333 732 2400 Contraria
755 2333 959 2400 deliniuntur
979 2353 1020 2399 ex
1040 2332 1226 2416 Philosophi
1246 2332 1391 2398 doctrina
1410 2330 1461 2421 (3)
1479 2352 1550 2419 quae
1567 2336 1627 2399 sub

497 2434 601 2508 eodem
623 2459 736 2526 genere
750 2441 886 2506 maxime
898 2441 1034 2516 distant,
1050 2445 1082 2506 et
1092 2441 1191 2506 eidem
1203 2441 1339 2527 subjecto
1350 2439 1489 2506 vicissim
1502 2441 1622 2518 insunt,

497 2567 593 2634 aquo
613 2553 719 2616 mutuo
736 2567 769 2614 se
791 2550 967 2631 expellunt,
989 2547 1057 2613 nisi
1077 2550 1211 2613 sirenem
1230 2565 1336 2613 eorum
1357 2548 1471 2614 insita
1494 2551 1622 2614 natura.

498 2657 654 2741 Exempla
674 2664 773 2722 sunto
796 2655 899 2721 virtus
920 2664 955 2721 et
975 2654 1103 2733 vitium,
1123 2655 1254 2721 scientia
1275 2664 1307 2720 et
1325 2673 1432 2733 error,
1451 2658 1572 2722 candor
1586 2675 1626 2722 ac

500 2762 645 2849 nigredo.
1734 2829 1735 2840 ,

566 2872 689 2939 Dicitur
707 2872 770 2938 sub
792 2874 897 2938 eodem
929 2836 1112 2952 enereiubi
1134 2871 1268 2937 nomine
1287 2871 1417 2955 generis
1435 2872 1626 2957 intelligitur
1734 2871 1735 2952 1

424 2992 442 3059 2
471 2980 676 3065 tproximum
697 2982 748 3046 vel
771 2890 938 3085 renoturfi
961 2980 1037 3063 quia
1056 2978 1210 3045 nimirum
1230 2978 1389 3045 contraria
1414 2998 1488 3046 esse
1507 2980 1626 3046 debent

535 3210 577 3285 (t)
615 3210 685 3271 Viri:
698 3208 819 3280 Susrez,
835 3210 922 3285 Disp.
943 3208 1013 3268 Met.
1025 3227 1072 3283 45,
1101 3222 1172 3267 sect.
1187 3228 1253 3277 1,n.
1273 3207 1495 3279 13Conimbrio.
1510 3210 1564 3268 loc.
1574 3208 1624 3269 cit.

535 3305 577 3369 (s)
616 3299 702 3359 Ratio
728 3298 882 3359 divisionis
908 3300 971 3358 haee
997 3299 1079 3357 reddi
1108 3299 1212 3370 potest.
1237 3298 1312 3357 Nsm
1340 3298 1487 3371 oppositis
1514 3300 1625 3358 versari
1734 3289 1735 3340 7

501 3390 605 3464 nequit
617 3390 673 3451 nisi
685 3390 731 3450 vel
742 3390 819 3449 inter
832 3402 960 3449 extreme
975 3388 1113 3461 positive,
1123 3390 1169 3447 vel
1181 3388 1258 3447 inter
1267 3409 1360 3447 unum
1369 3403 1531 3449 extremum
1547 3390 1627 3462 posi·

500 3480 594 3540 tivum
617 3493 648 3540 et
668 3480 794 3539 slterum
816 3479 995 3553 negativum.
1018 3477 1135 3537 Etenim
1150 3478 1209 3536 duo
1222 3491 1351 3537 extrem
1366 3478 1503 3551 negativa
1516 3478 1628 3551 opponi

499 3568 615 3643 proprie
634 3590 695 3629 non
714 3582 854 3642 possunt,
872 3588 937 3627 cum
958 3588 1016 3626 uns
1043 3566 1160 3641 negatio
1181 3588 1233 3639 per
1252 3588 1283 3626 se
1305 3586 1356 3625 seu
1376 3566 1486 3625 ratione
1499 3568 1546 3626 sui
1567 3588 1627 3628 non

499 3673 643 3735 repugnet
658 3659 751 3719 elteri:
767 3680 834 3717 eum
853 3656 932 3716 enim
952 3656 1102 3729 proprium
1118 3656 1283 3728 negationis
1297 3656 1337 3715 sit
1350 3655 1463 3716 auferre
1473 3654 1626 3729 positivam

499 3748 666 3817 entitatem,
685 3748 781 3807 ablato
792 3745 872 3806 omni
888 3744 1025 3819 positivo,
1037 3744 1110 3803 nihii
1125 3746 1302 3815 remanebit,
1314 3765 1365 3818 per
1378 3746 1457 3816 quod
1466 3746 1525 3804 duo
1540 3766 1628 3819 nege·

501 3838 560 3897 tire
577 3836 692 3909 possint
707 3838 784 3895 inter
799 3856 831 3895 se
845 3834 992 3894 reluctari.
1002 3834 1067 3903 Jsm
1083 3833 1110 3891 si
1123 3847 1283 3906 utrumque
1295 3846 1459 3892 extremum
1468 3833 1626 3907 positivum

501 3926 558 3997 sit,
573 3927 619 3985 vel
637 3940 797 3998 utrumque
811 3926 921 3997 psriter
933 3936 977 3983 est
990 3923 1171 3991 absolutum,
1183 3937 1217 3983 ‚et
1230 3922 1387 3982 habebitur
1399 3922 1544 3996 oppositio
1556 3944 1629 3983 eon-

501 4016 592 4075 trsris
606 4015 703 4087 qualis
712 4030 757 4074 est
768 4035 796 4074 v.
808 4035 837 4087 g.
850 4014 928 4072 inter
937 4016 1035 4072 album
1045 4028 1076 4073 et
1084 4016 1219 4088 nigrum
1236 4013 1282 4072 vel
1292 4013 1626 4086 utrumque‘reistivum‚

500 4119 530 4165 et
555 4104 648 4163 ederit
666 4104 810 4177 oppositio
830 4103 967 4173 relativa,
983 4116 1017 4161 ut
1036 4103 1114 4160 inter
1137 4104 1282 4161 dominum
1303 4124 1336 4161 se
1355 4124 1481 4161 servum.
1507 4101 1541 4161 Si
1558 4124 1629 4163 vero

499 4206 693 4253 extremorum
709 4194 747 4252 sit
762 4194 886 4253 alterum
902 4191 1070 4264 positivum,
1081 4205 1110 4249 et
1119 4192 1242 4250 aiterum
1257 4192 1387 4263 ejusdem
1398 4191 1579 4265 negativum:
1590 4195 1631 4252 al·

500 4294 643 4342 terutrum
656 4282 824 4356 continget,
840 4293 875 4340 ut
887 4281 934 4339 vel
952 4280 1002 4339 ills
1024 4280 1138 4354 negatio
1154 4296 1303 4353 supponet
1315 4294 1367 4339 sut
1380 4294 1517 4341 connotet
1532 4284 1631 4354 subie-

498 4385 578 4433 ctum
593 4373 629 4430 sd
644 4370 766 4431 formum
781 4370 945 4444 oppositam
955 4382 1074 4442 aptum,
1089 4384 1118 4428 et
1130 4368 1235 4430 existet
1248 4370 1393 4443 oppositio
1406 4373 1631 4446 prisonem-vel

499 4482 571 4536 pure
578 4482 611 4522 se
619 4460 787 4535 simpliciter
792 4473 940 4519 removaet
945 4459 1120 4533 oppositum,
1131 4459 1203 4533 quin
1212 4460 1304 4518 ullum
1312 4461 1475 4532 subjeetum
1480 4476 1630 4532 connotet‚

499 4564 531 4611 et
559 4564 697 4625 exsurget
725 4549 869 4623 oppositio
896 4551 1136 4609 contradictoria.
1166 4550 1242 4608 Vide
1264 4548 1365 4620 Suam,
1384 4550 1469 4620 ures.
1498 4551 1631 4627 metapl-

498 4660 549 4716 45,
575 4654 628 4701 set.
648 4662 677 4709 ι,
694 4659 725 4698 n.
748 4660 834 4709 2-ro;
851 4638 1003 4698 Conimbr.
1020 4638 1073 4697 loe.
1092 4659 1167 4711 nup*
1180 4639 1228 4697 cit„
1246 4653 1301 4697 ort.
1319 4658 1345 4697 a.
1362 4639 1458 4697 Aliam
1485 4640 1631 4700 rationem

499 4730 589 4790 hebes
602 4730 680 4801 epod
696 4728 728 4787 S.
746 4729 889 4789 Thomsm
906 4728 936 4786 in
950 4727 1000 4785 lib.
1017 4744 1031 4797 ς
1048 4728 1244 4803 Meraptysie.
1259 4727 1323 4787 lect.
1342 4748 1384 4785 ra.

535 4824 577 4893 (ς)
612 4818 657 4878 De
670 4820 844 4878 Prodicum.
860 4838 925 4889 esp.
943 4836 992 4886 ro,
1007 4828 1037 4875 et
1047 4816 1278 4891 Metaplrysicor.
1296 4817 1347 4875 lib.
1365 4834 1412 4889 ro,
1423 4836 1486 4891 esp.
1502 4819 1531 4877 6.
