3492 5525
552 424 628 489 ¹⁰70
683 410 807 474 [061οΑ
824 410 1045 484 Mulon-[ru
1075 426 1146 489 μ’,
1169 413 1261 477 Dtsn.
1276 415 1321 476 6.·
1337 414 1417 477 Can.
1438 420 1506 477 1:¹¹¹*

509 590 558 651 vel
585 588 680 654 simili
699 589 846 657 discursu
866 592 1041 660 creditores
1069 592 1178 660 rustici
1203 594 1254 659 vel
1282 596 1379 660 etiarn
1410 592 1490 676 ipsae
1509 592 1618 657 vetule

505 694 684 763 debitorem
700 715 798 764 suum
820 707 953 783 urgent:
978 699 1043 779 Qui
1054 701 1297 777 debalcennrm
1317 705 1349 767 et
1367 700 1619 783 solvitqur'nqua-

500 802 604 885 ginta,
619 804 721 869 adira
734 796 962 891 quinquaginta
974 808 1074 873 debet:
1085 811 1118 872 tn
1132 826 1204 872 cnm
1221 810 1345 875 deberes
1355 810 1490 884 cenbtm,
1506 804 1620 871 solvisti

503 912 625 976 tantm
640 913 888 998 quinquaginta:
906 914 1009 981 actoru
1020 934 1094 999 ergo
1111 916 1338 1001 quinquaginta
1351 916 1462 983 debes?
1480 912 1544 991 Qui
1559 914 1618 979 dis-

502 1036 633 1093 cursus,
653 1020 822 1105 supposita
835 1021 1077 1106 praemissarum
1098 1024 1249 1099 veritate,
1267 1042 1332 1089 non
1348 1025 1457 1090 solunt
1478 1020 1617 1104 optimus

502 1134 534 1190 et
560 1124 757 1194 scientificus
784 1138 851 1204 est,
883 1130 1014 1211 qualern
1035 1140 1145 1213 posset
1164 1131 1290 1197 efficere
1320 1132 1371 1197 vel
1400 1128 1616 1195 nobilissimus

501 1229 751 1309 Aritbmeticus,
766 1221 824 1301 sed
843 1234 942 1301 etiam
962 1254 1094 1303 summa
1113 1238 1304 1305 certitudine
1318 1238 1510 1305 verissimus
1526 1235 1617 1301 lnbe-

434 1340 440 1349 ”
499 1347 552 1403 tur
583 1340 651 1405 sive
688 1362 706 1407 a
738 1342 894 1408 creditore
927 1363 964 1409 ac
995 1344 1153 1420 debitore,
1186 1347 1256 1412 sive
1288 1366 1306 1410 a
1337 1343 1616 1412 circumstantibus

499 1446 686 1534 omnibus(
710 1448 740 1535 )..
1031 1515 1035 1523 ,

565 1555 721 1621 Praeterea
746 1554 815 1642 ipsa
842 1558 989 1625 inventio
1011 1559 1089 1626 artis
1118 1560 1258 1647 Logicae,
1281 1580 1354 1646 quae
1374 1571 1461 1627 certe
1482 1566 1614 1623 nonest

497 1658 604 1727 inlusa
623 1684 640 1727 a
660 1664 744 1741 Deo,
765 1665 901 1732 euidens
928 1674 977 1733 est
1005 1669 1194 1753 exemplum
1218 1668 1475 1753 propositionem
1500 1665 1613 1733 invicte

495 1768 708 1839 confirmans.
724 1770 811 1837 Ante
826 1772 970 1858 primum
985 1775 1073 1841 enim
1090 1775 1222 1861 logices
1232 1787 1433 1860 praeceptum
1443 1775 1611 1865 inventum

495 1875 818 1958 demonstratumve,
848 1881 938 1947 nulla
963 1883 1106 1965 protecto
1135 1902 1186 1949 ars
1212 1883 1318 1967 logica
1346 1882 1527 1966 precessit,
1557 1880 1610 1946 sed

494 1985 603 2049 solum
619 1977 674 2053 ‘vis
699 1988 809 2056 nativa
833 1988 1018 2055 intellectus
1044 1988 1257 2074 habilitasque
1281 1991 1322 2056 ad
1340 1990 1609 2065 ratiocinandum,

493 2110 594 2175 quam
613 2094 754 2163 dicimus
771 2099 951 2163 naturalem
968 2095 1123 2181 logicam.
1146 2097 1245 2182 Atqui
1265 2098 1378 2182 primae
1393 2088 1457 2163 illae
1478 2098 1612 2163 demon-
1712 2114 1713 2189 l

491 2200 666 2269 strutiones
685 2204 842 2271 rationem
868 2204 990 2271 habent
1012 2204 1155 2275 scientie
1180 2204 1321 2290 partialis
1344 2215 1377 2271 et
1400 2206 1607 2290 imperfecte.

491 2308 618 2394 Ergo...

535 2424 637 2486 Prob.
660 2418 713 2487 2.⁰
739 2420 874 2488 ratione.
894 2422 978 2486 Nam
1000 2420 1207 2488 «intellectus
1226 2421 1296 2487 sine
1323 2420 1438 2506 Logica
1456 2418 1608 2487 artificiali

490 2534 600 2608 potest
617 2524 730 2591 elicere
754 2514 1049 2597 demonstrationes
1071 2528 1157 2604 illas,
1183 2548 1257 2612 quae
1284 2530 1473 2594 immediate
1499 2546 1608 2613 proce·

486 2632 571 2699 dunt
589 2652 630 2700 ex
649 2633 762 2718 primis
782 2628 944 2722 principiis
964 2654 1021 2720 per
1044 2654 1079 2701 se
1109 2637 1210 2712 notis,
1236 2636 1427 2720 cujusmodi
1456 2638 1524 2701 haec
1544 2644 1603 2699 est:

489 2737 590 2806 Omne
608 2744 703 2808 toturn
720 2744 769 2808 ast
783 2744 884 2829 majus
898 2763 957 2808 sara
970 2746 1081 2826 parte:
1099 2746 1155 2810 sed
1171 2748 1308 2812 mundns
1324 2748 1373 2810 est
1387 2748 1500 2819 lotum,
1520 2744 1607 2828 cujus

481 2853 561 2926 pars
576 2852 624 2913 est
641 2853 746 2915 terra:
770 2851 848 2934 Ergo
865 2853 1003 2916 mundus
1020 2854 1069 2916 est
1084 2855 1188 2942 nrajor
1213 2857 1311 2919 terra.
1341 2851 1404 2917 Sed
1430 2871 1486 2934 per
1509 2852 1604 2916 hasce

486 2955 784 3023 demonstrationes
798 2959 937 3024 babetur
948 2959 1120 3026 scientiain
1135 2968 1222 3024 statu
1237 2957 1438 3042 imperfecto.
1453 2957 1604 3043 Ergo...»

551 3070 655 3132 Prob.
686 3071 810 3148 Major.
843 3065 927 3131 Nam
958 3065 1123 3150 inprimis
1146 3066 1330 3133 intellectus
1359 3069 1429 3133 sola
1457 3066 1488 3133 vi
1507 3065 1605 3132 nativi

485 3169 618 3238 luminis
632 3190 829 3256 cognoscere
849 3181 957 3256 potest
971 3173 1041 3238 sine
1058 3174 1174 3258 Logica
1193 3175 1345 3240 artificiali
1361 3175 1602 3257 praemissarum
1711 3223 1712 3226 ,

484 3279 610 3345 illarum
629 3262 817 3361 veritatem3
840 3299 917 3346 nam
938 3280 1039 3366 Major
1057 3291 1108 3348 est
1128 3301 1232 3349 unum
1252 3281 1421 3365 exprimis
1440 3281 1604 3365 principiis
1711 3345 1712 3362 ἢ

483 3404 541 3470 per
560 3405 595 3452 se
613 3385 715 3463 notis,
741 3405 815 3470 quae
833 3388 936 3454 doctis
958 3398 1058 3473 atque
1084 3389 1223 3457 indoctis
1248 3409 1359 3475 perse
1378 3388 1603 3470 innotescunt;
1711 3379 1712 3382 '

483 3494 589 3560 Minor
613 3502 722 3563 autem
751 3494 829 3578 ipsis
855 3497 958 3562 oculis
988 3497 1189 3581 perspicitur.
1215 3497 1338 3563 Deinde
1365 3507 1474 3582 potest
1504 3497 1602 3562 etiam

482 3600 591 3667 videre
609 3603 851 3669 conclusionem
871 3613 956 3670 recte
984 3605 1092 3670 inlerri
1110 3623 1151 3670 ex
1169 3603 1284 3670 iisdem
1303 3605 1494 3690 premissis.
1516 3602 1602 3672 Sane

480 3708 583 3776 cuivis
611 3712 661 3775 vel
688 3711 787 3777 etiam
818 3712 888 3777 rudi
918 3711 1043 3778 homini
1074 3713 1245 3779 manifesta
1272 3723 1369 3789 sunt,
1390 3713 1417 3777 si
1439 3712 1602 3797 paulisper

480 3817 637 3893 attendat,
659 3817 811 3902 principia
830 3819 908 3884 Dici
927 3821 966 3884 de
983 3820 1070 3884 omni
1091 3828 1123 3884 et
1146 3819 1223 3885 Dici
1241 3822 1279 3885 de
1300 3822 1404 3895 nullo,
1433 3831 1466 3886 et
1486 3819 1603 3904 princi-

480 3925 570 4008 pium
591 3925 784 4006 identitatis;
806 3935 914 4009 potest
941 3925 1039 4010 igitur
1061 3926 1233 3993 evidenter
1254 3945 1471 4012 cognoscere,
1503 3925 1604 3992 debe·

479 4049 514 4097 re
527 4031 587 4097 dici
606 4031 647 4098 de
666 4032 728 4098 hoc
751 4042 840 4110 toto,
870 4051 990 4116 nempe
1015 4036 1146 4109 munda,
1174 4033 1333 4116 quidquid
1357 4035 1398 4099 de
1416 4035 1509 4100 omni
1530 4043 1602 4100 toto
1710 4091 1711 4132 ᾗ

478 4141 667 4207 enuntiatur
694 4138 727 4206 in
751 4140 804 4204 illa
828 4141 942 4226 majori
970 4141 1206 4225 propositione,
1235 4141 1383 4206 videlicet
1405 4159 1479 4208 esse
1497 4145 1604 4229 nrajus

476 4264 536 4312 sana
559 4253 669 4330 parta·
700 4248 846 4330 itemque
878 4247 1059 4314 necessario
1078 4247 1265 4314 identificari
1284 4249 1367 4314 inter
1390 4267 1444 4324 se,
1471 4269 1548 4332 quae
1569 4250 1601 4315 in

479 4354 655 4437 premissis
669 4354 866 4422 identificata
884 4365 1063 4421 cernuntur
1082 4355 1138 4420 uni
1157 4353 1251 4420 tertio
1268 4353 1333 4440 (2).

512 4522 552 4582 (ι)
589 4515 665 4573 Vide
678 4515 819 4584 Lossada,
835 4516 889 4572 loc.
905 4514 966 4583 cit,
983 4533 1012 4572 n.
1028 4531 1052 4586 ς.

511 4610 552 4671 (a)
589 4603 664 4663 Vide
686 4604 830 4673 Losseda,
849 4604 903 4662 loc.
926 4603 973 4662 eit.
990 4601 1052 4662 Csr.
1077 4603 1121 4662 De
1134 4601 1321 4673 {Benedictis,
1344 4603 1461 4662 Panos.
1482 4605 1599 4682 Parin,

476 4709 498 4758 t.
516 4715 540 4768 r,
555 4689 659 4769 quaest.
675 4715 795 4768 prooem.
811 4713 875 4766 cop.
889 4695 925 4763 6,
941 4692 1028 4765 paulo
1042 4706 1108 4765 post
1121 4691 1249 4752 initium.
