3492 5525
269 420 386 497 Anrrc,
402 418 746 505 4,²¹⁸Urnnnon1acr.
763 418 900 485 Locren
913 433 967 485 srr
981 437 1044 485 ans
1058 436 1134 485 aar.
1160 436 1234 504 ¹143

200 600 249 669 1.⁰
296 601 497 668 Auctoritate
515 600 549 668 S.
570 598 724 669 Thomae:
743 602 824 668 Cum
841 601 951 686 Logr’ca
968 601 1094 669 dicatur
1109 602 1278 671 rationalis

149 710 295 787 senentio,
314 728 434 775 necesse
451 712 513 786 cst,
539 712 623 795 quod
638 712 705 796 deus
722 708 929 775 consideratio
945 712 1089 776 versetur
1112 710 1201 777 circa
1226 731 1276 789 eu,

149 837 219 903 qttae
232 818 394 900 pertinent
408 818 453 885 ed
468 821 532 885 tres
550 816 721 900 padum
738 816 930 900 operationes
947 818 1082 885 rationis
1105 814 1170 907 (ι),
1195 838 1278 905 quas

150 926 270 993 ibidem
289 932 606 993 commemoraverat
625 924 661 993 S.
682 924 813 991 Doctor.
1119 970 1126 982 .

217 1033 255 1099 Et
273 1032 346 1099 alibi
367 1033 484 1119 Logica
502 1031 656 1099 definitur
673 1030 714 1098 ab
733 1030 914 1116 Aquinate:
934 1050 990 1098 ars
1007 1032 1161 1101 directior
1178 1034 1280 1116 ipsius

149 1144 237 1208 acto
253 1141 398 1217 rationis,
414 1148 473 1223 per
489 1159 584 1226 quam
600 1140 721 1207 scilieet
736 1140 824 1207 bomo
841 1139 878 1207 in
898 1140 966 1223 ipso
983 1144 1057 1207 actu
1074 1140 1208 1209 rationis
1226 1160 1279 1209 or·

149 1250 257 1317 dinate
274 1251 307 1314 et
313 1248 457 1333 faciliter
474 1251 508 1314 et
521 1248 588 1313 sine
602 1266 707 1315 errore
718 1250 880 1331 procedat.
896 1248 1011 1315 atnoe
1023 1253 1137 1318 estars
1149 1249 1276 1335 Legum

150 1357 257 1433 idest,
276 1335 441 1422 rationalis
458 1356 605 1435 scientia,
626 1374 695 1442 qua
712 1374 776 1421 non
788 1357 890 1423 solum
904 1362 1080 1426 rationalis
1093 1360 1143 1423 est
1155 1376 1198 1425 eu
1210 1358 1276 1436 boc,

153 1467 236 1551 quod
253 1468 301 1531 est
314 1467 484 1531 secundum
500 1464 672 1540 rationem,
691 1465 776 1548 quod
791 1467 841 1530 est
855 1465 999 1531 omnibus
1010 1463 1131 1533 ambies
1144 1484 1279 1533 commta·

151 1593 207 1656 ne;
225 1574 281 1639 sed
297 1572 393 1639 elram
418 1592 457 1637 ex
476 1572 547 1648 hoc,
567 1574 651 1658 quod
667 1576 715 1638 est
738 1572 823 1637 cirea
849 1573 951 1653 ipsum
977 1586 1094 1641 actum
1121 1579 1277 1653 rationis,

152 1688 243 1751 sicut
273 1687 365 1749 circa
393 1686 568 1764 propriam
598 1686 791 1747 materiam.
823 1682 862 1747 Et
888 1681 957 1745 adeo
974 1681 1106 1758 ,ardetur
1133 1699 1198 1747 esse
1225 1700 1280 1748 urs

152 1790 289 1866 artium,
309 1795 390 1873 quia
415 1795 451 1855 in
477 1800 593 1855 actum
620 1793 764 1856 radonis
791 1810 856 1856 nos
881 1793 1015 1871 dirigit,
1042 1808 1063 1855 a
1089 1807 1151 1875 qno
1176 1808 1281 1857 omnes

152 1901 239 1964 artes
251 1898 439 1980 procedunt.
461 1894 591 1977 Oportet
614 1894 716 1981 igiter
740 1896 860 1980 Logicce
879 1900 989 1979 partes
1011 1896 1149 1979 aeapm
1170 1915 1280 1963 secun-

1330 622 1454 669 Auctoritas

1331 692 1357 739 8.
1368 692 1453 741 Thema

151 2008 229 2073 dum
251 2005 462 2071 diversitatem
489 2006 618 2070 minum
643 2003 788 2069 rationis.
817 2004 904 2071 Sunt
925 2008 1031 2071 auum
1056 2003 1191 2071 rotronis
1218 2009 1280 2071 tres
1330 2054 1333 2057 -

151 2118 240 2181 cents
256 2123 322 2180 etc.
340 2110 404 2200 (2).
420 2112 467 2177 En
485 2112 544 2179 tibi
558 2110 704 2196 proprias
719 2120 812 2179 notas
829 2114 972 2179 formalis
990 2111 1106 2197 objecti
1122 2113 1278 2180 scientia:

154 2241 224 2289 esse
244 2221 401 2286 nimirum
421 2219 470 2295 id,
491 2220 572 2285 circa
591 2220 679 2303 quod
700 2238 742 2285 ex
761 2219 911 2288 instituto
930 2230 1079 2286 versatur
1096 2220 1183 2286 illius
1200 2238 1280 2287 con·

156 2329 324 2396 sideratio:
346 2346 419 2393 esse
439 2326 483 2403 id,
504 2326 623 2410 inquo
643 2346 700 2410 per
723 2336 826 2393 artem
846 2328 952 2404 facile,
978 2328 1125 2394 ordinate
1153 2339 1186 2397 et
1208 2328 1280 2395 sine

154 2455 260 2502 errore
279 2453 487 2517 exercemur3
508 2454 581 2500 esse
596 2436 641 2513 id,
655 2436 743 2501 unde
756 2435 872 2521 Logica
891 2454 988 2501 suum
1003 2436 1137 2502 sortitur
1156 2454 1278 2503 nomen

153 2564 189 2609 ac
207 2543 447 2610 distinctionem
469 2542 625 2608 acaeteris
645 2543 784 2626 artibus;
806 2561 879 2609 esse
897 2542 942 2621 id,
965 2546 1057 2629 cujus
1072 2544 1213 2629 partium
1231 2544 1280 2611 di-

155 2652 292 2719 versitas
311 2660 418 2735 partes
442 2650 587 2717 scientiae
606 2650 803 2717 diversificat
821 2648 885 2738 (3).

222 2760 305 2838 Qrae
324 2758 350 2826 si
371 2759 521 2825 nondum
542 2757 622 2825 satis
648 2758 817 2844 perspicua
835 2768 930 2836 sunt,
957 2758 1065 2844 accipe
1084 2759 1170 2827 aliud
1188 2760 1280 2830 testi·

156 2869 323 2935 monium:
347 2866 477 2935 Ordo...
497 2867 745 2952 quadrupliciter
761 2869 805 2932 ad
822 2868 978 2934 rationem
997 2872 1207 2950 comparatur.
1226 2873 1284 2937 Est

153 2977 237 3043 enim
253 2976 382 3060 quedam
399 2976 492 3051 ordo,
508 2993 596 3060 quem
615 2975 697 3040 ratio
715 2973 888 3060 nonfacit,
904 2976 960 3040 sed
973 2978 1073 3041 solum
1086 2977 1276 3057 considerat,

153 3084 235 3149 snut
251 3085 299 3149 est
313 3083 390 3148 ordo
408 3100 515 3147 rerum
532 3081 741 3148 naturalium.
762 3081 859 3148 Alius
878 3086 984 3147 auum
1009 3084 1057 3147 est
1077 3086 1170 3160 ordo,
1190 3103 1280 3169 quan

153 3191 235 3256 ratio
260 3189 486 3255 considerando
501 3189 590 3274 facit
613 3189 648 3253 ln
670 3188 800 3270 proprie
826 3191 916 3265 ectu,
941 3192 1021 3271 putu
1052 3208 1124 3256 curn
1150 3193 1283 3258 ordinat

154 3301 314 3380 ennepius
341 3315 413 3362 suos
438 3299 482 3361 ad
511 3295 659 3373 invium,
693 3300 726 3362 et
749 3297 841 3380 signa
870 3301 1087 3379 conceptuum,
1111 3317 1183 3383 qua
1205 3304 1281 3365 sunt
1327 3347 1330 3355 .

154 3423 243 3470 noces
265 3404 495 3490 signficatina.
520 3402 643 3470 Tertius
667 3407 770 3470 autem
787 3409 833 3469 est
854 3406 948 3480 ordo,
968 3423 1059 3490 qaum
1076 3407 1160 3472 rotro
1177 3407 1279 3473 consi-

154 3515 294 3577 derando
311 3511 401 3596 facit
427 3511 460 3575 in
489 3511 718 3593 operationibus
749 3512 931 3579 voluntatis.
957 3513 1098 3596 Quartus
1114 3518 1219 3581 antem
1235 3519 1285 3581 est

155 3622 246 3696 ordo,
268 3637 358 3705 quum
374 3619 458 3684 ratio
471 3621 697 3684 considerando
709 3619 796 3704 saeit
810 3619 845 3683 in
859 3619 1067 3687 exterioribus
1080 3622 1187 3700 rebus,
1201 3641 1280 3707 qua·

156 3747 226 3792 rum
244 3727 311 3809 ipsa
329 3731 377 3792 est
394 3745 507 3802 causa,
526 3725 609 3792 sicut
625 3725 659 3791 ln
677 3745 769 3802 arca,
789 3729 893 3796 domo.
912 3728 953 3794 Et
970 3728 1046 3812 qnia
1071 3729 1281 3797 caemento

156 3835 287 3900 rotronis
301 3842 361 3917 per
376 3833 513 3900 lubitum
533 3827 698 3918 perficitur
713 3837 884 3901 suundum
906 3835 959 3900 lros
982 3835 1123 3902 diuersos
1139 3837 1277 3915 ordines,

157 3961 234 4028 quos
246 3943 373 4023 proprie
396 3942 479 4007 ratio
497 3941 685 4018 consederat,
710 3946 788 4008 sunt
801 3943 933 4010 diversa
958 3943 1107 4011 scientia.
1135 3945 1220 4012 Nam
1238 3949 1282 4012 ad

157 4049 386 4130 Philosophiam
410 4051 588 4114 naturalem
610 4051 751 4131 pertinet
774 4051 972 4116 considerare
995 4053 1138 4118 ordinem
1159 4071 1278 4132 rerum,

157 4177 246 4241 quem
271 4157 356 4221 ratio
374 4155 510 4220 hnmana
533 4156 726 4235 considerat,
755 4160 812 4222 sed
836 4175 900 4223 non
923 4158 1017 4238 tacit,
1042 4159 1089 4224 ita
1114 4163 1199 4244 quod
1223 4162 1282 4228 sub

158 4265 301 4330 naturali
322 4251 522 4346 Philosophia
540 4265 832 4345 comprehendamus
855 4267 889 4331 et
911 4265 1164 4350 Metupbysr'cam.
1193 4267 1282 4336 Ordo

193 4540 234 4602 (r)
272 4535 337 4592 Lib.
356 4532 649 4601 1.Perr'lrerm.,lect.
667 4553 692 4602 r,
708 4530 801 4591 initio.

194 4629 234 4692 (a)
272 4623 305 4682 S.
321 4623 438 4692 Thom,
454 4621 504 4680 lib.
524 4641 547 4678 ι.
561 4621 687 4691 Foster„
701 4621 765 4682 lect.
785 4643 809 4692 1,
825 4620 917 4682 initio.

194 4718 236 4784 (3)
275 4712 416 4782 Loesodo,
430 4712 484 4770 loc.
500 4709 548 4770 cit.
564 4729 594 4769 n.
610 4727 655 4782 ας.
