3492 5525
219 439 336 501 Anne.
350 436 412 498 6⁴¹¹*
425 436 477 499 Au
489 454 649 500 nrscunsu
660 448 761 500 noum
774 442 884 501 venir.
899 450 1122 499 nereomsun
1141 432 1214 516 8491

976 540 1242 566 ..-.,,.....-...

186 619 225 683 Et
238 620 415 685 declaratur
435 636 487 684 res
504 618 664 703 amplius,
681 618 773 702 quia,
795 620 885 703 quod
903 628 955 685 est
972 617 1125 703 ignotum
1139 614 1240 701 quaeri

120 744 186 792 non
203 738 329 811 potest,
349 726 454 791 immo
477 744 537 793 nec
554 726 726 811 cognosci,
746 726 873 792 etiamsi
896 723 931 791 in
948 725 1027 793 illud
1046 724 1239 792 incidamus.

187 834 280 899 Adde
297 833 388 918 quod
407 833 573 900 conclusio
592 834 751 900 rationem
769 827 868 899 habet
884 832 985 917 finis,
1008 842 1041 899 et
1065 832 1242 919 praemissae

120 941 278 1007 rationem
298 940 409 1007 medii.
429 940 474 1007 At
491 939 567 1007 finis
594 950 670 1006 ante
689 940 836 1007 medium
864 949 1082 1025 cognoscatur
1108 921 1241 1007 necm'se
1270 1013 1273 1024 ¹

121 1045 250 1137 est(1).
523 1112 528 1123 ,
935 1125 941 1139 k

187 1162 292 1238 Resp.
313 1152 379 1229 Qri
396 1155 517 1239 aliquid
531 1154 612 1222 scire
625 1155 730 1241 cupit,
747 1156 866 1239 partim
879 1154 952 1233 scit,
968 1155 1085 1240 partim
1099 1156 1245 1241 ignorat3⁴

120 1263 181 1329 scit
199 1264 233 1329 in
247 1263 384 1339 virtute,
404 1272 566 1347 quatenus
581 1272 671 1329 tenet
687 1263 856 1347 principia,
876 1259 910 1329 in
925 1264 1046 1349 quibus
1065 1264 1243 1331 virtualiter

120 1360 348 1438 conclusiones
362 1371 546 1437 scientificae
560 1371 785 1453 continentur;
800 1372 928 1456 ignorat
939 1382 1069 1451 autem,
1079 1380 1244 1456 quatenus

122 1479 226 1545 nescit
243 1479 349 1545 adhuc
362 1479 607 1551 conclusionem
626 1479 802 1545 formaliter
820 1490 853 1545 et
870 1479 904 1545 in
924 1480 1060 1565 propriis
1078 1460 1242 1547 terminis.

122 1586 174 1651 Ad
191 1586 362 1652 sciendum
384 1604 481 1671 porro
499 1586 692 1663 formaliter,
714 1605 845 1652 necesse
865 1606 933 1653 non
950 1596 1018 1664 est,
1031 1596 1076 1653 ut
1093 1588 1168 1671 quis
1185 1587 1244 1653 ha·

122 1694 227 1789 bitum
245 1694 403 1771 scientiae,
420 1696 477 1760 aut
491 1694 738 1761 conclusionum
753 1694 934 1778 possideat,
950 1694 1008 1760 sed
1026 1696 1105 1761 satis
1124 1703 1190 1769 est,
1206 1703 1244 1759 ut

121 1809 233 1867 teneat
250 1801 421 1886 principia,
451 1821 492 1867 ex
514 1820 657 1885 quorum
675 1787 752 1886 apta
768 1800 982 1887 applicatione
1003 1803 1046 1869 ad
1062 1803 1253 1888 subjectam

124 1908 292 1975 materiam
308 1910 534 1975 conclusiones
548 1911 692 1995 colliget.

190 2017 242 2083 Ad
256 2036 326 2081 rem
342 2016 520 2103 Angelicus
533 2036 609 2083 curn
623 2017 809 2084 Aristotele:
822 2020 1003 2109 Antequam
1014 2018 1185 2084 inducatur
1196 2016 1255 2082 in-x

123 2124 229 2191 ductio
246 2129 297 2191 vel
312 2126 524 2209 syllogismus,
539 2126 776 2211 adsumendum
789 2128 991 2210 cognitionem
1002 2130 1043 2194 de
1053 2126 1160 2211 aliqua
1173 2106 1247 2191 con·

122 2234 277 2313 clusr'one,
304 2234 461 2301 conclusio
483 2235 541 2299 illo
566 2236 790 2319 quodammodo
815 2236 931 2311 scitur,
965 2239 998 2300 et
1024 2235 1248 2320 quodammodo
1322 2267 1324 2272 ·

123 2361 205 2423 non,·
222 2341 405 2423 simpliciter
430 2342 513 2407 anim
540 2342 693 2419 nescitur,
720 2346 775 2409 sed
796 2335 903 2409 'solum
927 2346 1101 2409 secundum
1125 2341 1245 2426 quid...

125 2448 227 2536 Cujus
243 2449 368 2533 quidem
384 2449 466 2515 rotro
482 2454 544 2525 est,
563 2450 655 2535 qum,
676 2451 760 2516 sicut
768 2454 841 2539 jam
858 2455 1014 2518 ostenmm
1040 2454 1103 2528 est,
1130 2452 1251 2531 oportet

120 2556 280 2638 principia
296 2557 504 2622 conclusionis
517 2564 778 2641 maecogmscere.
799 2559 963 2641 Principia
975 2561 1121 2625 auumsc
1137 2558 1253 2623 tradent
1272 2608 1275 2617 .

124 2666 168 2729 ad
185 2665 399 2731 conclusiones
416 2664 451 2731 in
468 2666 737 2743 demonstrativis,
755 2666 840 2733 snut
853 2685 958 2733 causa
974 2666 1085 2732 activo
1100 2665 1137 2731 in
1156 2646 1267 2748 natu?

125 2773 248 2840 ralibus
264 2775 308 2838 ud
323 2791 398 2838 suos
414 2774 555 2857 effectus:
573 2777 657 2840 unde
683 2775 718 2840 in
739 2779 871 2863 rmundo
886 2776 1092 2858 Ptysr'corum
1108 2775 1252 2856 proposi·

126 2881 224 2946 tiones
241 2882 415 2966 syllogismi
433 2884 599 2977 ponuntur
615 2883 649 2948 in
664 2901 778 2966 genere
794 2901 899 2949 causa
924 2883 1093 2967 efficientis.
1117 2883 1254 2966 Effectus

126 2993 230 3056 autem
246 2991 410 3073 annmmm
419 2993 615 3072 producatur
628 2989 663 3055 in
675 2993 765 3066 actu,
775 2971 1086 3076 praeexistitqurdam
1099 2990 1253 3056 incausto

126 3096 239 3163 activis
256 3097 388 3174 uirtute,
408 3115 472 3162 non
489 3101 593 3163 annm
604 3100 691 3176 acta,
708 3100 793 3184 quod
805 3103 854 3163 est
865 3099 1049 3181 simpliciter
1061 3117 1139 3168 asse.
1158 3098 1254 3164 Etsi·

128 3205 245 3270 miiiter
261 3207 428 3289 uunquam
445 3223 484 3270 ex
496 3205 665 3288 principiis
677 3207 929 3274 demonstrativis
941 3209 1115 3274 deducatur
1127 3207 1256 3271 conclu·
1348 3227 1353 3236 ·

128 3313 187 3388 sio,
200 3311 320 3396 inipsrs
333 3312 1252 3398 quidemprmcognitis,pnecognosciturconclusiooirtute,
1315 3305 1318 3311 ’

129 3439 194 3485 non
214 3423 315 3486 mnren
332 3423 419 3486 actu.
440 3421 494 3487 Sic
511 3421 645 3487 enimin
667 3422 712 3487 eis
725 3423 914 3505 praexistit.
934 3423 977 3489 Et
997 3424 1044 3488 sic
1066 3426 1154 3505 patet
1169 3424 1256 3507 quod

129 3547 194 3593 non
207 3528 472 3612 procognoscitur
488 3529 687 3610 simpliciter,
706 3533 761 3595 sed
777 3533 948 3596 secundum
959 3531 1044 3617 ¹quid
1060 3528 1126 3619 (2).

197 3633 359 3702 Caeterum
387 3636 471 3701 illud
496 3639 580 3722 quod
604 3639 677 3722 quis
703 3638 856 3716 addiscit,
884 3637 967 3705 nibil
987 3637 1133 3721 prohibet
1151 3637 1256 3720 primo

129 3745 356 3829 quodammodo
371 3745 470 3822 scire,
486 3748 518 3810 et
532 3747 757 3830 quodammodo
775 3747 934 3830 ignorare.
954 3749 1028 3818 Non
1038 3724 1129 3812 ¹enim
1144 3744 1258 3810 eslim

130 3853 334 3928 conueniens,
353 3852 384 3918 si
396 3852 512 3937 aliquis
535 3856 759 3937 quodammodo
772 3855 922 3938 prasciat
936 3853 988 3934 id,
1007 3855 1092 3940 quod
1107 3852 1259 3933 addiscit

130 3963 189 4026 sed
204 3961 536 4038 esset-inconveniens,
556 3961 587 4027 si
604 3961 658 4027 hoa
672 3965 763 4028 modo
779 3965 1062 4047 procognosceret,
1089 3963 1260 4028 secundum
1296 4046 1301 4054 Ι

131 4071 216 4154 quod
232 4069 378 4136 addiscit.
408 4069 581 4137 Addiscerc
599 4072 683 4136 enim
691 4072 819 4154 proprie
835 4075 898 4150 est,
917 4072 1080 4138 scientiam
1101 4071 1137 4136 in
1153 4070 1262 4154 almuo

129 4178 294 4262 generari.
316 4180 410 4261 Quod
431 4183 534 4244 autem
557 4185 742 4263 generatur,
762 4184 836 4246 anm
855 4181 1086 4265 generationem
1107 4197 1171 4247 uon
1190 4177 1265 4263 suit

132 4286 346 4363 omninum,
362 4288 418 4352 sed
433 4289 658 4371 quodammodo
675 4305 746 4364 ens,
761 4292 792 4353 et
804 4291 1031 4374 quodammodo
1042 4307 1107 4354 non
1119 4305 1194 4354 ens:
1206 4303 1263 4352 eus

134 4393 261 4479 quidem
274 4395 309 4462 in
318 4396 469 4478 potentia,
481 4414 545 4461 nou
558 4413 613 4461 ens
625 4413 698 4464 varo
710 4400 797 4462 actu.
812 4398 852 4463 Et
864 4398 975 4464 hocest
982 4397 1143 4482 generari,
1156 4395 1267 4462 reduci

173 4645 215 4717 (ι)
251 4645 315 4704 cfr.
327 4644 406 4718 apud
417 4644 589 4720 Tongiorgi,
602 4647 700 4707 instit.
713 4647 812 4723 logie„
830 4647 879 4707 lib.
891 4667 918 4718 a,
934 4667 997 4721 cap.
1011 4649 1040 4719 6,
1050 4659 1106 4708 art.
1116 4647 1144 4716 6,
1160 4667 1192 4708 n.
1201 4666 1266 4724 574.

174 4741 214 4806 (2)
253 4735 284 4795 S.
300 4734 418 4808 Thoan,
433 4735 482 4795 lib.
502 4747 541 4797 ιθ
553 4737 729 4807 Postumum,
744 4738 809 4796 lect.
824 4759 855 4809 3,
869 4736 964 4798 initio.

1188 4855 1224 4922 54
