<?xml version="1.0" encoding="UTF-8"?>
<!DOCTYPE html PUBLIC "-//W3C//DTD XHTML 1.0 Transitional//EN"
    "http://www.w3.org/TR/xhtml1/DTD/xhtml1-transitional.dtd">
<html xmlns="http://www.w3.org/1999/xhtml" xml:lang="en" lang="en">
 <head>
  <title>
</title>
<meta http-equiv="Content-Type" content="text/html;charset=utf-8" />
  <meta name='ocr-system' content='tesseract 3.04.00' />
  <meta name='ocr-capabilities' content='ocr_page ocr_carea ocr_par ocr_line ocrx_word'/>
</head>
<body>
  <div class='ocr_page' id='page_1' title='image "./institutionesph00urrgoog/institutionesph00urrgoog_0692.png"; bbox 0 0 3492 5525; ppageno 0'>
   <div class='ocr_carea' id='block_1_1' title="bbox 549 447 1475 531">
    <p class='ocr_par' dir='ltr' id='par_1_1' title="bbox 549 447 1475 531">
     <span class='ocr_line' id='line_1_1' title="bbox 549 447 1475 531; baseline 0.001 -21"><span class='ocrx_word' id='word_1_1' title='bbox 549 448 607 531; x_wconf 75' lang='lat' dir='ltr'><strong>hya</strong></span> <span class='ocrx_word' id='word_1_2' title='bbox 658 449 784 513; x_wconf 73' lang='lat' dir='ltr'><strong>Locren</strong></span> <span class='ocrx_word' id='word_1_3' title='bbox 799 448 1033 523; x_wconf 75' lang='lat' dir='ltr'><strong>Maron-Lm.</strong></span> <span class='ocrx_word' id='word_1_4' title='bbox 1050 463 1119 523; x_wconf 60' lang='grc' dir='ltr'><strong>μ’,</strong></span> <span class='ocrx_word' id='word_1_5' title='bbox 1137 447 1227 511; x_wconf 76' lang='lat' dir='ltr'><strong>Drsn.</strong></span> <span class='ocrx_word' id='word_1_6' title='bbox 1247 461 1290 509; x_wconf 82' lang='lat' dir='ltr'><strong>r.⁸</strong></span> <span class='ocrx_word' id='word_1_7' title='bbox 1303 448 1389 512; x_wconf 67' lang='lat' dir='ltr'><strong>(lan.¹</strong></span> <span class='ocrx_word' id='word_1_8' title='bbox 1402 460 1475 511; x_wconf 62' lang='lat' dir='ltr'><strong>anm</strong></span> 
     </span>
    </p>
   </div>
   <div class='ocr_carea' id='block_1_2' title="bbox 469 630 1644 4593">
    <p class='ocr_par' dir='ltr' id='par_1_2' title="bbox 505 630 1644 2113">
     <span class='ocr_line' id='line_1_2' title="bbox 576 630 1642 714; baseline -0.004 -15"><span class='ocrx_word' id='word_1_9' title='bbox 576 637 678 700; x_wconf 84' lang='lat' dir='ltr'><strong>Proh.</strong></span> <span class='ocrx_word' id='word_1_10' title='bbox 699 641 766 700; x_wconf 88' lang='lat' dir='ltr'><strong>ant.</strong></span> <span class='ocrx_word' id='word_1_11' title='bbox 787 633 924 708; x_wconf 89' lang='lat' dir='ltr'><strong>Natura,</strong></span> <span class='ocrx_word' id='word_1_12' title='bbox 941 650 1015 714; x_wconf 88' lang='lat' dir='ltr'><strong>quae</strong></span> <span class='ocrx_word' id='word_1_13' title='bbox 1033 630 1217 696; x_wconf 81' lang='lat' dir='ltr'><strong>indifferens</strong></span> <span class='ocrx_word' id='word_1_14' title='bbox 1230 631 1348 697; x_wconf 89' lang='lat' dir='ltr'><strong>dicitur</strong></span> <span class='ocrx_word' id='word_1_15' title='bbox 1362 631 1403 695; x_wconf 90' lang='lat' dir='ltr'><strong>ad</strong></span> <span class='ocrx_word' id='word_1_16' title='bbox 1417 631 1531 714; x_wconf 91' lang='lat' dir='ltr'><strong>plures</strong></span> <span class='ocrx_word' id='word_1_17' title='bbox 1551 630 1642 695; x_wconf 87' lang='lat' dir='ltr'><strong>indi-</strong></span> 
     </span>
     <span class='ocr_line' id='line_1_3' title="bbox 508 736 1644 823; baseline -0.004 -19"><span class='ocrx_word' id='word_1_18' title='bbox 508 739 724 817; x_wconf 90' lang='lat' dir='ltr'><strong>viduationes,</strong></span> <span class='ocrx_word' id='word_1_19' title='bbox 741 742 792 806; x_wconf 89' lang='lat' dir='ltr'><strong>vel</strong></span> <span class='ocrx_word' id='word_1_20' title='bbox 809 748 916 823; x_wconf 90' lang='lat' dir='ltr'><strong>potest</strong></span> <span class='ocrx_word' id='word_1_21' title='bbox 930 738 1066 804; x_wconf 83' lang='lat' dir='ltr'>existere</span> <span class='ocrx_word' id='word_1_22' title='bbox 1081 738 1229 803; x_wconf 90' lang='lat' dir='ltr'><strong>absolute</strong></span> <span class='ocrx_word' id='word_1_23' title='bbox 1242 750 1276 804; x_wconf 92' lang='lat' dir='ltr'><strong>et</strong></span> <span class='ocrx_word' id='word_1_24' title='bbox 1290 758 1347 822; x_wconf 90' lang='lat' dir='ltr'><strong>per</strong></span> <span class='ocrx_word' id='word_1_25' title='bbox 1363 738 1511 803; x_wconf 89' lang='lat' dir='ltr'><strong>divinam</strong></span> <span class='ocrx_word' id='word_1_26' title='bbox 1524 736 1644 802; x_wconf 88' lang='lat' dir='ltr'><strong>omni-</strong></span> 
     </span>
     <span class='ocr_line' id='line_1_4' title="bbox 508 844 1640 931; baseline -0.004 -19"><span class='ocrx_word' id='word_1_27' title='bbox 508 847 705 931; x_wconf 80' lang='lat' dir='ltr'><strong>potentiam,</strong></span> <span class='ocrx_word' id='word_1_28' title='bbox 726 845 797 914; x_wconf 90' lang='lat' dir='ltr'><strong>sine</strong></span> <span class='ocrx_word' id='word_1_29' title='bbox 812 866 865 923; x_wconf 89' lang='lat' dir='ltr'><strong>ea,</strong></span> <span class='ocrx_word' id='word_1_30' title='bbox 880 865 980 930; x_wconf 90' lang='lat' dir='ltr'><strong>quarn</strong></span> <span class='ocrx_word' id='word_1_31' title='bbox 1000 846 1113 923; x_wconf 91' lang='lat' dir='ltr'><strong>habet,</strong></span> <span class='ocrx_word' id='word_1_32' title='bbox 1130 854 1252 911; x_wconf 89' lang='lat' dir='ltr'><strong>etcum</strong></span> <span class='ocrx_word' id='word_1_33' title='bbox 1267 845 1327 909; x_wconf 92' lang='lat' dir='ltr'><strong>alia</strong></span> <span class='ocrx_word' id='word_1_34' title='bbox 1345 846 1460 928; x_wconf 86' lang='lat' dir='ltr'><strong>quavis</strong></span> <span class='ocrx_word' id='word_1_35' title='bbox 1475 844 1640 927; x_wconf 83' lang='lat' dir='ltr'><strong>adquam</strong></span> 
     </span>
     <span class='ocr_line' id='line_1_5' title="bbox 507 951 1641 1037; baseline -0.002 -19"><span class='ocrx_word' id='word_1_36' title='bbox 507 952 623 1020; x_wconf 91' lang='lat' dir='ltr'><strong>dicitur</strong></span> <span class='ocrx_word' id='word_1_37' title='bbox 641 954 845 1033; x_wconf 78' lang='lat' dir='ltr'><strong>indifferens,</strong></span> <span class='ocrx_word' id='word_1_38' title='bbox 868 955 919 1020; x_wconf 89' lang='lat' dir='ltr'><strong>vel</strong></span> <span class='ocrx_word' id='word_1_39' title='bbox 947 971 1014 1019; x_wconf 90' lang='lat' dir='ltr'><strong>non</strong></span> <span class='ocrx_word' id='word_1_40' title='bbox 1033 961 1153 1037; x_wconf 87' lang='lat' dir='ltr'><strong>potest.</strong></span> <span class='ocrx_word' id='word_1_41' title='bbox 1175 951 1293 1018; x_wconf 88' lang='lat' dir='ltr'><strong>Sinon</strong></span> <span class='ocrx_word' id='word_1_42' title='bbox 1322 961 1430 1037; x_wconf 92' lang='lat' dir='ltr'><strong>potest</strong></span> <span class='ocrx_word' id='word_1_43' title='bbox 1448 952 1641 1017; x_wconf 87' lang='lat' dir='ltr'><strong>chimaerica</strong></span> 
     </span>
     <span class='ocr_line' id='line_1_6' title="bbox 507 1058 1640 1145; baseline -0.003 -19"><span class='ocrx_word' id='word_1_44' title='bbox 507 1070 557 1127; x_wconf 90' lang='lat' dir='ltr'><strong>est</strong></span> <span class='ocrx_word' id='word_1_45' title='bbox 575 1059 791 1127; x_wconf 76' lang='lat' dir='ltr'><strong>indifferentia</strong></span> <span class='ocrx_word' id='word_1_46' title='bbox 810 1070 843 1127; x_wconf 89' lang='lat' dir='ltr'><strong>et</strong></span> <span class='ocrx_word' id='word_1_47' title='bbox 869 1059 1017 1145; x_wconf 90' lang='lat' dir='ltr'><strong>aptitudo</strong></span> <span class='ocrx_word' id='word_1_48' title='bbox 1041 1061 1081 1125; x_wconf 91' lang='lat' dir='ltr'><strong>ad</strong></span> <span class='ocrx_word' id='word_1_49' title='bbox 1101 1060 1196 1135; x_wconf 90' lang='lat' dir='ltr'><strong>illud,</strong></span> <span class='ocrx_word' id='word_1_50' title='bbox 1223 1059 1312 1142; x_wconf 91' lang='lat' dir='ltr'><strong>quod</strong></span> <span class='ocrx_word' id='word_1_51' title='bbox 1337 1079 1378 1125; x_wconf 91' lang='lat' dir='ltr'><strong>ne</strong></span> <span class='ocrx_word' id='word_1_52' title='bbox 1404 1078 1463 1143; x_wconf 91' lang='lat' dir='ltr'><strong>per</strong></span> <span class='ocrx_word' id='word_1_53' title='bbox 1485 1058 1640 1124; x_wconf 84' lang='lat' dir='ltr'><strong>divinam</strong></span> 
     </span>
     <span class='ocr_line' id='line_1_7' title="bbox 507 1165 1643 1253; baseline -0.002 -20"><span class='ocrx_word' id='word_1_54' title='bbox 507 1168 639 1249; x_wconf 91' lang='lat' dir='ltr'><strong>quidem</strong></span> <span class='ocrx_word' id='word_1_55' title='bbox 660 1168 839 1252; x_wconf 89' lang='lat' dir='ltr'><strong>potentiam</strong></span> <span class='ocrx_word' id='word_1_56' title='bbox 858 1168 1049 1253; x_wconf 83' lang='lat' dir='ltr'><strong>contingere</strong></span> <span class='ocrx_word' id='word_1_57' title='bbox 1068 1175 1188 1250; x_wconf 90' lang='lat' dir='ltr'><strong>potest.</strong></span> <span class='ocrx_word' id='word_1_58' title='bbox 1208 1165 1241 1231; x_wconf 86' lang='lat' dir='ltr'><strong>Si</strong></span> <span class='ocrx_word' id='word_1_59' title='bbox 1256 1175 1382 1250; x_wconf 91' lang='lat' dir='ltr'><strong>potest,</strong></span> <span class='ocrx_word' id='word_1_60' title='bbox 1393 1167 1464 1251; x_wconf 87' lang='lat' dir='ltr'><strong>jam</strong></span> <span class='ocrx_word' id='word_1_61' title='bbox 1481 1184 1643 1231; x_wconf 89' lang='lat' dir='ltr'><strong>necessa-</strong></span> 
     </span>
     <span class='ocr_line' id='line_1_8' title="bbox 507 1270 1640 1358; baseline -0.003 -19"><span class='ocrx_word' id='word_1_62' title='bbox 507 1274 553 1341; x_wconf 91' lang='lat' dir='ltr'><strong>rio</strong></span> <span class='ocrx_word' id='word_1_63' title='bbox 572 1275 624 1340; x_wconf 92' lang='lat' dir='ltr'><strong>illa</strong></span> <span class='ocrx_word' id='word_1_64' title='bbox 643 1270 820 1343; x_wconf 86' lang='lat' dir='ltr'><strong>natura&#39;ab</strong></span> <span class='ocrx_word' id='word_1_65' title='bbox 847 1274 1102 1342; x_wconf 89' lang='lat' dir='ltr'><strong>individuatione</strong></span> <span class='ocrx_word' id='word_1_66' title='bbox 1129 1292 1189 1339; x_wconf 92' lang='lat' dir='ltr'><strong>sua</strong></span> <span class='ocrx_word' id='word_1_67' title='bbox 1207 1274 1334 1340; x_wconf 84' lang='lat' dir='ltr'>realiter</span> <span class='ocrx_word' id='word_1_68' title='bbox 1359 1273 1640 1358; x_wconf 82' lang='lat' dir='ltr'><strong>distingueretur,</strong></span> 
     </span>
     <span class='ocr_line' id='line_1_9' title="bbox 506 1380 1644 1469; baseline -0.002 -22"><span class='ocrx_word' id='word_1_69' title='bbox 506 1384 596 1466; x_wconf 92' lang='lat' dir='ltr'><strong>quod</strong></span> <span class='ocrx_word' id='word_1_70' title='bbox 615 1385 665 1449; x_wconf 87' lang='lat' dir='ltr'><strong>vel</strong></span> <span class='ocrx_word' id='word_1_71' title='bbox 686 1404 742 1467; x_wconf 90' lang='lat' dir='ltr'><strong>per</strong></span> <span class='ocrx_word' id='word_1_72' title='bbox 757 1384 847 1469; x_wconf 90' lang='lat' dir='ltr'><strong>ipsos</strong></span> <span class='ocrx_word' id='word_1_73' title='bbox 861 1383 1017 1449; x_wconf 88' lang='lat' dir='ltr'><strong>Scotistas</strong></span> <span class='ocrx_word' id='word_1_74' title='bbox 1036 1382 1214 1448; x_wconf 90' lang='lat' dir='ltr'><strong>absurdum</strong></span> <span class='ocrx_word' id='word_1_75' title='bbox 1230 1394 1292 1450; x_wconf 91' lang='lat' dir='ltr'><strong>est.</strong></span> <span class='ocrx_word' id='word_1_76' title='bbox 1308 1380 1393 1445; x_wconf 90' lang='lat' dir='ltr'><strong>Nam</strong></span> <span class='ocrx_word' id='word_1_77' title='bbox 1411 1381 1504 1447; x_wconf 91' lang='lat' dir='ltr'><strong>realis</strong></span> <span class='ocrx_word' id='word_1_78' title='bbox 1517 1380 1644 1447; x_wconf 90' lang='lat' dir='ltr'><strong>distin-</strong></span> 
     </span>
     <span class='ocr_line' id='line_1_10' title="bbox 505 1487 1642 1577; baseline -0.005 -20"><span class='ocrx_word' id='word_1_79' title='bbox 505 1490 623 1557; x_wconf 88' lang='lat' dir='ltr'><strong>ctionis</strong></span> <span class='ocrx_word' id='word_1_80' title='bbox 642 1492 774 1577; x_wconf 82' lang='lat' dir='ltr'><strong>signum</strong></span> <span class='ocrx_word' id='word_1_81' title='bbox 793 1500 919 1557; x_wconf 89' lang='lat' dir='ltr'><strong>certum</strong></span> <span class='ocrx_word' id='word_1_82' title='bbox 941 1490 1063 1575; x_wconf 89' lang='lat' dir='ltr'><strong>praebet</strong></span> <span class='ocrx_word' id='word_1_83' title='bbox 1079 1490 1170 1556; x_wconf 92' lang='lat' dir='ltr'><strong>realis</strong></span> <span class='ocrx_word' id='word_1_84' title='bbox 1185 1491 1326 1555; x_wconf 90' lang='lat' dir='ltr'><strong>duorum</strong></span> <span class='ocrx_word' id='word_1_85' title='bbox 1341 1487 1582 1572; x_wconf 77' lang='lat' dir='ltr'><strong>separabilitas,</strong></span> <span class='ocrx_word' id='word_1_86' title='bbox 1601 1498 1642 1552; x_wconf 90' lang='lat' dir='ltr'><strong>ut</strong></span> 
     </span>
     <span class='ocr_line' id='line_1_11' title="bbox 507 1595 1643 1688; baseline -0.003 -25"><span class='ocrx_word' id='word_1_87' title='bbox 507 1615 593 1663; x_wconf 90' lang='lat' dir='ltr'><strong>nunc</strong></span> <span class='ocrx_word' id='word_1_88' title='bbox 610 1599 827 1685; x_wconf 85' lang='lat' dir='ltr'><strong>supponimus</strong></span> <span class='ocrx_word' id='word_1_89' title='bbox 841 1618 883 1665; x_wconf 85' lang='lat' dir='ltr'><strong>ex</strong></span> <span class='ocrx_word' id='word_1_90' title='bbox 901 1595 1135 1688; x_wconf 81' lang='lat' dir='ltr'><strong>hletaphysica.</strong></span> <span class='ocrx_word' id='word_1_91' title='bbox 1156 1595 1447 1675; x_wconf 81' lang='lat' dir='ltr'><strong>Qremadmodunr</strong></span> <span class='ocrx_word' id='word_1_92' title='bbox 1469 1613 1554 1681; x_wconf 85' lang='lat' dir='ltr'><strong>ergo</strong></span> <span class='ocrx_word' id='word_1_93' title='bbox 1578 1616 1643 1660; x_wconf 91' lang='lat' dir='ltr'><strong>na-</strong></span> 
     </span>
     <span class='ocr_line' id='line_1_12' title="bbox 505 1701 1643 1791; baseline -0.002 -22"><span class='ocrx_word' id='word_1_94' title='bbox 505 1713 577 1770; x_wconf 92' lang='lat' dir='ltr'><strong>tura</strong></span> <span class='ocrx_word' id='word_1_95' title='bbox 596 1725 629 1771; x_wconf 87' lang='lat' dir='ltr'><strong>v.</strong></span> <span class='ocrx_word' id='word_1_96' title='bbox 650 1726 684 1791; x_wconf 83' lang='lat' dir='ltr'>g</span> <span class='ocrx_word' id='word_1_97' title='bbox 706 1707 804 1781; x_wconf 87' lang='lat' dir='ltr'><strong>Petri,</strong></span> <span class='ocrx_word' id='word_1_98' title='bbox 826 1705 953 1772; x_wconf 87' lang='lat' dir='ltr'><strong>realiter</strong></span> <span class='ocrx_word' id='word_1_99' title='bbox 972 1705 1184 1791; x_wconf 81' lang='lat' dir='ltr'><strong>distinguitur</strong></span> <span class='ocrx_word' id='word_1_100' title='bbox 1199 1724 1219 1769; x_wconf 88' lang='lat' dir='ltr'><strong>a</strong></span> <span class='ocrx_word' id='word_1_101' title='bbox 1237 1705 1325 1771; x_wconf 88' lang='lat' dir='ltr'><strong>Pauli</strong></span> <span class='ocrx_word' id='word_1_102' title='bbox 1344 1714 1377 1770; x_wconf 92' lang='lat' dir='ltr'><strong>et</strong></span> <span class='ocrx_word' id='word_1_103' title='bbox 1392 1701 1528 1769; x_wconf 83' lang='lat' dir='ltr'><strong>Antonii</strong></span> <span class='ocrx_word' id='word_1_104' title='bbox 1548 1702 1643 1769; x_wconf 91' lang='lat' dir='ltr'><strong>indi-</strong></span> 
     </span>
     <span class='ocr_line' id='line_1_13' title="bbox 506 1810 1641 1897; baseline -0.002 -20"><span class='ocrx_word' id='word_1_105' title='bbox 506 1812 706 1889; x_wconf 89' lang='lat' dir='ltr'><strong>viduatione,</strong></span> <span class='ocrx_word' id='word_1_106' title='bbox 732 1814 802 1879; x_wconf 91' lang='lat' dir='ltr'><strong>sine</strong></span> <span class='ocrx_word' id='word_1_107' title='bbox 820 1813 941 1897; x_wconf 91' lang='lat' dir='ltr'><strong>quibus</strong></span> <span class='ocrx_word' id='word_1_108' title='bbox 960 1813 1085 1893; x_wconf 81' lang='lat' dir='ltr'><strong>existit3</strong></span> <span class='ocrx_word' id='word_1_109' title='bbox 1106 1814 1150 1878; x_wconf 88' lang='lat' dir='ltr'><strong>ita</strong></span> <span class='ocrx_word' id='word_1_110' title='bbox 1172 1812 1270 1878; x_wconf 90' lang='lat' dir='ltr'><strong>etiam</strong></span> <span class='ocrx_word' id='word_1_111' title='bbox 1289 1812 1331 1877; x_wconf 90' lang='lat' dir='ltr'><strong>ab</strong></span> <span class='ocrx_word' id='word_1_112' title='bbox 1349 1811 1420 1895; x_wconf 88' lang='lat' dir='ltr'><strong>ipsa</strong></span> <span class='ocrx_word' id='word_1_113' title='bbox 1446 1810 1641 1877; x_wconf 85' lang='lat' dir='ltr'><strong>individua-</strong></span> 
     </span>
     <span class='ocr_line' id='line_1_14' title="bbox 505 1917 1641 2005; baseline -0.004 -18"><span class='ocrx_word' id='word_1_114' title='bbox 505 1918 610 1997; x_wconf 88' lang='lat' dir='ltr'><strong>tione,</strong></span> <span class='ocrx_word' id='word_1_115' title='bbox 632 1939 730 2004; x_wconf 87' lang='lat' dir='ltr'><strong>quam</strong></span> <span class='ocrx_word' id='word_1_116' title='bbox 751 1940 838 1988; x_wconf 92' lang='lat' dir='ltr'><strong>nunc</strong></span> <span class='ocrx_word' id='word_1_117' title='bbox 859 1922 974 1999; x_wconf 90' lang='lat' dir='ltr'><strong>habet,</strong></span> <span class='ocrx_word' id='word_1_118' title='bbox 990 1921 1244 2005; x_wconf 78' lang='lat' dir='ltr'><strong>distingueretur</strong></span> <span class='ocrx_word' id='word_1_119' title='bbox 1259 1917 1401 1994; x_wconf 89' lang='lat' dir='ltr'><strong>realiter,</strong></span> <span class='ocrx_word' id='word_1_120' title='bbox 1421 1918 1499 2003; x_wconf 89' lang='lat' dir='ltr'><strong>quia</strong></span> <span class='ocrx_word' id='word_1_121' title='bbox 1518 1928 1641 2004; x_wconf 85' lang='lat' dir='ltr'><strong>posset</strong></span> 
     </span>
     <span class='ocr_line' id='line_1_15' title="bbox 506 2025 1142 2113; baseline 0.002 -20"><span class='ocrx_word' id='word_1_122' title='bbox 506 2028 619 2093; x_wconf 90' lang='lat' dir='ltr'><strong>eadem</strong></span> <span class='ocrx_word' id='word_1_123' title='bbox 640 2028 802 2113; x_wconf 89' lang='lat' dir='ltr'><strong>ipsissima</strong></span> <span class='ocrx_word' id='word_1_124' title='bbox 821 2030 959 2095; x_wconf 90' lang='lat' dir='ltr'><strong>existere</strong></span> <span class='ocrx_word' id='word_1_125' title='bbox 974 2046 1050 2095; x_wconf 92' lang='lat' dir='ltr'><strong>cum</strong></span> <span class='ocrx_word' id='word_1_126' title='bbox 1070 2025 1142 2094; x_wconf 88' lang='lat' dir='ltr'><strong>alia.</strong></span> 
     </span>
    </p>

    <p class='ocr_par' dir='ltr' id='par_1_3' title="bbox 469 2136 1642 3299">
     <span class='ocr_line' id='line_1_16' title="bbox 550 2136 1642 2204; baseline 0 -1"><span class='ocrx_word' id='word_1_127' title='bbox 550 2141 652 2203; x_wconf 87' lang='lat' dir='ltr'><strong>Prob.</strong></span> <span class='ocrx_word' id='word_1_128' title='bbox 674 2136 727 2204; x_wconf 84' lang='lat'><strong>3.⁰</strong></span> <span class='ocrx_word' id='word_1_129' title='bbox 775 2137 932 2203; x_wconf 88' lang='lat' dir='ltr'><strong>Praeterea</strong></span> <span class='ocrx_word' id='word_1_130' title='bbox 950 2136 1075 2202; x_wconf 91' lang='lat' dir='ltr'><strong>etiamsi</strong></span> <span class='ocrx_word' id='word_1_131' title='bbox 1098 2137 1228 2202; x_wconf 87' lang='lat' dir='ltr'><strong>adesset</strong></span> <span class='ocrx_word' id='word_1_132' title='bbox 1246 2136 1278 2201; x_wconf 91' lang='lat' dir='ltr'><strong>in</strong></span> <span class='ocrx_word' id='word_1_133' title='bbox 1298 2145 1412 2203; x_wconf 88' lang='lat' dir='ltr'><strong>natura</strong></span> <span class='ocrx_word' id='word_1_134' title='bbox 1431 2136 1508 2201; x_wconf 90' lang='lat' dir='ltr'><strong>reali</strong></span> <span class='ocrx_word' id='word_1_135' title='bbox 1528 2148 1564 2203; x_wconf 92' lang='lat' dir='ltr'><strong>et</strong></span> <span class='ocrx_word' id='word_1_136' title='bbox 1586 2136 1642 2203; x_wconf 89' lang='lat' dir='ltr'><strong>in-</strong></span> 
     </span>
     <span class='ocr_line' id='line_1_17' title="bbox 505 2242 1641 2320; baseline 0.003 -13"><span class='ocrx_word' id='word_1_137' title='bbox 505 2242 635 2309; x_wconf 89' lang='lat' dir='ltr'><strong>dividua</strong></span> <span class='ocrx_word' id='word_1_138' title='bbox 655 2244 723 2309; x_wconf 86' lang='lat' dir='ltr'><strong>haec</strong></span> <span class='ocrx_word' id='word_1_139' title='bbox 747 2243 974 2320; x_wconf 78' lang='lat' dir='ltr'><strong>indifferentia,</strong></span> <span class='ocrx_word' id='word_1_140' title='bbox 996 2244 1145 2309; x_wconf 92' lang='lat' dir='ltr'><strong>nondum</strong></span> <span class='ocrx_word' id='word_1_141' title='bbox 1166 2242 1329 2309; x_wconf 85' lang='lat' dir='ltr'><strong>sufficeret</strong></span> <span class='ocrx_word' id='word_1_142' title='bbox 1348 2245 1389 2309; x_wconf 91' lang='lat' dir='ltr'><strong>ad</strong></span> <span class='ocrx_word' id='word_1_143' title='bbox 1408 2242 1601 2309; x_wconf 89' lang='lat' dir='ltr'><strong>universale</strong></span> <span class='ocrx_word' id='word_1_144' title='bbox 1621 2266 1641 2310; x_wconf 89' lang='lat' dir='ltr'><strong>a</strong></span> 
     </span>
     <span class='ocr_line' id='line_1_18' title="bbox 469 2348 1637 2439; baseline 0.001 -24"><span class='ocrx_word' id='word_1_145' title='bbox 469 2428 472 2434; x_wconf 26' lang='lat'>¹</span> <span class='ocrx_word' id='word_1_146' title='bbox 505 2359 594 2434; x_wconf 90' lang='lat' dir='ltr'><strong>parte</strong></span> <span class='ocrx_word' id='word_1_147' title='bbox 614 2351 656 2416; x_wconf 91' lang='lat' dir='ltr'><strong>rei</strong></span> <span class='ocrx_word' id='word_1_148' title='bbox 680 2353 907 2420; x_wconf 87' lang='lat' dir='ltr'><strong>asserendum.</strong></span> <span class='ocrx_word' id='word_1_149' title='bbox 928 2351 1012 2417; x_wconf 90' lang='lat' dir='ltr'><strong>Nam</strong></span> <span class='ocrx_word' id='word_1_150' title='bbox 1036 2348 1071 2439; x_wconf 85' lang='grc' dir='ltr'><strong>α)</strong></span> <span class='ocrx_word' id='word_1_151' title='bbox 1095 2351 1276 2417; x_wconf 90' lang='lat' dir='ltr'><strong>universale</strong></span> <span class='ocrx_word' id='word_1_152' title='bbox 1302 2352 1442 2417; x_wconf 90' lang='lat' dir='ltr'><strong>vindicat</strong></span> <span class='ocrx_word' id='word_1_153' title='bbox 1466 2351 1637 2419; x_wconf 88' lang='lat' dir='ltr'><strong>unitatem</strong></span> 
     </span>
     <span class='ocr_line' id='line_1_19' title="bbox 479 2458 1637 2545; baseline 0.003 -23"><span class='ocrx_word' id='word_1_154' title='bbox 479 2478 541 2523; x_wconf 92' lang='lat' dir='ltr'><strong>·ac</strong></span> <span class='ocrx_word' id='word_1_155' title='bbox 567 2459 840 2543; x_wconf 86' lang='lat' dir='ltr'><strong>multiplicitatem</strong></span> <span class='ocrx_word' id='word_1_156' title='bbox 870 2460 903 2525; x_wconf 91' lang='lat' dir='ltr'><strong>in</strong></span> <span class='ocrx_word' id='word_1_157' title='bbox 932 2471 1057 2526; x_wconf 89' lang='lat' dir='ltr'><strong>natura.</strong></span> <span class='ocrx_word' id='word_1_158' title='bbox 1085 2458 1253 2538; x_wconf 73' lang='lat' dir='ltr'><strong>jamvero</strong></span> <span class='ocrx_word' id='word_1_159' title='bbox 1277 2468 1392 2526; x_wconf 89' lang='lat' dir='ltr'><strong>natura</strong></span> <span class='ocrx_word' id='word_1_160' title='bbox 1423 2478 1481 2545; x_wconf 88' lang='lat' dir='ltr'><strong>per</strong></span> <span class='ocrx_word' id='word_1_161' title='bbox 1509 2462 1637 2525; x_wconf 89' lang='lat' dir='ltr'><strong>realem</strong></span> 
     </span>
     <span class='ocr_line' id='line_1_20' title="bbox 504 2566 1640 2652; baseline 0.004 -22"><span class='ocrx_word' id='word_1_162' title='bbox 504 2566 768 2643; x_wconf 81' lang='lat' dir='ltr'><strong>indifferentiam,</strong></span> <span class='ocrx_word' id='word_1_163' title='bbox 789 2587 888 2650; x_wconf 89' lang='lat' dir='ltr'><strong>quam</strong></span> <span class='ocrx_word' id='word_1_164' title='bbox 910 2587 949 2633; x_wconf 84' lang='lat' dir='ltr'><strong>ex</strong></span> <span class='ocrx_word' id='word_1_165' title='bbox 968 2587 1004 2633; x_wconf 90' lang='lat' dir='ltr'><strong>se</strong></span> <span class='ocrx_word' id='word_1_166' title='bbox 1023 2568 1140 2632; x_wconf 89' lang='lat' dir='ltr'><strong>hahere</strong></span> <span class='ocrx_word' id='word_1_167' title='bbox 1159 2567 1302 2652; x_wconf 82' lang='lat' dir='ltr'><strong>fingatur</strong></span> <span class='ocrx_word' id='word_1_168' title='bbox 1320 2568 1362 2632; x_wconf 90' lang='lat' dir='ltr'><strong>ad</strong></span> <span class='ocrx_word' id='word_1_169' title='bbox 1382 2568 1492 2651; x_wconf 85' lang='lat' dir='ltr'><strong>plures</strong></span> <span class='ocrx_word' id='word_1_170' title='bbox 1512 2566 1640 2634; x_wconf 90' lang='lat' dir='ltr'><strong>indivi-</strong></span> 
     </span>
     <span class='ocr_line' id='line_1_21' title="bbox 504 2674 1640 2762; baseline 0.002 -23"><span class='ocrx_word' id='word_1_171' title='bbox 504 2674 690 2752; x_wconf 90' lang='lat' dir='ltr'><strong>duationes,</strong></span> <span class='ocrx_word' id='word_1_172' title='bbox 713 2694 779 2741; x_wconf 88' lang='lat' dir='ltr'><strong>non</strong></span> <span class='ocrx_word' id='word_1_173' title='bbox 799 2674 1048 2759; x_wconf 89' lang='lat' dir='ltr'><strong>multiplicatur,</strong></span> <span class='ocrx_word' id='word_1_174' title='bbox 1068 2676 1133 2751; x_wconf 58' lang='lat' dir='ltr'><strong>sed,</strong></span> <span class='ocrx_word' id='word_1_175' title='bbox 1145 2675 1260 2740; x_wconf 90' lang='lat' dir='ltr'><strong>eadem</strong></span> <span class='ocrx_word' id='word_1_176' title='bbox 1284 2674 1449 2759; x_wconf 91' lang='lat' dir='ltr'><strong>ipsissima</strong></span> <span class='ocrx_word' id='word_1_177' title='bbox 1472 2678 1640 2762; x_wconf 90' lang='lat' dir='ltr'><strong>supponi-</strong></span> 
     </span>
     <span class='ocr_line' id='line_1_22' title="bbox 504 2782 1638 2872; baseline 0.003 -24"><span class='ocrx_word' id='word_1_178' title='bbox 504 2793 557 2848; x_wconf 92' lang='lat' dir='ltr'><strong>tur</strong></span> <span class='ocrx_word' id='word_1_179' title='bbox 575 2794 668 2868; x_wconf 85' lang='lat' dir='ltr'><strong>apta,</strong></span> <span class='ocrx_word' id='word_1_180' title='bbox 690 2791 727 2849; x_wconf 91' lang='lat' dir='ltr'><strong>ut</strong></span> <span class='ocrx_word' id='word_1_181' title='bbox 751 2785 783 2850; x_wconf 90' lang='lat' dir='ltr'><strong>in</strong></span> <span class='ocrx_word' id='word_1_182' title='bbox 802 2783 950 2867; x_wconf 92' lang='lat' dir='ltr'><strong>pluribus</strong></span> <span class='ocrx_word' id='word_1_183' title='bbox 969 2783 1144 2850; x_wconf 89' lang='lat' dir='ltr'><strong>individuis</strong></span> <span class='ocrx_word' id='word_1_184' title='bbox 1163 2793 1261 2850; x_wconf 90' lang='lat' dir='ltr'><strong>esset.</strong></span> <span class='ocrx_word' id='word_1_185' title='bbox 1282 2782 1322 2872; x_wconf 86' lang='grc' dir='ltr'><strong>β)</strong></span> <span class='ocrx_word' id='word_1_186' title='bbox 1341 2787 1496 2850; x_wconf 86' lang='lat' dir='ltr'><strong>Praeterea</strong></span> <span class='ocrx_word' id='word_1_187' title='bbox 1525 2785 1638 2871; x_wconf 86' lang='lat' dir='ltr'><strong>magis</strong></span> 
     </span>
     <span class='ocr_line' id='line_1_23' title="bbox 505 2891 1635 2977; baseline 0.002 -21"><span class='ocrx_word' id='word_1_188' title='bbox 505 2902 554 2957; x_wconf 91' lang='lat' dir='ltr'><strong>est</strong></span> <span class='ocrx_word' id='word_1_189' title='bbox 573 2909 676 2956; x_wconf 90' lang='lat' dir='ltr'><strong>unurn</strong></span> <span class='ocrx_word' id='word_1_190' title='bbox 697 2891 848 2974; x_wconf 87' lang='lat' dir='ltr'><strong>idemque</strong></span> <span class='ocrx_word' id='word_1_191' title='bbox 868 2892 1000 2977; x_wconf 87' lang='lat' dir='ltr'><strong>physice</strong></span> <span class='ocrx_word' id='word_1_192' title='bbox 1018 2899 1090 2957; x_wconf 92' lang='lat' dir='ltr'><strong>actu</strong></span> <span class='ocrx_word' id='word_1_193' title='bbox 1116 2910 1188 2957; x_wconf 91' lang='lat' dir='ltr'><strong>esse</strong></span> <span class='ocrx_word' id='word_1_194' title='bbox 1211 2891 1245 2956; x_wconf 88' lang='lat' dir='ltr'><strong>in</strong></span> <span class='ocrx_word' id='word_1_195' title='bbox 1268 2892 1415 2974; x_wconf 90' lang='lat' dir='ltr'><strong>pluribus</strong></span> <span class='ocrx_word' id='word_1_196' title='bbox 1434 2894 1635 2976; x_wconf 88' lang='lat' dir='ltr'><strong>suppositis,</strong></span> 
     </span>
     <span class='ocr_line' id='line_1_24' title="bbox 503 2997 1637 3086; baseline 0.004 -24"><span class='ocrx_word' id='word_1_197' title='bbox 503 3017 602 3082; x_wconf 90' lang='lat' dir='ltr'><strong>quam</strong></span> <span class='ocrx_word' id='word_1_198' title='bbox 622 3017 717 3083; x_wconf 91' lang='lat' dir='ltr'><strong>posse</strong></span> <span class='ocrx_word' id='word_1_199' title='bbox 737 3017 819 3066; x_wconf 91' lang='lat' dir='ltr'><strong>esse.</strong></span> <span class='ocrx_word' id='word_1_200' title='bbox 839 2997 938 3082; x_wconf 80' lang='lat' dir='ltr'><strong>Atqui</strong></span> <span class='ocrx_word' id='word_1_201' title='bbox 957 2999 1030 3064; x_wconf 87' lang='lat' dir='ltr'><strong>licet</strong></span> <span class='ocrx_word' id='word_1_202' title='bbox 1048 3019 1152 3064; x_wconf 91' lang='lat' dir='ltr'><strong>unum</strong></span> <span class='ocrx_word' id='word_1_203' title='bbox 1171 2999 1325 3082; x_wconf 91' lang='lat' dir='ltr'><strong>idemque</strong></span> <span class='ocrx_word' id='word_1_204' title='bbox 1340 2999 1486 3084; x_wconf 89' lang='lat' dir='ltr'><strong>pluribus</strong></span> <span class='ocrx_word' id='word_1_205' title='bbox 1506 3019 1637 3086; x_wconf 92' lang='lat' dir='ltr'><strong>suppo-</strong></span> 
     </span>
     <span class='ocr_line' id='line_1_25' title="bbox 503 3085 1635 3193; baseline 0 -21"><span class='ocrx_word' id='word_1_206' title='bbox 503 3105 574 3172; x_wconf 89' lang='lat' dir='ltr'><strong>sitis</strong></span> <span class='ocrx_word' id='word_1_207' title='bbox 587 3085 665 3172; x_wconf 80' lang='lat' dir='ltr'><strong>&#39;actu</strong></span> <span class='ocrx_word' id='word_1_208' title='bbox 685 3105 726 3171; x_wconf 91' lang='lat' dir='ltr'><strong>sit</strong></span> <span class='ocrx_word' id='word_1_209' title='bbox 740 3124 935 3184; x_wconf 88' lang='lat' dir='ltr'><strong>commune,</strong></span> <span class='ocrx_word' id='word_1_210' title='bbox 954 3126 1019 3172; x_wconf 89' lang='lat' dir='ltr'><strong>non</strong></span> <span class='ocrx_word' id='word_1_211' title='bbox 1036 3107 1108 3173; x_wconf 90' lang='lat' dir='ltr'><strong>ideo</strong></span> <span class='ocrx_word' id='word_1_212' title='bbox 1123 3107 1305 3174; x_wconf 87' lang='lat' dir='ltr'><strong>universale</strong></span> <span class='ocrx_word' id='word_1_213' title='bbox 1316 3107 1471 3191; x_wconf 88' lang='lat' dir='ltr'><strong>redditur;</strong></span> <span class='ocrx_word' id='word_1_214' title='bbox 1486 3117 1525 3174; x_wconf 92' lang='lat' dir='ltr'><strong>ut</strong></span> <span class='ocrx_word' id='word_1_215' title='bbox 1540 3119 1635 3193; x_wconf 90' lang='lat' dir='ltr'><strong>patet</strong></span> 
     </span>
     <span class='ocr_line' id='line_1_26' title="bbox 504 3203 1253 3299; baseline 0.001 -21"><span class='ocrx_word' id='word_1_216' title='bbox 504 3214 536 3278; x_wconf 92' lang='lat' dir='ltr'><strong>in</strong></span> <span class='ocrx_word' id='word_1_217' title='bbox 557 3220 671 3279; x_wconf 86' lang='lat' dir='ltr'><strong>natura</strong></span> <span class='ocrx_word' id='word_1_218' title='bbox 689 3213 810 3280; x_wconf 89' lang='lat' dir='ltr'><strong>divina.</strong></span> <span class='ocrx_word' id='word_1_219' title='bbox 831 3214 957 3299; x_wconf 82' lang='lat' dir='ltr'><strong>Ergo...</strong></span> <span class='ocrx_word' id='word_1_220' title='bbox 981 3213 986 3222; x_wconf 84' lang='lat'>&#39;</span> <span class='ocrx_word' id='word_1_221' title='bbox 1249 3203 1253 3208; x_wconf 70' lang='grc'><strong>’</strong></span> 
     </span>
    </p>

    <p class='ocr_par' dir='ltr' id='par_1_4' title="bbox 503 3319 1635 3620">
     <span class='ocr_line' id='line_1_27' title="bbox 549 3319 1635 3414; baseline -0.001 -26"><span class='ocrx_word' id='word_1_222' title='bbox 549 3327 650 3414; x_wconf 85' lang='lat' dir='ltr'><strong>Prob.</strong></span> <span class='ocrx_word' id='word_1_223' title='bbox 669 3320 722 3403; x_wconf 86' lang='lat'><strong>4.⁰</strong></span> <span class='ocrx_word' id='word_1_224' title='bbox 770 3319 803 3387; x_wconf 90' lang='lat' dir='ltr'><strong>Si</strong></span> <span class='ocrx_word' id='word_1_225' title='bbox 833 3321 902 3387; x_wconf 89' lang='lat' dir='ltr'><strong>haec</strong></span> <span class='ocrx_word' id='word_1_226' title='bbox 926 3321 1138 3387; x_wconf 80' lang='lat' dir='ltr'><strong>indifferentia</strong></span> <span class='ocrx_word' id='word_1_227' title='bbox 1167 3332 1278 3405; x_wconf 88' lang='lat' dir='ltr'><strong>posset</strong></span> <span class='ocrx_word' id='word_1_228' title='bbox 1305 3322 1487 3388; x_wconf 90' lang='lat' dir='ltr'><strong>universale</strong></span> <span class='ocrx_word' id='word_1_229' title='bbox 1507 3323 1635 3390; x_wconf 86' lang='lat' dir='ltr'><strong>consti·</strong></span> 
     </span>
     <span class='ocr_line' id='line_1_28' title="bbox 503 3429 1635 3513; baseline 0.003 -19"><span class='ocrx_word' id='word_1_230' title='bbox 503 3438 610 3504; x_wconf 88' lang='lat' dir='ltr'><strong>tuere,</strong></span> <span class='ocrx_word' id='word_1_231' title='bbox 632 3447 741 3494; x_wconf 88' lang='lat' dir='ltr'><strong>revera</strong></span> <span class='ocrx_word' id='word_1_232' title='bbox 760 3436 809 3494; x_wconf 93' lang='lat' dir='ltr'><strong>tot</strong></span> <span class='ocrx_word' id='word_1_233' title='bbox 828 3429 1020 3495; x_wconf 86' lang='lat' dir='ltr'><strong>universalia</strong></span> <span class='ocrx_word' id='word_1_234' title='bbox 1039 3438 1149 3495; x_wconf 90' lang='lat' dir='ltr'><strong>essent</strong></span> <span class='ocrx_word' id='word_1_235' title='bbox 1169 3429 1387 3507; x_wconf 90' lang='lat' dir='ltr'><strong>numeranda,</strong></span> <span class='ocrx_word' id='word_1_236' title='bbox 1409 3437 1494 3513; x_wconf 91' lang='lat' dir='ltr'><strong>quot</strong></span> <span class='ocrx_word' id='word_1_237' title='bbox 1514 3430 1635 3497; x_wconf 87' lang='lat' dir='ltr'><strong>indivi-</strong></span> 
     </span>
     <span class='ocr_line' id='line_1_29' title="bbox 503 3535 1630 3620; baseline 0.005 -20"><span class='ocrx_word' id='word_1_238' title='bbox 503 3535 581 3601; x_wconf 93' lang='lat' dir='ltr'><strong>dua:</strong></span> <span class='ocrx_word' id='word_1_239' title='bbox 604 3535 636 3602; x_wconf 90' lang='lat' dir='ltr'><strong>id</strong></span> <span class='ocrx_word' id='word_1_240' title='bbox 654 3536 743 3618; x_wconf 92' lang='lat' dir='ltr'><strong>quod</strong></span> <span class='ocrx_word' id='word_1_241' title='bbox 759 3545 808 3602; x_wconf 91' lang='lat' dir='ltr'><strong>est</strong></span> <span class='ocrx_word' id='word_1_242' title='bbox 823 3544 934 3602; x_wconf 85' lang='lat' dir='ltr'><strong>contra</strong></span> <span class='ocrx_word' id='word_1_243' title='bbox 948 3555 1162 3602; x_wconf 87' lang='lat' dir='ltr'><strong>communem</strong></span> <span class='ocrx_word' id='word_1_244' title='bbox 1183 3536 1454 3620; x_wconf 86' lang='lat' dir='ltr'><strong>Philosophorum</strong></span> <span class='ocrx_word' id='word_1_245' title='bbox 1474 3555 1630 3606; x_wconf 88' lang='lat' dir='ltr'><strong>sensum.</strong></span> 
     </span>
    </p>

    <p class='ocr_par' dir='ltr' id='par_1_5' title="bbox 503 3643 1632 4057">
     <span class='ocr_line' id='line_1_30' title="bbox 518 3643 1631 3736; baseline 0.002 -28"><span class='ocrx_word' id='word_1_246' title='bbox 518 3669 521 3677; x_wconf 91' lang='lat'>·</span> <span class='ocrx_word' id='word_1_247' title='bbox 569 3643 607 3711; x_wconf 87' lang='lat' dir='ltr'><strong>Et</strong></span> <span class='ocrx_word' id='word_1_248' title='bbox 615 3644 777 3727; x_wconf 86' lang='lat' dir='ltr'><strong>probatur</strong></span> <span class='ocrx_word' id='word_1_249' title='bbox 789 3645 879 3711; x_wconf 82' lang='lat' dir='ltr'><strong>facile</strong></span> <span class='ocrx_word' id='word_1_250' title='bbox 891 3645 1041 3728; x_wconf 90' lang='lat' dir='ltr'><strong>sequela,</strong></span> <span class='ocrx_word' id='word_1_251' title='bbox 1059 3644 1189 3736; x_wconf 82' lang='lat' dir='ltr'><strong>quiaex</strong></span> <span class='ocrx_word' id='word_1_252' title='bbox 1204 3645 1464 3710; x_wconf 87' lang='lat' dir='ltr'><strong>adversariorum</strong></span> <span class='ocrx_word' id='word_1_253' title='bbox 1481 3645 1631 3712; x_wconf 86' lang='lat' dir='ltr'><strong>doctrina</strong></span> 
     </span>
     <span class='ocr_line' id='line_1_31' title="bbox 504 3752 1627 3837; baseline 0.004 -21"><span class='ocrx_word' id='word_1_254' title='bbox 504 3759 617 3817; x_wconf 89' lang='lat' dir='ltr'><strong>natura</strong></span> <span class='ocrx_word' id='word_1_255' title='bbox 635 3752 840 3836; x_wconf 83' lang='lat' dir='ltr'><strong>singulorum</strong></span> <span class='ocrx_word' id='word_1_256' title='bbox 856 3753 1101 3837; x_wconf 91' lang='lat' dir='ltr'><strong>suppositorum</strong></span> <span class='ocrx_word' id='word_1_257' title='bbox 1117 3752 1249 3818; x_wconf 90' lang='lat' dir='ltr'><strong>haberet</strong></span> <span class='ocrx_word' id='word_1_258' title='bbox 1263 3753 1350 3818; x_wconf 91' lang='lat' dir='ltr'><strong>illam</strong></span> <span class='ocrx_word' id='word_1_259' title='bbox 1370 3752 1627 3820; x_wconf 79' lang='lat' dir='ltr'><strong>indifferentiam</strong></span> 
     </span>
     <span class='ocr_line' id='line_1_32' title="bbox 503 3839 1632 3944; baseline 0.004 -21"><span class='ocrx_word' id='word_1_260' title='bbox 503 3867 600 3943; x_wconf 89' lang='lat' dir='ltr'><strong>atque</strong></span> <span class='ocrx_word' id='word_1_261' title='bbox 616 3839 849 3943; x_wconf 85' lang='lat' dir='ltr'><strong>aptitudinem,</strong></span> <span class='ocrx_word' id='word_1_262' title='bbox 870 3879 911 3925; x_wconf 85' lang='lat' dir='ltr'><strong>ex</strong></span> <span class='ocrx_word' id='word_1_263' title='bbox 929 3879 996 3944; x_wconf 92' lang='lat' dir='ltr'><strong>qua</strong></span> <span class='ocrx_word' id='word_1_264' title='bbox 1015 3861 1148 3927; x_wconf 89' lang='lat' dir='ltr'><strong>resultat</strong></span> <span class='ocrx_word' id='word_1_265' title='bbox 1167 3859 1352 3927; x_wconf 87' lang='lat' dir='ltr'><strong>universale</strong></span> <span class='ocrx_word' id='word_1_266' title='bbox 1375 3871 1448 3927; x_wconf 91' lang='lat' dir='ltr'><strong>actu</strong></span> <span class='ocrx_word' id='word_1_267' title='bbox 1468 3863 1632 3928; x_wconf 90' lang='lat' dir='ltr'><strong>constitu-</strong></span> 
     </span>
     <span class='ocr_line' id='line_1_33' title="bbox 503 3967 1414 4057; baseline 0.001 -25"><span class='ocrx_word' id='word_1_268' title='bbox 503 3976 574 4032; x_wconf 92' lang='lat' dir='ltr'><strong>tum</strong></span> <span class='ocrx_word' id='word_1_269' title='bbox 594 3974 669 4032; x_wconf 92' lang='lat' dir='ltr'><strong>ante</strong></span> <span class='ocrx_word' id='word_1_270' title='bbox 688 3985 821 4032; x_wconf 91' lang='lat' dir='ltr'><strong>omnem</strong></span> <span class='ocrx_word' id='word_1_271' title='bbox 835 3968 1018 4034; x_wconf 90' lang='lat' dir='ltr'><strong>intellectus</strong></span> <span class='ocrx_word' id='word_1_272' title='bbox 1037 3967 1329 4034; x_wconf 87' lang='lat' dir='ltr'><strong>considerationem</strong></span> <span class='ocrx_word' id='word_1_273' title='bbox 1351 3969 1364 4054; x_wconf 93' lang='lat'>(</span> <span class='ocrx_word' id='word_1_274' title='bbox 1389 3967 1414 4057; x_wconf 89' lang='grc'><strong>).</strong></span> 
     </span>
    </p>

    <p class='ocr_par' dir='ltr' id='par_1_6' title="bbox 491 4074 1633 4593">
     <span class='ocr_line' id='line_1_34' title="bbox 548 4074 1633 4145; baseline 0.001 -4"><span class='ocrx_word' id='word_1_275' title='bbox 548 4081 648 4142; x_wconf 82' lang='lat' dir='ltr'><strong>Prob.</strong></span> <span class='ocrx_word' id='word_1_276' title='bbox 672 4075 724 4143; x_wconf 85' lang='lat'><strong>5.⁰</strong></span> <span class='ocrx_word' id='word_1_277' title='bbox 772 4074 806 4140; x_wconf 85' lang='lat' dir='ltr'><strong>Si</strong></span> <span class='ocrx_word' id='word_1_278' title='bbox 823 4074 945 4140; x_wconf 89' lang='lat' dir='ltr'><strong>ratione</strong></span> <span class='ocrx_word' id='word_1_279' title='bbox 963 4075 1048 4141; x_wconf 93' lang='lat' dir='ltr'><strong>illius</strong></span> <span class='ocrx_word' id='word_1_280' title='bbox 1068 4075 1290 4142; x_wconf 79' lang='lat' dir='ltr'><strong>indifferentiae</strong></span> <span class='ocrx_word' id='word_1_281' title='bbox 1308 4085 1422 4143; x_wconf 88' lang='lat' dir='ltr'><strong>natura</strong></span> <span class='ocrx_word' id='word_1_282' title='bbox 1437 4077 1633 4145; x_wconf 86' lang='lat' dir='ltr'><strong>redderetur</strong></span> 
     </span>
     <span class='ocr_line' id='line_1_35' title="bbox 503 4182 1633 4271; baseline 0.004 -23"><span class='ocrx_word' id='word_1_283' title='bbox 503 4183 710 4259; x_wconf 90' lang='lat' dir='ltr'><strong>universalis,</strong></span> <span class='ocrx_word' id='word_1_284' title='bbox 729 4201 793 4249; x_wconf 91' lang='lat' dir='ltr'><strong>non</strong></span> <span class='ocrx_word' id='word_1_285' title='bbox 814 4183 924 4248; x_wconf 89' lang='lat' dir='ltr'><strong>minus</strong></span> <span class='ocrx_word' id='word_1_286' title='bbox 940 4182 1131 4250; x_wconf 89' lang='lat' dir='ltr'><strong>universalis</strong></span> <span class='ocrx_word' id='word_1_287' title='bbox 1150 4194 1237 4250; x_wconf 90' lang='lat' dir='ltr'><strong>esset</strong></span> <span class='ocrx_word' id='word_1_288' title='bbox 1251 4184 1462 4250; x_wconf 83' lang='lat' dir='ltr'><strong>individuatlo</strong></span> <span class='ocrx_word' id='word_1_289' title='bbox 1477 4185 1633 4271; x_wconf 81' lang='lat' dir='ltr'><strong>singulo·</strong></span> 
     </span>
     <span class='ocr_line' id='line_1_36' title="bbox 503 4288 1631 4376; baseline 0.007 -22"><span class='ocrx_word' id='word_1_290' title='bbox 503 4307 575 4356; x_wconf 93' lang='lat' dir='ltr'><strong>rum</strong></span> <span class='ocrx_word' id='word_1_291' title='bbox 596 4289 782 4356; x_wconf 89' lang='lat' dir='ltr'><strong>hominum.</strong></span> <span class='ocrx_word' id='word_1_292' title='bbox 802 4288 927 4355; x_wconf 88' lang='lat' dir='ltr'><strong>Etenim</strong></span> <span class='ocrx_word' id='word_1_293' title='bbox 947 4291 1031 4356; x_wconf 88' lang='lat' dir='ltr'><strong>sicut</strong></span> <span class='ocrx_word' id='word_1_294' title='bbox 1051 4299 1163 4357; x_wconf 89' lang='lat' dir='ltr'><strong>natura</strong></span> <span class='ocrx_word' id='word_1_295' title='bbox 1182 4301 1269 4358; x_wconf 91' lang='lat' dir='ltr'><strong>esset</strong></span> <span class='ocrx_word' id='word_1_296' title='bbox 1298 4311 1355 4376; x_wconf 87' lang='lat' dir='ltr'><strong>per</strong></span> <span class='ocrx_word' id='word_1_297' title='bbox 1382 4311 1418 4358; x_wconf 92' lang='lat' dir='ltr'><strong>se</strong></span> <span class='ocrx_word' id='word_1_298' title='bbox 1436 4293 1631 4362; x_wconf 76' lang='lat' dir='ltr'><strong>indifferens</strong></span> 
     </span>
     <span class='ocr_line' id='line_1_37' title="bbox 491 4381 1632 4485; baseline 0.005 -21"><span class='ocrx_word' id='word_1_299' title='bbox 491 4381 536 4464; x_wconf 56' lang='lat' dir='ltr'><strong>&#39;in</strong></span> <span class='ocrx_word' id='word_1_300' title='bbox 549 4398 698 4482; x_wconf 90' lang='lat' dir='ltr'><strong>pluribus</strong></span> <span class='ocrx_word' id='word_1_301' title='bbox 716 4395 1042 4474; x_wconf 89' lang='lat' dir='ltr'><strong>individuationlbus,</strong></span> <span class='ocrx_word' id='word_1_302' title='bbox 1063 4398 1106 4464; x_wconf 87' lang='lat' dir='ltr'><strong>ita</strong></span> <span class='ocrx_word' id='word_1_303' title='bbox 1125 4399 1223 4464; x_wconf 89' lang='lat' dir='ltr'><strong>etiam</strong></span> <span class='ocrx_word' id='word_1_304' title='bbox 1242 4398 1379 4485; x_wconf 81' lang='lat' dir='ltr'><strong>singulae</strong></span> <span class='ocrx_word' id='word_1_305' title='bbox 1398 4399 1632 4469; x_wconf 84' lang='lat' dir='ltr'><strong>individuatlo-</strong></span> 
     </span>
     <span class='ocr_line' id='line_1_38' title="bbox 505 4505 1631 4593; baseline 0.003 -21"><span class='ocrx_word' id='word_1_306' title='bbox 505 4524 562 4572; x_wconf 89' lang='lat' dir='ltr'><strong>nes</strong></span> <span class='ocrx_word' id='word_1_307' title='bbox 578 4514 714 4589; x_wconf 88' lang='lat' dir='ltr'><strong>possent</strong></span> <span class='ocrx_word' id='word_1_308' title='bbox 732 4521 804 4572; x_wconf 90' lang='lat' dir='ltr'><strong>esse</strong></span> <span class='ocrx_word' id='word_1_309' title='bbox 823 4523 899 4570; x_wconf 89' lang='lat' dir='ltr'><strong>cum</strong></span> <span class='ocrx_word' id='word_1_310' title='bbox 920 4505 1031 4572; x_wconf 90' lang='lat' dir='ltr'><strong>multis</strong></span> <span class='ocrx_word' id='word_1_311' title='bbox 1051 4505 1174 4572; x_wconf 89' lang='lat' dir='ltr'><strong>naturis</strong></span> <span class='ocrx_word' id='word_1_312' title='bbox 1194 4508 1319 4573; x_wconf 89' lang='lat' dir='ltr'><strong>realiter</strong></span> <span class='ocrx_word' id='word_1_313' title='bbox 1337 4507 1573 4593; x_wconf 88' lang='lat' dir='ltr'><strong>multiplicatis.</strong></span> <span class='ocrx_word' id='word_1_314' title='bbox 1596 4511 1631 4577; x_wconf 88' lang='lat' dir='ltr'><strong>Si</strong></span> 
     </span>
    </p>
   </div>
   <div class='ocr_carea' id='block_1_3' title="bbox 510 4675 762 4692">
    <p class='ocr_par' dir='ltr' id='par_1_7' title="bbox 510 4675 762 4692">
     <span class='ocr_line' id='line_1_39' title="bbox 510 4675 762 4692; baseline -0.004 0"><span class='ocrx_word' id='word_1_315' title='bbox 510 4675 762 4692; x_wconf 57' lang='grc' dir='ltr'><strong>Μ-ι-Ἀ-ώ--Λ</strong></span> 
     </span>
    </p>
   </div>
   <div class='ocr_carea' id='block_1_4' title="bbox 539 4734 1401 4821">
    <p class='ocr_par' dir='ltr' id='par_1_8' title="bbox 539 4734 1401 4821">
     <span class='ocr_line' id='line_1_40' title="bbox 539 4734 1401 4821; baseline 0.005 -25"><span class='ocrx_word' id='word_1_316' title='bbox 539 4743 579 4808; x_wconf 83' lang='grc' dir='ltr'><strong>(ι)</strong></span> <span class='ocrx_word' id='word_1_317' title='bbox 615 4737 691 4798; x_wconf 86' lang='lat' dir='ltr'><strong>Vide</strong></span> <span class='ocrx_word' id='word_1_318' title='bbox 706 4736 806 4810; x_wconf 72' lang='lat' dir='ltr'><strong>Sunt..</strong></span> <span class='ocrx_word' id='word_1_319' title='bbox 822 4734 899 4810; x_wconf 79' lang='lat' dir='ltr'><strong>disp.</strong></span> <span class='ocrx_word' id='word_1_320' title='bbox 915 4736 1043 4812; x_wconf 75' lang='lat' dir='ltr'><strong>nerapl.</strong></span> <span class='ocrx_word' id='word_1_321' title='bbox 1057 4737 1087 4804; x_wconf 82' lang='lat'><strong>6,</strong></span> <span class='ocrx_word' id='word_1_322' title='bbox 1102 4749 1171 4798; x_wconf 77' lang='lat' dir='ltr'><strong>sect.</strong></span> <span class='ocrx_word' id='word_1_323' title='bbox 1185 4757 1214 4811; x_wconf 78' lang='lat'><strong>4,</strong></span> <span class='ocrx_word' id='word_1_324' title='bbox 1231 4757 1262 4799; x_wconf 87' lang='lat' dir='ltr'><strong>n.</strong></span> <span class='ocrx_word' id='word_1_325' title='bbox 1278 4757 1304 4814; x_wconf 75' lang='grc' dir='ltr'><strong>ς.</strong></span> <span class='ocrx_word' id='word_1_326' title='bbox 1398 4812 1401 4821; x_wconf 33' lang='grc' dir='ltr'>Ι</span> 
     </span>
    </p>
   </div>
   <div class='ocr_carea' id='block_1_5' title="bbox 0 0 1750 5525">
    <p class='ocr_par' dir='ltr' id='par_1_9' title="bbox 0 0 1750 5525">
     <span class='ocr_line' id='line_1_41' title="bbox 0 0 1750 5525; baseline 0 2"><span class='ocrx_word' id='word_1_327' title='bbox 0 0 1750 5525; x_wconf 95' lang='lat' dir='ltr'><strong> </strong></span> 
     </span>
    </p>
   </div>
  </div>
 </body>
</html>
