3492 5525
514 482 573 547 300
701 469 830 535 Locren
850 470 1102 534 MiuoR-ssDrsn.
1125 484 1170 534 2.·
1191 449 1279 536 (lav.x
1293 487 1364 556 μω

473 570 1270 593 -..-.-....-...........-....

823 739 1124 817 ARTICULUS
1147 741 1251 829 vn.

648 890 720 957 De
741 892 1027 972 oppositione
1050 894 1415 987 propositionum

843 1000 1217 1079 compositarum.
1345 1022 1349 1029 ·

257 1232 457 1288 Q„„,„„„b,„,
522 1210 594 1282 139.
642 1195 885 1279 Propositiones
903 1194 1095 1280 compositae
1107 1196 1158 1261 vel
1174 1194 1391 1282 hypotheticae
1403 1197 1591 1283 singillatim

278 1305 437 1359 oppositionem

263 1376 450 1423 contradictoriam

471 1310 614 1385 sumptae
638 1303 742 1369 solam
772 1302 894 1370 habent
920 1302 1158 1386 oppositionem
1186 1304 1482 1372 contradictoriam.
1507 1304 1591 1371 Nam

469 1425 547 1474 cum
567 1410 679 1476 variari
698 1418 863 1494 nequeant
880 1411 1062 1477 secundum
1083 1410 1311 1494 quantitatem,
1327 1420 1360 1475 et
1373 1411 1592 1497 singularibus

471 1516 607 1602 proinde
620 1516 847 1601 aequivaleant,
865 1536 931 1584 non
946 1518 1041 1584 aliam
1057 1528 1197 1603 possunt
1211 1518 1319 1585 subire
1334 1520 1589 1603 oppositionem,

470 1635 587 1709 praeter
614 1644 699 1701 eam,
730 1644 804 1709 quae
829 1626 978 1711 provenit
1005 1644 1045 1691 ex
1073 1633 1199 1692 mutata
1225 1625 1393 1709 qualitate.
1424 1626 1590 1713 Ejusmodi

469 1739 581 1797 autem
611 1732 864 1818 propositiones,
895 1752 952 1817 per
975 1733 1138 1817 qualitatis
1162 1734 1378 1799 mutationem
1403 1732 1488 1800 fiunt
1513 1754 1593 1801 con-

468 1840 676 1919 tradictoriae,
698 1848 734 1907 ut
752 1848 842 1925 patet
860 1860 900 1907 ex
919 1840 994 1905 alibi
1014 1840 1121 1921 dictis;
1142 1840 1219 1924 quia
1240 1840 1394 1907 nimirum
1422 1859 1481 1908 nec
1505 1861 1591 1909 verae

471 1964 530 2013 nec
550 1948 639 2015 lalsae
657 1948 755 2014 simul
774 1966 846 2016 esse
864 1954 1016 2032 possunt,
1036 1966 1111 2031 quae
1127 1948 1180 2014 lex
1193 1948 1515 2015 contradictoriarum
1526 1959 1588 2017 est.

536 2055 637 2139 Atqui
663 2054 803 2140 qualitas
831 2056 1092 2141 propositionum
1120 2055 1378 2141 compositarum
1408 2076 1473 2123 non
1501 2058 1591 2124 aliter

469 2170 627 2239 mutatur,
659 2181 702 2228 ex
728 2162 922 2228 affirmativa
949 2162 981 2227 in
1009 2163 1207 2247 negativam,
1238 2162 1298 2229 nisi
1331 2164 1503 2249 praemissa
1529 2165 1591 2232 toti

468 2270 681 2337 enuntiationi
709 2270 894 2355 negatione.
924 2270 1008 2337 Nam
1044 2271 1114 2336 sola
1142 2271 1271 2355 negatio
1300 2270 1392 2337 initio
1423 2270 1591 2355 praemissa

468 2379 621 2464 copulam
637 2379 807 2444 formalem
827 2377 927 2444 afficit
948 2378 1129 2462 complexae
1155 2377 1397 2463 propositionis,
1420 2396 1494 2462 quae
1513 2398 1593 2445 con-

350 2527 354 2536 ·
468 2486 552 2553 sistit
570 2486 604 2553 in
623 2486 693 2569 ipsa
710 2485 916 2552 connexione
936 2495 1119 2569 mutuoque
1138 2486 1269 2551 vinculo
1288 2486 1340 2551 vel
1358 2486 1590 2552 consecutione

468 2594 651 2679 partialium
669 2592 905 2659 membrorum.
921 2590 1080 2668 Quocirca
1096 2591 1384 2675 huiccopulativae:
1395 2593 1508 2659 Petms
1519 2612 1592 2659 cur-

466 2702 514 2770 rit
527 2704 562 2767 et
575 2702 696 2769 Paulas
708 2702 809 2779 sedet,
830 2700 1031 2768 contradices
1046 2701 1216 2785 perhanc:
1232 2698 1306 2768 Non
1320 2703 1351 2766 et
1363 2701 1477 2767 Petrus
1490 2701 1594 2768 currit

467 2812 632 2877 etPauzus
647 2811 746 2886 secet,
763 2827 837 2893 quae
855 2807 989 2894 praecise
1008 2815 1107 2892 negat
1120 2807 1387 2892 coniunctionem
1407 2806 1589 2892 partialium

468 2917 741 3004 propositionum.
758 2917 827 2984 Pari
846 2917 946 2982 modo
965 2916 1038 2981 huic
1053 2915 1270 2999 disjunctivae:
1289 2915 1348 2980 Vei
1365 2917 1478 2982 Petrus
1490 2917 1597 2982 currit

466 3027 519 3092 vel
534 3027 655 3092 Paulus
672 3027 769 3102 sedet,
789 3023 834 3090 sic
851 3022 1093 3090 contradicitur:
1114 3024 1187 3091 Non
1213 3023 1264 3088 vel
1283 3023 1399 3089 Panaca
1422 3023 1528 3090 currit
1541 3029 1594 3092 vel

466 3133 589 3199 Paulus
605 3135 701 3199 sedat.
722 3131 801 3197 item
821 3132 919 3214 hujus
945 3129 1184 3197 conditionalis:
1204 3130 1242 3195 Si
1258 3131 1308 3194 sol
1324 3131 1417 3207 dccet,
1442 3131 1510 3196 da'es
1530 3135 1587 3207 est,

467 3242 538 3306 haec
555 3239 739 3326 assignatur
760 3235 1020 3306 contradictoria:
1040 3237 1112 3302 Non
1137 3235 1232 3302 sisoi
1249 3237 1341 3314 lucet,
1369 3237 1437 3307 diu
1455 3242 1513 3306 est.
1544 3237 1591 3305 Ac

467 3347 602 3414 tandem
620 3347 740 3414 causali
759 3347 846 3413 huic:
869 3345 955 3428 Quia
973 3344 1085 3411 Petrus
1104 3347 1153 3410 est
1171 3343 1270 3422 hono,
1292 3344 1424 3410 risibilis
1444 3349 1502 3424 est,
1523 3349 1593 3412 haec

468 3454 645 3540 opponitur
672 3453 933 3522 contradictoria:
963 3455 1036 3522 Non
1063 3451 1140 3538 quia
1162 3452 1276 3518 Petras
1311 3455 1360 3518 est
1385 3453 1484 3530 bomo,
1519 3453 1593 3521 risi-

470 3563 544 3628 bilis
555 3559 675 3652 cst(r).

253 3683 456 3740 οιιοωοὼιιιῡιη
536 3669 580 3736 nt
597 3669 756 3754 quoniam
774 3666 960 3755 copulativa
986 3667 1166 3752 propositio
1191 3667 1339 3734 enuntiat
1360 3665 1590 3736 simultaneam

290 3769 295 3780 ·
311 3756 398 3810 possint

274 3826 434 3882 oppositionem

289 3897 419 3942 conuentu:

286 3970 423 4026 copulative,

469 3777 641 3845 veritatem
670 3777 821 3844 omniurn
841 3775 995 3860 partium,
1015 3775 1042 3842 si
1060 3776 1201 3859 qualitas
1219 3775 1349 3852 harum,
1370 3777 1421 3843 vel
1440 3777 1591 3843 omnium

468 4051 552 4107 dens:
567 4068 595 4108 v.
611 4069 641 4120 g.
658 4047 840 4125 Contingent
852 4055 895 4103 est
903 4063 984 4102 omne
997 4043 1024 4101 B
1037 4043 1148 4101 esseA:
1163 4045 1417 4120 ergocantingens
1424 4045 1593 4118 estuliquocl

467 4141 575 4198 Aesse
587 4139 624 4196 Β.
638 4135 783 4195 Secunda:
802 4134 989 4196 Universciis
1010 4133 1151 4207 negatura
1165 4153 1222 4190 nun
1242 4133 1421 4191 convertitur
1439 4135 1592 4210 simplici-

466 4239 526 4296 ter,
541 4229 593 4287 sed
604 4236 658 4303 per
677 4227 821 4284 candens:
836 4244 866 4282 v.
889 4245 919 4298 g.
944 4223 1125 4300 contingens
1145 4231 1190 4280 est
1207 4223 1321 4280 nullum
1341 4223 1441 4281 Bessa
1462 4225 1504 4281 A.-
1519 4243 1592 4300 ergo

465 4319 639 4391 contingens
652 4325 695 4374 est
708 4317 828 4390 aliquod
841 4317 869 4372 A
891 4333 948 4372 non
960 4331 1023 4371 esse
1037 4313 1075 4371 B.
1094 4311 1202 4371 Tertia:
1212 4311 1420 4382 Particularia,
1436 4321 1494 4370 tana
1508 4313 1593 4390 affir—

469 4408 578 4464 mativa
592 4427 677 4480 quam
689 4405 842 4481 negarine,
857 4403 1037 4475 simpliciter
1050 4403 1243 4470 convertitur,
1258 4401 1408 4476 modoeius
1419 4403 1525 4467 dictum
1536 4423 1592 4460 non

467 4497 507 4554 sit
519 4496 551 4552 in
564 4495 687 4552 materia
698 4495 873 4553 necessaria.
890 4493 972 4564 Quas
993 4491 1109 4566 regulas
1130 4491 1265 4562 probatas
1285 4506 1374 4563 atque
1389 4493 1425 4550 ab
1438 4511 1592 4564 oppugna-

467 4585 597 4645 tionibus
609 4585 700 4643 variis
712 4584 890 4650 vindicatas,
907 4585 984 4657 lege,
1000 4583 1025 4641 ei
1040 4585 1134 4651 lubet,
1149 4581 1227 4654 apud
1242 4581 1357 4640 eosdem
1372 4580 1592 4640 Conimbricer'a-

467 4695 531 4744 aee,
547 4673 602 4734 loc.
616 4673 666 4732 cit.
681 4685 785 4746 quest.
797 4694 830 4743 a,
845 4687 902 4732 art.
917 4693 945 4731 a.
961 4673 1024 4732 Cir.
1037 4673 1130 4731 Tolet.
1146 4669 1290 4730 Summul.
1305 4669 1355 4732 lib.
1372 4693 1404 4744 3,
1417 4689 1471 4744 cap
1485 4691 1513 4744 7.

504 4769 546 4833 (ι)
581 4763 722 4836 tonde,
736 4763 798 4837 op.
810 4761 861 4824 cit.
877 4763 955 4837 disp.
970 4783 997 4838 7,
1014 4781 1078 4837 cap.
1095 4779 1122 4836 ς,
1137 4780 1169 4822 u.
1185 4759 1286 4834 arao.
