3492 5525
561 434 636 534 998'
663 452 789 516 Locren
802 450 1029 527 Maron-Lm.
1049 470 1119 528 ω’,
1135 450 1226 515 Drsr.
1246 462 1293 534 3.⁸
1306 448 1386 513 Can.
1407 465 1477 533 ψ

523 642 739 710 monstretur,
758 635 817 701 sed
835 633 1035 702 constituant
1053 632 1154 699 veluti
1172 632 1316 699 diversas
1335 630 1452 707 lineas,
1472 628 1630 697 autseries

522 742 809 809 conclusionum.»

592 850 763 916 «Dicimus
780 835 859 935 ergo
880 866 944 915 non
964 849 1072 915 solum
1091 866 1163 923 eas,
1184 866 1259 932 quae
1281 846 1344 913 sub
1362 866 1429 912 una
1445 845 1530 911 serie
1548 846 1631 928 quasi

522 958 711 1025 continuato
733 958 880 1024 discursu
899 958 1097 1031 inferuntur,
1118 957 1177 1022 sed
1196 956 1293 1021 etiam
1312 973 1384 1031 eas,
1404 972 1480 1038 quae
1499 971 1565 1019 non
1583 956 1632 1016 ha-

523 1066 603 1131 bent
630 1064 714 1131 inter
731 1082 767 1131 se
790 1066 877 1130 hunc
895 1062 1061 1139 ordinem,
1088 1063 1114 1129 si
1133 1062 1166 1129 in
1185 1064 1298 1129 eadem
1326 1062 1468 1129 essentia
1491 1060 1631 1147 ejusdem

522 1172 660 1259 subjecti
679 1172 879 1249 radicentur,
904 1182 936 1237 el
961 1172 1002 1237 ad
1025 1171 1105 1237 illud
1131 1182 1241 1237 exacte
1268 1169 1537 1255 cognoscendum
1555 1168 1633 1234 ordi-

524 1289 658 1357 nentur,
680 1298 779 1347 unam
794 1278 962 1347 scientiam
977 1279 1191 1355 constituere,
1208 1297 1281 1362 quae
1293 1278 1420 1345 dicetur
1434 1277 1556 1344 habere
1569 1277 1633 1343 uni

523 1397 623 1453 tatem
649 1406 707 1472 per
733 1388 978 1453 attributionem
1003 1404 1061 1452 seu
1090 1387 1313 1453 habitudinem
1343 1386 1384 1450 ad
1411 1386 1499 1450 idern
1533 1385 1634 1469 subje

523 1505 625 1561 ctum.
652 1496 694 1561 Ut
717 1516 751 1561 v.
780 1515 814 1580 g.
840 1494 993 1578 quamvis
1020 1495 1051 1560 in
1078 1494 1213 1581 Physica
1238 1492 1280 1581 (i.
1313 1514 1343 1559 e.
1373 1493 1406 1557 in
1433 1492 1634 1576 Philosophia

524 1598 680 1691 naturali)
698 1603 767 1668 aliae
793 1601 1090 1668 demonstrationes
1113 1601 1196 1667 liunt
1222 1601 1262 1666 de
1286 1600 1420 1666 materia
1447 1609 1480 1664 et
1504 1600 1576 1665 aliae
1599 1598 1634 1663 de

523 1711 627 1775 forma
645 1718 678 1774 et
696 1711 766 1776 aliae
783 1709 824 1774 de
844 1718 955 1774 motus
973 1708 1154 1791 quantitate
1173 1715 1250 1784 etc„
1279 1725 1419 1791 quarum
1441 1708 1556 1773 multae
1576 1726 1634 1773 non

522 1816 645 1884 habent
662 1816 745 1884 inter
763 1836 798 1884 se
816 1817 1133 1898 subordinationem;
1155 1836 1219 1881 una
1238 1824 1348 1883 tamen
1368 1834 1409 1880 ex
1431 1814 1493 1881 illis
1510 1813 1636 1880 contici-

522 1932 576 1990 tur
588 1923 738 2001 scientia,
759 1924 836 2008 quia
855 1924 907 1989 illa
926 1926 1066 1989 tendunt
1084 1924 1123 1989 ad
1142 1932 1288 1988 exactam
1315 1922 1538 2007 cognitionem
1559 1922 1637 1987 entis

524 2032 688 2099 naturalis.
705 2033 789 2099 Nam
808 2032 892 2097 sicut
911 2040 1018 2115 partes
1037 2031 1088 2097 vel
1108 2030 1319 2115 proprietates
1339 2048 1404 2097 non
1417 2039 1497 2096 sunt
1511 2039 1637 2114 propter

522 2158 576 2215 se,
606 2141 665 2206 sed
691 2148 823 2224 propter
854 2148 980 2216 totum,
1012 2139 1054 2204 ita
1081 2139 1376 2205 demonstrationes
1403 2142 1540 2213 omnes',
1570 2156 1638 2221 que

522 2248 604 2312 circa
623 2255 732 2332 partes
749 2256 781 2311 et
800 2246 1028 2331 proprietates,
1056 2254 1220 2328 quatenus
1238 2246 1320 2311 tales
1339 2254 1434 2321 sunt,
1455 2253 1637 2316 versantur.

522 2355 663 2421 tendunt
677 2354 719 2421 ad
737 2354 905 2420 scientiam
925 2355 1099 2438 perfectam
1118 2353 1220 2437 ipsius
1238 2354 1410 2437 compositi
1427 2370 1486 2419 seu
1506 2354 1638 2436 subjecti

522 2462 803 2539 constituendam,
824 2470 857 2526 et
885 2461 929 2526 ita
951 2460 1171 2527 communiter
1189 2459 1249 2525 dici
1269 2462 1352 2528 solet
1370 2460 1504 2527 scientia
1524 2462 1639 2527 habere

522 2569 681 2634 unitatem
701 2587 742 2635 ex
765 2569 894 2653 objecto
909 2570 1004 2653 juxta
1022 2568 1202 2633 doctrinam
1223 2567 1404 2634 Aristotelis
1432 2577 1483 2638 2.·
1500 2568 1543 2632 de
1562 2569 1641 2633 Arri-

521 2696 573 2741 ma
591 2684 672 2744 text.
693 2673 840 2764 33»(1).
857 2676 896 2741 Et
915 2678 976 2741 hoc
995 2684 1089 2759 pacto
1107 2674 1240 2741 scientia
1258 2675 1365 2740 totalis
1384 2683 1434 2739 est
1452 2693 1519 2740 una
1539 2676 1640 2741 unita-

521 2792 553 2850 te
572 2784 710 2859 ordinis,
731 2783 814 2849 sicut
832 2801 897 2849 una
917 2783 1033 2850 dicitur
1050 2783 1186 2858 familia,
1213 2800 1367 2867 regnum,
1395 2783 1563 2849 exercitus
1589 2804 1639 2869 per

459 2898 461 2901 ’
521 2891 668 2956 ordinem
688 2891 729 2956 ad
748 2911 851 2956 unum
872 2890 1147 2974 patremfamilias,
1165 2908 1293 2975 regem,
1313 2890 1432 2956 ducem
1453 2888 1520 2977 (2).

588 3001 655 3064 Aut
673 2999 700 3065 si
720 2999 840 3074 mavis,
858 2999 964 3064 unitas
983 2999 1034 3063 illa
1054 2997 1184 3063 habitus
1201 2997 1310 3064 totalis
1327 2996 1456 3063 desumi
1474 3006 1585 3082 potest
1602 3019 1640 3064 er

521 3104 650 3171 diverso
667 3106 770 3191 gradu
789 3106 1015 3172 abstractionis
1034 3125 1052 3170 a
1068 3106 1217 3180 materia,
1232 3124 1331 3188 quarn
1346 3105 1498 3189 partiales
1512 3107 1640 3172 habitus

484 3267 488 3275 .
520 3214 784 3297 contemplantur
809 3213 848 3278 in¹
870 3231 932 3278 suo
959 3213 1100 3299 objecto,
1121 3211 1302 3279 secundum
1322 3231 1376 3288 ea,
1397 3231 1473 3296 quae
1491 3215 1640 3299 superius

520 3321 561 3386 de
579 3322 702 3387 unitate
721 3320 863 3388 scientiae
881 3321 1062 3406 generatim
1081 3321 1200 3405 scripta
1219 3331 1308 3386 sunt.

586 3427 654 3493 Nec
681 3447 759 3493 uero
786 3426 861 3493 inde
889 3429 1023 3513 colligas
1047 3427 1274 3494 collectionem
1299 3425 1442 3512 plurium
1467 3429 1641 3498 habituum

520 3536 720 3619 partialium,
740 3535 921 3618 exquibus
949 3536 1098 3601 coalescit
1117 3543 1150 3600 et
1167 3535 1347 3620 integratur
1372 3537 1562 3604 secundum
1589 3559 1643 3605 no

520 3653 620 3710 stram
639 3642 833 3709 sententiam
852 3639 963 3709 totalis
982 3641 1131 3720 scientia,
1153 3661 1218 3710 non
1239 3662 1334 3728 posse
1349 3643 1382 3709 in
1406 3656 1496 3712 recto
1514 3656 1552 3711 et
1578 3649 1644 3732 phi

428 3773 432 3782 ·
520 3749 684 3834 losophico
703 3769 802 3816 sensu
822 3749 883 3815 dici
904 3768 1007 3816 unum
1033 3750 1197 3826 habitum,
1219 3752 1321 3834 «quia
1346 3771 1420 3834 quae
1443 3762 1524 3818 sunt
1554 3757 1644 3839 plura

519 3856 551 3922 in
572 3875 638 3923 uno
657 3877 776 3942 genere
792 3859 844 3923 vel
862 3858 925 3923 sub
945 3877 1009 3923 una
1029 3858 1168 3935 ratione,
1188 3857 1250 3924 sub
1269 3858 1329 3924 alia
1347 3869 1425 3924 sunt
1444 3878 1576 3940 unum,
1596 3864 1642 3926 uel

518 3976 720 4050 componunt
740 3983 856 4032 unum.
882 3963 982 4040 Quod
1005 3967 1036 4031 in
1061 3985 1181 4051 genere
1209 3965 1306 4030 etiam
1332 3966 1499 4048 qualitatis
1525 3989 1643 4035 verum

518 4092 590 4139 esse
621 4081 710 4157 patet
736 4072 770 4139 in
799 4071 962 4138 habitibus
990 4083 1046 4138 aut
1075 4071 1341 4157 dispositionibus
1369 4075 1536 4158 corporis;
1571 4097 1645 4143 nam

516 4180 637 4246 sanitas
656 4181 708 4245 vel
727 4179 936 4264 pulchritudo
966 4199 1031 4246 una
1059 4181 1197 4264 qualitas
1223 4189 1374 4246 censetur
1405 4179 1438 4245 in
1471 4186 1646 4250 communi

518 4289 618 4355 modo
636 4287 791 4371 loquendi
810 4295 844 4352 et
861 4288 1131 4372 philosophandi,
1152 4297 1185 4354 et
1203 4296 1312 4354 tamen
1333 4307 1399 4355 non
1419 4297 1501 4355 sunt
1520 4291 1647 4378 simpli·

516 4414 569 4460 ces
586 4395 775 4479 qualitates,
796 4396 856 4460 sed
873 4414 915 4460 ex
934 4396 1143 4480 proportione
1162 4395 1303 4480 plurium
1329 4397 1544 4464 resultantes.
1566 4401 1646 4487 Ergo

550 4649 591 4711 (r)
628 4641 727 4712 Suam,
742 4643 796 4701 loc.
811 4641 859 4702 cit.
875 4661 906 4702 n.
922 4645 969 4716 63.

550 4736 591 4799 (a)
627 4731 689 4792 clr.
706 4730 850 4801 Loesada,
867 4733 921 4792 loc.
937 4733 986 4793 cit.
1002 4754 1065 4806 cap.
1080 4735 1114 4806 6,
1130 4754 1159 4794 n.
1174 4735 1202 4794 6.
