3492 5525
572 446 632 528 aab
688 447 812 528 Locren
829 445 1057 520 Maron-Lus.
1078 461 1145 521 ψ,
1161 446 1255 511 Drse.
1272 458 1315 509 a·
1332 448 1412 509 Can.
1429 461 1499 511 aum

576 635 724 713 objicies
743 641 790 697 a.⁰
836 630 994 697 Sumatur
1021 648 1117 704 uma,
1146 629 1179 695 in
1207 648 1274 713 qua
1300 631 1413 696 decem
1443 630 1653 697 includantur

532 736 676 815 numeri,
698 738 881 805 successive
901 737 1102 804 extrahendi.
1126 738 1158 802 ln
1179 734 1282 821 prima
1296 739 1495 805 extractione
1509 745 1560 804 est
1580 757 1653 821 pro

530 833 677 911 babilitas
701 862 853 930 expressa
872 864 929 931 per
948 844 1137 912 fractionom
1157 845 1222 923 Vn,
1244 853 1280 911 ut
1298 855 1394 912 exeat
1411 854 1518 912 certus
1537 864 1653 912 nume·

530 969 602 1035 rus;
623 952 656 1019 in
676 953 817 1019 secunda
837 952 1035 1019 extractione
1053 961 1103 1018 est
1120 952 1330 1036 probabilitas
1349 952 1409 1018 alia
1424 970 1578 1037 expressa
1594 973 1651 1037 per
1729 1031 1731 1044 ‚

529 1060 717 1126 tractionem
738 1062 793 1145 7.,
810 1071 842 1126 et
861 1060 904 1126 ita
924 1079 1020 1145 porro
1040 1078 1144 1145 usque
1164 1060 1203 1126 ad
1221 1059 1382 1126 decimam
1402 1062 1649 1135 extractionem,
1729 1125 1730 1128 ,

528 1167 561 1233 in
581 1186 645 1251 qua
663 1178 789 1234 certum
809 1178 860 1249 est
878 1170 960 1254 jam.
982 1169 1088 1253 qualis
1113 1186 1272 1234 numerus
1291 1170 1378 1235 exire
1402 1168 1532 1233 debeat.
1549 1169 1651 1251 Atqui

529 1274 581 1359 hic
598 1284 648 1343 est
666 1294 760 1342 casus
779 1276 981 1343 certitudinis
1006 1284 1128 1342 exortae
1149 1294 1190 1342 ex
1216 1275 1478 1359 probabilitatum
1503 1294 1648 1342 summa.

528 1380 625 1466 Ergo.

594 1495 797 1574 Respondeo
815 1508 882 1575 neg.
904 1492 1022 1559 Minor.
1042 1490 1126 1556 Nam
1146 1490 1323 1567 certitudo,
1344 1508 1418 1573 quae
1437 1490 1529 1557 adest
1548 1492 1580 1557 in
1601 1492 1650 1557 ul·

526 1598 607 1664 tima
626 1598 822 1666 extractione
841 1599 1034 1683 exprimitur
1059 1618 1116 1683 per
1135 1598 1380 1664 conclusionem
1400 1597 1498 1683 hujus
1524 1597 1648 1665 ratioci-

527 1704 582 1771 nii.
604 1706 637 1772 ln
657 1707 716 1771 hac
739 1724 820 1771 urna
838 1714 931 1771 erant
949 1705 1063 1771 inclusi
1097 1722 1135 1771 10
1163 1705 1291 1772 numeri
1312 1704 1391 1770 mihi
1410 1706 1493 1773 noti.
1523 1705 1571 1771 Ex
1587 1706 1650 1771 illis

525 1812 657 1881 extracti
682 1824 760 1879 sunt
780 1832 918 1889 novem,
945 1831 1030 1897 quos
1061 1813 1177 1906 pariter
1204 1812 1295 1881 novi.
1315 1812 1399 1898 Ergo
1428 1831 1503 1878 cum
1533 1824 1651 1898 praeter
1729 1895 1730 1900 ἵ

524 1921 597 1986 illos
621 1938 740 1987 novem
761 1940 827 1986 non
847 1920 889 1987 sit
908 1921 969 1987 nisi
988 1919 1085 1997 alius,
1114 1922 1166 1987 bic
1184 1922 1282 1987 debet
1308 1921 1442 1986 tandem
1461 1920 1584 2005 egredi.
1605 1920 1648 1985 Ut
1729 1903 1730 1932 ³

525 2028 632 2105 vides,
654 2031 722 2095 haec
741 2029 907 2096 conclusio
931 2037 1017 2094 certa
1035 2048 1101 2094 non
1129 2040 1196 2106 est,
1216 2029 1277 2095 nisi
1296 2027 1373 2112 quia
1399 2028 1471 2093 tluit
1493 2047 1534 2093 ex
1551 2029 1648 2094 certis
1729 2067 1730 2074 κ

524 2134 712 2221 praemissis.
741 2135 840 2232 Unde
857 2124 1018 2212 transeat,
1048 2138 1138 2219 quod
1165 2137 1197 2201 in
1225 2136 1363 2223 singulis
1393 2136 1647 2203 extractionibus
1729 2163 1730 2166 ¹

522 2253 597 2309 ante
616 2244 766 2309 ultimam
786 2262 862 2309 non·
873 2241 956 2310 adsit
973 2244 1032 2309 nisi
1052 2244 1278 2327 probabilitas,
1295 2243 1329 2309 in
1349 2244 1464 2310 ultima
1480 2263 1560 2309 vero
1575 2264 1649 2329 per-

522 2350 650 2418 venitur
664 2353 704 2429 ad
722 2351 950 2442 certitudinem
967 2370 1033 2417 non
1058 2362 1190 2435 propter
1209 2352 1502 2418 accumulationem
1517 2350 1646 2419 illarum

522 2458 802 2543 probabilitatum,
832 2461 891 2526 sed
926 2468 1059 2544 propter
1091 2459 1319 2526 certitudinem
1354 2458 1442 2525 illius
1476 2460 1645 2537 ratiocinii,
1729 2467 1730 2470 ’

520 2568 610 2651 quod
630 2566 754 2634 institui
775 2580 852 2634 tunc
872 2575 993 2652 potest.

564 2724 620 2795 60.
668 2730 857 2797 Pnouostrto
890 2728 945 2815 J.⁸
984 2733 1161 2798 certitudo
1193 2732 1459 2813 proportionalis
1483 2742 1537 2796 eat
1568 2743 1646 2796 tum

518 2843 716 2920 perfectioni
734 2842 878 2920 subjecti
891 2840 1133 2920 intelligentis,
1153 2851 1229 2903 tum
1248 2841 1380 2903 motivo
1402 2843 1458 2904 cui
1476 2860 1647 2904 assensus
1729 2836 1730 2839 ’

519 2949 688 3011 innititur.

563 3111 730 3172 Probatur
759 3104 809 3172 1.⁰
856 3105 997 3171 Effectus
1024 3105 1273 3190 proportionalis
1301 3114 1353 3174 est
1380 3122 1504 3181 causae,
1534 3123 1646 3187 aqua

518 3211 735 3296 progignitur.
763 3210 825 3277 Sed
845 3211 1005 3278 certitudo
1029 3220 1080 3278 est
1098 3214 1252 3289 effectus,
1272 3211 1305 3278 in
1325 3231 1425 3298 quem
1447 3223 1520 3280 tum
1547 3211 1646 3278 intel-

518 3321 619 3386 lectus
640 3319 709 3402 ipse
723 3327 797 3385 tum
817 3320 982 3386 motivum
997 3318 1117 3387 inlluit.

584 3425 668 3502 Quia
688 3425 873 3493 intellectus
888 3437 924 3493 ut
942 3436 1031 3493 certo
1045 3427 1185 3513 judicet.
1208 3425 1371 3494 motivum
1392 3426 1509 3495 habere
1528 3427 1642 3504 debet,

517 3553 622 3619 eoque
656 3541 827 3617 permotus
857 3552 1029 3600 assensum
1059 3534 1193 3600 firmum
1231 3535 1340 3619 ponit:
1371 3535 1471 3621 hujus
1504 3535 1643 3618 proinde

441 3665 443 3668 ·
516 3641 652 3708 firmitas
672 3641 769 3706 etiam
791 3641 823 3706 in
840 3641 1003 3709 motivum
1020 3641 1223 3708 refundenda
1239 3652 1304 3708 est.

561 3756 612 3814 2.⁰
657 3748 729 3815 Duo
747 3748 982 3816 consideranda
1000 3759 1078 3815 sunt
1097 3749 1129 3816 in
1149 3748 1357 3830 certitudine;
1379 3748 1473 3815 tirma
1495 3747 1642 3816 adhaesio

516 3855 672 3943 subjecti,
689 3875 748 3923 seu
769 3858 952 3922 constantia
969 3855 1154 3924 intellectus
1172 3855 1204 3921 in
1231 3858 1389 3940 ponendo,
1403 3865 1495 3934 actu,
1520 3865 1553 3922 et
1572 3857 1641 3940 ipsa
1729 3870 1730 3879 ¹

512 3964 660 4031 >formalis
676 3966 774 4050 hujus
793 3963 1011 4030 infallibilitas.
1030 3965 1068 4028 Et
1086 3965 1152 4030 duo
1167 3967 1237 4030 haec
1251 3965 1496 4050 proportionem
1509 3975 1643 4032 servant
1729 4012 1730 4021 .

516 4091 591 4142 cum
611 4074 794 4139 intellectus
814 4073 1010 4156 perfectione
1024 4091 1062 4136 ac
1077 4072 1365 4138 fundamentorum
1387 4071 1515 4138 robore.

580 4183 665 4248 llam
681 4181 864 4246 intellectus
878 4179 947 4245 sive
967 4179 1135 4263 perfectior
1154 4187 1268 4246 natura
1291 4194 1369 4257 sua,
1394 4179 1463 4245 sive
1482 4179 1642 4248 excultior

514 4287 641 4364 studio,
667 4287 898 4372 meditatione,
918 4287 1080 4363 doctrina,
1100 4285 1241 4353 vividius
1259 4285 1412 4372 concipit,
1436 4305 1474 4352 ac
1491 4294 1643 4372 penetrat

514 4395 661 4464 intimius
689 4394 756 4462 vim
784 4394 1004 4461 motivarum:
1025 4395 1113 4460 unde
1138 4396 1242 4480 major
1268 4404 1425 4478 sequetur
1449 4394 1589 4461 firmitas
1606 4393 1640 4460 in

515 4503 732 4570 intellectibus
746 4503 883 4570 diversae
902 4500 1108 4587 perfectionis
1123 4501 1204 4566 circa
1221 4503 1309 4568 ldem
1330 4503 1438 4586 ipsum
1458 4504 1640 4574 motivum.

516 4611 639 4678 Deinde
658 4611 690 4676 in
705 4609 822 4677 eodem
842 4610 1009 4676 intellectu
1020 4609 1131 4675 lortior
1140 4619 1195 4674 aut
1205 4609 1315 4676 minus
1327 4610 1418 4675 sortis
1432 4619 1483 4676 est
1496 4611 1643 4678 adhaesio

515 4739 574 4808 pro
592 4719 776 4786 diversitate
802 4718 1014 4786 motivarum.
1035 4717 1183 4784 Proiecto
1203 4717 1310 4803 magis
1332 4718 1476 4784 adhaeret
1497 4719 1639 4802 quilibet
