3492 5525
513 472 533 535 4
913 454 1142 519 lurreooucrro

539 635 570 701 Si
590 656 669 722 ergo
689 636 776 703 idem
798 638 884 703 valet
904 636 1112 722 Philosophia
1131 656 1168 702 ac
1190 635 1353 721 Sapientia
1377 654 1436 721 pro
1455 632 1591 699 diversis

473 744 562 810 hisce
576 745 679 825 tribus
692 744 933 829 acceptionibus
947 746 1131 829 sapientiae,
1148 746 1233 810 varie
1247 743 1372 811 deliniri
1387 741 1592 825 Philosophia

474 860 593 934 potest.
621 852 664 919 Ut
688 871 766 917 vero
791 852 867 919 nihil
899 854 960 918 hac
983 852 1016 917 in
1039 872 1073 918 re
1100 861 1348 938 praetereamus,
1378 860 1457 918 sunt
1480 858 1515 914 et
1541 847 1591 913 alii

473 976 612 1036 sensus,
628 960 749 1042 quibus
762 961 904 1026 sumitur
918 961 1137 1044 Philosophia.

539 1067 622 1132 Nam
644 1076 759 1150 quarto
780 1068 852 1132 loco
874 1068 1028 1152 accipitur
1051 1086 1111 1153 pro
1134 1065 1277 1133 veritatis
1299 1065 1590 1150 contemplatione,

472 1172 788 1258 comprehenditque
801 1173 952 1241 scientias
971 1175 1142 1242 dumtaxat
1155 1174 1382 1259 speculativas.
1401 1174 1439 1238 Et
1452 1173 1499 1239 sic
1512 1172 1594 1237 divi·

473 1280 559 1346 ditur
578 1282 611 1346 in
631 1282 692 1347 hoc
712 1300 810 1349 sensu
827 1283 1032 1367 Philosophia
1046 1283 1087 1348 ab
1102 1281 1276 1349 Aristotele
1293 1282 1324 1348 in
1340 1282 1512 1368 Physicam
1533 1298 1592 1345 seu

473 1388 714 1472 Philosophiam
728 1390 926 1466 naturalem,
940 1388 1202 1456 Mathematicam
1215 1398 1248 1454 et
1260 1389 1515 1475 Metaphysicam
1529 1388 1557 1471 (r
1566 1385 1592 1475 ).

474 1494 600 1579 «Hujus
618 1494 831 1580 acceptionis,
849 1496 956 1581 inquit
977 1498 1012 1563 P.
1036 1497 1200 1563 Antonius
1218 1496 1343 1565 Rubius
1356 1494 1420 1584 (a),
1444 1495 1594 1561 meminit

475 1602 581 1679 Plato,
609 1614 645 1669 ut
673 1604 768 1669 refert
797 1605 952 1670 Alcinous
978 1604 1010 1669 in
1039 1605 1120 1671 libro
1149 1606 1190 1669 de
1215 1602 1362 1669 doctrina
1390 1605 1461 1688 ejus
1487 1603 1592 1685 capite

475 1720 610 1777 sexto.»

540 1816 665 1889 Quinto
684 1818 891 1903 Philosophia
905 1820 1047 1902 pressius
1060 1820 1166 1885 adhuc
1181 1819 1322 1886 sumitur
1337 1837 1394 1903 pro
1414 1816 1464 1883 his
1482 1817 1591 1884 solurn

473 1925 680 2008 speculativis
708 1927 865 2003 scientiis,
891 1945 966 2008 quae
994 1928 1034 1991 de
1061 1926 1159 1992 rebus
1191 1946 1248 2010 per
1274 1945 1310 1992 se
1339 1924 1592 1992 subsistentibus

473 2040 628 2096 tractant:
645 2041 677 2097 et
690 2034 733 2099 ita
744 2035 847 2099 solam
860 2032 1088 2117 complectitur
1102 2034 1360 2121 Metaphysicam
1374 2045 1406 2101 et
1419 2032 1590 2119 Physicam

474 2156 531 2203 seu
548 2140 727 2205 naturalem
748 2140 1006 2224 Philosophiam.
1025 2140 1134 2216 Qrem
1156 2142 1188 2207 in
1208 2160 1342 2207 sensum
1362 2143 1443 2206 sorte
1462 2142 1592 2207 locutus

475 2254 524 2310 est
539 2246 707 2330 Stagirita,
728 2266 803 2313 curn
823 2246 950 2332 scripsit
968 2257 1019 2313 tot
1039 2267 1111 2314 esse
1131 2259 1238 2333 partes
1256 2248 1489 2333 Philosophiae,
1511 2257 1594 2331 quot

474 2352 665 2420 substantiae
680 2350 743 2441 (3).

542 2461 599 2525 llae
611 2470 689 2527 sunt
704 2462 876 2547 praecipuae
890 2462 1095 2547 acceptiones
1113 2464 1329 2549 Philosophiae
1345 2465 1394 2529 vel
1411 2465 1590 2548 sapientiae,

474 2568 514 2633 de
533 2568 654 2651 quibus
674 2570 855 2652 loquuntur
868 2579 1017 2637 auctores
1031 2568 1094 2658 (4).
1111 2572 1184 2637 Νοη
1199 2580 1311 2637 tamen
1333 2590 1451 2639 omnes
1466 2591 1596 2637 accom-

475 2675 616 2741 modatae
640 2686 717 2743 sunt
740 2677 780 2742 ad
807 2697 878 2743 eam
907 2697 975 2743 rem
1002 2679 1246 2755 declarandam,
1270 2698 1344 2763 quae
1372 2680 1435 2745 sub
1460 2680 1594 2745 nomine

474 2783 691 2868 Philosophiae
722 2787 848 2852 tractari
875 2787 1096 2853 communiter
1121 2788 1204 2853 solet
1231 2788 1262 2854 in
1292 2786 1411 2853 scholis
1439 2787 1593 2870 librisque

432 2941 434 2948 ,
474 2889 612 2974 scriptis.
628 2893 743 2976 Neque
758 2911 835 2959 vero
852 2902 1000 2960 nostrum
1022 2903 1072 2960 est
1093 2912 1179 2960 nunc
1202 2895 1280 2978 quid
1301 2896 1433 2961 nomine
1448 2894 1595 2961 Philoso-

474 2998 564 3082 phiae
582 2998 716 3084 intelligi
747 3001 848 3085 possit
876 3011 931 3067 aut
960 3003 1160 3067 intellectum
1189 3002 1284 3069 luerit
1308 3001 1349 3068 ab
1374 3004 1436 3067 hoc
1463 3003 1515 3068 vel
1538 3001 1592 3066 illo

473 3115 617 3183 auctore,
633 3107 779 3184 delinire,
797 3108 854 3174 sed
868 3108 1121 3192 frequentiorem
1138 3111 1309 3195 magisque
1324 3122 1513 3194 usurpatam
1534 3129 1592 3174 no-

474 3212 598 3279 tionem
619 3215 707 3280 vocis
727 3215 932 3301 investigare.
950 3217 987 3281 Et
1006 3217 1037 3281 in
1058 3215 1169 3301 primis
1188 3229 1302 3300 quarta
1326 3229 1358 3283 et
1382 3217 1496 3300 quinta
1515 3225 1592 3283 sunt

475 3321 571 3388 nimis
587 3322 757 3400 restricta,
774 3333 810 3388 ut
828 3334 933 3408 patet,
952 3326 1028 3407 quia
1048 3332 1164 3408 praeter
1178 3325 1368 3411 Physicam,
1384 3325 1544 3390 Mathesin
1561 3332 1593 3389 et

474 3429 747 3516 Metaphysicam,
772 3450 889 3496 omnes
908 3443 1093 3517 agnoscunt
1112 3433 1267 3498 Moralem
1287 3443 1457 3516 tamquam
1481 3451 1591 3497 veram

473 3550 597 3621 partem
624 3537 856 3623 Philosophiae,
879 3542 1050 3624 practicam
1073 3539 1245 3621 nimirum;
1268 3549 1301 3605 et
1321 3538 1592 3606 communissima

473 3645 551 3710 item
576 3647 754 3724 sententia,
770 3667 869 3730 quam
893 3647 967 3713 alibi
977 3647 1158 3725 tuebimur,
1180 3646 1333 3733 logicam
1353 3666 1488 3731 quoque
1506 3646 1592 3713 inter

474 3753 621 3819 membra
636 3753 852 3837 Philosophiae
867 3765 1026 3822 recenset.

506 4039 547 4102 (r)
584 4033 652 4092 Vid.
664 4034 754 4094 Arist.
766 4035 894 4110 Metaph.
910 4036 959 4093 lib.
976 4057 991 4094 a
1006 4057 1069 4110 cap.
1089 4059 1111 4096 r.
1128 4051 1197 4096 text.
1213 4059 1318 4096 comm.
1336 4061 1366 4112 33
1379 4039 1429 4098 lib.
1444 4040 1476 4110 6,
1490 4060 1552 4112 cap.
1567 4061 1591 4098 r.

508 4129 549 4192 (a)
586 4124 619 4182 R.
639 4123 671 4181 P.
689 4123 812 4183 Antonii
832 4125 918 4183 Rubii
932 4126 1074 4184 Rodiensis
1090 4126 1156 4186 Soc.
1167 4127 1236 4197 Jesu
1250 4129 1459 4188 Commentarir'
1472 4132 1504 4187 ἐκ
1518 4139 1591 4188 acto.

473 4213 563 4269 libros
578 4213 751 4272 Aristotelis
770 4215 804 4270 de
823 4215 949 4288 Physica
963 4216 1263 4286 auditaJUaiversale
1277 4218 1404 4276 Prooem.
1425 4221 1514 4277 totius
1533 4219 1591 4295 Op.

472 4301 515 4359 De
527 4305 642 4360 nomine
655 4313 683 4360 et
697 4305 915 4376 acceptionibus
930 4305 1148 4379 Philosophia,
1165 4315 1289 4382 paragr.
1304 4307 1435 4366 Secundo
1449 4311 1541 4367 modo.

508 4395 548 4462 (ς)
585 4391 707 4451 Aristot.
724 4392 775 4451 lib.
789 4413 808 4465 4
820 4393 950 4468 nrerapt.
966 4415 1029 4466 cap.
1044 4414 1070 4452 a.
1087 4393 1151 4452 Cir.
1167 4393 1200 4453 S.
1215 4396 1321 4457 Thom.
1333 4396 1374 4456 ibi
1387 4397 1450 4456 lect.
1467 4419 1484 4456 2
1499 4399 1549 4458 fin.

507 4481 547 4553 (4)
584 4479 659 4540 Vide
674 4481 795 4540 Petrum
811 4481 834 4538 F
835 4503 938 4540 onseca
960 4484 1012 4541 loc.
1033 4488 1094 4553 cit.,
1110 4498 1178 4542 sect.
1200 4507 1231 4558 33
1252 4486 1413 4545 Antonium
1428 4489 1524 4546 Rubio
1537 4489 1592 4549 loe.

471 4569 518 4626 cit.
531 4581 561 4627 ct
574 4569 810 4642 Complutenses,
826 4572 961 4648 collegii
975 4572 1174 4648 Complateas.
1198 4577 1444 4635 Discalceatorum
1457 4580 1594 4637 Fratrum

471 4658 507 4715 Β.
520 4659 624 4718 Marte
634 4661 669 4717 dc
681 4661 778 4720 Monte
789 4661 937 4732 canneto,
948 4662 1168 4738 Disputationes
1180 4665 1215 4722 in
1224 4675 1287 4724 octo
1299 4668 1388 4724 libros
1399 4667 1593 4743 Physicorrrm

470 4747 654 4809 Aristotelis.
670 4749 754 4823 Disp.
771 4751 856 4824 prim.
873 4752 1046 4824 prooemial,
1061 4767 1164 4826 quaest.
1184 4776 1207 4813 1.
