3492 5525
582 462 643 527 944
702 444 827 509 Loorca
838 398 1075 518 innox-Lus
1087 458 1158 519 μ’,
1174 442 1264 507 Drsr.
1280 456 1326 525 4.·
1341 443 1422 506 Cae.
1438 453 1514 505 ψ

610 626 864 695 Difficultatesa
890 626 1034 711 patronis
1060 626 1192 693 alterius
1216 626 1387 692 sententiae
1417 624 1518 710 obiici
1549 622 1671 693 sotitae,

537 733 607 819 jam
634 743 866 819 praeoccupatae
893 744 971 801 sunt
997 734 1030 801 in
1058 733 1317 819 probationibus.
1345 732 1450 808 Vide,
1486 730 1514 797 si
1536 730 1604 806 vis,
1629 728 1673 792 De
1723 722 1724 767 t

541 842 741 921 Benedictis,
761 843 855 930 Mayr
872 842 1030 925 aliosque.

607 956 727 1035 Quaeri
745 950 798 1016 hic
819 958 931 1034 posset
948 949 1095 1025 ulterius,
1116 969 1157 1015 an
1173 958 1347 1035 repugnet,
1365 946 1521 1013 absolute
1542 957 1579 1013 et
1596 962 1674 1026 spe·

541 1064 626 1125 ctata
644 1058 789 1142 potentia
807 1057 878 1131 Dei,
907 1074 993 1125 unus
1011 1056 1163 1141 idemque
1189 1065 1299 1133 actus,
1320 1056 1378 1139 qui
1395 1054 1500 1121 simul
1515 1054 1563 1119 sir
1584 1052 1673 1118 Fidei
1723 1130 1724 1147 χ

540 1164 676 1240 divine,
696 1164 860 1248 opinionis
875 1173 909 1230 et
926 1164 1067 1231 scientiae
1086 1166 1129 1231 ob
1148 1164 1208 1231 tria
1222 1164 1344 1231 motiva
1368 1181 1411 1229 ex
1430 1181 1469 1229 se
1487 1162 1534 1226 ad
1555 1178 1674 1227 assen-

539 1290 615 1339 sum
632 1272 838 1350 sufficientia,
860 1280 937 1357 puta
955 1273 1000 1338 ob
1018 1271 1241 1339 testimonium
1261 1271 1337 1347 Dei,
1358 1271 1403 1336 ob
1424 1270 1595 1335 rationem
1611 1267 1672 1331 aii-
1723 1348 1724 1373 χ

539 1398 640 1463 quarn
660 1379 872 1464 probabilem,
884 1392 918 1446 et
935 1379 979 1444 ob
993 1380 1088 1447 aliam
1108 1380 1306 1445 evidentem.
1328 1380 1436 1461 Negat
1451 1376 1585 1443 Suarez
1605 1372 1671 1462 (r),
1723 1376 1724 1445 ἐ

538 1486 679 1554 affirmat
695 1505 772 1553 cum
792 1485 861 1553 aliis
880 1488 916 1553 P.
938 1487 1079 1553 Lossada
1095 1484 1159 1575 (a),
1180 1504 1265 1570 quos
1283 1468 1359 1551 vide
1372 1484 1400 1551 si
1420 1484 1530 1551 lubet.

934 1822 1153 1909 -CAPUT
1183 1822 1233 1907 II.

598 2023 702 2087 DE
727 2014 1101 2087 SCIENTIAE
1125 2022 1616 2087 EXISTENTIA

983 2152 1032 2217 IN
1056 2152 1204 2218 NOBIS.

601 2344 674 2411 Duo
693 2362 839 2411 errorum
851 2362 971 2429 genera
990 2344 1190 2429 profliganda
1208 2353 1285 2410 sunt
1304 2344 1336 2411 in
1357 2346 1420 2411 hoc
1439 2343 1569 2429 capite,
1593 2346 1673 2410 alte

351 2530 377 2562 ω
394 2458 422 2489 ‘¹¹
441 2530 455 2559 n
536 2471 608 2518 rum
628 2471 751 2537 negans
771 2453 869 2519 uttam
896 2452 1062 2519 seientiam
1081 2453 1149 2517 dari
1167 2454 1199 2517 in
1223 2450 1357 2519 homine
1382 2470 1502 2536 posse,
1522 2455 1671 2518 alterum

533 2570 681 2627 statuens
700 2560 848 2626 omnium
869 2579 976 2626 rerum
993 2561 1119 2645 assequi
1139 2578 1198 2625 nos
1216 2578 1314 2644 posse
1333 2560 1588 2645 cognitionem.
1608 2562 1672 2627 Pri-

534 2687 608 2733 mus
627 2678 677 2734 est
696 2687 784 2733 error
802 2667 1041 2751 Scepticorum,
1062 2669 1142 2733 alter
1161 2668 1430 2751 Dogmaticorum
1451 2679 1486 2734 et
1509 2668 1672 2737 Rationa-

531 2776 679 2842 listarum
696 2775 927 2860 aliorumque,
948 2776 1004 2861 qui
1024 2775 1101 2842 nihil
1120 2793 1190 2842 esse
1211 2778 1363 2842 humanae
1393 2777 1514 2843 rationi
1541 2777 1669 2860 imper-

529 2883 621 2950 vium
642 2884 806 2950 effutiunt.
827 2883 911 2948 inter
928 2885 987 2950 bos
1000 2902 1123 2950 errores
1140 2884 1247 2949 media
1261 2883 1381 2950 incedit
1398 2885 1543 2962 veritas,
1565 2905 1667 2968 quam

530 2999 660 3077 oportet
678 2993 818 3058 breviter
836 2991 987 3058 stabilire.
1009 2991 1143 3057 Videtur
1156 2993 1354 3076 quibasdam,
1375 2991 1491 3058 scribit
1512 2993 1668 3076 Aquinas

529 3102 614 3184 quod
630 3099 752 3166 nullius
779 3097 830 3165 rei
841 3099 888 3164 rit
908 3098 1054 3180 scientim
1071 3099 1256 3183 quibusdam
1285 3103 1391 3164 autem
1416 3099 1554 3164 videm
1586 3101 1669 3186 qrmd

529 3206 668 3272 omnium
684 3208 787 3289 possit
809 3205 918 3272 baberi
942 3205 1072 3272 scientur
1092 3213 1153 3288 per
1173 3207 1482 3273 demonstrationem.
1505 3206 1668 3274 Neutrum

528 3319 633 3381 autem
649 3314 782 3380 istorum
798 3317 966 3380 estverum
982 3309 1047 3400 (3).

902 3521 1203 3599 numenius
1233 3493 1263 3595 1.

574 3641 985 3756 Utrum-possibilis
1006 3675 1067 3737 sit
1087 3689 1143 3736 ao
1164 3689 1307 3753 porro
1325 3672 1466 3737 'detur
1484 3677 1624 3756 apud

935 3797 1020 3844 nos
1043 3781 1242 3844 seientia.

574 3955 649 4046 269.
698 3957 910 4040 Qramquam
930 3975 971 4022 ex
989 3955 1028 4022 iis
1039 3974 1113 4040 quae
1127 3967 1238 4024 contra
1252 3955 1421 4040 Scepticos
1436 3957 1661 4026 definivimus

528 4066 615 4144 alibi,
637 4066 727 4132 facile
756 4072 864 4149 pateat
891 4063 1061 4129 existentia
1088 4065 1139 4129 vel
1164 4073 1250 4128 certe
1278 4064 1481 4147 possibilitas
1511 4061 1661 4134 scientie

528 4175 625 4251 itlius,
645 4191 744 4257 quarn
773 4173 930 4238 hactenus
957 4170 1204 4256 descripsimus,
1224 4172 1312 4255 apud
1332 4189 1407 4250 nos,
1429 4172 1525 4239 haud
1544 4186 1658 4242 tamen

528 4283 624 4350 fuerit
638 4299 761 4348 vanum
780 4279 813 4345 id
824 4278 857 4345 in
877 4279 1030 4345 hocloco
1049 4277 1152 4345 fusius
1170 4285 1378 4364 pertractare.

563 4469 603 4529 (r)
639 4455 684 4520 De
694 4459 775 4529 Fide,
791 4456 867 4530 disp.
882 4478 913 4530 3,
929 4470 997 4514 sect.
1013 4476 1040 4528 9.
1076 4537 1078 4542 k

561 4553 602 4623 (a)
638 4547 987 4621 Loe.eit.,n.136aeqq.

561 4647 602 4714 (3)
638 4639 704 4700 Lib'.
722 4646 759 4698 r.·
770 4640 896 4708 Poster..
912 4648 981 4696 sect.
1003 4655 1030 4709 7.
1046 4631 1122 4694 Vide
1135 4631 1224 4694 etium
1249 4633 1396 4707 uetant..
1419 4639 1535 4700 Dr'ur'rr.
1548 4639 1654 4710 rasin„

526 4730 575 4793 lib.
591 4753 618 4805 3,
630 4751 692 4804 cap.
709 4730 738 4789 6.
