3492 5525
504 467 564 553 782
625 453 749 530 'laomen
766 461 995 538 Maiore-Lm.
1013 463 1239 527 2.¹¹·l)1sr›.a.·
1255 463 1335 527 Csa.
1352 479 1423 527 aum

529 657 634 733 Resp.
655 639 809 716 trinseat.
838 647 947 713 Exeo
970 645 1058 712 enim
1085 647 1191 712 solum
1216 656 1408 729 sequeretur
1435 645 1583 711 habitum

463 755 692 842 principiorum
711 755 887 822 consistere
905 753 938 821 in
953 754 1139 838 speciebus;
1160 755 1202 820 dc
1219 773 1284 837 qua
1303 753 1485 837 quaestione
1505 771 1585 818 mox

463 873 589 950 agetur.
610 863 647 930 Et
667 881 753 930 nunc
772 863 834 930 hoc
853 869 959 929 unuln
978 861 1120 929 breviter
1132 860 1288 937 dicimus,
1310 861 1417 927 adhuc
1431 859 1585 944 supposi-

462 971 504 1036 tis
522 970 702 1055 speciebus,
724 988 820 1055 posse
835 987 1002 1036 remanere
1017 969 1159 1053 aliquam
1178 967 1517 1036 indeterminationem
1531 967 1583 1050 vel

462 1077 706 1153 difficultatem,
726 1095 800 1161 quae
819 1077 1002 1162 superanda
1021 1075 1061 1143 sit
1076 1095 1134 1160 per
1151 1075 1272 1160 aliquid
1294 1075 1398 1153 aliud,
1419 1085 1457 1142 ut
1481 1074 1586 1140 mani·

463 1187 582 1251 iestum
598 1194 648 1251 est
667 1185 700 1251 in
718 1182 982 1250 conclusionibus
1000 1201 1058 1250 seu
1073 1183 1203 1269 judiciis
1219 1183 1385 1259 mediatis,
1406 1183 1439 1248 in
1462 1181 1584 1266 quibus

463 1301 572 1378 potest
596 1292 780 1359 intellectus
799 1292 918 1358 habere
937 1291 1062 1376 species
1089 1291 1225 1377 subjecti
1245 1301 1278 1357 et
1302 1291 1481 1378 predicati,
1502 1289 1583 1374 quin

462 1399 504 1466 sit
529 1400 636 1482 adhuc
652 1399 830 1485 dispositus
852 1411 885 1468 et
903 1407 1075 1484 promptus
1089 1399 1129 1464 ad
1144 1417 1335 1474 assensum,
1350 1400 1457 1465 donec
1475 1395 1585 1462 termi-

463 1526 524 1574 nos
539 1508 755 1575 conclusionis
772 1525 829 1592 per
842 1508 924 1573 tales
937 1507 1061 1591 species
1074 1508 1224 1594 cognitos
1242 1515 1410 1593 comparet
1423 1523 1499 1572 cum
1518 1516 1584 1572 ter-

463 1614 553 1682 mino
587 1613 713 1691 medio,
747 1624 778 1680 et
806 1623 939 1681 actuum
965 1614 1155 1698 repetitione
1174 1614 1357 1682 facilitatem
1386 1614 1582 1680 assentiendi

462 1731 666 1806 assequatur.
690 1722 728 1787 Et
742 1723 828 1788 idem
847 1723 935 1788 cerni
954 1720 1081 1788 videtur
1099 1722 1131 1788 in
1150 1721 1378 1817 positionibus,
1398 1728 1431 1787 et
1448 1723 1582 1789 fortasse

462 1831 559 1896 etiam
580 1829 612 1896 in
632 1829 710 1917 ipsis
729 1829 953 1915 dignitatibus.
970 1828 1078 1906 Quare
1093 1828 1176 1896 bene
1190 1830 1397 1915 intelligitur,
1414 1830 1581 1914 quomodo

462 1938 568 2004 adhuc
584 1949 659 2024 post
678 1937 804 2023 species
824 1936 1014 2022 acquisitas,
1031 1937 1179 2003 nondum
1195 1945 1346 2021 suppetat
1359 1945 1425 2003 tota
1443 1938 1496 2004 illa
1508 1937 1583 2003 iaci-

463 2046 535 2111 litas
554 2054 586 2112 et
604 2045 769 2112 inclinatio
788 2045 828 2111 ad
847 2053 974 2121 actum,
991 2063 1066 2129 quae
1085 2045 1252 2112 constituit
1268 2044 1433 2121 habitum,
1453 2046 1512 2111 sed
1529 2045 1583 2109 ali-

462 2153 542 2237 quid
556 2154 643 2219 aliud
663 2151 860 2237 requiratur,
884 2151 953 2218 sive
967 2153 1045 2218 illud
1059 2153 1101 2220 sit
1113 2153 1273 2219 ordinatio
1289 2153 1396 2236 aliqua
1412 2153 1582 2239 peculiaris

462 2260 664 2346 specierum,
685 2259 753 2328 sive
772 2261 881 2345 aliqua
904 2277 987 2326 nova
1007 2260 1150 2344 ‘qualitas
1168 2279 1209 2326 ex
1234 2259 1295 2326 illis
1324 2262 1502 2336 resultans,
1523 2278 1583 2344 pro

461 2366 647 2434 diversitate
665 2367 857 2454 opinionum
870 2367 952 2434 circa
969 2377 1116 2434 naturam
1137 2367 1277 2434 habitus.

532 2475 570 2540 Et
590 2477 670 2542 ratio
693 2475 826 2542 tandem
847 2477 945 2561 huius
967 2475 1011 2541 rei
1030 2493 1102 2542 esse
1122 2483 1245 2562 potest,
1266 2475 1342 2560 quia
1360 2495 1515 2544 assensus
1532 2478 1583 2544 in·

462 2582 669 2660 tellectualis,
691 2585 747 2667 qui
766 2584 858 2650 adest
877 2584 910 2649 in
929 2583 1047 2667 quovis
1063 2581 1200 2670 judicio,
1217 2583 1346 2650 diverso
1365 2585 1465 2650 modo
1479 2585 1584 2650 tendit

336 2729 341 2740 ·
463 2689 495 2757 in
514 2690 699 2779 objectum,
720 2710 756 2757 ac
774 2689 1005 2777 apprehensio;
1027 2692 1096 2757 haec
1109 2691 1195 2757 enim
1212 2711 1300 2758 mere
1309 2697 1527 2778 'representat
1544 2713 1582 2759 ac

464 2798 566 2865 veluti
586 2798 733 2885 depingit
751 2798 1004 2866 intentionaliter
1021 2799 1204 2886 objectum,
1220 2800 1379 2887 iudicium
1395 2820 1473 2867 vero
1492 2800 1585 2867 relle-

462 2913 555 2973 ctens
573 2907 821 2990 quodammodo
836 2906 868 2973 in
888 2907 1014 2992 objecta
1032 2906 1120 2991 prius
1135 2907 1276 2993 cognita,
1296 2910 1428 2994 copulat
1443 2910 1584 2976 rationes

463 3012 553 3100 prius
571 3022 752 3099 perceptas.
774 3015 819 3082 lix
839 3034 906 3099 quo
925 3015 978 3091 tit,
1000 3016 1060 3082 etsi
1074 3016 1144 3082 sola
1162 3016 1284 3099 species
1302 3018 1380 3084 satis
1398 3017 1441 3084 sit
1458 3019 1499 3084 ad
1519 3025 1584 3084 ter·

463 3120 590 3188 minum
605 3122 935 3208 apprehendendum,
952 3122 1071 3207 aliquid
1090 3122 1178 3189 aliud
1193 3133 1309 3209 praeter
1327 3126 1451 3209 species
1465 3126 1583 3210 requiri

462 3248 577 3314 posse,
600 3242 636 3297 ut
652 3229 780 3297 termini
800 3229 889 3314 prius
911 3230 1104 3316 apprehensi
1130 3250 1208 3297 curn
1228 3244 1315 3300 certa
1332 3232 1481 3301 facilitate
1498 3235 1584 3299 inter

462 3356 535 3404 sese
552 3339 795 3424 conjungantur
814 3337 827 3426 (
853 3336 878 3427 ).

507 3450 614 3529 objic.
638 3452 688 3513 a.⁰
733 3444 855 3511 Sensus
873 3444 997 3513 externi
1016 3454 1185 3530 propterea
1203 3464 1270 3513 non
1289 3456 1508 3530 assequuntur
1526 3451 1584 3515 ha·

462 3552 571 3630 bitus,
601 3554 673 3619 licet
701 3564 817 3638 egeant
845 3552 1031 3638 speciebus,
1056 3554 1132 3637 quia
1152 3554 1184 3619 in
1211 3553 1337 3640 objecta
1366 3573 1424 3621 sua
1443 3556 1585 3625 tendunt

463 3660 598 3727 naturali
618 3660 810 3728 necessitate
830 3660 1046 3727 determinati.
1068 3660 1105 3727 Et
1123 3659 1209 3727 idem
1225 3662 1286 3727 dici
1306 3671 1414 3746 potest
1431 3665 1472 3729 de
1490 3665 1585 3731 intel·

463 3768 548 3834 lectu
577 3767 765 3853 simpliciter
787 3766 1066 3852 apprehendente,
1095 3777 1208 3853 utpote
1235 3768 1305 3854 qui,
1330 3769 1441 3836 habita
1463 3772 1582 3857 specie,

464 3874 650 3943 naturaliter
672 3885 705 3941 et
728 3874 853 3960 absque
881 3876 945 3940 ulla
969 3874 1156 3941 difficultate
1184 3895 1253 3942 rem
1282 3876 1343 3943 sibi
1362 3888 1581 3963 repraesentat.

465 3979 564 4066 Atqui
590 3984 707 4049 eodem
738 3982 838 4050 modo
864 3981 991 4051 videtur
1008 4002 1044 4049 se
1072 3984 1191 4050 habere
1218 3984 1411 4052 intellectiva
1440 3988 1586 4072 potentia

464 4091 561 4156 relate
580 4092 620 4156 ad
650 4092 753 4176 prima
772 4090 943 4177 principia,
972 4092 1087 4157 saltem
1114 4079 1296 4161 notissima.
1317 4093 1400 4179 Ergo
1426 4094 1509 4161 sicut
1527 4115 1587 4162 nec

462 4206 540 4264 sunt
559 4196 688 4265 habitus
716 4199 747 4264 in
768 4199 920 4265 sensibus
938 4199 1095 4276 externis,
1116 4218 1176 4265 nec
1198 4200 1230 4267 in
1249 4202 1415 4267 intellectu
1435 4221 1493 4288 pro
1510 4214 1586 4270 actu

464 4303 619 4390 simplicis
638 4304 923 4391 apprehensionis,
944 4306 987 4372 ita
1010 4325 1069 4374 nec
1091 4306 1189 4374 debet
1212 4307 1339 4374 admitti
1360 4310 1410 4375 vel
1430 4329 1489 4395 pro
1507 4310 1588 4397 ipsis

464 4411 576 4496 primis
596 4411 791 4502 principiis(
816 4410 841 4501 ).

499 4573 540 4643 (r)
576 4572 639 4631 etr.
655 4572 844 4643 Conimbric„
855 4572 909 4651 loc.
921 4592 992 4648 nup.
1003 4573 1052 4634 cit.
1066 4595 1098 4649 q.
1113 4595 1138 4643 1,
1148 4596 1175 4635 a.
1187 4595 1215 4651 4,
1227 4588 1303 4650 post.
1314 4577 1389 4637 med.
1403 4576 1453 4637 Aa
1460 4579 1589 4654 mum

464 4666 518 4737 pro
532 4663 630 4737 prima
642 4664 833 4723 sententio...

499 4751 541 4825 (²)
576 4751 664 4827 Apud
678 4751 857 4815 Conimbric.
873 4752 927 4813 loc.
941 4751 992 4813 cit.
