3492 5525
554 445 610 526 362
744 449 868 514 Loorcs
888 447 1135 516 Minoa—Due.
1160 459 1207 531 3.·
1227 447 1306 512 Cle.
1330 463 1403 532 4⁰¹³

677 743 845 817 Inductio.
1172 742 1415 823 syllogismus.

564 861 899 933 septuentutnuintu
1102 861 1412 924 mummolini

565 951 776 1020 ummtmtlu
789 956 992 1020 trerminum.
1098 949 1408 1019 minutissimus.

564 1041 626 1111 turi
639 1041 768 1112 lacunis,
786 1042 925 1113 trrtmttin,
938 1047 978 1106 m.
1099 1039 1160 1108 ltrrl
1174 1038 1304 1109 terimus,
1317 1038 1455 1110 tument,
1470 1044 1511 1100 m.

565 1134 857 1192 tutrnnttrnnunn
1101 1133 1385 1192 sntmrtunuunn.

564 1221 850 1288 trutmtttmnunn
956 1220 963 1229 '
1099 1219 1504 1289 nntlttlmtstntmtdnm.

566 1309 646 1372 tunm
656 1309 946 1378 mimirumumtt
1100 1308 1422 1376 nmmtmtunnm
1433 1311 1527 1376 rmus.

568 1491 716 1557 .Possent
734 1509 866 1574 quoque
886 1493 936 1557 hae
955 1493 1028 1557 duae
1046 1490 1366 1576 argumentationes,
1387 1490 1510 1556 omissa
1529 1489 1635 1556 Mino-

513 1588 651 1683 ri,'quae
677 1599 792 1664 eadem
820 1608 869 1666 est
896 1600 930 1664 in
956 1600 1134 1675 ambabus,
1158 1598 1223 1665 sub
1248 1601 1353 1664 torma
1378 1580 1635 1684 enthymematis

512 1706 663 1790 proponi.
690 1705 755 1772 Sed
784 1707 935 1795 utralibet
958 1708 1063 1774 torma
1090 1714 1310 1790 proponatur,
1342 1725 1475 1789 semper
1495 1706 1635 1772 existent

513 1815 586 1881 duae
611 1814 915 1898 argumentationes
933 1815 1174 1881 diversissimae:
1196 1833 1272 1880 nam
1293 1813 1459 1880 conclusio
1477 1802 1637 1878 inductio-

513 1921 563 1988 nis
578 1931 628 1988 est
642 1923 744 2007 Major
758 1921 961 2009 syllogismi,
978 1923 1081 2008 Major
1099 1940 1176 1988 vero
1194 1921 1393 1988 inductionis
1406 1931 1456 1987 est
1469 1922 1636 1987 conclusio

512 2027 706 2118 syllogismi.
730 2028 834 2096 Simili
859 2031 959 2096 modo
977 2031 1004 2097 si
1015 2031 1085 2112 ¹sub
1108 2030 1364 2115 enthymematis
1390 2031 1494 2095 torma
1517 2047 1637 2113 propo·

513 2148 624 2214 natur,
645 2139 842 2204 antecedens
861 2138 1059 2205 inductionis
1078 2146 1128 2204 est
1149 2156 1356 2222 consequens
1373 2136 1561 2202 communis
1579 2156 1639 2203 en·

434 2231 454 2329 l
512 2245 741 2334 thymematis‚
763 2247 852 2328 quod
872 2255 924 2312 est
941 2247 1156 2333 syllogismus
1179 2254 1366 2322 truncatus,
1388 2253 1420 2310 et
1439 2263 1636 2311 econverso
1732 2248 1733 2259 ’

446 2336 456 2365 ’
512 2371 720 2448 consequens
744 2353 942 2420 inductionis
960 2361 1011 2420 est
1028 2353 1225 2422 antecedens
1243 2353 1435 2419 communis
1462 2354 1639 2440 enthyme-
1732 2336 1734 2367 ³

512 2461 621 2529 matis.
1732 2524 1733 2535 ,

578 2567 673 2636 Unde
701 2576 786 2635 recte
816 2568 944 2652 scripsit
968 2568 1177 2635 Aristoteles:
1209 2568 1445 2650 Quodammodo
1472 2569 1660 2652 opponitur·
1732 2628 1733 2633 ,

511 2676 652 2742 inductio
677 2676 873 2760 syllogismo:
901 2677 950 2742 lic
977 2677 1060 2742 enim
1081 2682 1141 2758 per
1166 2675 1301 2741 medium
1322 2676 1439 2758 motat
1466 2679 1638 2741 extremum

407 2810 413 2825 ·
511 2780 648 2872 (majus)
665 2783 871 2869 detertt'o(id
891 2792 958 2859 est,
979 2786 1021 2850 de
1040 2782 1190 2869 minori);
1206 2784 1264 2850 illu
1281 2801 1355 2850 vero
1367 2785 1566 2867 pertertium
1583 2782 1638 2872 (id
1732 2785 1733 2792 ’

512 2901 579 2969 est,
600 2910 656 2977 per
676 2892 785 2957 minus
811 2891 1018 2978 extremum)
1034 2893 1149 2975 modat
1166 2896 1339 2957 extremum
1356 2889 1502 2981 (majus)
1518 2894 1558 2957 de
1575 2912 1640 2958 nu-

510 2999 565 3065 dio
582 2996 645 3087 (r).
667 2999 705 3066 Et
722 3018 773 3067 res
793 3009 882 3083 patet
900 3002 933 3066 in
952 3000 1094 3066 adducto
1111 3017 1215 3085 nuper
1232 3000 1386 3083 exemplo

580 3106 654 3173 ideo
668 3108 765 3173 etiam
787 3106 860 3191 alibi
880 3107 991 3175 docuit
1009 3106 1231 3173 inductionem
1247 3107 1334 3172 viam
1348 3126 1422 3173 esse
1444 3107 1485 3173 ad
1503 3107 1639 3193 syllogi-

515 3231 639 3291 smum,
661 3233 783 3298 perque
802 3216 891 3282 illam
911 3214 1066 3300 principia
1084 3215 1181 3298 hujus
1202 3215 1327 3299 colligi,
1344 3223 1381 3279 ut
1393 3216 1545 3298 superius
1565 3217 1636 3300 jam

514 3331 757 3391 optaveramus.
798 3324 848 3389 Ex
876 3322 1062 3408 quibusdam
1086 3324 1178 3387 redies
1201 3326 1274 3389 ente
1303 3323 1434 3405 cognitis
1456 3322 1560 3388 omnis
1580 3324 1640 3388 do·

513 3431 616 3496 ctrina
631 3426 682 3518 (2)
691 3429 846 3512 procedit,
859 3433 899 3495 ut
907 3434 939 3495 et
950 3431 985 3494 in
999 3429 1180 3512 Anumticis
1193 3427 1206 3518 (
1209 3426 1245 3518 3)
1258 3430 1453 3495 decedamus:
1468 3430 1546 3496 Ata
1555 3431 1640 3496 enim

513 3538 707 3615 inductione,
724 3538 791 3603 alia
808 3538 984 3620 syllogismo
999 3540 1209 3619 comparatur.
1230 3537 1334 3622 Atque
1358 3537 1500 3604 inductio
1514 3538 1641 3623 quidem

508 3645 703 3729 principium
727 3649 775 3711 est
795 3650 827 3711 et
848 3645 1020 3711 credulitas
1044 3645 1253 3727 universatim
1279 3645 1480 3729 syllogismus
1503 3664 1578 3711 vero
1600 3666 1642 3711 ex

434 3780 443 3797 ·
515 3752 744 3821 universalibus
767 3756 900 3819 constet.
923 3754 1011 3820 Sunt
1032 3770 1102 3837 ergo
1124 3752 1283 3836 principia
1308 3753 1435 3837 almus,
1463 3756 1641 3837 exquibus

514 3860 716 3939 constituitur
732 3861 945 3944 syllogismus,
964 3878 1097 3945 quorum
1110 3878 1174 3926 non
1190 3864 1236 3925 est
1247 3860 1454 3944 syllogismus.
1473 3861 1530 3927 Est
1544 3860 1642 3945 igitm

467 3988 469 3996 ’
516 3986 623 4036 comm
641 3967 781 4033 inductio
803 3964 867 4056 (4).

551 4206 591 4268 (ι)
628 4200 719 4259 Arist.
735 4198 827 4257 Prior
839 4199 1032 4272 Analytieor,
1048 4198 1100 4257 lib.
1115 4218 1143 4269 2,
1158 4184 1222 4272 cap]
1237 4219 1270 4272 ²3
1286 4199 1378 4273 (apud
1391 4198 1489 4259 Mauri
1501 4220 1566 4273 cop.
1582 4204 1642 4273 29).

550 4291 592 4364 (a)
629 4289 691 4349 etr.
707 4290 744 4349 de
760 4290 816 4347 hoc
834 4288 956 4348 Aristot.
979 4288 1031 4358 lib,
1054 4310 1064 4347 r
1085 4291 1198 4348 Foster.
1219 4290 1411 4365 essecelyticor.¹
1433 4311 1495 4363 esp.
1521 4290 1642 4351 linitio.

516 4381 583 4441 Vid.
602 4382 632 4440 iu
647 4380 891 4439 eumdemlocum
905 4378 938 4437 S.
954 4379 1059 4437 Thom.
1075 4393 1106 4438 et
1118 4379 1192 4438 alios
1206 4378 1406 4439 commentat.

552 4476 593 4541 (3)
630 4473 743 4529 Poster.
759 4471 944 4543 analyticum,
959 4469 1009 4528 lib.
1029 4491 1052 4526 1.
1067 4490 1132 4541 cap.
1152 4490 1175 4526 r.

552 4565 592 4630 (4)
630 4560 695 4619 Lib.
710 4560 728 4617 6
743 4559 871 4617 Etbicor.
888 4561 926 4617 ud
944 4559 1169 4622 Nicomachum,
1185 4579 1248 4630 esp.
1267 4580 1293 4631 3.
1316 4558 1393 4619 Vide
1407 4559 1447 4618 ib.
1470 4558 1503 4617 S.
1519 4559 1644 4628 Thom.,

519 4652 650 4726 Elbicor.
671 4650 721 4708 lib.
742 4648 777 4719 6,
799 4649 864 4707 loct.
884 4670 910 4717 3.
933 4647 996 4705 etr.
1015 4647 1106 4706 Arist.
1126 4649 1178 4706 lib.
1202 4656 1239 4705 1.‘
1260 4648 1644 4721 Poster.‚cap.18,etib.
1732 4673 1734 4676 ·

448 4808 453 4815 .
519 4740 552 4798 S.
568 4739 673 4798 Thom.
695 4738 759 4797 leet.
776 4757 825 4811 3⁰3
839 4738 931 4796 Arist.
948 4736 998 4796 lib.
1012 4757 1028 4794 a
1043 4737 1170 4807 Foster„
1182 4758 1245 4810 cap.
1261 4738 1314 4797 ult.
1331 4752 1362 4798 et
1373 4737 1413 4797 ib.
1430 4736 1463 4799 S.
1478 4738 1586 4799 Thom.
