3492 5525
458 485 575 545 Anno.
600 494 659 543 2³¹³
681 478 730 543 Da
752 476 928 541 Or'ruroue
1103 523 1106 532 .
1154 478 1212 559 465
1284 524 1293 540 .
1315 457 1318 461 ⁴

128 674 183 733 tas
205 666 361 749 supponit
379 664 584 733 intrinsecam
601 664 664 729 boc
684 680 799 737 sensu,
812 669 857 727 ut
877 662 987 728 nullus
1004 662 1127 727 Doctor
1144 680 1254 727 veram
1309 673 1429 753 extrinseca

130 774 357 839 auctoritatem
381 772 498 838 habeat
524 771 707 859 fundetque
732 769 994 853 probabilitatem
1023 770 1253 844 extrinsecam,
1299 742 1443 858 'i'ffljfc'ffi

131 880 194 947 nisi
208 881 387 965 generatim
400 878 588 951 ¹sententias
602 879 836 962 amplectatur,
856 876 1012 961 gravibus
1027 878 1119 946 nixas
1141 876 1257 944 lunda·
1310 894 1429 938 aurionn-

131 989 254 1055 mentis
281 988 468 1073 objectivis;
500 986 588 1053 unde
606 986 638 1050 in
664 1000 697 1050 re
718 984 833 1068 quavis
859 985 1024 1070 proposita
1044 985 1197 1070 praesumi
1221 1004 1257 1049 ac

130 1095 222 1162 credi
247 1096 349 1179 possit
375 1093 466 1165 illurn
487 1094 598 1161 solidis
616 1093 688 1160 duci
707 1092 850 1162 motivis.
865 1104 867 1111 ’
880 1095 955 1159 Non
974 1112 1051 1160 vero
1080 1093 1258 1160 extrinseca

132 1202 342 1287 probabilitas
374 1202 532 1286 supponit
551 1202 768 1267 intrinsecam
800 1218 840 1265 eo
867 1218 985 1278 sensu,
1017 1210 1054 1267 ut
1086 1219 1280 1297 nunquam!

130 1310 257 1395 possim
277 1310 426 1394 amplecti
436 1310 649 1397 sententiam,
671 1328 770 1392 quarn
790 1317 926 1374 tuentur
940 1326 1058 1393 graves
1066 1308 1157 1385 -DD.,
1177 1308 1256 1391 quin

131 1417 214 1485 milri
233 1430 411 1503 compertae
434 1418 499 1484 sint
518 1426 551 1483 et
570 1418 748 1501 probentur
767 1414 939 1484 intrinsece
958 1416 1113 1495 rationes,
1139 1416 1260 1500 quibus

129 1525 179 1591 illi
197 1546 290 1592 suam
310 1526 478 1594 stabiliunt
498 1526 692 1591 doctrinam.
710 1524 812 1591 Secus
832 1526 921 1591 enim
941 1524 1078 1591 rudibus
1093 1536 1180 1591 esset
1199 1524 1271 1589 im-·

131 1634 288 1719 possibile
298 1634 332 1701 in
346 1634 457 1704 multis
468 1630 611 1699 materiis
623 1634 722 1697 ullam
734 1634 911 1716 prudenter
925 1634 1038 1700 sectari
1054 1633 1258 1718 opinionem,

129 1760 211 1808 cum
231 1741 370 1827 impares
389 1760 522 1824 prorsus
546 1741 611 1809 sint
635 1740 872 1825 investigandis
897 1741 1184 1826 intelligendisque
1211 1759 1262 1805 ra-

130 1848 279 1916 tionibus
298 1848 479 1918 intrinsecis
497 1858 596 1932 atque
614 1848 795 1932 objectivis.

204 1956 361 2023 Dividitur
383 1956 481 2022 etiam
501 1954 709 2041 probabilitas
733 1956 765 2022 in
787 1956 962 2024 absolutam
974 1960 1006 2021 et
1021 1957 1185 2023 relativam
1203 1963 1261 2022 seu
1304 1973 1449 2021 Probabiliraa

130 2065 392 2147 comparativam:
428 2065 518 2131 unde
553 2063 666 2147 opinio
704 2064 848 2131 redditur
877 2065 1016 2130 absolute
1050 2066 1101 2129 vel
1132 2064 1261 2131 relative
1323 2046 1444 2164 ‘fflffi

132 2172 321 2259 probabilis.
343 2172 463 2256 Opinio
477 2172 529 2238 est
543 2173 691 2243 absolute
706 2170 882 2256 probabilis
896 2171 923 2237 si
938 2173 1139 2239 absolute-ac
1154 2172 1265 2237 solita·

133 2282 184 2348 rio
201 2274 403 2353 considerata
418 2272 677 2363 probabilitatem
694 2278 803 2345 ltabet:
822 2280 954 2345 relative
969 2289 1098 2356 autern,
1118 2281 1147 2347 si
1164 2281 1262 2346 etiarn

67 2376 70 2379 ¹
132 2397 280 2473 spectata
294 2387 452 2453 contraria
471 2387 624 2472 opinione
641 2406 737 2458 suam
758 2386 875 2453 retinet
886 2387 1075 2454 firmitatem
1090 2408 1127 2453 ac
1147 2389 1263 2472 proba·

133 2498 292 2564 bilitatem
312 2493 376 2583 (r).
393 2495 570 2561 Sciendum
591 2513 735 2577 namque
755 2503 823 2572 est,
844 2496 935 2577 quod

204 2610 315 2688 Major
340 2608 513 2689 opinionis
540 2608 685 2686 alicujus
716 2608 939 2685 probabilitas
969 2626 1040 2670 non
1068 2610 1264 2673 necessario
1341 2620 1412 2679 maror

132 2717 283 2780 destruit
300 2716 490 2790 minorem,
511 2720 609 2795 atque
635 2710 716 2776 adeo
743 2709 810 2777 dari
837 2710 1010 2794 opiniones
1036 2712 1169 2781 relat-ive
1188 2732 1263 2797 pro·
1318 2695 1438 2812 ffiJJJss'

133 2817 271 2886 habiles.
284 2819 321 2884 Et
331 2819 412 2885 ratio
424 2827 490 2894 est,
507 2817 584 2902 quia
600 2828 636 2884 ut
651 2821 755 2906 major
771 2820 1043 2902 uniusopinionis
1055 2822 1264 2904 probabilitas

134 2947 180 2993 eo
197 2927 268 3011 ipso
283 2927 430 3004 redderet
444 2925 694 3011 improbabilem
709 2928 903 2996 contrariam
915 2929 1125 3004 sententiam,
1138 2941 1265 3013 oporte·

134 3045 199 3110 ret,
216 3045 252 3100 ut
266 3035 406 3100 rationes
422 3035 570 3101 fortiores
583 3033 669 3099 illius
683 3032 751 3100 vim
768 3035 974 3103 destruerent
989 3045 1263 3120 argumentorum

132 3143 280 3210 alterius.
309 3143 408 3225 Atqui
427 3142 460 3208 id
480 3162 545 3208 non
565 3153 696 3226 semper
724 3161 760 3208 ac
784 3143 966 3210 necessario
992 3145 1115 3210 evenit.
1136 3145 1264 3230 Ergo...

205 3259 316 3336 Major
337 3259 438 3337 patet.
465 3249 551 3326 Quia
580 3251 640 3320 nisi
666 3252 809 3318 rationes
838 3252 948 3317 minus
976 3254 1077 3318 fortes
1105 3254 1268 3319 elidantur

135 3360 340 3436 tortioribus,
362 3377 460 3425 suum
480 3360 621 3427 retinent
641 3359 739 3424 robur
757 3379 795 3425 ac
814 3359 1091 3444 probabilitatem.

208 3473 335 3534 Minor.
356 3465 441 3542 Qria
462 3485 527 3534 non
554 3485 687 3550 semper
712 3466 854 3546 rationes
880 3468 979 3533 unius
1004 3467 1167 3553 opinionis
1189 3479 1267 3535 sunt

136 3574 397 3642 contradictoriae
424 3585 481 3641 aut
508 3575 677 3640 contrariae
705 3575 886 3641 rationibus
912 3575 1061 3650 alterius,
1091 3577 1149 3641 sed
1180 3595 1267 3660 saepe

136 3682 326 3766 disparatae,
354 3693 452 3765 atque
473 3701 514 3752 err
533 3681 670 3748 diversis
694 3683 855 3766 capitibus
876 3684 995 3767 petitae.
1014 3683 1106 3749 Tunc
1122 3702 1201 3768 ergo
1219 3702 1269 3748 ra·

136 3793 247 3857 tiones
266 3791 329 3856 illae
357 3808 392 3856 se
420 3789 542 3857 habent
571 3789 673 3856 instar
690 3790 893 3857 diversorum
915 3793 1080 3868 colorum,
1110 3776 1167 3874 qui
1195 3791 1270 3856 licet

134 3897 264 3966 varient
282 3897 315 3963 in
332 3895 536 3974 intensitate‚
555 3917 620 3964 non
636 3897 792 3965 desinunt
811 3917 886 3964 esse
904 3897 1061 3964 visibiles.

207 4004 431 4080 Quinetiam,
453 4005 604 4088 quamvis
632 4005 703 4071 aliae
731 4006 801 4072 aliis
827 4005 1009 4072 rationibus
1033 4007 1193 4074 contrarie
1213 4015 1271 4073 aut

135 4113 387 4181 contradictorie
406 4121 634 4198 opponantur,
653 4113 724 4179 fieri
741 4122 852 4197 potest
875 4122 913 4179 ut
938 4133 1005 4180 non
1022 4115 1180 4181 armentar
1197 4133 1270 4181 sese

176 4331 219 4400 (r)
254 4328 312 4386 mii
322 4341 431 4398 tamen,
448 4325 635 4410 pptissirnum
646 4326 831 4396 recentiores,
840 4347 904 4385 rem
913 4327 997 4388 aliter
1007 4329 1163 4400 explicant,
1174 4327 1270 4388 illam·

135 4439 200 4494 que
214 4433 317 4478 vocant
331 4418 493 4476 absolutam
516 4416 768 4488 probabilitatem,
791 4437 870 4488 quae,
894 4431 1022 4488 spectata
1037 4433 1141 4476 natura
1165 4419 1272 4478 mentis

136 4513 339 4580 humanaeque
358 4495 529 4577 voluntatis,
550 4506 609 4564 vim
631 4507 718 4564 habet
739 4508 928 4579 permovendi
949 4509 1027 4566 hune
1049 4510 1095 4566 vel
1116 4510 1198 4586 illum
1220 4531 1274 4583 pro

137 4599 280 4676 peculiari
294 4601 357 4670 ejus
371 4596 489 4670 ingenio
503 4611 532 4654 et
545 4595 762 4655 conditionibus
777 4598 990 4669 personalibus.
1004 4597 1078 4656 Vide
1094 4599 1127 4656 P.
1145 4597 1227 4672 Gury
1242 4601 1273 4657 iu

137 4712 198 4751 sua
214 4689 326 4748 Morari
340 4689 518 4762 Tmotogia,
533 4697 566 4745 et*
578 4686 637 4746 ΡΡ.
658 4687 818 4764 Tongiorgi
833 4704 863 4747 et
878 4687 1015 4746 Palmieri
1029 4687 1061 4747 iu
1078 4689 1204 4763 Lopica,
1222 4691 1273 4748 ubi
1312 4698 1315 4703 '

135 4783 176 4840 cle
194 4779 249 4838 hec
265 4777 385 4839 materia
397 4777 560 4849 disputant.
1060 4783 1080 4806 ’·
1271 4779 1276 4786 ’
1382 4763 1392 4784 '

1106 4843 1245 4960 ‚30
