3492 5525
305 452 427 516 Anrrc.
450 465 512 535 γε*
532 449 805 514 Psorosrrrouns
824 458 1050 511 ‘exponrsrtns
1141 462 1198 527 273

920 550 1240 567 m

188 627 310 708 Tertr'o,
342 650 417 717 quae
447 632 557 699 solum
585 629 723 697 verbum
750 630 801 696 vel
819 629 972 712 copulam
1006 635 1105 712 negat
1127 646 1160 693 v.
1187 643 1237 711 ge

119 734 254 803 Tantum
270 739 357 805 Deus
378 759 442 807 non
466 743 515 805 εει
530 740 588 805 'ens
612 741 768 819 creatam
786 738 881 821 cujus
895 734 973 801 'haec
1000 734 1051 809 vis
1069 744 1131 801 est:
1153 735 1241 803 Deus
1345 802 1347 807 ,

114 850 243 909 nonest
258 864 313 911 ens
330 850 486 923 creonam,
506 846 677 931 etreliqua
694 845 800 911 omnia
816 844 901 915 entia
913 847 991 909 sunt
1004 845 1121 909 creater.

187 953 326 1033 Quarta,
342 973 417 1037 quae
433 966 531 1040 negat
545 963 617 1019 tum
633 952 767 1038 signum
782 951 998 1033 exclusionis,
1013 962 1087 1019 tum
1102 948 1240 1015 verbum

116 1075 177 1123 seu
196 1062 365 1144 copulam,
386 1070 436 1129 ut:
456 1060 530 1130 Non
544 1065 665 1128 tontum
678 1061 766 1127 tomo
785 1078 848 1125 non
870 1062 919 1125 εει
937 1058 1146 1135 insensibilis,
1166 1074 1241 1140 quae

117 1184 161 1231 ex
177 1170 348 1235 communi
367 1170 458 1255 vulgi
477 1167 639 1235 sententia
663 1168 738 1233 huic
767 1166 857 1233 atteri
877 1165 1113 1251 aequiparatur:
1143 1164 1242 1231 Homo

118 1291 184 1339 non
198 1276 463 1354 estimouibilis,
483 1278 539 1342 sed
554 1279 630 1342 sunt
644 1276 737 1341 etiam
754 1275 821 1341 alio
833 1278 951 1357 proter
964 1274 1081 1357 ipsum,
1097 1290 1166 1358 quae
1178 1290 1242 1373 noo
1286 1298 1290 1315 ·

117 1618 230 1673 quoque
240 1606 349 1673 praeter
362 1601 460 1675 ipsum
473 1600 580 1657 currit.
596 1597 689 1655 Nemo
702 1610 800 1657 autem
816 1617 880 1655 eam
900 1597 955 1655 hoc
969 1598 1055 1655 modu
1069 1595 1244 1669 interpreta-

118 1704 185 1747 tur:
212 1690 269 1748 Vel
288 1691 398 1747 Petrus
418 1710 475 1747 non
495 1690 606 1757 currit,
627 1688 675 1745 vel
692 1689 805 1760 oir'qut'd
819 1689 902 1746 aliud
916 1689 1006 1745 ctiam
1024 1696 1129 1763 praeter
1147 1690 1244 1761 ipsum

116 1781 224 1836 currit.
239 1778 273 1836 ld
286 1778 365 1850 quod
375 1776 506 1851 exemplo
519 1777 640 1837 ulterius
654 1776 860 1850 propositionis
868 1775 1022 1835 simillimae
1032 1776 1144 1847 liquido
1155 1789 1243 1849 patet.

117 1868 197 1937 Quis
209 1868 288 1925 enim
303 1888 362 1926 non
380 1870 497 1927 horreat
514 1868 617 1925 audire
638 1868 722 1925 hanc:
738 1868 805 1925 Non
819 1876 931 1925 tontum
948 1870 1028 1925 Deus
1042 1876 1086 1924 εει
1104 1868 1245 1935 mendox?

116 1955 212 2028 Atqui
225 1958 307 2017 nulla
318 1957 393 2016 foret
405 1957 542 2016 horroris
549 1977 652 2027 causa,
669 1958 694 2015 si
708 1977 741 2016 ea
755 1970 833 2015 esset
853 1956 1175 2028 interpretandaprout
1190 1978 1246 2029 pa·
1261 1972 1265 1981 ’

116 2048 199 2107 noni
210 2048 332 2106 alterius
345 2046 499 2107 sententie
511 2048 709 2117 contendunt,
731 2047 871 2105 nimirum
889 2047 949 2106 sic:
966 2047 1020 2105 Vel
1033 2050 1114 2105 Deus
1128 2066 1188 2105 non
1202 2058 1246 2105 εει

118 2138 262 2207 mendax,
278 2138 327 2197 νει
340 2138 447 2211 aliquis
462 2138 540 2195 olias
554 2147 598 2195 εει
611 2140 755 2195 mendox:
768 2137 830 2195 haec
843 2136 922 2195 enim
936 2136 1086 2195 verissima
1101 2152 1154 2195 est.
1169 2138 1247 2211 Ergo

118 2227 241 2301 signum
255 2242 316 2298 est¹
332 2227 541 2299 expositionem
551 2228 630 2285 illius
646 2226 854 2300 propositionis
872 2229 949 2285 hanc
963 2247 1026 2285 esse
1046 2248 1080 2284 cx
1101 2230 1248 2287 communi

118 2316 255 2375 omnium
270 2328 370 2389 captu:
381 2320 461 2375 Deus
476 2327 518 2375 εει
530 2318 668 2383 mendax,
679 2329 708 2374 et
719 2318 824 2390 aliquis
836 2319 916 2374 alius
927 2318 1011 2373 etiam
1024 2326 1127 2392 prater
1138 2320 1248 2391 ipsum,
1332 2360 1337 2371 .

119 2408 244 2477 ideoque
259 2407 470 2479 blasphemiam
484 2407 515 2464 in
528 2408 670 2478 ejusmodi
686 2407 889 2465 enuntiatione
902 2420 1070 2465 contentam
1085 2407 1249 2465 abominari

119 2496 185 2568 pias
200 2497 385 2555 audientium
399 2516 495 2555 auras.

177 2586 300 2647 Patroni
311 2605 381 2644 vero
394 2587 530 2645 secundae
544 2586 733 2658 expositionis
747 2586 877 2645 fatentur
890 2588 967 2646 uitro
977 2587 1187 2659 praecedentem
1201 2608 1250 2646 ex·

120 2787 186 2826 cam
201 2765 393 2825 nihilominus
415 2780 574 2826 correctam
591 2766 696 2826 volunt
713 2767 751 2824 ad
765 2766 859 2839 apices
881 2766 986 2842 rigoris
1010 2768 1104 2841 logici.
1123 2769 1161 2829 Et
1175 2769 1250 2828 ratio

121 2871 181 2926 est.
197 2857 268 2929 quia
282 2856 327 2914 hae
347 2855 413 2914 duae
426 2856 654 2929 propositiones:
678 2857 802 2914 Tantum
817 2857 925 2915 Petrus
940 2860 1048 2929 currit,
1066 2872 1095 2917 et
1108 2860 1174 2918 Non
1188 2868 1252 2918 ton-

120 2960 182 3007 tum
200 2948 309 3005 Petrus
321 2948 429 3014 currit,
443 2945 673 3005 contradictoriae
687 2946 839 3004 censendae
850 2962 921 3004 sunt
935 2969 969 3005 ex
980 2949 1108 3021 generali
1118 2948 1180 3020 lege
1191 2949 1250 3018 illa,

121 3037 203 3108 quud
223 3035 337 3108 quaevis
355 3035 530 3108 propositio,
546 3035 573 3093 si
596 3034 712 3108 negatio
726 3035 895 3108 praefigatur
915 3036 999 3095 initio
1013 3037 1154 3108 ejusdem,
1177 3057 1251 3097 con·

122 3126 250 3185 vertitur
262 3125 293 3182 in
307 3123 569 3189 contradictorium.
589 3125 681 3196 Atqui
696 3139 848 3197 nequeunt
861 3145 924 3184 esse
937 3125 1186 3198 contradictum,
1201 3128 1253 3186 in-

121 3217 248 3289 quiunt,
264 3216 288 3274 si
302 3228 465 3288 exponatur
479 3215 605 3272 secunda
619 3235 654 3273 eo
666 3216 769 3284 modo,
785 3236 871 3287 quem
887 3215 991 3274 docent
1004 3230 1138 3276 suctores
1152 3218 1253 3289 prims

122 3306 286 3367 sententiae.
301 3305 377 3364 Nam
391 3307 437 3363 lex
456 3305 747 3364 contradictoriarum
762 3319 807 3364 est
822 3307 897 3376 haec‚'
915 3327 974 3382 noan
998 3328 1083 3379 posse
1097 3321 1253 3380 utramque

124 3396 281 3456 falsificari.
306 3395 372 3466 jam
395 3416 473 3454 verae
495 3396 542 3453 hae
562 3396 789 3468 propositiones:
815 3397 940 3454 Tantum
964 3395 1071 3476 Petrus
1092 3400 1198 3469 currit,
1224 3411 1253 3456 ει

123 3490 193 3546 Non
217 3495 329 3545 tantum
343 3485 451 3544 Petrus
465 3488 571 3555 currit,
586 3498 711 3559 possunt
725 3488 811 3545 ambo
825 3487 907 3546 falsae
921 3507 993 3559 esse,
1013 3489 1039 3547 si
1053 3489 1114 3547 haee
1125 3488 1253 3547 secunda
1290 3473 1296 3486 ⁸
1322 3550 1326 3558 ,

122 3579 167 3636 sic
182 3589 354 3649 exponatur:
369 3578 476 3634 Petrus
489 3578 592 3645 currit,
607 3571 636 3634 et
648 3577 759 3650 alr'quid
779 3579 863 3636 atiud
878 3580 966 3636 ctiam
981 3581 1084 3636 currit:
1100 3578 1251 3648 nimirum,

125 3670 216 3727 Petro
227 3687 287 3725 non
299 3679 446 3738 sumente,
460 3667 554 3725 nmbae
567 3679 639 3725 sunt
655 3665 744 3724 fnlsae.
761 3667 939 3727 econverso
952 3669 1173 3728 contradictoria
1192 3668 1253 3726 hu-

123 3759 184 3831 jus:
202 3759 327 3816 Tantum
342 3757 451 3816 Petrus
464 3758 574 3826 currit,
589 3768 634 3815 est
647 3757 719 3816 haec:
740 3757 795 3815 Vel
813 3758 921 3817 Petrus
933 3761 1108 3829 noscenti,
1130 3760 1179 3817 vei
1188 3761 1253 3818 oli·
1288 3763 1291 3768 ’

123 3848 197 3922 quid
210 3847 295 3906 aliud
314 3849 406 3906 etiem
419 3848 525 3905 currit.
540 3846 619 3904 Huic
627 3866 698 3921 ergo
717 3846 892 3918 aequivulere
906 3848 1028 3908 dicenda
1048 3864 1094 3908 est
1111 3849 1170 3907 iliu:
1187 3850 1254 3908 Non

124 3947 241 3997 tontum
262 3935 372 3996 Petrus
396 3938 500 4007 currit,
525 3949 628 4009 utpote
645 3937 868 3996 contradictoria
891 3938 991 4012 hujus:
1010 3940 1134 3998 Tantum
1147 3940 1255 3998 Petrus

125 4030 238 4086 currit.

182 4115 300 4191 Negant
309 4129 408 4176 autern
419 4130 552 4175 auctores
566 4115 673 4188 prioris
688 4118 842 4177 sententiae
855 4117 930 4177 duas
944 4119 1030 4178 hasce
1044 4119 1256 4194 propositiones

124 4225 194 4268 csse
205 4205 453 4274 contradictorias,
476 4205 528 4264 sod
548 4205 647 4278 potius
660 4208 831 4278 contrarias,
853 4207 977 4280 ideoque
991 4209 1082 4282 legem
1100 4210 1190 4280 illam,
1209 4231 1256 4269 se-

124 4298 259 4358 cundum
274 4317 363 4370 quam
376 4295 489 4368 quaevis
501 4295 663 4368 propositio
672 4310 805 4356 mutatur
817 4296 849 4356 in
863 4298 1128 4370 contradictoriam,
1139 4299 1256 4372 praefixa

125 4387 272 4461 particula
287 4385 432 4461 negative,
452 4405 519 4457 quae
538 4398 630 4444 totam
657 4387 891 4446 enuntiationem
906 4387 1025 4458 afficiat,
1047 4401 1206 4461 utcumque
1225 4389 1256 4448 in

124 4475 193 4538 eliis
206 4477 324 4536 essibus
336 4475 481 4548 generalis
494 4475 541 4544 sit,
554 4475 675 4534 deficere
688 4477 720 4535 in
734 4477 898 4548 exclusivis,
915 4492 1000 4550 prout
1009 4479 1138 4538 ostendit
1151 4499 1256 4538 seusus

124 4566 296 4629 cummunis
313 4565 457 4636 omnium,
481 4564 533 4636 qui
547 4583 608 4637 prae
620 4566 713 4625 oculis
731 4567 885 4627 habendus
904 4569 1024 4628 omnino
1043 4582 1088 4628 est
1103 4568 1134 4629 in
1148 4569 1256 4641 praeci-

124 4657 246 4731 piendis
260 4655 370 4730 regulis
384 4653 497 4728 logicis,
511 4653 569 4713 nisi
581 4655 707 4715 velimus
723 4656 874 4730 vulgarem
889 4677 1051 4719 sermonem
1073 4660 1252 4732 perturbare.

125 4748 192 4809 cn.
206 4747 351 4817 Lomeda,
364 4744 500 4818 Arriano,
516 4744 613 4819 Mayr.
627 4746 769 4815 etCusil.‚
781 4747 813 4807 ll.
826 4746 889 4808 citt.
1250 4763 1253 4770 ’

1193 4849 1229 4922 18
