3492 5525
533 468 589 544 170
716 463 846 530 Locren
866 459 1118 526 Minore-Drso.
1143 473 1189 526 r.⁸
1209 461 1289 528 Cae.
1314 475 1384 546 μω

490 649 639 734 proxime
666 651 792 735 species
817 649 948 715 infimas
972 627 1183 726 constituunt=
1204 643 1381 737 (nimirum
1415 647 1609 716 differentias

489 755 655 844 infimas),
681 765 719 824 ut
745 755 909 824 rationale.
935 754 1062 822 Omnes
1084 766 1207 823 tamen·
1225 759 1480 842 complectetur,
1504 758 1531 823 si
1553 775 1610 822 ex·

425 902 429 920 =
489 863 645 950 punxeris
664 863 759 932 illud:
775 863 991 947 differentilru
1007 863 1107 946 specie
1123 859 1188 951 (r).

555 971 663 1039 'fertio
689 973 825 1038 demum
852 987 892 1036 ex
920 989 1054 1036 munere
1081 971 1246 1038 dividendi
1274 991 1392 1058 genera
1422 972 1454 1038 in
1484 971 1608 1057 species

489 1080 651 1165 subjectas
674 1079 826 1146 definitur
843 1078 1039 1156 differentia,
1062 1079 1099 1143 r'd
1114 1081 1198 1163 quod
1217 1083 1324 1162 suapte
1337 1083 1465 1157 natura,
1485 1099 1521 1146 ea
1538 1098 1609 1166 qun

487 1191 564 1253 sunl
591 1187 650 1254 sul
676 1189 780 1253 eodem
807 1205 931 1272 genere,
951 1189 1091 1269 separat,
1113 1189 1174 1252 hoc
1201 1195 1268 1265 est,
1297 1187 1370 1254 lacit
1397 1187 1609 1256 essentialiter

488 1293 573 1361 inter
590 1313 627 1361 se
649 1293 873 1361 discriminari.
1729 1363 1730 1368 ,

555 1401 637 1469 Hinc
659 1402 763 1478 vides,
783 1419 842 1467 cur
863 1397 1041 1468 differentia
1059 1410 1193 1468 vocetur
1211 1401 1420 1468 constitutiva
1436 1401 1553 1486 speciei
1574 1411 1609 1468 et

487 1510 623 1577 divisiva
649 1509 793 1595 generis,
823 1517 856 1574 et
883 1510 1051 1594 quomodo
1074 1529 1109 1575 se
1133 1510 1228 1575 habet
1252 1519 1399 1594 respectu
1422 1511 1602 1593 utriusque.
1729 1503 1730 1582 Ῠ

555 1617 612 1684 llis
624 1623 703 1700 puto
720 1615 797 1682 satis
813 1616 947 1702 intelligi
959 1634 1057 1700 posse
1075 1624 1221 1682 naturam
1237 1617 1334 1683 trium
1351 1617 1607 1701 predicabilium
1729 1601 1730 1614 ¹

487 1724 725 1805 essentialium3
739 1732 855 1790 cetera
866 1723 953 1790 enim
967 1742 1040 1807 que
1052 1724 1092 1789 de
1105 1724 1155 1790 his
1166 1724 1372 1809 disputantur
1390 1723 1430 1792 ad
1451 1725 1607 1810 Maiorem

488 1832 639 1918 logicam
658 1849 731 1898 esse
750 1831 944 1897 reservanda
962 1849 1149 1897 censemus.

295 1969 317 2013 u·
367 1982 390 2012 ω
406 1967 471 2022 num
531 1954 586 2022 47.
633 1939 757 2005 Verum
781 1939 846 2018 iam
868 1938 1006 2023 gradum
1030 1939 1071 2003 ad
1095 1939 1216 2022 reliqua
1238 1939 1304 2005 duo
1327 1939 1539 2022 predicabilia
1562 1941 1608 2005 fa·

485 2046 620 2113 ciamus.
642 2047 750 2130 Atque
768 2044 801 2112 in
820 2045 933 2129 primis
951 2045 1119 2127 Proprium
1137 2046 1170 2111 in
1189 2048 1247 2112 hac
1266 2047 1399 2112 materia
1419 2066 1484 2112 non
1505 2048 1607 2113 sumi·

485 2162 538 2219 tur
555 2172 613 2238 per
631 2152 869 2238 oppositionem
888 2153 930 2218 ad
947 2153 1201 2235 metaphorrtum,
1215 2155 1273 2220 sed
1285 2162 1381 2237 prout
1397 2154 1608 2240 distinguitur

484 2261 691 2328 amormuni.
719 2259 758 2326 Et
780 2260 1005 2344 quadrifariam
1034 2259 1130 2344 accipi
1153 2281 1195 2328 err
1217 2261 1394 2347 Porphyrio
1423 2269 1542 2345 potest:
1568 2259 1608 2350 α)

484 2389 542 2454 pro
560 2388 600 2435 eo
618 2369 706 2452 quod
724 2369 785 2435 soli
806 2368 898 2434 alicui
921 2367 1038 2452 speciei
1061 2368 1231 2457 convenit,
1258 2387 1323 2435 non
1348 2378 1459 2435 tamen
1479 2368 1548 2449 rotz}
1571 2379 1609 2434 ut

482 2496 546 2545 esse
563 2478 806 2544 matlnnatr‘cum
824 2486 880 2541 aut
897 2479 1107 2542 astronomum
1124 2477 1250 2560 proprie
1261 2475 1377 2542 accidit
1389 2477 1514 2542 homini
1533 2477 1605 2552 soli,

484 2587 542 2651 sed
561 2603 627 2651 non
643 2585 741 2650 omni·
762 2581 800 2672 β)
815 2601 873 2667 pro
892 2602 932 2649 eo
950 2583 1039 2665 quod
1058 2583 1115 2649 toti
1132 2583 1248 2667 speciei
1268 2583 1440 2666 convenit3
1462 2585 1521 2649 sed
1541 2603 1608 2649 non

483 2694 556 2777 soli·
573 2702 610 2758 ut
631 2693 767 2777 bipedem
785 2710 849 2763 esse
867 2690 1021 2756 convenit
1040 2691 1127 2757 omni
1146 2690 1287 2769 homini,
1308 2691 1368 2757 sed
1387 2709 1456 2756 non
1477 2691 1552 2757 soli:
1566 2691 1608 2784 γ)

482 2816 542 2887 pro
565 2820 605 2867 eo
632 2802 722 2884 quod
751 2801 905 2867 convenit
930 2800 991 2866 soti
1019 2809 1051 2864 et
1079 2800 1135 2864 toti
1165 2800 1257 2865 alicui
1287 2800 1422 2884 speciei,
1453 2800 1607 2865 sednon

483 2926 630 2994 semper3
651 2908 696 2974 sic
710 2908 833 2974 homini
848 2907 1005 2991 competit
1019 2908 1147 2990 loquela
1166 2906 1229 2983 uti,
1251 2908 1309 2973 sed
1325 2924 1391 2972 non
1407 2924 1552 2991 semper:
1575 2902 1609 2995 δ)

408 3045 417 3067 ·
485 3034 544 3101 pro
556 3036 597 3082 eo
614 3016 704 3100 quod
722 3015 876 3082 convenit
889 3014 952 3081 soli
964 3022 997 3080 et
1014 3016 1071 3080 tori
1082 3014 1199 3098 speciei
1224 3033 1260 3080 ac
1279 3033 1427 3099 semper,
1449 3025 1485 3080 ut
1500 3015 1606 3080 eidem

450 3130 456 3141 '
483 3123 608 3191 homini
626 3124 784 3207 competit
805 3123 955 3189 rin'br'lem
978 3140 1062 3189 esse.
1088 3121 1259 3206 Proprium
1284 3124 1345 3188 hoc
1364 3119 1483 3189 ultimo
1506 3141 1606 3190 sensu

483 3232 601 3298 dicitur
616 3231 844 3297 corruncani
870 3230 977 3314 specie
999 3226 1068 3317 (2),
1094 3231 1169 3313 quia
1188 3248 1283 3313 teque
1308 3237 1395 3312 patet
1414 3249 1451 3295 ac
1468 3230 1606 3313 species.

465 3359 468 3366 ’
484 3340 577 3408 Unde
592 3340 618 3405 si
633 3339 811 3423 propositio
825 3338 931 3421 aliqua
947 3336 1137 3403 conficiatur
1150 3336 1183 3402 in
1199 3338 1260 3403 hae
1275 3346 1390 3421 quarta
1404 3338 1606 3421 acceptione,

484 3448 640 3532 quoniam
672 3454 801 3513 tantum
824 3446 927 3512 ambit
954 3445 1182 3530 predicatum,
1211 3455 1373 3527 quantum
1407 3446 1605 3531 subjectum,

485 3564 594 3643 potest
612 3555 756 3622 converti
780 3553 958 3637 propositio
980 3553 1033 3617 illa
1051 3552 1107 3629 ita,
1128 3562 1165 3619 ut
1183 3552 1395 3636 praedicatum
1414 3562 1556 3619 transeat
1574 3554 1608 3618 in

484 3668 594 3732 locum
614 3661 751 3748 subjecti
770 3670 804 3727 et
817 3662 1002 3744 subiectum
1021 3660 1054 3725 in
1073 3660 1183 3726 locum
1208 3659 1369 3745 praedicati
1394 3678 1469 3725 cnm
1492 3660 1609 3725 eadem

484 3770 692 3839 extensione:
711 3790 745 3837 ν.
760 3789 796 3853 g.
811 3767 1227 3843 omnummoesrrin'titis.
1247 3767 1447 3835 convertitur
1465 3766 1498 3834 in
1510 3768 1607 3833 hanc:

488 3878 590 3947 Omne
605 3877 726 3943 risibile
739 3880 789 3942 est
802 3876 891 3941 bomo
907 3873 973 3961 (3).

553 3984 723 4071 Proprium
743 3984 854 4067 itaque
872 3984 905 4049 in
924 3990 1039 4067 quarta
1057 3984 1116 4048 hac
1130 3982 1318 4065 sumptione
1336 3990 1388 4049 est
1405 3982 1611 4049 strictissime

487 4103 640 4181 quartum
660 4092 874 4177 praedicabile.
895 4090 979 4155 Nam
995 4089 1162 4175 proprium
1182 4098 1277 4175 prout
1291 4099 1340 4156 est
1354 4100 1506 4175 quartum
1526 4110 1610 4174 prae-

521 4307 564 4380 (r)
598 4305 708 4366 Eadem
722 4318 768 4364 eet
780 4302 926 4364 oenoentie
940 4301 1029 4363 Card.
1046 4302 1070 4361 F
1070 4302 1194 4362 raneieei
1206 4302 1311 4363 'soleti
1326 4302 1378 4369 (ln
1391 4302 1558 4363 Commeat.
1573 4306 1615 4363 de

486 4398 674 4469 Differentr'c,
696 4416 797 4468 parag.
817 4395 999 4475 Qeoeslr'om
1017 4412 1069 4451 seu
1090 4394 1183 4451 dubie
1199 4394 1359 4467 qudem.)
1376 4393 1412 4454 P.
1430 4396 1501 4453 Ant.
1521 4394 1614 4453 Rubii
1729 4458 1730 4485 1

484 4488 611 4563 (logie.
626 4488 747 4555 Messe„
761 4487 806 4544 De
818 4485 974 4556 euroeae„
988 4498 1093 4555 quaest.
1109 4486 1149 4555 7),
1163 4496 1193 4540 ct
1207 4481 1617 4555 Conimbrie.(DeDr'ffererr·

487 4579 545 4647 tic,
559 4595 589 4649 q.
603 4596 635 4633 a.
650 4596 677 4633 a.
696 4581 733 4645 r),
748 4574 801 4648 qui
813 4595 878 4633 eam
892 4590 1077 4633 communem
1090 4572 1250 4644 appellant.
1729 4568 1730 4601 ¹

522 4671 565 4733 (a)
601 4664 664 4725 ctr.
679 4665 771 4725 Arist.
789 4686 813 4723 r.
831 4665 967 4739 Τυρίων.
986 4684 1012 4721 c.
1027 4682 1056 4735 4.

523 4761 565 4829 (ς)
587 4754 664 4814 Vade
671 4755 829 4815 Auctorem
837 4753 949 4827 Opusc.
961 4752 1064 4811 Totins
1070 4752 1178 4828 Logic.
1185 4751 1284 4813 Arist.
1293 4750 1494 4815 somnne
1508 4774 1566 4821 r,c.
1580 4776 1615 4827 7.
