3492 5525
533 483 593 567 346
726 479 849 547 Loorcr
869 482 1116 547 utnon-ursa.
1140 495 1183 567 3.·
1205 482 1284 548 Can.
1309 496 1378 567 ψ’

493 666 651 752 quidquid
669 664 712 733 sit
729 675 841 733 utrum
859 666 958 734 etiarn
985 666 1155 743 fundetur,
1175 666 1458 751 quemadmodum
1478 666 1615 751 quidam
1727 742 1728 767 χ

494 774 705 853 arbitrantur,
725 773 759 841 in
778 774 941 859 principiis
960 774 1037 840 Dici
1053 776 1092 839 dc
1110 775 1198 841 omni
1215 794 1251 840 ac
1270 776 1347 843 Dici
1362 777 1401 841 da
1418 776 1519 842 nulio.

537 880 591 946 2.⁰
638 881 823 968 syllogismi
849 881 1035 966 expositorii
1061 881 1177 948 confici
1211 892 1350 967 possunt
1384 882 1416 948 in
1444 883 1618 967 quibusvis
1728 915 1729 963 ι

493 988 624 1073 figuris,
638 990 791 1073 quamvis
801 992 883 1055 torte
898 988 1100 1073 frequentius
1113 990 1198 1055 frunt
1208 988 1240 1057 in
1255 991 1365 1068 tertia,
1379 991 1413 1056 in
1428 991 1617 1075 qua'termi·

493 1115 556 1163 nus
593 1098 722 1164 medius
753 1097 803 1163 bis
832 1096 1017 1182 subjicitur;
1053 1098 1221 1182 proprium
1254 1098 1341 1164 enim
1376 1111 1426 1166 est
1457 1097 1618 1166 individui
1729 1177 1730 1185 ἵ

494 1204 619 1290 subjici.

558 1311 592 1377 ln
611 1312 757 1380 secunda
774 1312 880 1398 figura
898 1321 1015 1398 praeter
1032 1324 1172 1398 quatuor
1199 1312 1318 1381 modos
1343 1332 1539 1382 communes
1559 1334 1619 1381 ne-

492 1408 608 1506 garive'
623 1421 871 1499 concludentes,
893 1420 1011 1487 habere
1034 1430 1142 1507 potest
1167 1420 1378 1508 syllogismus
1396 1421 1618 1508 expositorius

493 1536 635 1611 quatuor
652 1528 732 1596 alios
750 1527 982 1606 affirmativos,
1003 1548 1145 1615 quorum
1165 1529 1291 1616 primus
1312 1548 1354 1596 ex
1379 1537 1516 1615 utraque
1534 1550 1620 1616 prae-

493 1641 593 1707 missa
612 1638 802 1714 universali,
823 1638 905 1703 alter
923 1656 964 1703 ex
983 1645 1120 1721 utraque
1139 1638 1335 1722 particulari,
1356 1636 1470 1704 tertius
1488 1655 1530 1705 ex
1547 1638 1620 1703 Ma-

489 1747 553 1836 jori
586 1746 757 1813 universali
790 1753 824 1810 et
855 1743 973 1810 Minori
1005 1744 1203 1829 particulari,
1235 1754 1372 1829 quartus
1404 1748 1541 1813 demum
1574 1766 1618 1813 ex
1731 1784 1732 1801 .

494 1854 605 1941 Majori
626 1854 807 1939 particulari
826 1862 859 1919 et
878 1852 994 1919 Minori
1013 1852 1203 1931 universali,
1225 1852 1404 1940 legitimam
1424 1854 1519 1922 infert
1537 1872 1619 1921 con-

494 1963 694 2039 clusionem,
716 1969 753 2028 ut
772 1960 972 2045 experientia
991 1961 1124 2046 patebit.

538 2069 592 2158 3.⁰
640 2069 787 2153 Denique
805 2071 839 2135 in
853 2068 948 2134 tertia
961 2068 1067 2155 ligura
1082 2077 1191 2154 potest
1204 2071 1411 2147 concludere,
1426 2090 1492 2141 non
1507 2073 1619 2139 solum

494 2178 665 2265 negative,
685 2176 862 2245 sedetiam
889 2174 1099 2243 affirmative:
1121 2196 1323 2261 quamquam
1343 2197 1385 2244 ex
1403 2179 1501 2244 altera
1527 2191 1620 2261 parte
1733 2223 1734 2273 y

493 2286 527 2352 in
547 2289 607 2353 hac
625 2285 732 2370 figura
757 2302 823 2350 non
851 2291 960 2369 potest
985 2283 1104 2349 habere
1132 2283 1192 2350 nisi
1219 2286 1303 2351 duos
1322 2286 1456 2364 modos,
1479 2288 1619 2353 alterum

495 2394 551 2479 qui
580 2402 755 2476 utramque
779 2391 983 2477 praemissam
1017 2389 1263 2469 affirmativam,
1295 2394 1432 2459 alterum
1454 2395 1510 2477 qui
1539 2396 1623 2459 alte-

496 2514 617 2570 rutram
652 2500 836 2585 negativam
866 2498 1000 2575 habeat,
1036 2515 1112 2564 nam
1144 2508 1282 2584 utraque
1315 2509 1365 2567 est
1398 2501 1515 2585 positio
1551 2501 1623 2569 sin·
1734 2484 1735 2509 ¹

494 2610 628 2697 gularis.
1407 2602 1411 2611 ’

563 2720 656 2787 Ratio
686 2717 836 2786 omnium
870 2717 991 2802 petitur
1028 2736 1068 2784 ex
1100 2716 1251 2802 peculiari
1282 2719 1411 2786 termini
1446 2720 1624 2806 singularis

419 2841 424 2848 '
494 2829 697 2904 conditione,
732 2827 776 2893 ob
808 2846 908 2912 quam
942 2827 1027 2904 hac,
1057 2843 1131 2909 quae
1163 2824 1196 2890 in
1225 2827 1396 2892 communi
1426 2828 1624 2914 syllogismo

496 2945 605 3024 aperte
623 2953 699 3001 cum
726 2935 850 3000 ratione
873 2917 1075 3019 pugnarent,
1097 2941 1134 2998 ut
1151 2933 1219 3000 suis
1233 2935 1303 3019 jam
1322 2934 1403 3002 locis
1420 2934 1622 3004 declaratum
1652 2945 1657 2952 '

496 3052 563 3122 est,
583 3046 616 3110 in
636 3042 833 3127 expositorio
850 3040 920 3106 lieri
939 3040 1064 3125 absque
1083 3041 1151 3106 ullo
1169 3040 1381 3107 incommodo
1400 3053 1551 3127 possunt.

406 3193 456 3224 aa.
547 3150 620 3221 161.
667 3151 773 3218 Pauca
786 3168 875 3216 nunc
889 3149 930 3214 de
944 3148 1140 3235 syllogismo
1154 3167 1196 3215 ex
1210 3147 1352 3232 obliquis
1366 3150 1514 3244 terminis
1530 3171 1626 3218 com-

497 3262 622 3348 posito,
639 3259 694 3345 qui
711 3257 858 3326 nonnihil
874 3255 996 3344 negotii
1015 3256 1191 3339 aliquando
1210 3259 1366 3323 facessere
1385 3261 1483 3326 valet.
1498 3258 1625 3326 Dicitur

344 3335 419 3365 ⁰¹⁰¹*
498 3387 595 3454 porro
613 3367 826 3454 syllogismus
844 3384 887 3430 ex
905 3363 1047 3448 obliquis
1065 3364 1135 3440 ille,
1152 3365 1208 3447 qui
1226 3370 1355 3430 constat
1373 3365 1521 3432 terminis
1540 3367 1627 3434 obli-

498 3477 589 3560 quis,
610 3475 678 3541 sive
698 3493 738 3539 ex
758 3481 847 3558 parte
863 3471 979 3548 medii,
1000 3471 1069 3537 sive
1087 3489 1128 3536 ex
1147 3478 1237 3555 parte
1252 3479 1495 3539 extremorum:
1516 3475 1626 3559 qualis

498 3596 549 3652 est
578 3583 647 3648 hic:
681 3581 748 3665 Qui
769 3583 847 3646 sunt
868 3577 1006 3656 Christi,
1035 3597 1162 3644 carnem
1184 3596 1275 3644 suam
1298 3580 1529 3666 crucifixerunt
1550 3600 1626 3648 cum

497 3689 586 3756 vitiis
610 3693 642 3755 et
665 3687 922 3770 concupiscentiis
944 3685 1022 3752 suis.
1050 3686 1151 3770 Atqui
1174 3703 1226 3770 rgo
1243 3704 1315 3752 sum
1340 3685 1471 3753 Christi.
1497 3689 1624 3774 Ergo...

499 3797 577 3864 Vel:
598 3795 712 3862 Omnis
724 3798 859 3878 potestas
877 3798 924 3861 est
943 3813 963 3860 a
983 3794 1063 3859 Deo.
1078 3794 1143 3860 Sed
1162 3811 1294 3877 regnum
1316 3797 1364 3860 est
1377 3799 1524 3877 potestas.
1544 3798 1628 3881 Ergo

498 3923 627 3990 regnum
645 3908 727 3970 esta
745 3905 823 3969 Deo.
845 3901 922 3967 Vel:
944 3901 1089 3967 Christus
1102 3901 1260 3984 praecipit,
1285 3906 1323 3968 ut
1345 3901 1488 3970 inimicos
1511 3903 1628 3988 diliga-

499 4031 580 4078 mus.
596 4012 699 4097 Atqui
715 4011 875 4077 Antonius
893 4009 1094 4075 rstinimicus
1104 4027 1200 4074 nnus.
1218 4009 1295 4092 Ergo
1311 4009 1455 4076 Christus
1467 4013 1625 4094 precipit,

501 4126 540 4188 ut
555 4119 732 4188 Antonium
747 4119 876 4204 diligam
894 4125 957 4184 etc.

567 4228 671 4295 Facile
688 4239 740 4294 est
758 4228 790 4293 in
811 4226 973 4314 ejusmodi
992 4223 1190 4312 syllogismis
1213 4225 1291 4290 vitia
1309 4223 1469 4310 irrepere,
1490 4227 1627 4311 adquae

502 4337 685 4423 detegenda
703 4336 824 4401 dantur
841 4355 860 4400 a
880 4333 1005 4420 logicis
1026 4333 1147 4418 regulae
1166 4328 1229 4420 (1).
1250 4332 1324 4398 Non
1334 4340 1446 4400 tamen
1457 4334 1516 4400 erit
1530 4337 1628 4402 valde

503 4463 684 4532 operosum
704 4444 757 4509 illa
775 4461 908 4519 cavere,
930 4441 956 4508 si
976 4440 1215 4526 propositiones
1231 4458 1272 4506 ex
1288 4438 1433 4526 obliquis
1451 4441 1553 4530 logice
1576 4461 1630 4510 re—

537 4702 578 4764 (ι)
614 4694 692 4752 Vide
706 4692 784 4752 inter
797 4690 870 4749 aiios
885 4691 918 4748 P.
935 4691 1182 4758 Fonseca,1nstit.
1198 4690 1317 4748 dialect.
1333 4689 1383 4748 lib.
1396 4692 1425 4762 6,
1438 4711 1500 4764 cap.
1515 4713 1559 4764 303
1571 4693 1629 4753 To·

502 4785 737 4854 let.1rrtroduct.,
753 4781 819 4840 libr.
833 4800 862 4854 4,
878 4800 942 4852 cap.
961 4799 1002 4852 14.
