3492 5525
542 487 601 550 712
664 469 787 535 Locren
801 468 1030 543 Miror-tm.
1049 484 1119 545 av,
1135 425 1227 531 Dise.
1248 479 1288 529 1.·
1301 466 1377 529 Cau.
1396 480 1466 544 ψ

502 652 685 717 intellectus
714 651 858 734 procedit
884 652 917 716 in
945 650 1013 717 suis
1040 648 1292 734 cognitionibus.
1325 645 1623 722 Quemadmodum

428 836 433 845 ⁸
501 757 657 823 sensitiva
684 758 818 823 facultas
849 758 889 823 ad
923 766 1031 823 actum
1060 775 1157 822 suurn
1194 755 1318 841 indiget
1348 754 1624 820 determinatione

501 864 624 949 aliqua,
641 883 715 948 quae
733 866 773 931 ab
788 865 916 949 objecto
931 864 1115 949 proveniat,
1131 873 1164 929 et
1178 870 1311 928 vocatur
1323 862 1437 944 spectu
1449 861 1624 940 militie·

301 942 303 965 ³
385 1006 430 1049 ci..
501 973 545 1038 ita
563 974 660 1039 etiarn
679 973 856 1039 intellectui
879 992 939 1039 sua
961 991 1045 1057 opus
1069 980 1118 1037 est
1135 971 1232 1054 specie
1254 967 1459 1054 intelligibili,
1491 989 1557 1053 qua
1575 971 1625 1033 ie-

319 1093 378 1123 ’Μ
396 1077 452 1121 ³³¹²
501 1080 660 1147 cundetur
678 1099 715 1146 ac
741 1080 977 1148 determinetur
1004 1081 1171 1146 adactum
1190 1098 1288 1145 suum
1316 1077 1521 1161 ponendum.
1550 1077 1624 1141 lloc

502 1196 611 1253 tamen
639 1189 773 1256 interest
800 1188 884 1255 inter
909 1198 1081 1271 utramque
1103 1187 1261 1272 speciem,
1288 1186 1378 1268 quod
1400 1184 1564 1250 sensibilis
1579 1184 1625 1249 ab

501 1295 573 1379 ipso
588 1315 744 1381 corporeo
758 1297 887 1382 objecto
901 1298 1124 1381 imprimatur,
1140 1293 1348 1379 intelligibilis
1361 1301 1473 1357 autem
1488 1302 1625 1377 propter

502 1422 595 1469 suam
629 1414 662 1469 et
692 1402 877 1471 intellectus
906 1402 1209 1469 immaterialitatem
1240 1399 1383 1486 imprimi
1418 1401 1460 1464 ab
1490 1400 1623 1485 objecto

409 1510 410 1515 ’
504 1519 656 1595 nequeat.
677 1512 786 1595 ltaque
813 1512 853 1577 ad
882 1487 1115 1596 intelligibilem
1136 1508 1277 1594 speciem
1305 1508 1505 1593 gignendam
1529 1506 1625 1573 adest

502 1619 535 1683 in
550 1618 619 1702 ipsa
639 1618 783 1701 potentia
801 1619 996 1685 intellectiva
1015 1617 1116 1685 virtus
1134 1616 1284 1700 quaedam
1301 1616 1420 1690 activa,
1437 1634 1512 1699 quae
1531 1616 1625 1681 intel·

502 1728 598 1791 Iccius
623 1744 714 1809 agens
741 1726 989 1802 denominatur]
1019 1743 1176 1809 quaeque,
1201 1725 1241 1789 ad
1268 1722 1472 1809 presentiam
1492 1733 1624 1789 etcum

502 1852 662 1900 concursu
682 1834 919 1918 phantasmatis
937 1853 995 1899 seu
1020 1831 1310 1917 representationis
1328 1832 1368 1896 ab
1387 1831 1627 1915 imaginatione

502 1940 695 2017 efformatae,
717 1940 866 2024 producit
887 1942 1029 2025 speciem
1050 1930 1154 2015 illan'r,
1175 1942 1271 2025 cujus
1289 1958 1356 2023 ope,
1370 1939 1472 2004 virtus
1497 1938 1627 2003 intelle-

501 2058 575 2115 ctus
599 2049 805 2132 cognoscitiva
823 2048 1031 2132 (intellectam
1048 2048 1225 2131 possibilem
1247 2044 1380 2133 vocant)
1402 2046 1569 2130 objectum
1590 2046 1625 2111 in

502 2156 687 2242 cognitione
704 2174 862 2221 sensuum
884 2165 917 2221 et
940 2156 1116 2241 phantasiae
1136 2157 1284 2221 relucens
1302 2154 1510 2237 spiritualiter
1527 2155 1628 2221 intel-

502 2264 588 2350 ligit,
609 2284 645 2330 ac
665 2274 886 2348 representat.

568 2370 722 2457 Operatio
740 2372 922 2437 intellectus
938 2370 1080 2455 agentis,
1096 2390 1161 2453 qua
1175 2368 1299 2455 species
1318 2367 1529 2455 intelligibilis
1549 2389 1629 2454 pro-

501 2480 639 2554 ducitur,
659 2479 825 2544 abstractio
843 2479 1111 2562 vocitatur,·quia
1128 2477 1277 2543 videlicet
1295 2496 1352 2560 per
1369 2496 1441 2542 eam
1462 2497 1504 2543 ex
1520 2478 1629 2562 phan-

502 2595 640 2653 tasmate
667 2586 821 2651 materiali
851 2586 1046 2653 abstrahitur
1064 2585 1188 2669 species
1207 2584 1428 2649 immaterialis
1446 2603 1506 2650 seu
1532 2584 1629 2669 spiri-

501 2694 609 2760 tualis.
627 2694 714 2772 Qrin
726 2694 824 2759 etiam
839 2695 870 2759 in
882 2694 1041 2759 sententia
1057 2693 1197 2778 plurium
1209 2692 1480 2776 Philosophorum
1497 2694 1627 2777 species

502 2823 558 2886 per
577 2802 777 2868 intellectum
797 2810 948 2886 agentem
968 2803 1126 2868 abstracta
1140 2803 1248 2869 solum
1262 2809 1369 2884 potest
1382 2802 1499 2865 saltem
1516 2801 1627 2885 primo

503 2919 535 2975 et
562 2909 690 2984 directe,
709 2909 925 2974 determinare
955 2910 996 2974 ad
1021 2909 1240 2995 cognitionem
1275 2921 1398 2974 naturae
1430 2909 1628 2975 universalis

503 3017 572 3083 sine
592 3016 678 3082 notis
705 3016 994 3098 individuantibus;
1015 3025 1213 3100 quapropter
1230 3015 1410 3081 secundum
1431 3016 1494 3082 hos
1512 3027 1628 3082 aucto-

505 3143 555 3191 res
570 3125 629 3190 alia
648 3142 781 3208 quoque
796 3131 846 3189 est
865 3125 956 3199 ratio,
973 3143 1031 3189 cur
1043 3123 1187 3209 operatio
1201 3120 1383 3188 intellectus
1395 3124 1525 3207 agentis
1540 3141 1628 3190 nun·

503 3241 642 3317 cupetur
668 3231 847 3307 abstractio,
876 3231 1029 3297 nimirum
1050 3231 1126 3314 quia
1150 3251 1192 3296 ex
1218 3233 1444 3315 phantasmate
1465 3232 1626 3297 materiali

504 3339 620 3426 objecti
644 3337 800 3405 individui
821 3338 1016 3405 abstrahitur
1033 3337 1157 3423 species
1174 3337 1383 3422 intelligibilis
1401 3338 1541 3421 spoliata
1558 3359 1625 3405 non

504 3449 651 3514 soluma
680 3445 902 3511 materialitate
929 3446 1107 3522 entitativa,
1139 3446 1197 3511 sed
1224 3444 1322 3510 etiam
1352 3466 1371 3510 a
1399 3447 1627 3513 materialitate

447 3637 454 3648 ι
506 3554 768 3641 repraesentativa
788 3562 938 3620 notarum
958 3553 1218 3620 individualium.
1322 3551 1328 3560 '

299 3719 312 3749 ‚
350 3703 484 3749 mim„
573 3663 690 3730 Praeter
708 3664 791 3728 hanc
812 3661 1060 3728 abstractionem
1080 3680 1138 3727 seu
1162 3660 1407 3744 productionem
1430 3661 1554 3746 speciei
1580 3664 1628 3728 in·

364 3789 392 3856 ⁶⁶.
411 3789 432 3856 .'.
506 3769 692 3856 telligibilis‚
709 3788 783 3853 quae
803 3787 869 3834 non
889 3779 937 3834 est
956 3766 1112 3852 cognitio,
1129 3768 1223 3834 datur
1241 3767 1302 3832 alia
1317 3767 1491 3834 abstractio
1503 3788 1629 3854 cogno

363 3861 394 3890 ⁸⁸¹
410 3859 452 3888 ¹¹⁵²
507 3876 631 3954 scitiva,
651 3895 711 3943 seu
729 3875 871 3960 cognitio
886 3875 1062 3960 praecisiva,
1083 3893 1181 3959 quam
1207 3873 1326 3959 saepius
1349 3873 1383 3940 in
1402 3877 1627 3960 superioribus

508 3984 736 4061 meminimus,
756 4003 830 4069 quae
849 3984 936 4049 aliud
956 4002 1021 4050 non
1036 3992 1098 4060 est,
1114 4003 1213 4067 quarn
1229 3983 1372 4068 cognitio
1387 3998 1628 4066 repraesentans

508 4104 656 4159 naturam
678 4091 734 4169 rei,
752 4111 818 4158 non
838 4091 1080 4176 representatis
1096 4091 1182 4156 notis
1199 4088 1467 4156 individantibus.
1515 4146 1518 4149 ,

523 4261 526 4268 .
567 4201 636 4281 Jam
661 4200 843 4265 intellectus
867 4199 1018 4264 facultate
1046 4199 1178 4284 gaudet,
1207 4207 1244 4263 ut
1273 4207 1448 4281 postquam
1474 4206 1628 4265 naturam

506 4309 648 4391 aliquam
668 4307 793 4391 absque
812 4306 898 4374 notis
916 4305 1192 4372 individuantibus
1206 4303 1373 4390 cognovit,
1393 4305 1426 4370 in
1445 4323 1481 4371 se
1501 4308 1628 4382 redeat,

507 4424 544 4482 ut
562 4415 729 4500 proprium
750 4423 857 4481 actum
880 4414 1078 4498 consideret3
1108 4415 1224 4496 inqua
1249 4411 1423 4478 retlexione
1446 4421 1630 4496 comparare

507 4530 616 4608 potest
644 4531 791 4588 naturam
819 4521 865 4586 sic
891 4520 1055 4604 praecisive
1085 4520 1267 4606 cognitam,
1297 4538 1355 4585 seu
1383 4517 1416 4585 in
1439 4522 1631 4606 cognitione

507 4631 672 4716 praecisiva
688 4633 900 4705 relucentem,
921 4648 998 4695 curn
1018 4625 1203 4705 individuis,
1224 4637 1261 4694 ut
1279 4627 1387 4693 videat
1405 4647 1487 4694 num
1513 4630 1631 4696 inillis

508 4739 596 4814 insit,
612 4739 717 4821 deque
737 4735 858 4804 eisdem
879 4736 1041 4820 praedicari
1066 4736 1179 4820 possit.
1205 4736 1281 4803 Haec
1305 4754 1400 4819 porro
1423 4739 1631 4821 comparatio
