3492 5525
550 416 627 463 rrao
661 399 788 465 Loorcn
801 398 1049 477 Maron-Lm,
1067 413 1126 463 au·
1141 399 1229 462 Drsn.
1245 398 1290 462 6.·
1304 397 1385 461 Can.
1403 412 1473 461 aum

835 634 1030 704 Socvumun
1052 651 1296 703 ornicucrnrss.

550 815 629 884 344.
674 804 784 883 Obiic.
808 806 856 866 1.⁰
901 799 938 873 ln
954 807 1091 865 mactatu
1108 799 1148 863 de
1168 796 1438 871 Praedr'camentis,
1460 794 1519 879 qui
1537 796 1629 879 apud
1728 874 1729 877 Ἴ

506 923 623 972 omnes
641 917 768 973 veteres
791 924 907 973 cursus
927 906 1100 989 reperitur,
1124 905 1244 972 directe
1269 915 1304 971 et
1322 903 1500 970 formaliter
1516 904 1631 987 agitur

438 1084 444 1097 ,
504 1011 546 1077 de
565 1012 662 1079 rebus
680 1014 861 1079 secundum
880 1030 953 1079 esse
972 1014 1056 1081 reale
1074 1031 1111 1077 ac
1130 1012 1303 1097 physicum
1324 1012 1483 1096 ipsarum,
1504 1030 1629 1095 nempe

504 1122 545 1187 de
562 1121 751 1199 substaniae,
771 1123 960 1206 quantitate,
979 1122 1140 1205 qualitate,
1160 1120 1324 1197 relatione,
1345 1130 1409 1185 etc.

570 1236 675 1313 Resp.
703 1230 780 1295 dist.
802 1239 909 1295 antec.
936 1229 974 1295 Et
997 1230 1030 1295 in
1054 1230 1116 1295 hoc
1142 1236 1279 1295 tractatu
1304 1228 1421 1313 Logica
1447 1228 1568 1294 directe
1592 1238 1627 1294 et

503 1354 544 1403 ex
563 1338 694 1422 proprio
713 1337 862 1405 instituto
885 1337 1059 1423 investigat
1082 1345 1214 1404 naturas
1234 1354 1354 1411 rerum,
1377 1345 1571 1420 proutsunt
1591 1337 1626 1402 in

504 1438 630 1531 seipsis,
647 1464 733 1530 neg„
747 1445 926 1530 investigat
934 1444 1004 1511 ilias
1014 1444 1169 1511 inordine
1183 1445 1224 1510 ad
1237 1444 1510 1529 praedicationem,
1526 1455 1626 1528 prout

504 1569 623 1636 nempe
641 1554 836 1619 ordinabiies
863 1561 943 1619 sunt
968 1554 1153 1619 secundum
1178 1552 1415 1637 subjectionem
1444 1562 1478 1620 et
1508 1554 1626 1637 praedi-

502 1660 680 1737 cationem,
700 1680 787 1727 conc.
889 1700 895 1729 r

567 1768 605 1833 Et
623 1786 696 1853 neg.
714 1786 850 1852 conseq.

567 1874 665 1953 Sunt,
685 1876 742 1959 qui
760 1884 935 1941 tractatum
953 1877 993 1939 de
1012 1874 1265 1957 praedmmentis
1284 1875 1469 1942 nuliatenus
1484 1892 1555 1941 esse
1574 1877 1624 1941 io-

501 1980 628 2065 gicum,
656 1983 715 2048 sed
743 1981 1005 2068 metaphysicum
1029 1981 1241 2057 contendant,
1266 1993 1303 2048 ut
1327 1982 1437 2048 videre
1458 1993 1510 2049 est
1533 1984 1622 2066 apud

500 2088 652 2155 Toletum
672 2086 736 2177 (1),
759 2087 1043 2157 conimbricenses
1056 2086 1108 2178 (2)
1119 2097 1152 2153 et
1167 2089 1307 2155 Lossada
1320 2086 1385 2177 (3),
1403 2088 1623 2156 Nihilominus

500 2197 633 2262 concedi
652 2204 760 2282 potest
778 2199 847 2262 haec
869 2196 966 2263 etiam
987 2197 1028 2263 ad
1047 2196 1198 2281 Logicam
1218 2205 1382 2281 spectare,
1412 2216 1479 2263 non
1507 2204 1621 2263 tamen

500 2302 620 2369 directe
635 2324 671 2370 ac
692 2322 808 2388 perse,
830 2304 888 2369 sed
907 2304 939 2370 in
958 2306 1072 2370 ordine
1090 2305 1131 2370 ad
1151 2305 1393 2388 praedicationes
1408 2324 1445 2369 ac
1458 2306 1622 2371 secundas

500 2410 714 2488 intentiones,
735 2431 810 2495 quae
828 2430 932 2495 perse
950 2412 1111 2495 pertinent
1131 2411 1171 2476 ad
1186 2412 1348 2496 Logicam.
1371 2412 1422 2477 Ad
1442 2429 1510 2477 rem
1526 2412 1619 2479 Tole-

499 2529 566 2586 tus:
594 2520 696 2585 eiiaec
716 2520 826 2585 omnia
845 2519 1067 2604 metaphysica
1093 2530 1183 2587 sunt.
1204 2517 1341 2604 Logicus
1367 2528 1477 2586 autem
1497 2540 1538 2586 ex
1567 2523 1620 2587 his

498 2627 611 2692 decern
639 2626 761 2693 naturis
780 2627 893 2693 decem
923 2628 1040 2693 modos
1065 2627 1258 2711 praedicandi
1285 2627 1438 2704 desumit,
1464 2628 1620 2695 fundatos

498 2734 532 2800 in
551 2733 600 2800 his
618 2734 731 2800 decem
751 2734 858 2802 modis
877 2736 977 2813 entis,
999 2735 1039 2801 ad
1058 2754 1143 2820 quos
1161 2734 1270 2802 omnis
1285 2736 1404 2803 modus
1424 2737 1621 2820 praedicandi

499 2841 650 2928 pertinet,
672 2855 704 2909 et
720 2844 861 2926 reliquos
879 2843 1022 2909 desumit
1040 2845 1257 2912 secundarum
1272 2843 1491 2911 intentionum
1508 2863 1620 2929 respe-

497 2961 582 3017 ctus,
599 2951 641 3017 Ut
658 2950 940 3033 quemadmodum
955 2970 995 3017 ex
1013 2950 1200 3037 cognitione
1221 2951 1442 3039 metaphysica
1462 2953 1506 3018 rei
1522 2960 1621 3018 natu-

498 3077 566 3124 ram
593 3047 838 3144 cognoscimus,
868 3058 913 3124 ita
939 3077 981 3123 ex
1010 3057 1118 3124 modis
1145 3059 1196 3125 his
1214 3059 1408 3143 praedicandi
1427 3075 1460 3127 et
1478 3060 1549 3126 aliis
1567 3081 1621 3126 re-

497 3166 661 3250 spectibus
689 3166 907 3232 secundarum
935 3165 1168 3242 intentionum,
1200 3168 1307 3250 primo
1337 3185 1614 3252 unumquemque

498 3291 553 3358 per
582 3291 617 3340 se
634 3291 889 3358 cognoscamus,
919 3284 953 3339 et
970 3273 1045 3339 hinc
1065 3285 1177 3359 postea
1203 3275 1349 3360 singulas
1376 3275 1620 3359 propositiones

496 3389 529 3446 et
547 3382 745 3464 questiones
771 3385 1028 3464 consequamur,
1049 3402 1091 3447 an
1110 3382 1151 3450 sit
1170 3382 1318 3468 generis,
1339 3402 1380 3449 an
1401 3382 1443 3448 sir
1463 3383 1620 3449 differen-

495 3488 548 3554 tia
568 3500 600 3557 et
617 3489 740 3572 qualis,
769 3507 811 3554 an
831 3488 1005 3555 accidentis
1024 3490 1121 3575 hujus
1142 3491 1193 3558 vel
1217 3489 1365 3572 alterium
1392 3499 1425 3555 et
1448 3491 1620 3574 possimus

495 3597 676 3664 secundum
696 3596 784 3663 varia
803 3597 975 3682 praedicata
987 3596 1191 3683 cognitiones
1209 3605 1243 3664 et
1261 3598 1482 3683 cognoscendi
1498 3601 1620 3666 modos

494 3704 646 3780 definire,
674 3703 833 3782 dividere,
864 3705 1098 3790 argumentari.
1125 3704 1169 3772 At
1196 3724 1273 3776 uero
1297 3705 1385 3790 quia,
1407 3713 1444 3774 ut
1463 3708 1619 3793 superius

495 3812 578 3890 dixi,
599 3829 664 3879 non
690 3830 867 3897 possumus
890 3816 950 3879 hos
970 3815 1088 3880 modos
1109 3832 1323 3898 cognoscere,
1344 3815 1424 3898 quin
1443 3816 1551 3900 aliqua
1570 3821 1619 3883 ia-

494 3920 563 3987 ciiis
582 3927 614 3985 et
632 3922 768 3986 confusa
782 3920 825 3986 rei
845 3920 990 4005 cognitio
1008 3921 1271 4005 praemitteretur3
1295 3921 1419 4005 optima
1439 3923 1563 3990 ratione
1583 3941 1617 3991 et

494 4027 627 4095 consilio
657 4027 848 4094 Aristoteles
868 4047 919 4094 res
937 4027 1025 4112 ipsas
1052 4029 1233 4115 proposuit,
1255 4048 1321 4095 non
1339 4029 1423 4096 sicut
1442 4033 1620 4120 Metaphy-

493 4138 581 4203 sicus
602 4155 713 4202 earum
742 4135 909 4218 inquirens
938 4144 1103 4213 naturam,
1129 4137 1188 4202 sed
1211 4155 1420 4222 supponens,
1451 4147 1488 4205 ut
1507 4142 1619 4207 varios

495 4244 612 4310 modos
641 4242 834 4328 praedicandi
862 4252 896 4308 et
920 4241 1138 4329 cognoscendi
1163 4262 1262 4327 super
1289 4263 1342 4310 eas
1374 4263 1427 4312 res
1455 4246 1618 4315 fundatos

527 4519 569 4585 (1)
604 4512 731 4572 Dialect.
741 4511 772 4570 in
785 4529 906 4582 prooem.
923 4510 956 4567 in
968 4510 1019 4569 hh.
1034 4509 1272 4589 Cetegoriaram.

418 4642 420 4646 .
528 4607 569 4671 (a)
605 4601 637 4661 ln
649 4621 780 4674 prooem„
793 4602 827 4658 in
841 4601 892 4658 lib.
909 4601 1096 4677 Cetegorias.

527 4694 569 4768 (3)
605 4692 674 4753 Loc.
689 4711 778 4766 supra
791 4689 840 4752 cit.
857 4710 887 4750 n.
902 4691 930 4748 6.
