3492 5525
564 487 619 550 118
752 484 877 548 Loorca
898 483 1148 552 Minoa-orso.
1175 497 1216 546 1.·
1237 484 1319 546 Can.
1341 499 1412 546 aaa

519 671 750 756 propositionis
782 669 927 756 partibus
948 689 1070 737 nomen
1100 671 1220 738 tactum
1247 680 1298 737 est
1311 671 1541 748 terminorum,
1562 689 1637 756 quae

518 777 655 870 subjecti
671 798 705 845 ac
725 777 888 863 praedicati
901 779 1011 844 locum
1027 775 1126 843 inilia
1149 786 1276 846 tenent.

361 909 406 958 cur
419 911 450 957 ne
586 887 631 953 Ex
646 885 684 953 iis
704 894 791 972 patet
808 887 906 952 etiam
935 887 1015 952 ratio
1034 885 1259 970 appellationis
1285 884 1428 953 termini:
1451 885 1635 971 subjectum

341 985 469 1040 'ii‘¹¹⁰¹¹¹‘·
518 993 654 1061 enimet
674 994 884 1078 praedicatum
905 1013 947 1060 ex
958 993 1029 1078 ipsa
1044 995 1088 1060 rei
1112 1003 1226 1061 natura
1243 992 1497 1079 propositionem
1519 995 1637 1059 utrim-

517 1120 582 1185 que
597 1103 781 1178 terminant,
798 1113 970 1185 tamquam
989 1101 1066 1167 bina
1081 1110 1226 1167 extrema
1240 1101 1410 1168 communi
1424 1103 1551 1186 copulae
1565 1103 1636 1166 vin-

516 1210 590 1276 culo
618 1207 780 1295 colligata.
808 1209 930 1276 Deinde
959 1210 1144 1295 subjectum
1173 1221 1204 1274 et
1232 1208 1441 1291 praedicatum
1470 1208 1637 1275 terminant

516 1317 661 1404 analysin
682 1337 718 1384 ac
739 1319 972 1386 resolutionem
989 1316 1143 1384 ratiocinii
1158 1315 1310 1401 logicam.
1325 1317 1465 1392 Etenim,
1477 1317 1635 1400 quemad·

516 1425 652 1491 modum
669 1445 708 1492 ex
727 1424 765 1492 iis
781 1426 953 1492 elementis
967 1424 1176 1509 componitur
1194 1424 1390 1508 propositio,
1417 1437 1449 1492 et
1463 1445 1503 1489 ex
1516 1444 1635 1509 propo

514 1531 685 1600 sitionibus
710 1533 934 1599 ratiocinium:
962 1533 1005 1597 ita
1027 1530 1169 1598 vicissim
1199 1531 1403 1599 ratiocinium
1429 1531 1582 1597 dividitur
1600 1528 1632 1596 in

514 1639 767 1724 propositiones,
794 1643 844 1707 lrae
860 1625 983 1707 veroin
1003 1640 1189 1726 subjectum
1206 1651 1238 1706 et
1260 1640 1487 1723 praedicatum:
1502 1640 1535 1705 in
1559 1659 1633 1722 quae

512 1765 589 1814 cum
604 1759 799 1832 perventum
810 1749 905 1815 tuerit
916 1799 924 1824 ,
937 1747 1020 1814 sistit
1034 1748 1189 1832 Logicus,
1207 1746 1437 1814 Grammaticis
1446 1747 1633 1831 relinquens

511 1865 663 1932 ceteras,
680 1854 797 1938 siquae
814 1855 967 1921 faciendae
981 1854 1063 1932 sint,
1080 1855 1250 1922 ulteriores
1264 1856 1493 1921 resolutiones.

579 1961 661 2032 Quae
677 1981 752 2030 cum
765 1963 806 2030 ita
819 1961 897 2038 sint,
914 1965 987 2048 jure
1002 1962 1119 2029 merito
1130 1963 1329 2046 professores
1343 1963 1419 2028 artis
1429 1962 1554 2048 logicae,
1563 1964 1631 2048 jam

510 2067 586 2136 inde
599 2069 640 2136 ab
651 2069 840 2147 Aristotele,
853 2069 1029 2135 terminum
1042 2069 1238 2136 definierunt
1249 2088 1314 2134 non
1325 2089 1425 2135 omne
1435 2070 1484 2146 id,
1499 2071 1531 2135 in
1542 2073 1633 2155 quod

420 2196 422 2204 ·
511 2187 694 2262 utcumque
717 2179 888 2244 resolvitur
900 2177 1087 2262 propositio,
1103 2177 1162 2244 sed
1181 2177 1365 2262 subjectum
1379 2178 1631 2262 etpraedicatum

510 2281 690 2372 ipsius(r).
1732 2270 1733 2283 ’

576 2391 650 2458 Non
673 2411 726 2458 me
755 2393 832 2460 latet
851 2401 972 2458 contra
998 2393 1081 2457 nanc
1107 2391 1238 2457 termini
1263 2392 1514 2459 declarationem
1535 2412 1632 2477 posse

509 2500 668 2584 quasdam
683 2499 868 2568 subtiliores
878 2499 973 2566 tricas
987 2499 1121 2584 opponi.
1136 2499 1175 2565 lis
1190 2510 1303 2566 tamen
1318 2501 1436 2566 morari
1452 2519 1518 2566 non
1533 2502 1632 2569 debe-

509 2625 601 2685 mus,
617 2625 693 2674 cum
710 2607 888 2693 praesertim
901 2625 1010 2672 sermo
1025 2605 1067 2674 sit
1082 2605 1123 2671 de
1138 2606 1227 2672 vocis
1240 2607 1411 2693 cujusdam
1426 2609 1629 2692 acceptione,

508 2732 583 2799 quae
610 2715 651 2783 ab
680 2733 740 2782 usu
764 2711 975 2801 potissimum
1002 2715 1187 2799 sapientum
1215 2714 1396 2797 dependet,
1425 2734 1515 2800 quam
1536 2724 1632 2797 penes

507 2822 674 2889 arbitrium
706 2826 755 2889 est
769 2826 801 2889 et
811 2826 869 2911 jus
891 2825 925 2887 et
938 2840 1047 2887 norma
1070 2823 1228 2906 loquendi.
1258 2822 1339 2888 Huic
1368 2823 1549 2889 definitioni
1576 2826 1632 2889 alii

507 2930 584 2997 alias
597 2932 819 3007 substituunt,
832 2930 916 2997 inter
924 2948 1008 3013 quas
1022 2949 1058 2994 ea
1071 2948 1206 3013 quoque
1215 2930 1294 2995 satis
1301 2933 1491 2997 communis
1499 2942 1533 2997 et
1542 2933 1632 2997 bona

508 3036 652 3119 videtur,
679 3056 744 3123 qua
769 3038 930 3105 terminus
948 3036 1066 3103 dicitur
1087 3042 1258 3102 caranum
1266 3038 1490 3119 propositionis
1509 3040 1633 3120 sirapti-

505 3145 552 3211 cis
569 3142 633 3235 (a),
650 3154 706 3213 aut
724 3146 822 3213 etiam
841 3153 922 3229 pars
933 3164 974 3211 eac
985 3163 1048 3230 qaa
1066 3144 1445 3227 inanurtaiatecomponitur
1456 3148 1630 3229 propositio

505 3252 639 3337 nirrptex
661 3248 726 3341 (3).

556 3379 606 3429 ro.
649 3358 1632 3446 iamterminusdividiturprimoinsubjectumetpraedica-

337 3508 452 3559 ΜΝ,
506 3478 579 3537 turn
590 3520 597 3547 ,
608 3469 648 3536 de
659 3468 780 3554 quibus
794 3487 909 3554 supra:
925 3467 1043 3533 deinde
1053 3467 1085 3532 in
1097 3469 1273 3542 mentalem,
1283 3470 1413 3544 malem,
1423 3471 1628 3552 etscraptmn.

299 3582 409 3667 murra
419 3584 485 3629 mre
507 3576 657 3645 Mentaiis
671 3585 721 3643 est
732 3588 913 3661 conceptus
926 3576 1065 3651 mentis,
1081 3595 1123 3640 ex
1140 3593 1209 3658 quo
1222 3576 1399 3641 inmediate
1417 3579 1632 3660 componitur
1730 3563 1731 3600 ³

324 3662 457 3713 “m
501 3684 681 3773 judicium,
708 3701 766 3750 seu
786 3682 819 3749 in
843 3701 944 3767 quern
965 3684 1137 3749 resolvitur
1161 3684 1340 3767 propositio
1368 3684 1522 3749 mentalis
1541 3692 1632 3750 tam-

505 3811 607 3879 quam
624 3792 656 3859 in
672 3792 857 3877 subjectum
874 3802 907 3858 et
923 3792 1155 3876 praedicatumJ
1183 3802 1217 3856 et
1235 3802 1370 3856 vocatur
1383 3792 1481 3858 cuam
1494 3792 1631 3873 siraptex

503 3898 716 3984 apprehensio.
742 3896 916 3965 Tenninus
928 3898 1045 3973 oratis,
1062 3916 1105 3963 ex
1122 3916 1192 3980 quo
1218 3899 1395 3966 inmediate
1416 3900 1632 3983 componitur

504 4006 600 4075 oratis
611 4006 806 4093 propositio,
822 4008 1069 4091 appellaturque
1081 4006 1630 4091 wialan5etscriptus,exquo
1730 4033 1731 4060 r

503 4114 679 4183 inmediate
701 4113 862 4181 coniicitur
876 4112 995 4197 scripta
1006 4110 1199 4197 propositio.

570 4222 607 4288 Et
618 4220 808 4289 determino
817 4222 952 4307 quidem
962 4221 1084 4305 scripto
1094 4219 1172 4286 nihil
1182 4222 1519 4289 occurritdicendum:
1530 4242 1630 4291 men·
1729 4207 1730 4210 ¹

501 4332 574 4399 tatis
588 4338 699 4397 autem
715 4330 857 4397 etorslis
870 4330 1104 4395 accumtiorem
1124 4330 1291 4413 postulant
1304 4330 1547 4399 tractationem.
1729 4321 1730 4334 ’

535 4518 577 4583 μὶ
613 4508 677 4567 Ct'r.
694 4508 727 4565 Ρ.
742 4507 805 4565 let.
829 4506 957 4563 fonseea
975 4505 1048 4563 lasa.
1069 4505 1200 4563 Dr'alect.
1222 4506 1273 4564 tib.
1287 4508 1316 4566 6.
1329 4529 1356 4565 e.
1371 4530 1400 4579 oz
1414 4506 1505 4566 «hrt.
1527 4508 1628 4569 Tolet.
1729 4509 1730 4544 l

499 4599 644 4659 San-ut.
661 4598 712 4655 lit.
731 4616 741 4655 ι
759 4617 824 4667 cap.
844 4615 876 4653 to
888 4595 998 4667 aliique
1011 4598 1134 4667 passim.

535 4694 577 4757 tal
614 4686 743 4745 [made
756 4686 900 4743 sun-ur.
914 4684 1032 4757 dispe,
1043 4706 1069 4743 α
1088 4706 1113 4745 a.
1130 4706 1159 4743 n.
1177 4707 1203 4753 3.

535 4782 577 4843 (a)
614 4776 687 4835 itit.
702 4772 764 4833 (tr.
780 4774 813 4833 S.
829 4774 935 4832 Thous.
951 4776 1002 4833 lio.
1020 4796 1045 4836 a.
1061 4775 1225 4833 Parthen.
1239 4776 1304 4833 les.
1318 4778 1348 4840 6,
1362 4796 1480 4849 pnngr.
1490 4798 1518 4835 c.
