3492 5525
514 470 573 534 106
968 470 1095 535 Loorca

292 670 420 726 maean-
517 669 547 736 5.
593 651 664 731 Jam
686 653 714 719 si
735 641 782 733 de
800 652 971 720 inventore
994 651 1120 738 Logicae
1143 670 1288 739 quaeras,
1317 651 1518 717 credendum
1543 663 1593 718 est

311 752 395 788 '‘³¹⁰‘'
467 767 544 823 ante
558 759 687 838 omnia,
704 761 889 838 Adamum,
904 760 1035 844 generis
1047 760 1184 826 humani
1195 767 1459 844 protoparentem
1470 779 1508 836 ,a
1523 759 1592 824 Deo

466 866 565 934 simul
579 886 657 934 cum
679 869 749 936 aliis
763 869 906 937 scientiis
919 865 1069 954 logicam
1093 858 1228 951 quoque
1249 868 1389 933 infusam
1415 866 1589 952 accepisse.

466 972 550 1040 Cum
567 995 644 1041 vero
658 976 796 1042 decursu
812 976 970 1061 temporis
984 994 1067 1059 pene
1083 985 1152 1041 tota
1167 976 1284 1060 Logica
1302 974 1473 1040 artificialis
1489 975 1591 1058 perie-

466 1082 524 1158 rit,
541 1083 741 1166 pedetentim
761 1083 969 1150 instauranda
991 1083 1066 1165 fuit;
1084 1094 1116 1149 et
1133 1080 1286 1165 quamvis
1300 1093 1332 1148 et
1357 1081 1465 1149 Critici
1487 1090 1521 1150 ct
1535 1081 1590 1145 Hi-

409 1175 413 1182 ’
463 1189 591 1267 storici,
607 1190 657 1256 alii
682 1191 769 1268 aliis,
793 1193 937 1276 palmam
962 1189 1160 1256 inventionis
1183 1189 1377 1267 attribuant,
1403 1190 1455 1255 vel
1479 1189 1589 1274 potius

463 1295 547 1361 inter
560 1296 665 1363 varios
680 1299 895 1383 Philosophos
903 1298 1061 1376 dividant,
1073 1299 1278 1380 doceantque
1292 1305 1368 1363 ante
1378 1297 1587 1363 Aristotelem

463 1403 555 1487 plura
566 1406 606 1470 de
620 1424 653 1471 re
668 1407 772 1491 logica
787 1406 959 1472 tradidisse
976 1418 1135 1491 praecepta
1159 1405 1327 1472 Zenonem
1343 1405 1503 1480 Eleatem,
1527 1404 1588 1471 So-

460 1521 603 1589 cratem,
629 1514 798 1583 Platonem
826 1526 858 1581 et
885 1516 982 1595 alios3
1015 1524 1141 1586 tamen,
1160 1513 1352 1578 Aristoteles
1380 1511 1585 1578 Dialecticam

460 1619 587 1704 primus
598 1621 639 1686 ad
658 1619 887 1714 artisformam
908 1622 1073 1708 redegisse
1085 1621 1219 1703 dicitur3
1236 1631 1270 1686 et
1282 1621 1377 1686 novis
1390 1630 1477 1686 certe
1490 1621 1588 1704 parti-

459 1727 524 1794 bus
539 1727 765 1814 amplificavit,
782 1730 914 1814 perfecit
928 1740 1028 1814 atque
1042 1730 1086 1797 ita
1099 1728 1245 1795 numeris
1263 1728 1418 1794 omnibus
1431 1729 1584 1804 absolvit,

460 1843 496 1900 ut
510 1835 585 1920 jure
599 1837 716 1902 merito
731 1839 881 1922 princeps
894 1838 927 1903 in
942 1839 1002 1903 hac
1022 1820 1089 1903 arte
1104 1836 1234 1903 habitus
1249 1837 1357 1914 fuerit,
1374 1837 1478 1902 immo
1493 1845 1526 1900 et
1541 1837 1585 1901 ob

459 1959 531 2007 eam
555 1961 685 2010 causam
717 1945 869 2011 inventor
892 1944 1041 2031 ejusdem
1069 1965 1087 2009 a
1116 1943 1229 2010 multis
1256 1945 1317 2010 dici
1341 1943 1530 2031 meruerit(
1555 1943 1582 2029 ).

458 2050 567 2115 «Nam
592 2049 733 2117 inlibris
754 2046 1000 2118 Perile‘rmenus
1018 2053 1196 2129 elementa,
1218 2061 1366 2117 naturam
1388 2061 1420 2119 ct
1441 2050 1586 2135 proprie·

457 2164 540 2224 tates
555 2157 793 2226 Enuntiationis
816 2161 971 2244 explicat:
993 2160 1025 2226 in
1044 2158 1164 2242 Topicis
1177 2158 1392 2244 probabilium
1408 2169 1584 2244 argumem

332 2273 341 2290 ·
455 2272 566 2330 torum
581 2266 671 2332 locos
686 2277 742 2332 aut
760 2267 856 2333 sedes
869 2268 1002 2352 copiose
1017 2267 1129 2334 tradit:
1146 2268 1179 2333 in
1200 2267 1342 2333 Elemhis
1356 2266 1506 2332 omnium
1529 2285 1584 2333 so-

456 2373 659 2457 phismatum
684 2394 804 2459 genera
827 2375 980 2442 distincte
1003 2376 1144 2460 detegit:
1174 2375 1208 2440 in
1232 2374 1402 2457 Categoriir
1431 2376 1584 2440 notiones

455 2491 511 2548 aut
526 2482 614 2548 ideas
631 2501 737 2549 rerum
753 2484 922 2568 generales
940 2483 1080 2548 formare
1100 2483 1213 2557 docet,
1237 2483 1278 2546 ad
1296 2481 1520 2547 definiendum
1543 2501 1582 2546 ac

454 2587 667 2656 dividendum
682 2602 787 2676 aptas.
806 2593 908 2657 Multa
923 2590 1020 2655 etiam
1044 2579 1143 2674 sup'er
1157 2590 1347 2676 Definitionc
1365 2608 1401 2654 ac
1416 2588 1582 2656 Diuisione

454 2697 582 2764 disserit
597 2697 736 2783 sparsim
759 2700 790 2766 in
811 2697 1029 2781 Metaphysicis
1050 2697 1185 2783 aliisque
1210 2697 1309 2764 libris.
1326 2696 1374 2762 Ac
1393 2696 1529 2764 demum
1545 2697 1580 2762 in

452 2806 631 2888 Analyticis
645 2816 747 2872 artem
764 2807 1018 2893 syllogisticam,
1034 2807 1065 2872 in
1081 2825 1146 2889 qua
1161 2806 1327 2870 neminem
1344 2806 1577 2888 praelucentem

452 2913 566 2979 habuit
592 2912 656 3003 (2),
677 2935 696 2979 a
719 2914 943 2980 fundamentis
967 2913 1103 2990 excitat,
1129 2922 1162 2979 et
1185 2910 1267 2978 mira
1290 2912 1413 2998 ingenii
1428 2913 1579 2977 felicitate

450 3032 688 3088 consummat»
703 3019 767 3109 (3).
788 3023 904 3087 Postea
916 3040 994 3087 vero
1013 3042 1031 3087 a
1055 3019 1233 3107 Porphyrio
1256 3020 1365 3086 addita
1380 3029 1458 3086 sunt
1474 3020 1579 3102 Quin-

448 3146 507 3212 que
517 3128 737 3195 Praedr'calilia
748 3148 905 3214 magnam
916 3139 1042 3213 partem
1057 3148 1098 3193 ex
1111 3127 1294 3196 Au'stotelis
1304 3128 1452 3195 doctrina
1464 3146 1580 3193 excer-

450 3246 504 3320 pta
524 3232 593 3324 (ult
613 3256 650 3301 ac
664 3236 807 3321 denique
819 3238 923 3303 multo
937 3236 1042 3303 serius
1055 3257 1072 3300 a
1085 3234 1179 3301 Petro
1200 3229 1345 3319 Hispano
1360 3236 1521 3320 primum,
1538 3248 1578 3303 ut

449 3344 582 3426 quidam
599 3331 762 3421 scribunt,
777 3345 948 3435 Summum
960 3344 1101 3427 logicalcs
1111 3344 1314 3411 concinnatae
1327 3350 1406 3409 sunt
1420 3351 1520 3426 atque
1532 3343 1577 3407 ab

448 3450 517 3516 aliis
532 3451 770 3535 quaestionibus
784 3450 1019 3518 difficilioribus
1032 3460 1212 3537 segregatae
1223 3446 1289 3538 (5).

459 3596 462 3603 -
516 3559 650 3627 Caeterae
674 3578 751 3625 vero
767 3559 850 3625 circa
877 3569 1026 3626 naturam
1042 3557 1168 3643 Logicae
1180 3558 1412 3624 controversiae
1426 3556 1500 3623 alibi
1512 3576 1576 3641 op·

447 3667 620 3751 portunius
633 3668 871 3735 tractabuntur.
888 3668 999 3750 ltaque
1016 3667 1084 3752 jam
1099 3667 1139 3731 ad
1157 3666 1337 3743 Sumnmias
1355 3683 1414 3731 seu
1432 3664 1576 3748 Logr'cam

446 3772 602 3841 Minorem
619 3776 842 3842 accedendum
858 3785 922 3842 est.

481 3956 522 4019 (r)
558 3950 635 4011 Vide
648 3953 746 4027 ipsum
761 3952 851 4011 Arist.
868 3952 933 4011 Lib.
949 3972 966 4012 2
984 3951 1141 4009 Eicuclror.
1155 3969 1218 4022 cap.
1241 3949 1315 4019 ult.;
1329 3948 1363 4007 S.
1386 3948 1490 4008 isidor.
1513 3947 1576 4006 Hi-

445 4042 556 4115 spnlcn.
572 4042 623 4102 lib.
638 4062 653 4101 a
669 4042 806 4120 origin„
819 4041 856 4101 dc
869 4043 999 4100 Dialect.
1014 4061 1044 4100 n.
1063 4061 1088 4100 r.

480 4138 520 4197 (a)
556 4132 632 4190 Vide
646 4132 767 4193 Aristot.
785 4133 816 4190 in
829 4132 881 4193 lib.
894 4152 911 4188 a
927 4132 1082 4190 Eiencicor.
1097 4150 1161 4203 cop.
1178 4130 1231 4188 ult.

479 4225 521 4294 (3)
558 4220 697 4291 manda,
712 4224 765 4280 loc.
781 4222 831 4281 cit.
849 4234 933 4280 tract.
952 4242 982 4291 r,
997 4221 1108 4294 disput.
1126 4242 1155 4289 r,
1169 4242 1233 4293 cap.
1252 4241 1282 4289 r,
1298 4241 1329 4279 n.
1349 4239 1391 4293 14.

479 4315 521 4383 (4)
557 4311 621 4369 cfr.
635 4312 729 4369 Tolct.
745 4312 872 4371 Prooem.
888 4313 921 4369 irc
931 4312 1095 4387 Porphyrii
1102 4311 1240 4392 Quinque
1249 4311 1501 4383 Prodicubiiio...;
1512 4309 1575 4369 Co·

444 4399 617 4460 nimbricen.
631 4401 757 4469 Prooern.
773 4400 976 4460 Commentan
990 4402 1022 4458 in
1036 4401 1193 4477 Isagogem
1206 4400 1378 4474 Porphyrii.

478 4488 521 4561 (ς)
555 4489 625 4547 Vid.
647 4490 681 4548 Ρ.
707 4490 837 4550 Barthol.
870 4489 975 4549 Amici.
1004 4490 1037 4548 In
1064 4490 1237 4549 Universum
1261 4489 1388 4547 Aristar.
1416 4488 1573 4565 Lopicorn,

442 4593 527 4650 tract.
547 4588 592 4651 ιθ,
604 4600 637 4652 ¹q.
654 4600 681 4649 a,
696 4580 766 4639 dub.
786 4593 882 4651 r,art.
899 4601 909 4637 r
926 4594 956 4639 ct
969 4600 1004 4650 ²3
1018 4578 1163 4647 Lossada,
1178 4578 1233 4637 loc.
1248 4578 1297 4637 cic
1314 4592 1400 4637 tract.
1418 4600 1429 4636 r
1450 4577 1527 4650 disp.
1547 4600 1574 4649 r,

440 4690 503 4742 cap.
519 4692 543 4741 r,
558 4690 588 4729 n.
603 4669 945 4743 14300mptutenses,in
955 4671 1081 4729 Aristot.
1094 4670 1304 4740 Dialectr'ccm,
1316 4668 1457 4741 prooemio
1467 4670 1513 4729 De
1522 4690 1575 4730 iro-

440 4762 520 4821 rnine
535 4770 563 4819 et
576 4770 695 4821 auctore
709 4760 800 4837 liujus
811 4767 970 4821 tractatus.
