3492 5525
238 443 354 506 Arene.
371 453 433 506 alt·
447 441 499 505 An
512 443 678 506 assensus
694 458 891 506 rnrucrrrox.
908 459 958 509 srr
969 459 1117 507 procures.
1139 441 1200 525 809

120 627 198 701 lroc,
208 624 298 710 quod
305 643 421 692 eorum
431 623 560 691 termini
571 624 791 702 innotescunt,
806 633 843 692 ut
856 609 933 692 dicit
949 622 1237 713 Philosophus(1).
1292 696 1296 704 ,

119 733 209 800 Scito
228 733 315 800 enim
335 732 415 816 quid
433 735 529 799 lotum
547 741 580 799 et
597 733 676 817 quid
689 739 784 816 pars,
813 733 1021 820 cognoscitur
1038 733 1128 817 quod
1151 752 1240 800 omne

117 844 216 908 totum
232 843 282 906 est
296 844 399 928 majus
410 859 470 906 sua
484 841 638 924 parre...»
1071 901 1077 913 .

188 947 373 1025 «Quaedam
388 967 465 1015 vero
481 957 558 1017 sunt
572 946 770 1038 (principia),
787 967 929 1033 quorum
942 950 1071 1018 termini
1082 967 1148 1017 non
1161 960 1239 1018 sunt

117 1056 205 1142 apud
220 1074 336 1123 omnes
355 1057 441 1133 noti,
462 1075 604 1142 quaeque
628 1075 695 1123 non
715 1066 767 1124 est
786 1059 919 1124 necesse
937 1057 1055 1124 habere
1073 1058 1107 1124 in
1127 1065 1238 1124 mente

115 1163 314 1248 quemlibet,
342 1164 398 1249 qui
416 1163 514 1230 debet
531 1164 639 1232 doceri
658 1165 691 1230 in
709 1163 966 1233 demonstrativa
992 1165 1142 1242 scientia,
1162 1183 1238 1249 quae

111 1271 282 1355 posiliorras
295 1270 459 1354 dicuntur3
475 1279 508 1339 et
523 1273 710 1359 hujusmodi
725 1271 956 1357 principiorum
969 1273 1126 1359 cognitio,
1144 1273 1239 1340 ratio-

115 1398 158 1444 ne
177 1378 413 1464 complexionis
430 1378 658 1456 terminorum,
676 1377 856 1447 necessario
875 1379 973 1446 debet
989 1380 1060 1447 freri
1078 1399 1120 1448 ex
1138 1366 1238 1465 praee·¹

114 1485 247 1554 xistenti
265 1484 453 1572 cognitione
471 1487 741 1571 experimentali»
759 1483 823 1575 (a).

183 1593 340 1678 Equidem
360 1594 549 1662 crediderim
574 1592 805 1679 experientiam
826 1593 1041 1661 necessariam
1065 1596 1238 1661 dumtaxat

115 1719 207 1778 esse,
237 1711 274 1769 ut
300 1702 430 1768 termini
462 1702 523 1788 ipsi
551 1701 749 1768 sufficienter
785 1711 1044 1787 penetrarentur.
1075 1701 1236 1770 Terminis

116 1819 228 1877 autem
256 1807 454 1876 sufficienter
483 1809 675 1894 penetratis,
705 1809 812 1895 ipsum
833 1811 979 1876 naturale
1005 1811 1117 1876 lumen
1147 1810 1237 1878 facile

113 1918 317 1984 intellectum
350 1916 459 2004 adiget
487 1917 528 1983 ad
559 1916 694 1983 firmiter
720 1917 964 1983 assentiendum
996 1916 1170 2002 principiis.
1199 1918 1237 1985 Et

114 2026 178 2090 hoc
206 2025 339 2091 tandem
371 2025 471 2092 modo
499 2025 644 2092 inductio
668 2026 930 2109 experimentalis
944 2027 1054 2112 juvat,
1075 2034 1108 2092 et
1136 2046 1235 2094 manu

113 2131 203 2200 ducit
222 2131 421 2200 intellectum
445 2133 477 2200 in
498 2151 670 2200 assensum
691 2133 937 2218 principiorum.
950 2134 1017 2200 Nec
1033 2134 1145 2209 video,
1158 2134 1236 2217 quid

113 2239 256 2325 amplius
272 2239 454 2325 requiratur
468 2240 500 2307 in
516 2238 792 2326 propositionibus
807 2240 1023 2318 immediatis,
1038 2242 1145 2325 qualia
1158 2250 1237 2308 sunt

112 2348 225 2412 omnia
243 2347 414 2434 principia,
435 2347 504 2415 sive
523 2347 589 2414 sint
614 2347 788 2433 dignitates
813 2348 882 2415 sive
902 2348 1099 2433 positiones,
1124 2350 1166 2415 ad
1183 2348 1237 2414 fir·

114 2455 300 2521 missimum
330 2475 501 2524 assensum
532 2465 648 2541 praeter
666 2456 883 2523 terminorum
912 2458 1030 2523 claram
1059 2458 1238 2542 perceptio-

113 2582 191 2628 nem
211 2563 522 2648 penetrationemve.

99 2723 101 2728 ,
180 2671 262 2748 Quae
282 2689 359 2738 vero
383 2673 418 2738 P.
444 2671 615 2738 Alamanni
641 2691 681 2738 ex
703 2670 876 2740 Aristotele
893 2651 946 2760 (¹3)
966 2681 1150 2750 mutuatur,
1175 2673 1236 2759 ipsi

114 2798 181 2846 non
200 2780 308 2846 lavent
324 2798 446 2847 revera.
467 2779 510 2845 lbi
529 2780 617 2845 enim
638 2780 871 2864 Philosophus,
893 2787 930 2844 ut
949 2780 1092 2847 vidimus
1109 2780 1142 2846 in
1161 2782 1237 2850 arti-

112 2889 188 2955 culo
207 2888 417 2972 praecedenti,
445 2896 561 2954 tractat
579 2889 759 2973 generatim
781 2888 918 2954 modurn
937 2887 1109 2974 colligendi
1129 2897 1163 2954 et
1180 2908 1238 2956 co·

112 2994 293 3079 gnoscendi
320 2994 489 3080 principia;
522 3002 556 3060 et
574 2994 663 3060 nulla
691 2996 773 3060 iacta
797 2993 1005 3061 distinctione
1033 2996 1234 3065 axiomatum

114 3102 372 3187 positionumve,
394 3102 566 3169 docetilla
585 3100 810 3187 experimento
829 3110 928 3185 atque
946 3102 1134 3170 inductione
1152 3102 1236 3171 indi-

112 3230 201 3296 gere.
221 3208 298 3287 Quo
317 3229 394 3297 ergo
408 3212 494 3296 jure,
516 3228 590 3295 quae
609 3210 788 3296 generatim
809 3230 827 3274 a
846 3210 1045 3295 Philosopho
1067 3212 1231 3291 dicuntur,

113 3319 154 3385 ad
171 3318 258 3385 solas
276 3317 455 3403 positiones
473 3318 748 3404 detorqueamus?

156 3432 259 3495 Dices
286 3442 334 3495 1.⁰
382 3426 466 3494 Cum
496 3426 707 3495 Alamannio:
728 3424 787 3493 «si
812 3427 1021 3505 universalia,
1050 3447 1090 3495 ex
1114 3428 1234 3514 quibus

114 3534 256 3618 procedit
269 3533 515 3611 demonstratio,
532 3535 685 3620 cognosci
698 3543 836 3620 possunt
849 3534 974 3622 absque
984 3536 1185 3615 inductione,
1201 3546 1235 3603 et
1287 3584 1292 3596 .

112 3655 351 3727 consequenter
369 3643 439 3709 sine
458 3642 674 3727 praeexistenti
689 3642 876 3728 cognitione
894 3644 1137 3729 experimentali
1159 3664 1235 3713 sen-

113 3751 224 3827 sitiva,
248 3751 318 3818 sine
336 3768 402 3835 qua
419 3768 510 3819 essse
529 3768 594 3818 non
615 3761 721 3836 potest
736 3751 898 3834 inductio,
915 3760 1122 3835 sequeretur,
1143 3757 1234 3838 quod

114 3866 227 3942 posset
245 3860 347 3924 homo
374 3859 517 3943 accipere
536 3858 702 3925 scientiam
731 3877 862 3936 eorum,
883 3842 1023 3943 quorum
1050 3862 1234 3929 nonhabet

113 3983 265 4048 sensum;
286 3968 377 4052 quod
395 3974 445 4033 est
463 3966 687 4051 impossibile»
707 3963 771 4053 (4).

179 4078 247 4142 Sed
272 4080 382 4142 facilis
405 4088 460 4142 est
481 4078 671 4158 responsio.
693 4073 837 4160 Negatur
854 4075 943 4141 enim
971 4075 1114 4159 sequela.
1136 4077 1233 4145 Aliud

115 4186 234 4266 nempe
260 4190 311 4249 est
335 4181 566 4265 experientiam
596 4182 810 4250 necessariam
839 4200 912 4251 esse
938 4182 980 4249 ad
1005 4184 1232 4269 cognoscenda

148 4475 188 4536 (ι)
228 4468 448 4549 ι.’,Ροεέεηὀν.,
461 4488 523 4541 cap.
540 4490 566 4539 3,
580 4480 648 4527 text.
666 4466 779 4527 Comm.
790 4468 818 4526 6.

148 4565 190 4627 (2)
226 4558 359 4618 Alaman.
374 4556 485 4618 Summ.
500 4558 623 4629 Pullos..
638 4557 736 4617 Prima
750 4570 838 4631 parc,
854 4572 956 4631 quaeat.
972 4579 1017 4629 ar,
1032 4573 1088 4619 art.
1102 4580 1130 4617 a.

148 4649 190 4720 (ς)
226 4660 267 4707 a.·
280 4648 330 4707 lib.
346 4649 515 4716 Posterior,
531 4666 594 4720 cap.
610 4646 723 4708 ultimo.

149 4743 189 4811 (4)
227 4738 268 4798 lta
283 4738 317 4797 P.
332 4736 503 4809 Alamanni,
518 4738 572 4798 ioc.
586 4737 635 4797 cit.
