3492 5525
580 447 640 528 426
694 445 820 511 Locren
834 445 1065 520 MxJoa—Lm.
1086 461 1155 523 ψ,
1170 446 1262 510 Drse.
1282 423 1324 512 r.·
1340 446 1419 510 Can.
1437 462 1509 511 ιω·

541 629 579 696 lis
597 640 648 697 est
665 651 703 696 ea
722 631 857 708 veritas,
877 649 953 714 quae
971 651 1046 698 cum
1061 631 1131 715 ipsa
1149 648 1258 698 rerum
1277 631 1418 699 essentia
1436 631 1664 700 contunditur.

492 777 497 788 ·
541 737 606 804 Sed
624 739 696 805 talis
715 747 765 805 est
783 739 902 805 veritas
919 739 1187 823 apprehensionis
1204 738 1371 824 simplicis.
1391 740 1518 825 Ergo...
1531 741 1572 806 Et
1589 759 1668 825 pro·

539 845 634 913 batur
648 846 765 913 Minor.
783 847 909 913 Etenim
924 847 1005 914 ratio
1015 847 1160 914 veritatis
1173 847 1206 913 in
1222 849 1326 934 prima
1341 848 1461 915 mentis
1474 849 1666 933 operatione

539 973 581 1020 ex
599 973 640 1020 eo
658 955 789 1041 petitur,
805 954 897 1038 quod
914 955 1056 1040 simplex
1068 955 1282 1040 apprehensio
1301 956 1343 1022 sit
1355 955 1567 1036 essentialiter
1581 955 1667 1022 ima-

538 1079 582 1150 go
601 1070 633 1127 et
660 1063 902 1146 repraesentatio
920 1064 1056 1149 alicujus
1074 1063 1204 1150 objecti;
1226 1063 1312 1130 unde
1337 1081 1413 1130 cum
1442 1062 1514 1149 ipso
1532 1065 1666 1132 contor-
1734 1110 1735 1115 ,

540 1170 620 1236 mari
640 1171 820 1238 necessario
839 1171 949 1238 debet.

605 1285 710 1362 Resp.
730 1295 805 1362 nego
829 1287 1009 1355 assertum,
1029 1287 1062 1343 et
1089 1277 1291 1363 probationis
1316 1278 1473 1363 distinguo
1490 1278 1661 1364 Maiorem.
1734 1348 1735 1351 ,

539 1385 665 1453 Veritas
683 1386 973 1454 transcendentalis
992 1396 1043 1453 est
1064 1385 1134 1472 ipsa
1157 1405 1267 1453 rerum
1292 1387 1448 1462 essentia,
1471 1395 1567 1471 prout
1584 1406 1667 1452 con-
1734 1382 1735 1385 ’

538 1493 650 1561 formis
662 1495 711 1560 vel
726 1492 969 1561 conformabilis
980 1492 1174 1571 intellectui,
1188 1513 1291 1573 conc„
1301 1495 1480 1579 aliter,neg.
1492 1495 1530 1562 Et
1540 1499 1662 1561 contra·

536 1603 610 1668 diri.
638 1601 754 1670 Minor.
790 1601 938 1669 Essentia
965 1601 1034 1686 ipsa
1063 1603 1220 1687 simplicis
1249 1601 1516 1688 apprehensionis
1551 1603 1663 1669 estin

537 1711 611 1788 hoc,
641 1710 732 1794 quod
752 1709 978 1778 conformetur
997 1710 1143 1797 objecto,
1164 1712 1255 1794 quod
1282 1711 1435 1795 exprimit
1452 1709 1503 1776 hic
1522 1722 1555 1778 et
1574 1728 1663 1776 nunc

537 1837 572 1884 ac
592 1824 817 1903 repraesentat,
849 1837 952 1894 conc„
973 1819 1114 1886 essentia
1132 1819 1233 1903 ipsius
1260 1827 1328 1895 est,
1356 1828 1393 1884 ut
1421 1818 1464 1886 sit
1481 1819 1664 1885 conformis

478 1913 482 1922 ’
536 1927 588 1993 vel
606 1925 849 1993 conformabilis
867 1926 1065 2002 intellectui,
1095 1945 1113 1990 a
1132 1944 1201 2010 quo
1218 1943 1277 2010 per
1293 1926 1394 1991 alium
1417 1933 1527 1992 actum
1547 1943 1664 2011 appre-

536 2034 633 2101 hendi
651 2035 684 2102 in
696 2030 810 2122 [seipsa
823 2041 949 2118 potest,
965 2033 1114 2109 subdist,
1130 2042 1163 2100 et
1181 2034 1244 2100 sub
1267 2034 1327 2099 bac
1341 2033 1598 2100 consideratione
1612 2045 1664 2100 est

435 2183 437 2192 ι
535 2142 654 2209 veritas
672 2142 981 2218 transcendentalis,
1002 2159 1106 2218 conc„
1119 2139 1240 2227 logica,
1252 2159 1339 2225 nego.
1352 2139 1477 2208 Veritas
1494 2151 1666 2208 transcen-

464 2345 465 2348 Ἴ
535 2249 673 2318 dentalis
691 2259 742 2316 est
761 2249 796 2315 in
815 2269 866 2327 re,
889 2260 922 2315 et
939 2249 1126 2316 desumitur
1144 2268 1201 2334 per
1219 2248 1367 2315 ordinem
1392 2244 1493 2334 ipsius
1511 2250 1553 2316 ad
1566 2249 1665 2317 intel·

535 2361 675 2436 lectum,
705 2377 723 2422 a
752 2375 819 2441 quo
838 2360 889 2423 vel
919 2375 1110 2423 mensuram
1139 2357 1236 2423 habet
1263 2375 1332 2423 suae
1360 2357 1582 2442 perfectionis,
1609 2361 1663 2424 vel

534 2465 687 2553 cognosci
710 2473 820 2550 potest
838 2464 1028 2550 cognitione
1046 2483 1139 2530 vera:
1160 2466 1249 2530 unde
1265 2463 1415 2532 consistit
1431 2465 1465 2530 in
1484 2465 1665 2550 conforma·

444 2636 446 2645 .
535 2575 616 2640 irone
633 2575 685 2639 vel
699 2573 984 2659 conformabiliiaie
995 2573 1045 2639 rei
1057 2591 1129 2638 cum
1147 2573 1315 2639 intellectu.
1331 2572 1528 2640 Econtrario
1542 2573 1663 2640 veritas
1734 2620 1735 2627 .

535 2682 639 2770 logica
657 2699 716 2748 seu
735 2679 882 2747 formalis
899 2689 950 2746 est
967 2680 1002 2745 in
1020 2679 1208 2766 cognitione,
1229 2689 1263 2746 et
1279 2681 1429 2748 consistit
1445 2679 1479 2747 in
1498 2685 1664 2765 conceptas

534 2791 747 2876 consonuitoie
764 2808 840 2857 cum
869 2807 916 2859 re.
937 2790 1030 2857 Unde
1050 2791 1083 2856 in
1102 2789 1239 2875 simplici
1262 2789 1520 2876 apprehensione
1538 2790 1663 2874 duplex

535 2900 671 2985 spectari
689 2907 798 2985 potest
813 2898 944 2967 veritas.
971 2898 1089 2964 Eadem
1109 2898 1197 2963 enim
1218 2898 1270 2963 illa
1286 2896 1528 2981 simplicissima
1541 2898 1662 2965 entitas

535 3008 687 3095 physica,
707 3025 782 3090 quae
801 3015 852 3073 est
879 3006 1028 3073 inchoata
1047 3004 1091 3071 rei
1117 3005 1248 3080 notitia,
1278 3022 1338 3089 pro
1355 3003 1486 3071 diverso
1502 3004 1660 3082 termino,

534 3133 610 3182 cum
629 3132 697 3199 quo
723 3122 830 3199 potest
859 3112 1060 3197 comparari,
1082 3097 1243 3178 diversam
1270 3110 1406 3181 sortitur
1423 3114 1611 3181 veritatem:
1632 3115 1662 3180 si

535 3221 756 3289 consideratur
785 3238 842 3305 per
860 3221 1140 3304 comparationem
1159 3219 1200 3287 ad
1218 3220 1405 3305 objectum,
1425 3238 1502 3287 cum
1522 3238 1590 3305 quo
1608 3222 1661 3287 hic

535 3342 568 3397 et
587 3348 675 3397 nunc
693 3329 899 3413 adaequatur,
915 3328 994 3394 illud
1009 3328 1152 3395 idealiter
1167 3328 1199 3394 in
1219 3346 1256 3395 se
1273 3328 1504 3412 exprimendo,
1524 3328 1661 3395 veritate

534 3447 668 3504 ornatur
685 3437 804 3523 logica3
826 3446 858 3501 et
878 3437 918 3502 de
938 3438 997 3502 hac
1016 3454 1077 3502 nos
1097 3436 1315 3520 loquebamur
1333 3435 1365 3501 in
1386 3444 1495 3503 nostra
1513 3435 1661 3522 proposi·
1734 3477 1735 3480 =

534 3544 636 3612 tione.
653 3544 686 3611 Si
707 3555 817 3612 autem
837 3554 1047 3629 comparatur
1064 3562 1141 3609 cum
1161 3544 1343 3621 intellectu,
1359 3554 1523 3627 quatenus
1537 3554 1589 3610 est
1607 3562 1659 3610 res

535 3654 686 3738 quaedam
697 3704 705 3732 ,
718 3672 793 3737 quae
807 3662 840 3717 et
856 3652 955 3719 habet
970 3652 1148 3719 essentiam
1161 3668 1256 3718 suam
1275 3650 1363 3738 typis
1375 3650 1558 3718 divinarum
1574 3652 1661 3719 idea-

535 3780 608 3829 rum
638 3761 911 3845 respondentem,
941 3769 974 3826 et
1002 3759 1258 3845 cognoscibilem
1285 3778 1364 3824 vera
1389 3758 1576 3845 cognitione
1602 3778 1661 3843 per

535 3870 677 3953 aliquem
697 3868 797 3934 alium
818 3876 927 3935 actum
947 3866 1129 3933 intellectus
1149 3865 1263 3948 nostri;
1279 3866 1449 3932 veritatem
1463 3866 1661 3933 habettran-

534 3977 789 4045 scendentalem.
811 3975 875 4041 lllae
902 3993 982 4060 ergo
1007 3976 1082 4042 duae
1104 3975 1273 4051 veritates,
1296 3974 1449 4057 quamvis
1471 3974 1505 4041 in
1532 3992 1599 4040 una
1626 3994 1659 4040 re

535 4086 670 4173 physica
689 4084 906 4169 reperiantur,
940 4102 1006 4150 non
1022 4072 1104 4149 'sunt
1129 4081 1162 4149 in
1190 4082 1258 4147 suis
1284 4080 1496 4167 conceptibus
1523 4083 1661 4148 conlun-

398 4252 410 4273 ,
535 4194 667 4267 dendae,
688 4200 804 4257 utoote
823 4210 864 4258 ex
884 4188 1104 4257 diversissima
1122 4187 1381 4257 consideratione
1398 4208 1435 4255 ac
1452 4190 1661 4257 conformita-

534 4300 577 4367 tis
595 4300 749 4367 relatione
767 4298 889 4385 petitae.

580 4413 657 4492 obj.
684 4414 734 4475 ⁶9
779 4404 843 4471 Sed
869 4404 906 4471 S.
935 4405 1081 4472 Thomas
1107 4424 1194 4490 saepe
1219 4406 1315 4471 docet
1340 4404 1509 4472 veritatem
1532 4408 1661 4489 proprie

536 4514 661 4583 esseio
676 4514 814 4601 judicio,
835 4512 983 4597 itemque
1002 4513 1034 4580 in
1054 4511 1192 4598 simplici
1212 4512 1470 4597 apprehensione
1489 4512 1659 4581 veritatem

536 4641 608 4689 esse
636 4624 718 4689 sicut
746 4622 781 4687 in
810 4624 948 4708 qarodom
976 4640 1022 4687 re.
1044 4622 1144 4706 Atqui
1172 4622 1242 4687 haec
1268 4620 1420 4689 videntur
1444 4640 1520 4688 cum
1550 4631 1660 4689 nostra

537 4730 683 4797 doctrina
702 4748 768 4797 non
788 4746 887 4816 posse
904 4728 1070 4813 componi.
