3492 5525
590 450 650 533 798
703 451 827 515 Loorcn
843 451 1076 527 Maron-Lm.
1093 469 1165 530 2.·¹·,
1183 454 1273 518 Drsn.
1291 467 1335 516 a·
1348 451 1427 516 Can.
1446 466 1517 534 ψ

548 637 592 704 lta
614 654 693 721 ergo
712 637 744 702 in
763 636 958 703 animalibus
977 637 1124 722 perlectis
1141 637 1237 703 datur
1254 637 1397 723 cognitio
1411 633 1585 711 sensitiva,
1604 651 1658 715 qua

548 743 718 826 praesentia
736 745 1043 829 apprehenduntur,
1077 753 1110 810 et
1132 746 1307 822 memoria,
1337 763 1404 828 qua
1432 744 1561 828 objecta
1589 741 1656 805 olim

550 861 699 935 percepta
713 849 831 918 iterum
851 861 1135 936 repraesentantur.
1707 928 1709 937 ,

339 985 529 1034 „mmm
614 961 657 1023 At
676 958 709 1024 in
725 958 876 1034 homine,
897 958 1026 1025 animali
1045 960 1209 1037 rationali,
1230 967 1281 1026 est
1297 959 1403 1025 adhuc
1425 957 1459 1022 in
1478 966 1570 1042 parte
1592 973 1657 1020 sen·
1707 950 1709 970 ²

337 1061 518 1158 “etflendo
543 1061 638 1128 sitiva
657 1065 717 1131 alia
735 1064 898 1152 cognitio,
916 1084 989 1149 quae
1009 1075 1143 1132 vocatur
1155 1066 1411 1148 experimentum,
1428 1081 1610 1148 exsurgens
1622 1079 1655 1125 ex
1707 1090 1708 1111 2

359 1142 492 1246 qfflfm
540 1171 727 1238 inductione
746 1182 779 1238 et
797 1174 969 1238 collatione
999 1173 1139 1257 plurium
1168 1172 1381 1258 singularium
1406 1171 1563 1238 similium
1595 1187 1654 1232 me·

541 1278 642 1344 moria
661 1288 879 1345 retentorum:
901 1279 975 1345 licet
997 1278 1086 1345 enim
1105 1280 1302 1365 experientia
1321 1281 1373 1345 vel
1396 1279 1651 1362 experimentum

538 1381 571 1450 in
590 1385 692 1453 latiori
711 1385 949 1472 signiticatione
967 1382 1029 1453 dici
1048 1389 1151 1454 soleat
1169 1387 1210 1453 de
1223 1404 1435 1471 quacumque
1451 1383 1651 1470 perceptione
1708 1386 1710 1449 l

537 1493 635 1560 unius
654 1494 841 1578 singularis,
867 1494 1055 1578 quomodo
1078 1495 1135 1578 qui
1158 1497 1263 1561 semel
1285 1513 1320 1560 se
1338 1492 1529 1567 inebriavit,
1552 1499 1650 1575 potest
1708 1470 1710 1497 ⁸

536 1598 596 1664 dici
614 1603 759 1682 expertus
778 1620 849 1668 esse
869 1601 985 1668 vinum
1004 1601 1178 1678 inebriare,
1207 1602 1335 1685 proprie
1350 1610 1461 1666 tamen
1491 1607 1524 1663 et
1551 1597 1650 1663 stricte

534 1724 576 1771 ex
593 1707 762 1773 communi
782 1708 944 1774 sententia
963 1717 1110 1774 veterum
1129 1708 1227 1792 accipi
1249 1710 1332 1774 solet
1360 1725 1421 1792 pro
1449 1703 1649 1790 perceptione

343 1843 501 1902 mmmm,
534 1813 676 1898 plurium
696 1815 925 1900 singularium.
945 1815 1001 1883 Est
1018 1817 1106 1881 enim
1126 1823 1217 1882 actus
1231 1813 1430 1900 cognitionis
1449 1813 1549 1879 simul
1569 1809 1648 1876 colli

321 1916 507 1970 “mimum-
530 1937 614 2004 gens
633 1922 724 2006 plura
744 1921 862 1990 similia
892 1923 992 1999 iacta,
1012 1941 1155 2006 quorum
1177 1930 1267 1988 extat
1290 1920 1465 1988 memoria.
1490 1918 1544 1985 Sic
1567 1925 1648 2002 post·

528 2045 629 2110 quarn
647 2027 718 2094 vidi
731 2030 810 2096 hanc
833 2030 959 2096 herbam
985 2047 1113 2096 curasse
1138 2029 1220 2095 bunc
1244 2029 1415 2104 bonrinem,
1436 2034 1517 2112 puta
1540 2025 1648 2090 Socra·

527 2143 613 2211 tem,
634 2146 667 2202 et
686 2135 775 2202 illum
792 2137 910 2214 alium,
933 2145 1010 2221 puta
1028 2137 1195 2224 lfflatonem
1216 2144 1280 2211 etc,
1298 2135 1335 2201 in
1351 2137 1479 2210 eom,
1494 2133 1527 2199 id
1545 2143 1607 2206 est,
1618 2129 1646 2192 in
1709 2146 1710 2217 j

524 2241 683 2308 simillimo
711 2245 831 2320 morbo,
863 2244 1020 2310 memoria
1039 2244 1182 2310 retinens
1202 2262 1317 2308 omnes
1336 2243 1407 2308 illos
1425 2259 1539 2317 casus,
1553 2239 1643 2305 simul

524 2347 681 2434 percipio,
716 2350 926 2417 considerans
954 2352 1061 2435 plures
1096 2349 1278 2416 individuas
1311 2349 1430 2415 herbas
1464 2347 1643 2413 simillimas

521 2453 657 2543 (nempe
676 2459 823 2543 ejusdem
843 2456 977 2546 speciei)
994 2476 1121 2525 curasse
1140 2459 1249 2542 plures
1273 2455 1462 2522 individuos
1479 2451 1641 2525 homines,

523 2564 636 2631 eadem
655 2563 847 2650 aegritudine
862 2566 1056 2631 laborantes.
1074 2565 1132 2631 ilic
1146 2577 1238 2631 actus
1253 2573 1302 2631 est
1321 2562 1467 2630 bominis
1481 2560 1639 2646 proprius,

317 2696 497 2755 experimenda
520 2679 553 2736 et
572 2672 709 2742 nabetur
727 2673 760 2740 in
780 2673 921 2738 interiori
938 2690 1054 2750 sensu,
1075 2671 1130 2756 qui
1150 2681 1283 2738 vocatur
1299 2669 1471 2754 cogitativa
1494 2668 1548 2734 vel
1565 2665 1641 2732 ratio

328 2770 485 2897 ggffffl
514 2779 721 2863 partr'cularr's
743 2776 805 2869 (r):
827 2790 861 2847 et
879 2782 1029 2847 diversus
1047 2790 1112 2857 est,
1140 2790 1177 2846 ut
1196 2787 1300 2863 patet,
1329 2799 1348 2843 a
1368 2778 1549 2853 memoria,
1570 2774 1639 2860 quia

318 2877 492 2967 arnrmm'r.
520 2887 606 2955 sicut
624 2906 664 2954 ex
683 2906 780 2954 sensu
798 2897 830 2954 et
849 2888 1089 2955 sensationibus
1118 2888 1309 2970 relinquitur
1332 2884 1512 2961 memoria,
1533 2885 1578 2949 ita
1603 2900 1640 2945 ex

345 2988 459 3089 ΨΜ
520 2994 666 3079 pluribus
692 2994 857 3061 memoriis
890 2995 1029 3061 invicem
1065 2993 1258 3078 comparatis
1291 2994 1394 3058 oritur
1427 2989 1635 3075 experientia.

416 3154 419 3159 .
519 3101 603 3168 Nam
623 3102 662 3168 ad
682 3103 865 3169 habendam
895 3102 1086 3168 memoriam
1113 3100 1235 3167 sufficit
1260 3100 1377 3167 unicus
1405 3109 1519 3175 actus,
1549 3098 1637 3182 cujus

519 3208 689 3293 impressio
709 3218 765 3275 aut
784 3209 907 3293 species
923 3210 1091 3293 perduret,
1106 3209 1147 3273 ad
1161 3208 1424 3293 experimentum
1441 3226 1524 3273 vero
1537 3203 1637 3288 requi·
1711 3199 1712 3218 ¹

518 3326 634 3383 runtur
654 3316 748 3385 multi
771 3325 863 3383 actus
887 3315 1043 3381 memoria
1066 3315 1197 3391 retenti,
1218 3314 1274 3398 qui
1294 3316 1322 3381 si
1341 3313 1483 3381 invicem
1507 3330 1637 3397 compa·

518 3432 646 3499 rentur,
667 3424 790 3490 similes
809 3422 1026 3489 inveniantur.
1047 3422 1084 3487 Et
1101 3421 1177 3505 quia
1195 3421 1322 3489 collatio
1340 3422 1411 3487 lraec
1432 3423 1488 3488 vel
1509 3438 1635 3503 compa

519 3531 600 3597 ratio
624 3530 753 3616 proprie
781 3546 846 3595 non
872 3529 910 3595 iit
941 3528 1001 3595 nisi
1026 3528 1067 3595 ab
1095 3530 1244 3605 homine,
1275 3528 1350 3594 ideo
1377 3528 1639 3613 experimentum

519 3638 686 3723 proprium
703 3647 752 3703 est
771 3636 869 3701 etiarn
890 3636 1049 3712 nominis,
1074 3634 1106 3700 in
1126 3654 1193 3719 quo
1212 3636 1281 3719 ipsa
1301 3653 1375 3720 pars
1392 3634 1556 3703 sensitiva
1575 3651 1639 3719 per·

517 3744 630 3811 lectior
649 3751 715 3820 est,
736 3762 835 3827 quarn
854 3743 888 3809 in
907 3742 975 3808 aliis
993 3742 1203 3819 animalibus,
1219 3750 1252 3806 et
1270 3742 1452 3824 quamdam
1472 3744 1637 3826 participat

515 3850 761 3919 similitudinem
796 3850 928 3917 rationis
957 3848 990 3914 in
1023 3850 1192 3926 facultate,
1226 3868 1326 3933 quam
1368 3859 1492 3915 vocant
1534 3848 1639 3933 cogite

516 3958 613 4026 tr'vam
630 3956 693 4048 (2).

373 4092 424 4140 non
582 4070 659 4134 Post
682 4065 943 4150 experimentum
967 4072 1076 4129 autem
1105 4061 1250 4129 succedit
1272 4063 1420 4146 operatio
1439 4062 1634 4135 intellectus,

311 4164 486 4247 “l‘f‘m‘m'l
515 4176 572 4259 qui
595 4174 753 4242 abstrahit
781 4190 799 4237 a
825 4170 1042 4257 singularibus
1071 4170 1227 4235 rationem
1257 4187 1474 4235 communem
1496 4170 1636 4237 similiter

297 4244 499 4353 “meamne
515 4292 676 4369 repertam
699 4280 733 4347 in
752 4279 901 4367 pluribus
918 4278 980 4343 illis
999 4275 1189 4355 individuis,
1210 4294 1353 4362 quorum
1372 4278 1634 4362 experimentum

546 4539 587 4603 (1)
623 4531 700 4589 Vide
716 4529 749 4589 S.
763 4528 881 4598 lnam,
895 4525 1037 4600 Metapa..
1052 4524 1102 4583 lib.
1122 4546 1144 4583 r.
1161 4523 1224 4585 leet
1244 4544 1267 4593 r,
1283 4545 1400 4599 paragr.
1422 4544 1451 4587 e.
1468 4526 1535 4587 Csr.
1551 4526 1635 4587 Suae.

508 4622 586 4697 disp.
603 4620 731 4695 Metapb.
754 4638 778 4689 r,
793 4636 850 4677 seo.
865 4617 894 4687 6,
907 4634 938 4675 n.
954 4633 998 4674 aa.

543 4712 586 4786 (a)
622 4710 666 4769 De
679 4708 727 4769 hia
740 4705 810 4768 alibi
823 4704 971 4781 agendum
984 4715 1037 4763 eat.
