3492 5525
300 513 419 579 Anrrc.
439 527 497 579 1.·¹·
511 512 714 577 Dascmento
728 532 948 580 racuurrrun
962 532 1153 579 coonoscn.
1193 510 1248 595 565

161 715 323 783 omnibus
342 718 484 797 externis
510 714 699 794 distinctus,
720 717 781 801 qui·
806 722 924 785 horum
944 720 977 785 in
1005 736 1042 785 se
1069 716 1200 803 colligat
1227 716 1291 781 irn-

160 822 369 905 pressiones,
402 833 502 908 atque
534 824 618 891 inter
649 825 720 891 illas
738 824 908 911 dijudicet,
942 834 977 891 et
1003 835 1174 910 propterea
1190 823 1289 889 etiam

161 950 289 997 nomen
317 932 451 1022 sortitur
468 950 577 999 sensres
593 931 764 999 communis
781 930 846 1021 (t),
866 942 939 1000 tum
959 933 1037 1017 quia
1058 941 1108 997 est
1130 930 1291 996 terminus

160 1040 355 1106 communis
387 1040 539 1107 omnium
569 1038 838 1106 immutationum
869 1048 1080 1107 externorum
1113 1055 1288 1113 sensuum,

161 1156 238 1212 tum
257 1147 332 1230 quia
351 1148 482 1223 exilio,
503 1158 675 1229 tamquam
695 1147 736 1213 ab
746 1166 811 1213 una
825 1148 995 1214 communi
1006 1146 1126 1222 radice,
1145 1145 1291 1231 procedit

163 1254 217 1319 vis
235 1254 412 1330 sentiendi,
433 1274 470 1321 ac
490 1274 547 1340 per
564 1252 711 1339 quinque
729 1274 852 1340 organa
864 1254 1057 1322 diffunditur
1074 1252 1145 1341 (2),
1166 1261 1202 1320 ut
1216 1250 1290 1319 alibi

163 1360 270 1427 fusius
287 1360 423 1429 dicetur.

236 1469 420 1552 Imaginatio
444 1471 494 1536 vel
514 1470 687 1553 phantasia
713 1478 763 1535 est
790 1471 840 1535 vis
867 1469 1102 1555 reproducendi
1130 1467 1228 1533 etiarn
1258 1466 1291 1532 in
1340 1473 1346 1485 '
1403 1472 1456 1519 'n'

162 1575 371 1661 objectorum
392 1576 540 1643 absentia
564 1578 700 1643 sensiles
726 1576 1029 1662 repraesentationes
1051 1578 1130 1643 olim
1152 1573 1291 1645 habitas.

163 1680 397 1759 Quamobrem
417 1681 607 1769 imaginatio
626 1684 741 1751 dicitur
765 1704 783 1749 a
802 1683 837 1750 S.
863 1683 1008 1760 Thoma,
1037 1685 1201 1750 thesaurus
1223 1680 1294 1766 qui·

162 1793 243 1857 dam
252 1792 433 1877 sumerum
446 1800 506 1875 per
520 1812 645 1859 sensum
662 1798 854 1875 acceptarum
873 1790 886 1879 (
916 1789 941 1878 ).

238 1900 444 1966 AEstimatiea
463 1908 512 1965 est
527 1902 660 1966 facultas
674 1879 937 1985 apprehendendi
951 1900 1048 1965 etiam
1068 1900 1228 1983 quasdam
1244 1916 1293 1963 ra·

140 2020 148 2033 '
162 2006 291 2083 tiones,
313 2024 388 2089 quae
406 2024 523 2073 sensus
543 2016 695 2073 externos
710 2007 887 2093 effugiunt,
903 2026 997 2073 exeo
1014 2007 1104 2089 quod
1120 2006 1292 2073 utilitatem

162 2122 224 2179 aut
244 2123 482 2181 nocumentum
503 2116 644 2181 afferunt
662 2114 821 2201 subjecto.
840 2114 925 2180 Nam
943 2116 1153 2181 necessarium
1165 2113 1294 2179 estani-

162 2222 260 2297 unali,
284 2226 319 2287 ul
337 2225 462 2307 quaerat
476 2223 584 2307 aliqua
607 2223 659 2287 vel
669 2222 798 2308 fugiat,
817 2242 882 2288 non
903 2224 1004 2288 solnm
1027 2221 1103 2306 quia
1126 2226 1203 2286 sunt
1220 2238 1294 2285 eon-

161 2329 321 2395 venienlia
340 2331 391 2395 uel
403 2347 466 2395 aon
484 2329 702 2395 convenientia
715 2332 759 2395 ad
770 2330 982 2405 sentimum,
997 2332 1053 2394 sed
1065 2328 1158 2394 etr'am
1166 2331 1294 2410 propter

161 2437 291 2521 aliquas
312 2436 394 2502 alias
418 2436 645 2502 camuroditates
671 2440 704 2502 et
727 2438 876 2503 utilitates
902 2437 969 2502 siue
995 2439 1196 2517 nocumenta;
1213 2422 1296 2500 sicut

159 2545 233 2611 ovis
253 2544 363 2609 nuens
388 2546 497 2627 lupum
522 2542 694 2609 venientem
709 2544 817 2629 sugit,
845 2564 909 2609 non
931 2547 1060 2627 propter
1086 2542 1293 2608 indecentiam

161 2652 277 2717 coloris
303 2653 355 2716 uel
369 2652 506 2737 figura,
537 2652 592 2716 sea
617 2651 711 2735 quasi
735 2652 898 2717 inimicum
924 2654 1067 2731 naturce;
1089 2654 1122 2716 et
1148 2649 1295 2715 similiter

162 2758 236 2825 auis
261 2759 384 2843 colligit
406 2760 544 2844 paleam,
566 2778 629 2824 non
656 2759 731 2843 quaa
754 2762 885 2826 delectet
905 2777 1047 2834 sensum,
1074 2760 1130 2823 sed
1146 2757 1222 2843 quia
1248 2760 1295 2823 est

162 2867 254 2932 utilis
277 2867 321 2930 ad
346 2866 586 2952 niduieanelum.
616 2865 835 2932 Necessarium
860 2871 907 2932 est
932 2885 1007 2949 ergo
1033 2866 1182 2942 animali,
1209 2867 1294 2950 quod

157 2973 316 3056 percipiat
331 2973 512 3060 hujusmodi
528 2973 730 3049 intentiones,
752 2992 831 3057 quas
848 2992 911 3039 nan
927 2973 1062 3055 percipit
1080 2991 1189 3038 sensus
1207 2977 1292 3037 exte-

162 3081 255 3162 rior,·
281 3084 311 3145 et
336 3081 430 3168 hujus
452 3081 658 3162 perceptionis
683 3084 802 3162 oportet
826 3100 891 3147 esse
916 3081 1045 3166 aliquod
1062 3081 1154 3146 aliud
1169 3081 1292 3162 princi-

157 3187 252 3272 pium
269 3185 337 3276 (4),
360 3189 512 3254 nimirum
532 3187 730 3253 aestimativa.

234 3293 379 3361 Tandem
402 3283 560 3360 memoria
573 3303 624 3360 est
648 3297 782 3362 facultas
805 3294 1040 3381 reproducendi
1062 3297 1142 3362 olim
1165 3296 1291 3363 habitas
1352 3321 1388 3351 ne
1436 3321 1443 3350 ι

165 3403 398 3487 impressiones
425 3404 690 3487 recognoscendo
718 3402 804 3471 illas:
827 3405 896 3480 vel,
917 3403 944 3469 si
963 3402 1087 3479 mavis,
1107 3422 1179 3469 eam
1200 3402 1292 3469 aliter

164 3527 244 3575 cum
264 3509 299 3576 S.
320 3509 447 3576 Thoma
465 3509 660 3594 intelligere,
682 3517 732 3576 est
751 3511 885 3576 facultas
903 3510 1118 3576 conservandi
1137 3510 1292 3576 intentio-

166 3635 227 3683 nes
246 3618 298 3683 vel
315 3616 548 3700 impressiones
567 3635 625 3701 per
643 3616 869 3682 aestimativam
890 3625 1071 3701 perceptas.
1099 3616 1150 3683 Ad
1176 3635 1291 3702 appre-

165 3724 381 3790 hendendum
398 3723 485 3789 enim
500 3723 702 3799 intentiones,
718 3743 786 3809 qua
794 3731 854 3806 per
866 3742 990 3790 sensum
1003 3742 1067 3789 noa
1079 3725 1289 3807 accipiuntur,

164 3831 337 3896 ordinatur
364 3831 413 3896 vis
443 3831 647 3912 aslimatiua;
676 3834 720 3894 ad
750 3833 998 3896 conservandum
1025 3835 1129 3898 auum
1159 3849 1212 3897 eas
1241 3832 1291 3897 ais

165 3937 383 4014 muneratioa,
402 3955 472 4022 qua
493 3940 542 4002 est
556 3938 717 4002 thesaurus
733 3937 861 4022 quidam
877 3937 1057 4024 iujunnocli
1071 3939 1292 4019 intentionum

165 4049 259 4132 cujus
272 4047 395 4130 signum
407 4049 467 4122 est,
483 4047 567 4130 quod
578 4045 769 4128 principium
788 4046 982 4111 memorandi
986 4047 1036 4134 fit
1050 4046 1085 4110 in
1101 4045 1292 4112 arcinalr'bus

166 4153 329 4238 exaliqua
344 4153 522 4236 hujusmodi
534 4153 717 4229 intentione,
728 4156 809 4236 puta
829 4157 914 4238 quart
929 4156 978 4219 est
991 4154 1135 4219 nocivum
1151 4156 1204 4219 vel
1218 4173 1292 4219 eou-

204 4347 245 4418 (r)
282 4346 356 4405 Vide
371 4345 403 4406 S.
415 4347 521 4405 Thom.
538 4345 597 4406 ibid
613 4340 727 4421 paragr.
745 4367 775 4417 c,
791 4349 832 4417 ai,
846 4367 914 4406 cum
923 4347 1015 4406 Arist.
1031 4347 1124 4421 Lib.3
1139 4351 1173 4406 de
1185 4349 1289 4408 Anien.

166 4449 239 4497 text.
258 4437 309 4510 146
323 4457 408 4510 seqq:
425 4435 535 4510 etitem
551 4434 584 4495 S.
599 4436 705 4494 Thom.
723 4457 733 4494 1
750 4457 779 4508 p.
795 4456 825 4508 q.
840 4437 891 4509 78,
905 4457 933 4494 a.
947 4456 981 4510 4,
996 4437 1108 4496 rt(12.¹¹t

205 4529 245 4608 (a)
283 4523 315 4584 S.
335 4526 452 4594 Thom.‚
464 4525 620 4594 deAnim.‚
635 4525 684 4584 lib.
702 4547 727 4598 3,
745 4526 808 4608 lect.
826 4547 854 4596 a,
867 4545 984 4599 paragr.
1003 4526 1033 4594 l‚·
1050 4547 1061 4584 r
1079 4547 1108 4599 p,
1128 4547 1158 4598 q.
1174 4526 1257 4601 78‚a:
1272 4546 1291 4601 4

165 4615 247 4770 adiii
286 4630 387 4778 retpaq.
405 4705 454 4778 78,
470 4726 497 4763 a.
511 4724 531 4778 4
545 4705 575 4762 in
590 4723 669 4776 corp.

205 4799 245 4866 (4)
283 4793 315 4854 S.
332 4794 513 4868 Thomrp.
530 4814 559 4866 q.
576 4795 625 4867 78,
640 4791 743 4867 a.4in
758 4813 835 4865 corp.
