3492 5525
560 444 636 524 1036
663 446 786 509 Locren
802 444 1032 518 Maron-Lm.
1050 459 1120 519 μ’,
1138 446 1223 508 Drsr’.
1242 458 1287 527 4.·
1301 444 1380 509 cie.
1399 460 1468 526 ψ’

505 626 709 694 latitudinem
728 628 845 714 objecti
863 626 1050 713 Theologici
1074 647 1304 712 comparemus
1322 646 1399 695 cum
1419 637 1489 695 tota
1517 630 1625 697 latitu-

504 734 579 799 dine
597 735 714 820 objecti
745 735 975 821 metaphysici,
995 745 1050 801 aut
1070 736 1211 822 physici,
1231 736 1265 801 id
1288 748 1337 803 est
1363 755 1439 802 cum
1468 736 1624 802 omnibus

504 840 543 906 iis
562 842 675 916 rebus,
692 843 733 907 de
751 843 872 926 quibus
886 842 918 907 in
934 842 1041 926 specie
1056 843 1278 927 Metaphysica
1292 855 1325 909 et
1340 843 1547 927 Philosophia
1561 858 1626 908 tra-

504 957 610 1025 ctant,
630 951 782 1033 quaedam
802 950 928 1035 objecta
955 950 1059 1034 reipsa
1085 951 1310 1033 praestantiora
1334 950 1565 1017 contineantur
1591 950 1624 1015 in

505 1056 672 1122 latitudine
691 1057 807 1143 objecti
827 1054 1001 1141 theologici
1021 1076 1120 1139 quam
1149 1056 1182 1123 in
1210 1057 1381 1123 latitudine
1408 1056 1525 1141 objecti
1554 1077 1627 1123 me-

504 1164 662 1251 taphysici
681 1171 738 1229 aut
756 1164 893 1249 physici.
915 1164 1024 1247 Atque
1042 1164 1085 1229 ita
1104 1166 1198 1247 plane
1227 1183 1299 1230 sese
1319 1183 1369 1231 res
1396 1166 1506 1231 habet.
1538 1166 1623 1230 Nam

503 1270 537 1336 in
556 1271 725 1339 latitudine
743 1272 863 1357 objecti
881 1270 1067 1355 Theologici
1087 1271 1271 1337 continetur
1298 1290 1429 1354 quoque
1448 1272 1552 1355 gratia
1582 1272 1627 1335 di·

502 1381 595 1457 vina,
617 1389 650 1445 et
669 1382 773 1445 multa
790 1380 877 1445 dona
896 1379 1170 1462 supernaturalia,
1199 1380 1239 1445 de
1266 1379 1385 1462 quibus
1414 1398 1478 1444 non
1508 1387 1626 1443 tractat

505 1486 727 1575 Metaphysica
746 1475 802 1552 aut
821 1487 1043 1571 Philosophia,
1065 1495 1227 1569 quatenus
1244 1487 1296 1551 illa
1314 1495 1392 1552 sunt
1410 1487 1498 1552 talia.
1518 1488 1626 1567 Atque

504 1595 574 1660 haec
593 1605 641 1660 est
660 1595 710 1659 vis
735 1594 935 1679 probationis
963 1594 997 1659 S.
1028 1592 1183 1670 Thomae,
1209 1612 1285 1659 cum
1314 1593 1358 1658 ait
1372 1594 1423 1659 hic
1441 1592 1474 1679 (r
1500 1614 1533 1677 p.
1550 1612 1587 1675 q.
1610 1610 1618 1655 1

503 1711 564 1769 art.
586 1700 618 1790 5)
637 1702 711 1767 ideo
724 1701 911 1787 Theologiae
930 1702 1096 1787 objectum
1117 1720 1189 1769 esse
1207 1701 1363 1777 nobilius,
1396 1703 1554 1785 quoniam
1575 1709 1625 1765 est

504 1808 805 1895 supernaturales(
830 1807 855 1895 ).

546 1922 644 1999 Objic
666 1923 718 1999 4.⁰
762 1915 947 1990 Evidentia,
976 1935 1043 1998 qua
1065 1916 1207 2001 gaudent
1239 1924 1363 1981 caeterae
1395 1916 1554 1990 scientiae,
1593 1926 1625 1979 et

503 2033 590 2090 caret
621 2023 815 2107 Theologia,
847 2023 990 2089 maxima
1020 2024 1171 2107 perfectio
1201 2032 1261 2091 est.
1295 2022 1521 2095 Quamobrem
1554 2022 1626 2087 aliae

502 2131 644 2197 scientiae
663 2141 758 2197 erunt
778 2132 984 2214 perfectiores
1001 2128 1066 2218 (2).
1097 2120 1245 2205 Aciedit,
1276 2131 1367 2214 quod
1393 2128 1571 2213 Theologia
1591 2130 1624 2193 in

503 2239 646 2323 plurium
666 2240 842 2315 sententia,
865 2257 932 2303 non
962 2250 1010 2305 est
1043 2229 1180 2303 univoce
1207 2237 1357 2313 scientia,
1388 2236 1442 2303 ob'
1458 2238 1624 2302 deiectum

503 2345 686 2413 evidentiae.

569 2461 674 2536 Resp.
693 2472 761 2537 neg.
777 2472 913 2535 conseq.
934 2452 1060 2517 Etenim
1081 2452 1258 2535 «quamvis
1277 2450 1456 2537 Theologia
1471 2470 1537 2517 non
1553 2454 1626 2535 pol-

503 2563 566 2627 leat
582 2579 715 2645 quoque
732 2562 911 2638 evidentia,
932 2560 1001 2625 aliis
1019 2572 1129 2626 tamen
1150 2558 1352 2634 nominibus,
1374 2560 1555 2642 dequibus
1577 2560 1628 2624 di-

502 2678 592 2735 ctum
605 2680 667 2745 est,
684 2668 843 2734 antecellit
857 2666 988 2750 reliquis
1002 2667 1156 2733 omnibus
1166 2666 1318 2733 scientiis
1333 2666 1519 2731 Praestantia
1534 2668 1625 2731 enirn

504 2778 633 2844 habitus
652 2796 711 2842 nec
729 2777 837 2842 solum
857 2795 916 2841 nec
932 2775 1140 2859 potissimum
1159 2793 1199 2840 ex
1216 2774 1378 2840 evidentia
1394 2774 1546 2840 aestiman‘
1566 2777 1625 2840 de-

503 2886 577 2960 bet,
598 2886 655 2950 sed
670 2885 830 2968 praecipue
848 2903 889 2949 ex
907 2882 1110 2948 certitudine.
1129 2882 1203 2947 ldeo
1222 2883 1310 2947 enim
1330 2883 1381 2946 vel
1398 2881 1543 2947 maxime
1557 2884 1628 2948 evi-

504 2994 613 3058 dentia
625 2992 763 3076 pertinet
777 2993 818 3056 ad
832 2991 1025 3074 dignitatem
1041 2989 1188 3065 habitus,
1204 2989 1280 3072 quia
1295 2997 1344 3056 est
1359 2993 1533 3074 conjuncta
1548 3009 1626 3054 curn

503 3100 706 3167 certitudine.
719 3098 802 3163 Nam
818 3099 999 3163 secundum
1015 3097 1241 3163 certitudinem
1260 3096 1413 3162 convenit
1428 3097 1625 3182 cognitioni,

503 3216 541 3274 ut
564 3225 630 3272 non
649 3206 753 3289 possit
771 3224 842 3271 esse
861 3206 956 3280 falsa,
978 3224 1051 3287 quae
1080 3213 1130 3268 est
1158 3202 1299 3269 maxima
1330 3204 1527 3288 cognitionis
1555 3225 1630 3288 per-

503 3314 615 3393 fectio,
636 3322 751 3398 utpote
770 3314 864 3398 cujus
882 3321 1052 3395 tamquam
1067 3329 1186 3394 scopus
1199 3321 1249 3376 est
1264 3312 1404 3376 veritas»
1423 3307 1487 3398 (3).

866 3571 1165 3650 ARTICULUS
1189 3574 1261 3648 VI.

504 3745 750 3823 Quomodo
772 3745 892 3807 inter
920 3759 1024 3807 sese
1047 3745 1373 3821 comparentur
1390 3742 1633 3820 praediotae

705 3873 910 3951 quinque
941 3869 1139 3932 scientiae
1164 3869 1422 3947 primariae.

551 4070 627 4152 308.
676 4066 806 4150 Triplex
824 4064 1035 4150 potissimum
1055 4063 1178 4129 institui
1197 4070 1306 4147 potest
1323 4063 1524 4144 comparatio
1546 4065 1633 4131 inter

506 4179 601 4242 hasce
629 4172 799 4250 scientias,
834 4174 938 4257 prima
970 4174 1002 4237 in
1031 4169 1240 4244 certitudine,
1270 4171 1367 4234 altera
1390 4169 1423 4234 in
1443 4169 1631 4249 nobilitate,

504 4283 599 4348 tertia
611 4282 645 4349 in
660 4282 773 4348 ordine
787 4281 954 4348 doctrinae.

540 4556 581 4618 (ι)
617 4548 763 4619 Valentia,
779 4547 849 4606 ibid.

540 4647 581 4707 (2)
617 4638 705 4711 Apud
718 4637 847 4705 Valent,
863 4635 902 4694 ib.

541 4734 582 4805 (3)
617 4727 764 4797 Valentia,
781 4725 850 4785 ibid.
