3492 5525
229 465 346 527 Anne.
373 464 503 545 3.¹¹⁸‘Au
524 480 664 526 uncinus
685 478 846 527 serenata:
863 480 916 525 srr
931 476 1083 524 sruruex.
1125 456 1187 541 989

177 650 247 715 lloc
275 660 385 716 tamen
409 648 561 715 differunt
580 647 759 715 Thomistae
778 667 815 713 ac
833 646 947 731 reliqui
967 646 1144 721 ductores,
1166 642 1229 721 hu·
1275 654 1401 717 uinoque

106 759 163 843 jus
182 758 334 824 secundae
363 755 533 825 sententiae
562 740 702 840 patroni,
739 756 831 838 quod
864 752 1047 821 ihomistae
1073 752 1146 817 ideo
1170 769 1229 817 ne·
1255 742 1302 773 ”⁰¹²
1312 730 1429 845 ”1¹22an

109 878 189 949 gant
222 865 371 930 habitum
404 864 546 929 scientiae
584 882 656 929 esse
689 863 880 947 qualitatem
915 860 1110 945 simplicem,
1153 857 1230 942 quia
1283 871 1400 925 exoticam·

110 973 301 1057 praedictum
328 971 476 1040 habitum
497 980 661 1055 reponunt
689 970 720 1037 in
746 968 939 1036 collectione
962 968 1145 1051 'specierum
1175 982 1231 1031 co-.

110 1081 344 1154 ordinatarum,
375 1098 448 1161 quae
477 1078 553 1161 quia
590 1080 703 1146 multae
732 1087 821 1154 sunt,
858 1077 971 1161 nequit
1000 1074 1129 1141 habitus
1157 1090 1230 1141 csse

110 1187 248 1269 qualitas
276 1188 428 1271 simplex.
459 1165 622 1279 Caeterum
642 1184 692 1251 isti
712 1194 862 1251 auctores
880 1184 1002 1268 duplex
1020 1200 1127 1267 genus
1157 1200 1232 1265 spe-

110 1295 234 1360 cierum
264 1293 489 1379 distinguuntz,
522 1295 661 1358 alterum
693 1311 823 1369 earum,
856 1311 931 1375 quae
962 1308 1018 1375 per
1042 1289 1231 1355 intellectum

109 1406 261 1486 agentem,
281 1402 513 1467 abstrahuntur
530 1421 549 1465 a
568 1400 784 1487 sensibilibus,
807 1406 1107 1483 representantque
1123 1415 1173 1462 res
1189 1396 1234 1461 in·

115 1511 321 1594 complexas3
354 1510 493 1575 alterum
524 1527 649 1584 earum,
678 1527 754 1591 quae
777 1508 959 1592 gignuntur
985 1524 1043 1589 per
1060 1521 1230 1578 assensus,

112 1629 210 1701 atque
238 1618 321 1682 adeo
336 1636 399 1700 ope
429 1616 611 1682 intellectus
635 1615 813 1699 possibilis,
834 1624 867 1679 et
887 1621 1120 1699 repraesentant
1139 1631 1233 1678 com-

112 1726 224 1809 plexas
243 1723 499 1800 enuntiationes,
520 1731 618 1805 atque
636 1723 838 1789 intellectum
858 1722 1029 1789 habilitant
1048 1721 1088 1786 ad
1110 1720 1233 1786 similes

111 1850 266 1899 assensus
284 1831 471 1897 eliciendos.
501 1831 538 1897 Et
563 1830 595 1896 in
622 1841 790 1915 postremo
820 1832 881 1895 hoc
909 1829 1091 1913 specierum
1113 1846 1232 1912 genere

111 1940 319 2009 constituunt
337 1938 498 2004 habitum.
519 1940 563 2007 nt
579 1957 657 2004 vero
673 1938 724 2005 alii
739 1946 888 2004 auctores
912 1937 1061 2003 habitum
1087 1934 1232 2001 scientiae

112 2056 275 2131 reponunt
299 2046 333 2112 in
361 2034 419 2112 alia
439 2046 586 2122 entitate,
611 2066 631 2109 a
652 2046 916 2129 quibuscumque
940 2044 1111 2128 speciebus
1139 2041 1233 2107 intel·

112 2152 288 2240 ligibilibus
312 2153 480 2231 distincta,
506 2173 645 2237 eamque
672 2155 793 2219 docent
812 2170 886 2220 esse
910 2153 1101 2236 qualitatem
1132 2167 1231 2215 unam

112 2264 236 2330 unitate
261 2260 500 2348 aggregationis
521 2262 711 2337 dumtaxat,
728 2272 842 2346 utpote
860 2278 900 2327 ex
919 2258 1031 2325 multis
1045 2257 1232 2345 partialibus

111 2370 275 2437 habitibus
294 2370 498 2455 simplicibus
515 2370 765 2435 coalescentem.

157 2496 235 2565 291·
281 2484 322 2545 ln
340 2484 653 2545 haccontrouersia
664 2496 727 2563 ego
745 2476 779 2541 in
794 2475 908 2562 primis
928 2474 1119 2541 crediderim
1140 2492 1234 2541 men·
1315 2477 1380 2523 nn,
1427 2549 1432 2559 ί

111 2601 178 2655 tem
195 2586 232 2655 S.
248 2586 385 2651 Thomae
403 2586 482 2651 satis
500 2586 633 2651 dubiam
659 2603 748 2660 esse,
770 2604 829 2651 nec
851 2602 949 2669 posse
963 2582 998 2651 S.
1020 2582 1195 2648 Doctorem
1215 2548 1447 2667 asss'ssffiffl'*

111 2691 306 2770 Thomistis,
331 2692 444 2778 primae
462 2692 636 2758 sententie
666 2691 827 2777 patronis,
855 2700 922 2756 tam
942 2690 1080 2757 fidenter
1099 2688 1131 2755 in
1156 2706 1233 2757 suas

113 2815 219 2888 partes
238 2801 332 2868 trahi.
354 2803 398 2866 lili
421 2801 555 2884 quidem
575 2804 644 2866 haec
661 2801 804 2885 allegant
828 2799 926 2866 verba
946 2800 978 2866 in
1006 2817 1106 2866 suum
1138 2799 1228 2864 favo-

113 2929 194 2974 rem:
207 2908 642 2994 seuqueuramunnrems
655 2907 1176 2991 estoruinaraauanquiaunum,
1192 2888 1237 2970 iar
1267 2910 1436 2993 ,amore

111 3022 195 3104 quod
206 3017 426 3100 principaliter
447 3017 575 3100 respicit
594 3016 732 3094 babitus,
758 3017 832 3081 inde
851 3019 908 3093 est,
922 3016 1005 3100 quod
1022 3020 1159 3082 habitus
1182 2979 1451 3096 esth¹¹¹{„¹,¹1¹‡„}:¹¹⁸

112 3133 258 3211 qualitas
290 3131 437 3209 simplex
472 3147 543 3193 non
573 3131 760 3192 constituta
785 3148 828 3191 ex
859 3129 1019 3208 pluribus
1032 3121 1235 3198 'habitibus
1301 3121 1405 3204 simitu

113 3240 249 3302 etiamsi
267 3238 310 3301 ad
328 3241 438 3301 multa
454 3256 493 3301 se
517 3238 682 3306 ’extendat
697 3230 761 3320 (t)
783 3232 820 3296 Et
839 3233 908 3298 haec
934 3232 1010 3296 alia:
1030 3231 1101 3307 lm,
1122 3229 1178 3314 qui
1203 3228 1237 3294 in
1278 3193 1303 3240 δ’
1319 3192 1426 3239 ⁰⁰⁶¹⁰¹¹⁸'

113 3345 220 3427 alipene
246 3342 376 3407 scientia
393 3341 532 3426 acquirit
552 3348 609 3422 per
625 3340 917 3406 demonstrationem
936 3339 1096 3404 scientiam
1113 3338 1239 3404 conclu·

114 3451 212 3516 sionis
230 3450 343 3526 nnius,
365 3449 453 3514 babet
480 3449 615 3532 quidem
643 3449 809 3524 habitum,
838 3453 902 3516 sed
925 3453 1139 3531 imperfecte3
1169 3462 1239 3510 cnm

113 3575 187 3624 vero
199 3558 337 3642 acquirit
348 3565 407 3640 per
423 3557 520 3622 atium
538 3557 833 3624 demonstrationem
849 3555 1013 3622 scientiam
1030 3552 1240 3620 conclusionis

114 3665 261 3740 ulterius,
281 3687 352 3732 non
370 3679 596 3747 aggeneretur
618 3669 655 3732 in
673 3687 715 3732 eo
741 3670 830 3731 alius
857 3685 972 3732 novus
998 3667 1153 3739 habitus;
1178 3665 1240 3728 sed

115 3779 268 3852 habitus,
285 3779 344 3856 qui
361 3777 458 3856 prius
477 3778 604 3851 inerat,
624 3778 665 3838 fit
676 3777 873 3856 perfectior,
890 3785 1007 3854 utpote
1025 3775 1069 3838 ad
1086 3776 1185 3852 plura
1202 3789 1242 3836 se

115 3886 317 3959 extendens,
337 3902 379 3948 eo
396 3885 487 3964 quod
504 3885 743 3949 conclusiones
758 3895 793 3947 et
805 3883 1119 3948 demonstrationes
1137 3881 1243 3944 unius

115 3993 278 4056 scientiae·
290 3992 460 4056 ordinatae
478 4002 578 4067 sunt,
597 4002 633 4056 et
648 4010 718 4056 una
736 3992 913 4055 derivatur
931 4011 974 4054 ex
992 3991 1059 4054 elia
1077 3981 1146 4074 (2);
1167 4001 1243 4069 quae

116 4106 203 4162 certe
217 4097 303 4162 baud
323 4095 460 4161 obscure
481 4106 664 4180 repugnant
690 4096 844 4162 secundae
861 4095 1044 4162 sententiae.
1064 4093 1108 4158 m
1127 4111 1144 4156 e
1163 4109 1243 4157 con-

117 4204 214 4268 trario
235 4223 301 4268 non
329 4221 429 4288 pauca
457 4213 639 4289 suppetunt
666 4203 868 4281 testimonia,
899 4222 973 4286 quae
1003 4201 1158 4286 componi
1187 4217 1244 4265 ne-

118 4321 246 4395 queunt
264 4330 340 4377 cum
360 4311 477 4395 prima.
545 4368 552 4381 .

122 4553 389 4569 affl

155 4669 197 4742 (t)
234 4664 267 4728 S.
282 4663 389 4727 Thom.
408 4689 432 4728 r.
444 4633 472 4739 a,
485 4687 515 4740 q.
533 4686 577 4742 54,
591 4688 618 4728 a.
632 4685 661 4743 4.

159 4763 200 4825 (a)
238 4757 311 4820 ibid.
326 4758 364 4817 ed
379 4768 440 4832 3³¹
