3492 5525
359 642 441 697 Opinio

353 715 449 771 prudens

316 799 337 833 et
348 784 484 842 imprudens.

553 446 613 529 464
665 446 794 512 Loorca
809 446 1036 521 Meton-Lea.
1056 461 1124 522 ψ,
1142 446 1233 511 Desa.
1246 461 1297 513 a·
1311 450 1390 514 Cae.
1408 463 1480 513 affl

579 630 638 697 Cui
658 632 806 698 divisioni
819 631 934 698 *affinis
951 640 1001 697 est
1019 631 1072 697 illa
1089 633 1150 698 alia
1168 631 1201 699 in
1216 637 1401 715 prudentem
1414 639 1446 700 et
1457 635 1639 717 impnedelr-
1742 649 1743 658 ¹

511 743 571 807 rem
593 756 650 805 seu
670 740 879 806 deuterium.
902 739 1047 806 Prudens
1061 748 1112 807 est
1130 740 1194 816 illa,
1215 760 1290 823 quae
1313 744 1434 827 regulis
1451 741 1637 827 prudentiae

512 847 688 913 conformis
707 855 769 925 est,
786 866 843 915 seu
863 866 937 931 quae
961 846 1052 931 gravi
1082 846 1194 914 nititur
1216 849 1433 915 fundamento
1451 859 1577 916 attente
1601 859 1637 912 et

513 962 639 1019 mature
655 954 853 1021 examinato.
875 954 1044 1021 Postulant
1063 954 1150 1019 eninr
1175 958 1296 1041 regulae
1316 957 1498 1042 prudentiae
1513 958 1545 1022 in
1571 956 1637 1040 pri-

512 1062 574 1125 mis
588 1070 624 1127 ut
643 1071 718 1127 ante
736 1080 907 1132 assensum
927 1062 1064 1145 diligens
1083 1063 1299 1145 praemittatur
1318 1082 1455 1130 examen
1472 1073 1504 1131 et
1522 1063 1633 1129 consi·

510 1170 645 1245 deratio,
666 1179 838 1253 quantam,
850 1168 974 1255 judicio
983 1169 1132 1253 gravium
1145 1169 1302 1246 virorum,
1319 1190 1370 1237 res
1386 1172 1551 1257 proposita
1562 1190 1635 1235 me—

510 1285 611 1344 retur.
625 1276 748 1344 Deinde
762 1296 838 1343 vero
852 1277 966 1343 eadem
984 1277 1153 1361 prudentia
1162 1277 1273 1355 dictat,
1289 1279 1468 1346 utfirmitas
1477 1298 1633 1346 assensus

510 1384 627 1450 merito
646 1384 808 1451 rationum
832 1404 870 1449 ac
888 1383 1088 1450 motivorum
1108 1385 1307 1453 adamussim
1333 1388 1539 1471 respondeat.
1567 1388 1633 1452 lm·
1742 1467 1744 1478 .

469 1478 472 1485 ¹
509 1494 652 1575 prudens
671 1493 721 1558 vel
746 1492 916 1559 temeraria
934 1511 952 1556 e
970 1510 1130 1558 converso
1148 1502 1198 1559 est
1217 1492 1283 1569 illa,
1308 1512 1383 1578 quae
1400 1494 1526 1580 legibus
1553 1513 1631 1578 pru·

315 2919 460 2969 probabilitas

299 3003 481 3122 ἰιῐιριοδῖδίἰίωι

311 3454 455 3512 probabilitas

328 3527 419 3573 intrinee
432 3542 446 3572 a

307 3609 328 3644 et
339 3599 462 3646 intrinseca.

318 4204 368 4264 Quo
378 4215 446 4254 tenen

508 1600 627 1666 dentiae
642 1608 814 1685 repugnat,
839 1618 899 1665 seu
917 1618 990 1683 quae
1013 1609 1070 1667 aut
1089 1618 1155 1665 non
1176 1600 1288 1669 nititur
1305 1602 1396 1686 gravi
1416 1602 1553 1679 motivo,
1573 1610 1631 1666 aut

507 1706 586 1773 illud
616 1706 783 1775 nonsatis
812 1708 979 1790 expendit,
1015 1726 1231 1774 assensumve
1259 1710 1406 1775 continet
1435 1709 1628 1785 firmiorem,
1742 1757 1743 1764 .

506 1833 606 1897 quam
637 1815 781 1898 postulet
809 1814 971 1881 rationum
996 1815 1138 1899 pondus.
1163 1814 1273 1881 Potest
1300 1826 1411 1882 tamen
1439 1816 1630 1901 imprudens
1742 1810 1744 1813 ’

506 1921 616 2005 opinio
635 1940 711 1987 vera
728 1940 813 1997 esse,
838 1921 922 1989 sicut
941 1942 959 1987 e
977 1940 1135 1989 converso
1154 1923 1298 2006 prudens
1317 1942 1354 1989 ac
1374 1924 1628 2008 prudentissima

506 2028 586 2094 salsa
605 2047 678 2095 esse
697 2038 819 2115 potest.
992 2109 1001 2127 θ
1165 2110 1171 2121 ,

555 2131 672 2202 ‘Facile
687 2156 783 2221 porro
807 2135 911 2212 vides,
934 2136 1020 2203 aliud
1039 2136 1157 2221 requiri
1173 2137 1214 2202 ad
1224 2137 1401 2220 prudenter
1410 2136 1625 2222 opinandum,

505 2242 592 2311 aliud
607 2245 647 2310 ad
659 2245 833 2329 prudenter
851 2244 1097 2328 suspicandum,
1118 2245 1206 2310 aliud
1220 2245 1261 2310 ad
1283 2246 1456 2330 prudenter
1475 2246 1629 2310 dubitan-

504 2352 598 2419 dum.
613 2352 705 2419 Unde
717 2352 799 2417 circa
818 2353 968 2417 eamdem
988 2352 1124 2418 omnino
1143 2370 1211 2417 rem
1232 2360 1341 2437 potest
1356 2353 1500 2436 prudens
1515 2353 1625 2419 haberi

504 2459 631 2544 opinio,
651 2460 732 2525 circa
758 2479 858 2543 quam
883 2467 969 2525 esset
995 2458 1521 2544 imprudentissimumdubitare.
1548 2460 1625 2525 Ete

503 2586 662 2634 converso
695 2566 788 2643 ratio,
817 2587 892 2652 quae
925 2568 1040 2633 suadet
1067 2568 1211 2651 prudens
1241 2567 1378 2634 dubium
1411 2577 1444 2633 et
1471 2585 1626 2634 assensus

503 2676 765 2759 suspensionem,
784 2672 896 2760 ‘potest
911 2676 1076 2759 impotens
1091 2694 1164 2741 esse
1177 2675 1218 2740 ad
1234 2665 1460 2760 imperandam
1481 2675 1627 2759 pruden-

500 2796 569 2850 tem
589 2783 790 2870 opinionem.

546 2909 602 2973 40.
648 2897 740 2958 Hinc
761 2904 854 2974 patet
872 2891 951 2975 quid
968 2891 1011 2958 sit
1024 2890 1229 2974 probabilitas
1243 2899 1276 2956 et
1289 2891 1534 2973 improbabilem
1551 2892 1624 2975 opi-

503 2999 621 3068 nionis.
643 2999 852 3064 Probabilitas
870 2994 922 3086 (t)
951 3008 1000 3064 est
1028 2997 1158 3082 pondus
1176 3018 1212 3064 ac
1232 2998 1330 3079 robur
1341 3000 1510 3064 rationum
1530 2998 1625 3064 sulii-

500 3107 590 3173 ciens
608 3108 647 3172 ad
667 3107 871 3172 suadendum
900 3105 1076 3188 prudenter
1101 3124 1271 3172 assensum
1296 3105 1562 3172 formidolosum:
1586 3117 1623 3172 et

500 3213 755 3299 improbabilitas
774 3222 823 3278 est
842 3211 1015 3279 infirmitas
1034 3211 1253 3289 motivorum,
1274 3232 1349 3296 quae
1367 3231 1433 3278 non
1454 3213 1561 3278 valent
1580 3214 1622 3278 ad

501 3322 695 3407 prudentem
715 3338 888 3386 assensum
909 3338 1113 3404 permovere.

567 3427 777 3496 Probabilitas
790 3429 914 3511 duplex
927 3434 990 3502 est,
1006 3426 1175 3493 intrinseco
1187 3438 1218 3493 et
1232 3427 1417 3494 extrinseca.
1435 3427 1621 3494 Extrinseca

499 3545 549 3603 est
567 3537 631 3614 illa,
652 3555 726 3619 quae
746 3534 866 3621 petitur
885 3553 926 3600 ex
940 3534 1130 3601 auctoritate
1144 3532 1335 3610 Doctorum,
1352 3534 1407 3619 qui
1422 3534 1619 3600 sententiam

496 3645 640 3729 aliquam
661 3643 872 3728 profitentur:
894 3651 927 3708 et
946 3643 1165 3709 mensuranda
1185 3651 1319 3709 estnon
1338 3652 1406 3710 tam
1430 3663 1471 3709 ex
1492 3663 1622 3709 numero
1658 3664 1662 3671 ·

497 3772 596 3837 quam
616 3771 658 3818 ex
673 3753 810 3834 pondere
828 3769 865 3815 ac
882 3737 1029 3818 doctrina
1044 3749 1186 3816 illorum.
1215 3750 1390 3817 intrinseca
1412 3751 1621 3835 probabilitas
1742 3787 1744 3797 ν

497 3871 558 3938 est,
574 3879 649 3945 quae
663 3858 826 3924 derivatur
841 3877 883 3924 ex
896 3859 965 3924 aliis
980 3857 1125 3934 motivis,
1142 3876 1242 3944 quam
1256 3878 1297 3924 ex
1310 3859 1513 3935 auctoritate,
1525 3859 1621 3925 nimi·
1742 3866 1743 3869 ’

497 3987 569 4036 rum
589 3969 641 4034 vel
662 3986 702 4032 ex
722 3966 870 4044 motivis,
891 3967 1019 4050 objecto
1038 3966 1099 4050 ipsi
1114 3965 1264 4044 internis,
1286 3967 1337 4033 vel
1352 3985 1393 4032 ex
1411 3968 1483 4050 ejus
1497 3966 1617 4044 causis,

496 4077 681 4154 effectibus,
701 4093 738 4140 ac
756 4073 859 4158 signis
878 4073 981 4159 ipsius
999 4073 1194 4158 generatim.

562 4184 629 4279 Dici
643 4203 662 4248 a
679 4181 876 4266 quibusdam
892 4183 976 4247 solet
988 4179 1200 4246 extrinsecam
1221 4181 1478 4265 probabilitatem
1494 4197 1619 4266 suppo-

495 4311 572 4359 nere
585 4289 807 4357 intrinsecam.
824 4289 893 4387 Ego
914 4307 982 4354 rem
998 4289 1044 4355 sic
1064 4287 1228 4373 intelligo;
1244 4287 1426 4355 extrinseca
1444 4287 1618 4373 probabili-

529 4489 570 4555 (ι)
606 4485 736 4545 Vocatur
755 4485 843 4544 etiam
866 4484 1102 4548 verisimilitudo.
1118 4481 1194 4540 Hine
1209 4479 1242 4539 S.
1259 4481 1427 4542 Bernartius
1446 4482 1510 4552 (lib.
1535 4502 1561 4551 ς.
1581 4485 1618 4542 de

494 4577 645 4637 Consider.
659 4595 685 4634 e.
701 4581 728 4640 a)
743 4574 858 4634 scribit:
876 4574 1075 4648 optatecare·
1088 4573 1167 4630 aelel
1184 4572 1303 4642 itabens,
1324 4591 1426 4632 verum
1440 4580 1493 4648 per
1508 4575 1617 4631 nense*-

493 4668 577 4726 mitet
590 4667 692 4741 querit
705 4667 814 4740 potius,
829 4683 913 4738 quam
928 4663 1131 4738 apprehendit.
1146 4659 1209 4721 Cir.
1224 4659 1405 4734 S.Auguet.‚
1418 4661 1528 4723 contra
1537 4664 1620 4724 Ace·

492 4759 565 4820 dem.
577 4755 628 4817 lib.
644 4777 671 4830 3,
686 4775 713 4816 e.
729 4773 770 4828 ις.
