3492 5525
241 468 359 549 nana
378 482 436 551 ss·
449 468 500 532 An
516 486 667 531 screvrrn
682 486 724 529 er
737 486 851 531 obruto
865 484 962 531 cinca
976 484 1056 529 rursu
1111 480 1167 545 941

86 656 162 709 esse·
178 644 343 729 opinioni,
362 646 420 711 sed
434 646 539 710 solam
554 646 733 721 airusalem,
753 664 812 711 seu
830 640 1013 723 sedantem,
1029 646 1079 710 vel
1095 645 1213 727 aptitu-

84 752 240 829 dinam,
255 762 312 819 aut
324 752 556 835 permissivum.
569 751 636 819 Hac
651 762 761 819 autem
776 752 924 821 doctrina
938 752 1119 838 supposita,
1134 772 1210 838 pro·

88 860 207 945 positio
225 862 354 945 probari
373 869 481 945 potest
501 859 649 946 negative
668 861 732 927 boc
751 862 865 927 modo.

137 968 188 1036 1.⁰
233 968 374 1035 Eatenus
397 976 593 1053 repugnaret
613 976 704 1034 actus
724 968 887 1052 opinionis
911 978 943 1034 et
965 968 1109 1035 scientiae
1131 968 1213 1035 circa

88 1077 175 1141 idem
197 1077 363 1162 objectum
392 1074 425 1141 in
454 1076 570 1141 eodem
599 1076 782 1152 intellectu,
813 1084 978 1159 quatenus
1005 1086 1083 1143 tunc
1114 1075 1212 1144 simul

89 1185 245 1250 darentur
263 1185 295 1249 in
314 1184 430 1249 eodem
445 1184 593 1264 subjecto
611 1196 705 1251 actus
722 1184 807 1249 inter
824 1203 859 1250 se
880 1178 1116 1269 repugnantes,
1134 1186 1215 1249 alter

91 1311 211 1375 nempe
228 1293 453 1368 certus,.alter
471 1292 629 1373 incertus;
649 1292 729 1357 alter
746 1292 899 1368 evidens,
923 1292 1093 1359 inevidens
1119 1292 1210 1359 alter:

91 1399 180 1464 unde
201 1412 440 1481 consequenter
464 1399 647 1465 intellectus
661 1399 758 1465 simul
783 1408 869 1466 esset
893 1400 1063 1466 convictus
1090 1413 1122 1467 et
1147 1418 1213 1465 non

89 1507 276 1572 convictus:
298 1526 373 1589 quae
402 1506 512 1571 omnia
541 1518 691 1591 pugnant
717 1507 801 1572 inter
830 1526 883 1585 se,
909 1518 941 1573 et
968 1507 1215 1575 contradictorie

91 1616 143 1680 vel
162 1614 318 1699 privative
342 1621 567 1699 opponuntur.
589 1613 690 1697 Atqui
711 1614 788 1679 nihil
814 1615 934 1681 horum
959 1606 1112 1704 impedit,
1133 1632 1216 1698 quo-

92 1723 202 1788 minus
221 1731 311 1787 actus
329 1722 471 1787 scientiae
489 1732 522 1788 et
541 1722 704 1805 opinionis
722 1721 819 1787 simul
844 1723 878 1787 in
904 1720 1031 1788 eodem'
1050 1722 1215 1788 intellectu

92 1828 291 1914 reperiantur
308 1829 390 1895 circa
408 1830 495 1895 idem
515 1829 679 1916 objectum
699 1831 750 1895 vel
769 1830 987 1907 enuntiabile,
1013 1850 1053 1896 ex
1078 1829 1215 1897 diversis

92 1956 216 2022 nempe
232 1936 375 2005 motivis.
396 1936 522 2023 Ergo...

159 2052 272 2128 Major
298 2045 442 2111 continet
470 2044 665 2129 praecipuam
692 2046 949 2113 adversariorum
976 2045 1153 2122 rationem,
1178 2054 1216 2111 ut

93 2153 202 2219 videre
220 2160 271 2218 est
289 2152 377 2237 apud
398 2152 653 2236 Complutenses
670 2151 735 2242 (r),
755 2155 901 2239 aliosque
924 2153 1058 2238 passim.
1169 2238 1171 2245 Ι

160 2266 277 2326 Minor
295 2260 450 2344 probatur
468 2278 526 2343 per
543 2269 666 2344 partes.
994 2326 996 2331 .

149 2365 199 2455 ἀ)
218 2368 255 2435 Et
273 2366 306 2431 in
326 2367 439 2450 primis
459 2386 525 2433 non
544 2367 669 2445 obstat,
686 2369 884 2453 quod‘actus
898 2376 1006 2434 certus
1022 2376 1056 2433 et
1071 2367 1217 2433 incertus

94 2475 192 2540 simul
210 2484 322 2540 essent
344 2476 377 2539 in
401 2476 583 2551 intellectu,
604 2485 696 2543 actus
719 2495 838 2561 nempe
862 2474 1004 2542 scientiae
1032 2484 1064 2541 et
1091 2476 1222 2559 opinio-¹

95 2582 159 2647 nis.
180 2582 217 2646 Et
235 2601 269 2647 rc
289 2582 420 2666 quidem
441 2602 517 2647 vera
536 2586 679 2649 incertus
698 2594 789 2650 actus
807 2583 954 2651 bifariam
981 2584 1066 2649 sumi
1093 2594 1214 2667 potest,

82 2691 279 2777 sormlifer,
310 2698 406 2774 prout
434 2691 611 2774 opponitur
628 2691 811 2758 certitudini
837 2692 965 2757 formali
985 2710 1042 2757 seu
1070 2690 1219 2756 infallibi-

94 2800 173 2864 litati
202 2799 338 2883 propriae
358 2809 451 2864 actus
475 2798 568 2874 certi,
590 2812 623 2864 et
640 2801 822 2887 subjective,
843 2819 900 2866 seu
922 2814 1018 2883 prout
1040 2799 1218 2883 opponitur
1271 2809 1276 2818 “

94 2905 279 2971 certitudini
298 2906 470 2971 adhaesivae
489 2909 540 2971 vel
561 2907 738 2973 exclusioni
757 2908 939 2974 formidinis
963 2916 996 2972 et
1013 2905 1219 2972 titubationis

94 3034 135 3082 ex
163 3022 253 3097 parte
282 3013 478 3081 intellectus.
503 3014 607 3080 Actus
635 3013 778 3080 incertus
807 3015 840 3079 in
868 3015 975 3099 primo
1003 3031 1101 3080 sensu
1132 3014 1219 3080 idern

95 3123 181 3187 valet
199 3132 297 3206 atque
315 3131 407 3188 actus
426 3121 580 3204 fallibilis3
602 3122 633 3188 in
653 3124 798 3190 secundo
818 3141 917 3189 sensu
929 3123 1023 3210 idem
1048 3141 1085 3187 ac
1109 3122 1221 3187 formi-

95 3231 242 3297 dolosus.
265 3229 364 3314 Atqui
383 3231 473 3313 quod
500 3231 541 3296 ad
565 3231 708 3314 primum
737 3249 872 3297 sensum
904 3229 1034 3306 attinet,
1056 3229 1143 3294 nulla
1168 3238 1220 3296 est
1315 3297 1318 3306 ,

95 3337 309 3423 repugnantia
328 3339 360 3404 in
379 3357 436 3414 eo,
453 3338 542 3421 quod
560 3339 743 3404 intellectus
762 3339 861 3405 simul
881 3337 1001 3424 habeat
1017 3339 1101 3404 duos
1116 3346 1218 3413 actus,

94 3447 234 3511 alterum
254 3445 469 3522 infallibilem,
491 3445 657 3512 fallibilern
675 3449 832 3524 alterum,
853 3446 924 3512 sive
947 3446 1028 3513 circa
1050 3445 1219 3511 diversum

95 3554 263 3638 objectum
293 3552 364 3619 sive
392 3553 490 3618 etiam
515 3555 603 3620 -circa
633 3553 733 3620 idem.
767 3552 858 3619 Circa
890 3553 1056 3620 diversum
1086 3552 1219 3636 quidem

93 3661 277 3745 objectum,
294 3660 369 3745 quia
381 3660 414 3725 id
428 3661 548 3744 passim
569 3661 677 3726 locum
697 3661 812 3739 habet,
829 3680 905 3726 curn
920 3679 960 3728 ex
975 3678 1039 3727 una
1055 3659 1221 3745 praemissa

94 3777 180 3834 certa
200 3779 233 3834 et
252 3770 350 3833 altera
368 3768 526 3851 probabili
544 3767 630 3833 elicit
653 3768 837 3836 intellectus
857 3769 1117 3836 conclusionem.
1138 3763 1223 3850 Sup-

94 3875 203 3961 posita
233 3894 377 3960 namque
406 3875 552 3942 doctrina
582 3875 732 3960 superius
759 3877 893 3954 tradita,
926 3876 1015 3960 quod
1044 3871 1222 3960 praemissae

94 3985 229 4070 physice
248 3992 442 4050 concurrant
456 3982 490 4048 in
505 3983 768 4060 conclusionem,
787 3995 926 4068 utraque
942 3983 1108 4069 praemissa
1124 3983 1220 4048 simul

94 4091 191 4158 sitin
211 4100 322 4157 mente
342 4108 475 4158 necesse
494 4099 544 4157 est
568 4090 608 4156 ad
631 4091 880 4159 conclusionem
904 4091 1118 4177 gignendam.
1138 4089 1222 4175 Ergo

95 4201 232 4284 planum
252 4207 303 4265 est
321 4199 404 4264 circa
428 4199 554 4265 diversa
584 4200 711 4285 objecta
736 4219 833 4285 posse
862 4199 961 4266 simul
989 4197 1095 4265 inesse
1120 4195 1223 4264 menti

93 4317 209 4372 actum
228 4306 430 4373 infallibilem
449 4316 483 4384 et
502 4305 679 4374 fallibilem.

166 4414 209 4479 At
223 4413 306 4486 nihil
325 4421 431 4492 vetat,
453 4413 632 4498 quominus
658 4413 786 4500 possint
804 4433 877 4482 esse
902 4415 1001 4481 etiam
1021 4413 1102 4480 circa
1120 4413 1220 4491 idem,

34 4568 35 4573 κ
98 4521 285 4592 dummodo
303 4521 385 4589 ratio
403 4520 636 4590 infallibilitatis
658 4521 693 4588 in
716 4541 783 4592 uno
802 4532 836 4589 et
853 4520 1052 4592 fallibilitalis
1072 4522 1105 4588 in
1124 4523 1226 4614 altero

106 4693 362 4718 ...effla—-

132 4757 175 4822 <r)
211 4751 281 4815 Luc.
294 4753 346 4815 eit.
