3492 5525
275 459 394 525 Anrrc.
410 474 471 545 4¹¹·
485 459 535 524 Dr:
548 477 652 524 causa
665 478 856 525 errrorem
872 460 1125 527 Umvensacruor
1166 477 1224 545 7¹5

141 642 224 708 dum
244 660 279 708 se
298 642 363 709 sint
381 639 562 708 absolute?
575 640 660 707 Talis
675 653 724 710 est
740 662 773 707 v.
793 661 843 727 gr.
861 642 941 708 ratio
958 642 1119 709 Creatoris
1131 644 1164 709 in
1181 644 1262 723 Deo,

142 770 218 834 quae
243 750 276 815 in
300 768 335 815 se
359 750 491 833 quidem
516 749 664 815 absoluta
692 768 744 816 res
762 760 828 826 est,
854 768 873 814 a
902 749 995 816 nobis
1014 759 1125 816 tamen
1144 753 1262 838 percipi

142 858 270 942 nequit,
291 858 350 925 nisi
370 876 427 942 per
446 856 583 923 modum
598 858 768 942 cujusdam
785 858 960 924 relationis.
981 859 1025 923 lta
1045 878 1124 945 ergo
1141 860 1264 945 duplex

28 1026 30 1061 z
141 965 473 1050 universale⁸agnosci
492 974 616 1049 potest,
637 966 775 1029 alterum
799 966 985 1032 absolutum
1005 966 1186 1051 importans
1207 987 1264 1033 na-

27 1072 29 1149 ξ
139 1084 248 1139 turam
263 1092 338 1139 cum
359 1091 417 1139 sua
436 1068 559 1138 unitate
587 1081 620 1137 et
645 1072 825 1155 aptitudine
850 1074 893 1138 ad
915 1074 1260 1154 communicationem,

26 1182 29 1189 '
140 1182 173 1247 in
204 1202 268 1266 qua
298 1180 423 1247 fundari
453 1180 556 1265 possit
584 1181 694 1246 relatio
722 1180 871 1256 rationis,
902 1199 1002 1264 quarn
1031 1191 1144 1264 postea
1168 1183 1263 1269 fingit

140 1291 327 1356 intellectus
346 1288 378 1353 in
399 1288 589 1364 universali,
610 1296 642 1352 et
660 1289 797 1353 alterum
818 1287 1007 1364 relativum,
1028 1308 1147 1373 nempe
1174 1310 1264 1355 eam·

24 1400 26 1407 ’
138 1398 215 1463 dem
235 1396 323 1463 illam
344 1405 505 1471 naturam,
527 1402 623 1479 prout
642 1403 716 1461 actu
736 1396 885 1462 allectam
906 1396 1094 1482 hujusmodi
1109 1398 1263 1464 relatione

140 1522 199 1589 per
228 1505 428 1571 intellectum
457 1502 607 1569 conficta.
638 1502 732 1567 «Nec
760 1503 871 1577 refert,
902 1505 991 1586 quod
1019 1506 1088 1570 lraec
1115 1506 1262 1588 aptitudo

138 1610 284 1697 (essendi
306 1610 337 1675 in
363 1610 475 1675 multis
501 1610 629 1695 propria
653 1618 776 1675 naturae
802 1608 1009 1697 universalis)
1033 1611 1180 1680 videatur
1205 1632 1262 1697 per

140 1718 277 1784 modum
299 1726 465 1802 respectus
484 1717 647 1803 explicari.
667 1716 751 1783 Nam
772 1715 854 1782 sicut
871 1717 905 1781 in
922 1719 1065 1802 potentia
1080 1721 1155 1785 reali
1172 1721 1263 1786 intel·

138 1827 272 1913 ligimus
291 1835 474 1911 respectum
499 1826 815 1892 transcendentalem
835 1836 867 1891 et
885 1828 1053 1891 secundum
1074 1827 1156 1909 dici,
1178 1829 1263 1912 prio-

139 1954 209 1999 rem
231 1942 378 2018 respectu
403 1932 670 2017 praedicamentali
692 1935 862 1997 secundum
880 1952 962 2011 esse,
986 1944 1020 2000 et
1042 1934 1204 2002 inclusum
1228 1936 1259 2001 in

139 2062 174 2107 re
193 2043 358 2123 absoluta;
379 2042 423 2107 ita
441 2043 474 2107 ln
493 2041 644 2125 praesenti
664 2058 842 2125 possumus
857 2041 1026 2125 concipere
1046 2042 1128 2107 hanc
1141 2042 1261 2127 aptitu-

137 2150 250 2217 dinem
271 2149 315 2214 rei
334 2149 524 2215 universalis
543 2157 580 2214 ut
598 2148 781 2214 absolutam
801 2148 935 2232 quidem
951 2149 983 2213 in
1003 2167 1054 2230 se,
1073 2150 1146 2216 licet
1160 2151 1261 2235 expli-

137 2266 230 2322 cetur
257 2275 314 2340 per
344 2252 480 2322 mo'dum
510 2264 675 2339 respectus
708 2256 1009 2323 transcendentalis.
1046 2256 1084 2321 Et
1116 2256 1190 2323 hinc
1221 2258 1259 2326 srt

137 2364 290 2439 ulterius,
312 2372 348 2429 ut
367 2365 436 2429 haec
455 2364 619 2446 aptitudo,
640 2362 716 2446 quia
736 2361 916 2446 concipitur
934 2363 974 2428 ad
990 2365 1127 2433 modum
1142 2374 1259 2449 poten-

14 2502 15 2505 *
135 2471 190 2539 tiae
210 2470 358 2537 habentis
377 2472 492 2536 saltem
511 2470 826 2536 transcendentalem
846 2469 994 2536 ordinem
1014 2472 1055 2537 ad
1069 2492 1123 2549 ea,
1140 2474 1259 2556 quibus

135 2598 171 2645 se
187 2586 296 2663 potest
309 2578 565 2655 communicare,
584 2575 687 2661 possit
698 2578 795 2644 etlam
808 2576 943 2663 intelligi
959 2587 995 2643 ut
1005 2573 1267 2647 fundamentum

12 2750 13 2772 2
135 2686 300 2753 sufficiens
319 2686 359 2751 ad
375 2684 563 2751 relationem
580 2685 630 2751 vel
647 2684 871 2749 habitudinem
889 2685 997 2762 adea,
1015 2688 1135 2770 quibus
1150 2697 1258 2774 potest

12 2845 14 2858 ,
134 2814 170 2861 se
185 2793 445 2872 communicare,
461 2812 536 2876 quae
551 2793 707 2859 habitudo
721 2793 901 2876 concipitur
920 2803 955 2858 ut
975 2795 1126 2879 quaedam
1147 2797 1258 2864 relatio

134 2903 318 2970 secundum
347 2919 434 2978 esse,
465 2910 497 2966 et
516 2901 577 2968 dici
601 2902 698 2966 etiam
723 2909 830 2984 potest
849 2899 1073 2969 universalitas
1088 2905 1254 2988 quaedam,

12 3029 13 3036 ¹
133 3024 210 3076 curn
231 3009 272 3076 sit
291 3007 446 3075 habitudo
466 3009 562 3074 unius
580 3008 619 3072 ad
641 3009 760 3084 multa,
781 3007 813 3073 in
832 3007 952 3091 quibus
967 3027 1039 3076 esse
1058 3019 1184 3095 potest,
1201 3015 1252 3078 vel

133 3119 175 3183 de
194 3118 315 3201 quibus
333 3124 442 3212 potest
461 3115 647 3201 praedicari»
667 3113 680 3201 (
706 3113 730 3202 ).

175 3213 181 3221 ’
202 3225 268 3290 Hac
296 3243 374 3308 ergo
385 3224 531 3309 praejacta
539 3221 747 3315 distinctione
757 3231 868 3288 censet
881 3221 1026 3290 Eximius
1037 3223 1168 3303 Doctor,
1183 3227 1256 3294 uni-

133 3334 259 3398 versale
283 3331 416 3416 quidem
437 3330 642 3406 absolutum,
669 3330 758 3414 quod
777 3349 852 3394 vere
876 3349 913 3394 ac
931 3331 1107 3398 formaliter
1126 3332 1256 3400 univer-

132 3441 201 3508 sale
215 3437 390 3506 dicendum
406 3447 471 3514 est,
488 3437 570 3503 ellici
585 3455 643 3520 per
656 3437 877 3523 cognitionem
894 3437 1095 3521 praecisivam
1111 3457 1168 3506 seu
1182 3441 1255 3508 abs·

132 3549 325 3616 tractionem
345 3547 528 3613 intellectus
548 3543 726 3630 possibilis,
747 3544 930 3611 universale
953 3555 1063 3612 autem
1084 3548 1254 3615 relativum

130 3674 227 3740 egere
246 3653 501 3737 comparatione.
518 3652 608 3718 Hanc
626 3653 850 3737 oppositarum
865 3653 1101 3718 sententiarum
1120 3673 1256 3739 compo·

128 3765 283 3830 sirionem
303 3761 354 3827 alii
373 3779 507 3845 quoque
526 3759 626 3826 secuti
641 3768 732 3834 sunt,
753 3779 828 3825 curn
849 3759 910 3825 hoc
928 3770 1039 3825 lamen
1055 3760 1252 3840 discrimine,

128 3871 220 3956 quod
240 3869 422 3936 universale
441 3869 629 3934 absolutum
649 3875 681 3932 et
700 3867 960 3954 metaphysicum
977 3868 1080 3933 nolint
1095 3887 1166 3935 esse
1186 3869 1254 3935 veri

128 3977 274 4045 nominis
298 3976 498 4050 universale,
525 3975 583 4040 sed
606 3976 715 4041 solum
739 3975 984 4040 fundamentale
1003 3983 1035 4040 et
1054 3975 1087 4040 in
1107 3977 1253 4060 potentia

128 4086 292 4171 proxima.
317 4081 447 4166 Triplex
467 4100 609 4164 namque
628 4084 732 4166 placet
751 4082 812 4147 illis
836 4081 1036 4167 distinguere
1056 4083 1250 4160 universale,

12 4247 13 4252 ,
119 4194 306 4277 physicum,
327 4189 565 4272 metaphysicum
583 4197 616 4254 et
634 4190 778 4274 logicum.
800 4189 974 4276 Physlcum
989 4191 1081 4277 ajunt
1094 4208 1166 4257 esse
1181 4190 1252 4258 uni·

127 4301 253 4368 versale
272 4306 369 4382 prout
387 4297 420 4363 in
439 4295 613 4363 individuis
632 4297 804 4382 reperitur,
826 4297 972 4381 illudque
990 4299 1105 4364 volunt
1128 4317 1200 4365 esse
1218 4299 1252 4371 in

128 4407 277 4495 potentia
304 4414 446 4492 remota,
463 4404 648 4472 Universale
676 4405 938 4492 metaphysicum
958 4414 1076 4472 vocant
1101 4414 1251 4472 naturam

159 4657 201 4730 (ι)
239 4655 339 4725 Suam,
359 4653 435 4726 disp.
452 4655 583 4728 Metapa.
604 4653 638 4723 6,
650 4667 718 4711 eect.
736 4654 764 4724 6,
782 4673 812 4712 n.
829 4653 857 4712 8.
878 4652 940 4712 cfr.
956 4655 990 4711 de
1003 4654 1126 4726 Anima,
1141 4655 1191 4715 lib.
1218 4677 1249 4730 4.

121 4769 186 4820 ·ap.
200 4769 227 4819 3.

1322 4105 1419 4160 Quidam

1298 4176 1437 4232 distinguunt

1267 4247 1344 4302 triplex
1354 4249 1469 4294 univerae·

1287 4318 1315 4363 le:
1325 4319 1450 4377 physicum,

1279 4389 1455 4448 metaphysicum

1301 4461 1432 4516 etlofficurn.
