3492 5525
428 452 544 517 Anne.
565 467 623 517 μ’·
637 453 731 533 Quro
752 472 802 518 sir
816 472 1007 520 cerertruoo
1128 501 1132 509 .
1180 470 1235 537 47¹

153 639 268 705 leviter
294 649 395 725 atque
412 639 596 710 inconsulte
623 636 755 707 motivis
782 640 868 706 haud
887 639 966 705 satis
992 637 1178 724 perpensis,
1194 635 1283 723 judi·

152 746 242 813 cium
267 748 467 832 proferatur:
497 744 538 839 γ)
568 746 708 831 denique
740 766 782 813 ex
814 748 994 815 voluntatis
1026 744 1183 829 imperio,
1212 743 1283 813 sive

153 854 305 939 prudenti
325 855 394 921 sive
413 854 625 939 imprudenti.
646 855 691 921 lta
711 854 826 931 etiam,
848 855 939 939 quod
956 852 1032 938 quis
1050 848 1109 939 per
1125 871 1281 938 campum

152 963 321 1048 gradiens,
343 964 450 1029 nullas
469 962 621 1029 formidet
636 960 786 1041 insidias,
806 960 876 1029 steri
891 971 1017 1047 potest,
1039 962 1092 1027 vel
1111 960 1188 1043 quia
1209 968 1283 1045 post

153 1071 265 1137 locum
285 1070 368 1137 bene
395 1072 569 1137 lustratum
591 1070 688 1137 nullae
708 1070 930 1155 reperiuntur;
951 1070 1003 1136 vel
1023 1066 1101 1153 quia
1120 1066 1283 1135 exanimi

153 1177 285 1245 levitate
302 1196 338 1244 ac
358 1176 589 1263 praecipitantia
604 1195 670 1242 non
685 1176 764 1247 satis
779 1176 958 1243 attenditur
976 1176 1016 1242 ad
1029 1175 1186 1261 pericula,
1207 1192 1283 1257 quae

153 1287 254 1352 latere
281 1297 438 1372 possunt;
465 1286 516 1352 vel
546 1286 682 1351 demum
698 1284 774 1368 quia
799 1286 952 1352 voluntas
980 1300 1048 1350 non
1060 1280 1137 1350 sinit
1156 1280 1282 1367 aliquos

153 1392 286 1461 excitari
305 1390 433 1459 timoris
451 1400 579 1469 motus,
600 1394 652 1459 vel
670 1393 826 1459 subortos
844 1390 1038 1475 compescit.
1060 1388 1171 1467 Quare
1190 1389 1281 1457 vides

147 1502 220 1587 jam
245 1500 471 1568 certitudinem
496 1500 713 1585 subjectivam
738 1518 805 1565 non
826 1501 990 1585 postulare
1009 1517 1050 1564 ex
1077 1516 1137 1565 sua
1168 1506 1281 1563 natura

152 1608 324 1675 veritatem
345 1606 792 1691 actuseinfallibilitatemque.

200 1712 256 1799 46.
304 1722 476 1785 Furinalis
490 1721 659 1783 certitudo
677 1738 740 1783 een
762 1718 938 1782 inhaesiva
955 1712 1083 1799 propria
1097 1721 1147 1779 est
1169 1710 1282 1798 cogni·

153 1824 270 1899 tionis,
305 1824 524 1906 definiturque
550 1822 723 1889 necessaria
751 1827 784 1889 ct
810 1821 982 1889 intrinseco
1010 1820 1165 1887 connexio
1194 1821 1282 1885 actus

153 1950 226 1997 cum
248 1932 382 2019 obierim
409 1932 460 1997 vel
483 1930 694 2018 infallibiliter
716 1929 915 2013 cognitionis,
941 1929 996 1994 cui
1011 1929 1137 2014 salsum
1162 1928 1282 1994 messe

155 2039 280 2122 mquid·
299 2040 350 2105 vel
377 2040 403 2105 si
424 2038 544 2115 mavis,
571 2037 739 2104 intrinseca
766 2036 974 2120 repugnantia
1000 2034 1187 2120 cognitionis
1212 2053 1283 2099 crem

145 2146 295 2233 salsitate
320 2144 381 2234 (ι).
413 2146 489 2211 Haec
517 2164 595 2230 ergo
613 2143 772 2211 certitudo
801 2144 944 2229 primum
975 2145 1129 2227 importat
1147 2142 1180 2207 in
1208 2148 1281 2207 actu

155 2253 354 2339 cognitionis
373 2254 609 2320 connexionem
638 2251 739 2337 ipsius
758 2261 790 2318 et
814 2250 1078 2318 conformitatem
1097 2268 1175 2315 cum
1193 2250 1283 2334 obje-

155 2360 370 2438 cto,-scilicet
384 2362 567 2429 veritatem.
589 2361 623 2426 ld
641 2370 753 2430 tamen
773 2368 883 2445 potest
900 2358 999 2424 etiam
1017 2358 1102 2424 actui
1116 2356 1282 2443 opinativo

155 2470 348 2545 convenire,
375 2488 452 2535 nam
480 2476 558 2535 sunt
586 2486 719 2551 quoque
747 2466 919 2552 opiniones
947 2485 1044 2531 verae.
1076 2463 1177 2535 Addit
1204 2483 1282 2550 ergo

158 2576 302 2643 formalis
320 2576 480 2642 certitudo
508 2575 611 2651 aliud,
641 2593 699 2660 per
717 2574 807 2658 quod
832 2574 872 2639 ab
899 2574 1054 2659 opinione
1082 2570 1283 2638 discrimina-

155 2693 228 2762 tur,
250 2702 367 2769 nempe
386 2691 423 2749 ut
441 2681 617 2759 connexio,
644 2701 745 2767 quarn
766 2682 864 2748 habet
888 2700 964 2748 curn
992 2680 1139 2766 objecto,
1165 2679 1282 2745 intrin-

154 2810 226 2858 seca
255 2792 298 2858 sit
322 2811 359 2860 ac
388 2791 583 2873 necessaria;
615 2809 690 2857 nam
720 2799 813 2857 actus
843 2791 1020 2857 formaliter
1047 2795 1156 2854 certus
1182 2789 1281 2854 talem

157 2899 254 2968 habet
273 2898 491 2976 tendendam,
513 2907 549 2965 ut
565 2918 606 2964 ex
618 2917 677 2964 sua
695 2901 811 2966 natura
825 2897 1021 2982 ctexckentia
1039 2896 1081 2961 sit
1095 2896 1278 2972 infallibilis,

158 3007 314 3090 omnique
333 3016 496 3092 repugnet
512 3006 653 3074 falsitati.

140 3175 152 3192 ,
227 3111 307 3182 ilinc
326 3124 433 3199 patet,
453 3123 613 3198 quantum
634 3115 756 3180 distent
775 3113 858 3180 inter
876 3132 914 3180 se
937 3123 1027 3181 actus
1042 3133 1154 3192 verro,
1173 3113 1282 3196 opina·

156 3221 241 3288 linus
259 3241 295 3288 ac
322 3221 498 3288 formaliter
522 3226 639 3291 cotto.
657 3222 732 3290 Non
759 3221 846 3289 enim
874 3221 985 3288 omnis
1003 3231 1094 3290 actus
1117 3239 1214 3289 verus
1232 3227 1282 3286 est

194 3495 235 3557 (r)
270 3489 347 3548 Vide
360 3477 466 3559 Josnnss
490 3487 631 3547 Mertinez
653 3488 689 3546 de
710 3487 844 3560 tripaldi,
860 3490 896 3546 de
911 3489 991 3557 Fide,
1006 3488 1081 3560 disp.
1102 3509 1144 3556 rr,
1169 3501 1237 3547 sect.
1254 3508 1282 3556 ²3

155 3579 245 3639 Suae.
261 3580 295 3639 de
311 3581 390 3648 Fide,
406 3579 482 3652 disp.
498 3579 526 3647 6,
541 3591 609 3636 sect.
628 3595 653 3650 ς,
671 3577 781 3636 Melina
796 3577 826 3635 in
845 3599 854 3635 r
873 3598 902 3650 p.
917 3598 947 3649 q.
968 3599 993 3646 r,
1006 3590 1061 3637 art.
1079 3597 1106 3650 ς,
1121 3575 1281 3646 Haunoid.,

154 3671 193 3728 cie
206 3671 285 3738 Fide,
299 3668 486 3728 Controvers.
501 3690 529 3741 4,
544 3687 572 3726 n.
588 3687 651 3739 27¹3
668 3666 859 3736 Conimbric.,
875 3667 1015 3735 Dialect,
1031 3667 1062 3724 in
1079 3666 1129 3725 lib.
1149 3676 1205 3725 r.··
1220 3667 1284 3724 Po-

154 3759 285 3828 steriorl,
300 3779 363 3830 cap.
379 3759 532 3830 somnes.
552 3779 576 3826 r,
591 3772 647 3817 art.
664 3778 690 3827 33
705 3755 842 3822 Hurtsd,
861 3757 896 3813 de
909 3757 1022 3826 Anias„
1037 3756 1112 3828 disp.
1125 3756 1154 3825 8,
1169 3769 1239 3814 sect.
1253 3774 1283 3829 43

158 3848 314 3921 requiem..
326 3849 445 3906 Pieros
459 3848 622 3914 scientior„
637 3843 714 3919 disp.
728 3865 754 3918 5,
766 3859 869 3918 quaest.
883 3866 908 3914 ις
924 3845 1199 3916 carnuficium,
1210 3845 1284 3903 Piti-

158 3943 214 3998 los.
224 3939 327 3996 mentis
335 3947 362 3995 et
371 3957 458 4005 sens..
467 3935 583 3996 dissert.
598 3955 629 4009 35
641 3935 906 4011 LogicoPiysicm
920 3933 1059 4004 Losssds,
1070 3935 1185 4010 Logia,
1199 3948 1282 3994 tract.

156 4033 186 4097 6,
203 4027 279 4100 disp.
295 4048 321 4097 a,
337 4047 399 4098 cap.
419 4047 441 4094 r,
460 4045 488 4084 n.
504 4046 533 4099 4.
548 4041 603 4086 etc.

216 4118 326 4190 Estque
343 4115 473 4174 definitio
488 4115 549 4174 hee
560 4113 681 4174 omnino
702 4114 738 4173 ed
754 4128 879 4174 mentem
900 4113 1068 4184 Aquinatie,
1086 4112 1138 4186 qui
1152 4133 1211 4172 non
1225 4133 1285 4173 uno

157 4210 191 4268 in
206 4209 268 4267 loeo
289 4205 490 4285 certitudinem
511 4225 563 4278 per
583 4203 820 4264 infallibilitatem
842 4203 1017 4276 cognitionis
1037 4204 1175 4262 declarat.
1196 4205 1283 4263 Est...

157 4298 268 4370 inquit,
288 4297 395 4370 aliquis
415 4295 541 4354 rationis
554 4303 707 4371 processus
730 4295 1091 4364 necessilateminducens‚
1107 4297 1208 4368 inquo
1228 4315 1285 4352 uon

157 4398 205 4449 est
218 4388 355 4463 possibile
373 4407 435 4444 esse
449 4386 583 4444 veritatis
598 4386 749 4457 desidum·
770 4393 798 4442 et
812 4393 865 4458 per
880 4384 970 4458 hujus
981 4385 1108 4442 rationis
1119 4392 1285 4460 processum

155 4479 288 4539 scientioe
307 4477 449 4535 certitudo
469 4477 645 4550 acquiritur.
662 4473 726 4533 Lib.
747 4486 785 4532 r.·
796 4476 910 4533 Poster.
926 4473 1059 4549 Anolyt.,
1074 4474 1140 4532 leet.
1159 4495 1183 4544 ι,
1199 4474 1287 4546 paulo

157 4580 228 4644 poet
247 4565 375 4626 initium.
392 4565 454 4623 Cir.
472 4586 495 4624 1.
512 4583 538 4622 2.
554 4583 583 4637 q.
598 4585 645 4638 4ο,
661 4585 688 4622 a.
704 4585 719 4621 a
734 4563 771 4622 ud
786 4571 854 4633 ψ,
872 4582 897 4621 2.
910 4583 937 4620 a.
950 4584 979 4634 q.
994 4565 1036 4633 18,
1051 4584 1119 4638 a.4;
1134 4563 1285 4633 deVerit.,

157 4681 191 4732 q.
204 4659 231 4725 6,
248 4677 275 4714 a.
290 4677 317 4728 33
332 4658 366 4714 de
381 4654 534 4722 Verrucio,
548 4673 578 4726 q.
590 4674 619 4730 4,
635 4668 693 4713 ert.
707 4673 730 4712 r.
742 4653 779 4712 sd
794 4663 868 4712 ro.¹¹¹
880 4673 888 4722 ;
899 4654 1014 4738 3.·dist.
1026 4655 1071 4725 26,
1082 4675 1112 4728 q.
1128 4674 1155 4712 a.
1171 4675 1198 4712 s.
1212 4672 1240 4727 4.
1257 4653 1288 4712 in

159 4767 255 4820 corp.;
278 4758 316 4804 ιθ
329 4746 489 4804 Posterior.
509 4745 644 4818 Anatyc,
660 4743 715 4804 lect
727 4763 773 4817 44,
792 4763 905 4817 paragr.
921 4763 946 4801 c.

1346 1740 1452 1786 formalis

1305 1813 1410 1859 certitudo
1424 1812 1487 1872 quid.

1308 3138 1369 3192 Quid
1383 3135 1484 3182 differam

1322 3219 1384 3253 ectus
1394 3223 1466 3260 retus,

1334 3280 1458 3334 opinetirus

1319 3360 1340 3395 ct
1357 3351 1475 3395 formaliter
1505 3348 1510 3360 '

1358 3431 1429 3465 certus
