3492 5525
569 442 629 535 898
682 444 809 517 [ocrea
822 442 1071 529 iinon-tm,
1086 466 1148 516 aa·
1161 450 1250 516 Dtse.
1265 466 1312 535 4·
1326 450 1407 516 Car».
1427 466 1496 517 ψ

527 638 575 700 est
584 635 736 717 operatloi
742 686 751 713 ,
765 636 935 702 intendant
944 654 1127 721 cognoscere
1137 637 1320 712 uriniano,
1333 638 1486 721 qaonoao
1497 654 1533 701 sa
1544 635 1653 699 babeat

528 742 563 805 in
580 742 738 826 aliquibus
754 743 863 819 rebus,
883 762 946 809 non
964 748 1067 809 tannen
1083 748 1233 829 quarunt
1246 763 1317 809 mot
1332 748 1370 809 ul
1383 744 1649 829 ultimfinen.

528 846 601 915 Non
617 849 700 915 enim
716 850 918 917 considam
936 870 1064 917 causan
1079 851 1224 916 writatts
1243 854 1417 917 mndmn
1429 868 1464 916 se
1479 855 1514 915 et
1525 854 1651 933 propter

527 974 576 1031 sa,
595 958 652 1021 sed
667 956 844 1023 acinano
860 960 905 1023 od
913 958 1013 1043 finem
1035 958 1227 1040 operationis
1241 959 1309 1023 siaa
1328 958 1518 1040 oppilando
1533 958 1579 1021 ad
1593 956 1651 1020 ali·

527 1066 611 1148 quod
621 1064 859 1131 determinatum
867 1067 1062 1148 particulare
1077 1070 1110 1131 et
1124 1068 1169 1130 ad
1179 1067 1310 1150 aliquod
1324 1066 1568 1131 &minatam
1582 1070 1651 1129 len-

523 1179 586 1253 pas
597 1169 663 1259 (ι).
683 1170 792 1248 Quare
806 1175 1029 1240 communiter
1040 1173 1102 1239 dici
1116 1175 1201 1239 solet
1213 1173 1381 1239 scientiam
1399 1174 1648 1257 speculativam,

528 1298 600 1345 esse
611 1280 718 1363 gralia
731 1280 784 1345 sui
791 1328 800 1355 ,
817 1290 851 1345 et
867 1298 1007 1365 quarere
1018 1282 1099 1346 scire
1110 1285 1238 1363 propter
1249 1280 1351 1362 ipsunt
1362 1280 1464 1361 scir·e,·
1479 1278 1648 1364 practicam

528 1403 606 1453 vero
633 1404 706 1453 esse
731 1386 838 1471 gratia
862 1388 982 1470 operm,
1009 1397 1043 1452 et
1067 1406 1206 1473 quarere
1232 1388 1313 1454 scire
1334 1392 1463 1469 propter
1486 1386 1650 1452 utilitatem

526 1492 628 1577 operis
643 1490 709 1581 (2).

594 1599 653 1665 llic
671 1600 781 1666 autem
809 1602 911 1686 probe
929 1610 1026 1676 nota,
1054 1602 1188 1684 quanda
1205 1601 1362 1667 docemus
1386 1600 1561 1667 scientiam
1580 1620 1649 1684 spe·

527 1707 698 1773 culativam
714 1717 747 1771 et
766 1708 941 1791 practicam
959 1708 1025 1773 tine
1042 1708 1185 1783 dillerre,
1201 1709 1235 1774 id
1253 1708 1506 1793 intelligendum
1522 1726 1594 1775 esse
1611 1708 1647 1771 de

527 1814 593 1880 fine
611 1814 712 1898 ipsius
729 1814 891 1892 scientie,
912 1835 980 1881 non
998 1834 1078 1882 vero
1091 1816 1133 1881 de
1146 1814 1213 1881 stne
1226 1815 1374 1892 scientis,
1391 1834 1502 1899 perse
1517 1817 1647 1898 loquen

526 1921 583 1989 do.
602 1922 716 2005 Neque
730 1922 817 1988 enim
837 1921 913 1989 linis
929 1923 1061 1989 scientis
1079 1922 1200 1989 variare
1219 1931 1328 2006 potest
1342 1924 1503 1988 rationem
1522 1920 1644 2007 practici

526 2029 577 2094 vel
605 2029 807 2113 speculativi.
834 2029 914 2095 «Sic
941 2030 1091 2105 scientia,
1125 2048 1190 2113 qua
1217 2030 1427 2115 cognoscitur
1455 2030 1546 2095 Deus
1572 2048 1642 2094 cum

526 2135 687 2203 attributis
709 2136 832 2221 ipsius,¹
850 2138 1049 2221 speculativa
1074 2146 1142 2213 est,
1168 2138 1425 2222 quamtumlibet
1446 2138 1521 2222 ipse
1544 2140 1643 2203 sciens

525 2242 626 2309 finem
645 2244 786 2328 aliquem
805 2244 1026 2312 extrinsecum
1042 2263 1100 2329 per
1117 2246 1205 2311 illam
1223 2244 1284 2311 sibi
1299 2252 1464 2330 proponat
1480 2244 1643 2327 acquiren-

524 2351 619 2417 dum.
640 2350 792 2435 Alioquin
812 2372 896 2419 vana
913 2354 996 2419 toret
1013 2352 1131 2419 divisio
1154 2352 1363 2419 scientiarum
1381 2354 1416 2417 in
1440 2353 1597 2437 practicae
1612 2358 1641 2414 et

525 2458 756 2543 speculativas,
777 2478 853 2526 nam
873 2454 1029 2544 quaelibet
1052 2470 1163 2543 posset
1187 2459 1325 2544 practica
1341 2460 1480 2524 evadere
1502 2468 1559 2523 aut
1574 2477 1640 2542 spe·

524 2566 663 2634 culativa
682 2568 777 2652 juxta
801 2566 957 2652 placitum
980 2566 1194 2644 addiscentis,
1214 2568 1305 2651 quod
1323 2576 1374 2633 est
1391 2567 1578 2633 ridiculum.
1597 2566 1638 2629 Ac

526 2673 605 2740 ratio
629 2693 647 2738 a
665 2672 763 2758 priori
782 2682 849 2752 est,
865 2676 942 2759 quia
961 2673 1090 2741 habitus
1106 2673 1265 2759 practicus
1283 2664 1417 2749 dicitur,
1432 2692 1474 2739 eo
1491 2674 1580 2757 quod
1596 2672 1639 2737 di·
1717 2725 1719 2734 .

526 2781 665 2848 rectivus
683 2782 726 2848 sit
743 2782 958 2868 operationis3
976 2783 1065 2866 quod
1080 2802 1159 2850 vero
1172 2794 1246 2848 actu
1264 2801 1331 2848 non
1356 2781 1475 2867 dirigat
1489 2801 1547 2866 per
1563 2783 1639 2846 dire·

524 2888 668 2956 ctionem
695 2901 728 2956 et
753 2891 971 2957 intentionem
997 2891 1210 2967 addiscentis,
1245 2911 1303 2975 per
1328 2890 1476 2956 accidens
1501 2899 1568 2966 est,
1586 2907 1638 2953 nec

524 2996 610 3063 illius
629 3007 735 3066 mutat
755 3006 921 3064 naturam:
942 2999 1025 3066 sicut
1045 3000 1157 3083 regula
1169 3017 1302 3081 semper
1314 2999 1387 3064 talis
1405 3008 1473 3073 est,
1494 2997 1638 3081 quamvis

524 3106 564 3171 ad
583 3106 794 3190 regulandam
815 3124 882 3172 non
901 3105 1093 3191 applicetur.
1113 3106 1159 3172 lta
1178 3104 1353 3191 Cajetanus
1371 3103 1441 3194 (3),
1469 3105 1639 3172 Ferrariam

524 3213 569 3279 sis
586 3211 639 3300 (4)
656 3221 689 3278 et
717 3211 795 3279 Soto
814 3210 879 3300 (5).
909 3214 1062 3279 Fatemur
1078 3225 1191 3280 tamen
1218 3212 1319 3279 finem
1347 3214 1479 3280 scientis
1507 3213 1636 3278 modum

524 3329 651 3388 mutare
669 3319 702 3386 in
722 3319 933 3404 acquisitione
951 3321 1110 3397 scientiae,
1133 3321 1424 3405 operationemque
1442 3332 1474 3387 et
1493 3320 1634 3386 habitum

524 3427 699 3512 practicum
727 3427 859 3493 reddere
888 3447 955 3493 non
973 3428 1107 3511 quidem
1125 3445 1255 3512 perse,
1285 3428 1345 3494 sed
1367 3429 1460 3511 quasi
1488 3447 1545 3512 per
1560 3429 1637 3492 acci·

523 3536 604 3600 dens
622 3545 654 3600 et
669 3533 924 3601 occasionaliter.
944 3533 1055 3600 Veluti
1073 3536 1099 3600 si
1113 3537 1188 3618 quis
1205 3535 1350 3619 acquirat
1363 3535 1532 3601 scientiam
1549 3535 1588 3600 de
1607 3553 1637 3599 re
1714 3546 1715 3575 ³

522 3641 674 3727 operabili
705 3661 771 3708 non
800 3644 911 3708 animo
945 3643 1117 3726 operandi,
1147 3645 1206 3710 sed
1239 3643 1461 3728 cognoscendi
1493 3651 1635 3708 naturam
1714 3731 1716 3739 Ι

464 3789 468 3798 ,
521 3750 621 3826 illius,
654 3749 797 3833 procedit
826 3749 979 3832 quidem,
1011 3770 1052 3816 ex
1079 3750 1253 3834 accidenti,
1289 3749 1493 3834 speculativo
1528 3749 1635 3825 modo;

521 3857 674 3941 quivero
701 3857 837 3924 addiscit
864 3857 975 3924 animo
993 3857 1165 3942 operandi,
1192 3858 1337 3942 procedit
1361 3858 1514 3942 practico.
1533 3861 1636 3940 Atque
1713 3888 1714 3911 ι

556 4115 596 4176 (r)
633 4107 668 4166 S.
682 4107 798 4178 Thom.,
815 4119 856 4164 a.⁰
870 4106 1047 4182 Melapltys„
1062 4107 1127 4165 lect.
1143 4127 1170 4164 a.
1186 4121 1253 4180 post
1265 4104 1331 4164 init.

554 4203 595 4265 (a)
632 4196 707 4255 Vide
721 4196 853 4265 Ariston,
878 4197 944 4254 libr.
963 4217 974 4254 r
995 4197 1137 4271 Metapa,
1156 4217 1219 4268 cap.
1247 4205 1294 4266 1.·,
1319 4195 1386 4254 libr.
1410 4207 1452 4269 3.·
1474 4199 1509 4254 tle
1528 4195 1636 4259 Anien„

519 4279 653 4360 text.'49;
673 4285 705 4344 S.
721 4286 837 4352 Thous..
854 4285 920 4344 libr.
938 4307 950 4344 r
968 4286 1207 4359 Metaplrysicor„
1222 4299 1294 4345 sect.
1311 4295 1350 4344 r.¹
1371 4306 1401 4345 n.
1417 4307 1445 4356 ας
1469 4307 1481 4344 r
1497 4307 1526 4358 p.
1549 4305 1579 4357 q.
1598 4305 1636 4356 ¹⁴·

519 4391 575 4435 art.
594 4377 641 4445 163
657 4375 722 4434 libr.
738 4384 777 4450 3.·
790 4377 824 4434 cle
838 4377 952 4442 Anien,
970 4375 1036 4433 leet.
1054 4392 1097 4446 153
1109 4375 1144 4433 de
1159 4375 1265 4446 Verri..
1280 4389 1385 4448 qutest.
1402 4399 1434 4450 3,
1456 4390 1512 4436 art.
1528 4399 1554 4449 3.
1576 4375 1636 4434 Cir.

520 4465 662 4532 Lossada‚
679 4466 808 4538 Lapico,
825 4477 908 4523 tract.
927 4485 951 4534 r,
966 4463 1043 4537 disp.
1063 4486 1084 4532 1,
1102 4485 1165 4538 cap.
1179 4486 1207 4540 9,
1223 4486 1253 4524 n.
1270 4487 1297 4539 3.

554 4559 595 4626 (3)
633 4553 665 4612 ln
683 4575 705 4611 r.
722 4573 751 4625 p.
765 4573 797 4626 q,
817 4575 859 4626 14,
877 4575 905 4612 a.
924 4555 966 4612 16.

553 4647 594 4717 (4)
633 4643 665 4702 ln
679 4642 746 4702 libr.
763 4654 804 4718 3.·
816 4654 908 4704 contr.
924 4641 1020 4713 Gne,
1035 4665 1099 4718 cap.
1113 4663 1158 4703 ao.

554 4738 596 4808 (5)
634 4731 666 4793 ln
680 4745 788 4805 quaeet.
801 4753 819 4806 ⁴
833 4735 995 4809 pnaoemial.
1010 4735 1042 4793 in
1053 4734 1204 4812 lops'cam.
