3492 5525
267 509 384 575 Anrrc'.
405 510 568 590 1.¹¹·Quro
582 528 604 575 e
617 527 823 587 Quorunisx
836 528 1095 590 consequemur
1151 532 1210 599 3oq

189 692 349 760 Praeterea
377 692 406 759 si
432 693 526 777 sequi
553 700 663 779 potest
689 712 732 761 ex
757 694 952 780 impossibili
972 699 1204 779 necessarium,
1232 720 1251 767 a

121 798 247 865 fortiori
266 800 477 887 contingens.
577 800 581 809 ’
1169 794 1175 805 ’

191 905 298 973 Tertia
310 915 402 991 pars.
430 909 514 975 Nam
534 926 621 994 saepe
639 908 853 993 impossibilia
881 912 1082 999 colliguntur
1105 914 1138 980 in
1163 914 1250 981 bona

11 999 12 1026 ³
118 1016 355 1099 consequentia
390 1018 560 1101 formaque
597 1016 905 1103 argumentationis.
939 1019 1041 1105 Atqui
1079 1040 1119 1088 ex
1155 1020 1249 1087 dictis

118 1141 187 1187 non
216 1131 357 1207 possunt
384 1123 492 1189 inferri
511 1126 580 1191 sive
599 1144 641 1190 ex
660 1124 841 1191 necessario
868 1126 939 1193 sive
961 1148 1003 1195 ex
1030 1128 1245 1214 contingenti.

117 1230 205 1315 Ergo
223 1231 385 1314 reliquum
410 1242 479 1309 est,
501 1239 538 1297 ut
556 1240 736 1315 sequantur
754 1252 795 1298 ex
814 1233 876 1299 alio
905 1234 1110 1318 impossibili.
1131 1236 1250 1302 Exem-

117 1339 229 1421 plum:
251 1340 310 1405 Leo
326 1339 448 1406 ratione
469 1339 591 1405 utitur:
616 1357 692 1423 ergo
710 1340 797 1406 meno
810 1344 874 1407 est:
898 1338 1152 1431 (impossibilis):
1173 1360 1247 1427 ergo

115 1443 468 1535 existit(contingens):
488 1466 559 1530 ergo
576 1441 753 1513 nebstuntia
766 1452 815 1513 est
828 1445 1056 1537 (necessaria).

161 1558 295 1636 Regula
312 1560 362 1637 7.⁸
408 1554 575 1639 Quidquid
589 1557 653 1620 stet
672 1572 744 1620 cum
765 1556 969 1631 antecedenti,
996 1560 1062 1623 stat
1082 1574 1154 1623 cum
1174 1576 1249 1624 con·
1362 1583 1381 1619 .-

115 1662 256 1753 sequenti
258 1682 273 1743 ‚·
290 1680 355 1727 non
372 1664 475 1727 tanuen
492 1679 681 1738 ecoeroerso,
697 1661 854 1753 quidquid
865 1666 931 1730 stat
948 1682 1019 1730 cum
1032 1666 1245 1751 consequenti,

114 1772 182 1856 stat
193 1768 289 1833 ettam
301 1787 372 1835 cum
386 1772 595 1836 antecedente.

183 1876 265 1942 Aliis
280 1877 405 1943 verbis:
425 1876 590 1963 an'dquid
602 1895 676 1943 aere
687 1878 871 1943 munienter
883 1880 922 1943 de
935 1880 1139 1957 antecedente,
1147 1884 1249 1963 potest

97 1984 209 2049 'etiam
233 1984 400 2049 conuenire
426 1984 642 2069 consequenti;
669 1987 808 2050 sednon
833 1984 988 2052 ve'eissirn:
1016 2006 1049 2053 v.
1076 2006 1111 2072 g.
1134 1986 1166 2052 in
1187 1988 1247 2052 hac
1341 2032 1344 2040 «

11 2121 12 2124 “
111 2092 363 2175 consequentia:
384 2092 440 2158 Est
463 2092 564 2158 horno:
586 2110 657 2176 ergo
678 2096 725 2158 est
750 2092 890 2175 animal;
917 2102 983 2160 stat
1001 2112 1077 2160 cum
1109 2094 1245 2161 homine

113 2201 207 2284 quod
223 2199 266 2265 sit
284 2199 493 2275 rationabitis,
509 2200 659 2277 risibiles,
680 2200 776 2281 bipes.
803 2199 887 2286 Ergo
905 2203 975 2267 haec
994 2201 1109 2268 eadem
1130 2201 1245 2285 praedi-

111 2316 186 2373 cata
202 2300 270 2374 non
299 2316 485 2392 repugnant
512 2306 660 2384 animali,
685 2308 743 2373 sed
762 2317 902 2392 possunt
925 2309 1031 2375 eidem
1054 2308 1242 2378 convenire.

111 2415 235 2481 Contra
249 2433 344 2492 vero,
361 2423 426 2481 stat
444 2434 520 2481 cum
536 2415 667 2480 animali
686 2415 777 2498 quod
791 2416 832 2483 sit
847 2418 1042 2500 quodnupes,
1062 2414 1255 2493 cornutum,

112 2524 248 2609 nagibile
266 2532 343 2591 etc:
365 2542 439 2607 quae
458 2530 570 2589 tamen
590 2515 762 2607 nequeunt
776 2524 934 2590 enuntiari
954 2525 995 2590 de
1016 2524 1162 2591 homine.

182 2631 293 2697 Prima
315 2638 395 2713 pars
422 2631 589 2715 probatur.
611 2630 713 2696 Secus
737 2632 825 2697 enim
846 2652 983 2698 exuero
1006 2632 1098 2716 sequi
1122 2631 1241 2701 falsum

112 2747 243 2826 posset.
264 2739 391 2806 Etenim
414 2738 574 2824 quidquid
597 2746 663 2805 stat
681 2756 756 2806 curn
777 2740 1005 2818 antecedente,
1024 2740 1176 2824 relinquit
1194 2741 1243 2807 in-

115 2859 239 2916 tactam
255 2847 426 2914 veritatem
445 2848 542 2928 illius;
564 2847 656 2930 quod
670 2866 750 2912 vero
768 2867 834 2913 non
856 2855 922 2914 stat
944 2867 1020 2916 curn
1040 2866 1243 2933 consequen-

109 2967 163 3032 te,
184 2953 331 3021 falsificat
359 2954 452 3023 illud.
473 2953 616 3020 Aliunde
644 2969 723 3020 vero
742 2955 902 3038 quidquid
922 2964 986 3021 stat
1009 2974 1086 3021 cum
1115 2965 1243 3023 antece·

109 3065 228 3138 dente,
243 3081 308 3128 non
325 3061 463 3128 destruit
477 3063 748 3145 consequentiam
763 3048 905 3139 bonam,
923 3081 981 3128 seu
996 3063 1240 3131 connexionem

111 3171 218 3246 illius,
249 3188 326 3236 cum
354 3177 589 3253 consequente,
624 3169 707 3255 Ergo
735 3167 762 3236 si
790 3188 906 3236 verum
939 3189 1004 3237 non
1025 3172 1119 3247 foret,
1151 3173 1241 3255 quod

108 3277 257 3363 praecipit
275 3277 379 3363 prima
398 3293 472 3362 pars
491 3275 589 3362 hujus
606 3278 739 3362 regulae,
756 3297 799 3343 ex
812 3297 891 3345 vero
905 3279 1238 3364 sequereturjlalsum.

177 3384 324 3451 Secunda
336 3391 427 3467 pars.
448 3381 535 3460 Quia
552 3384 578 3451 si
593 3384 753 3468 quidquid
768 3392 833 3450 stat
847 3402 924 3450 cum
942 3387 1166 3469 consequenti,
1184 3406 1241 3453 ne-

106 3493 252 3560 cessario
270 3500 369 3558 staret
391 3509 468 3558 curn
488 3491 712 3569 antecedenti,
738 3493 856 3558 veritas
879 3493 1110 3576 consequentis
1130 3511 1241 3561 neces-

105 3600 193 3668 sario
213 3601 392 3684 postularet
409 3599 581 3665 veritatem
597 3600 819 3666 antecedentis
838 3599 870 3664 in
886 3600 973 3666 bona
991 3602 1237 3684 consequentia,

105 3726 169 3774 seu
189 3725 256 3772 non
276 3716 387 3790 posset
406 3725 522 3772 verum
541 3726 583 3772 ex
602 3707 683 3773 salso
701 3707 826 3782 inferri,
852 3724 911 3773 seu
930 3706 1104 3772 affirmatio
1123 3726 1239 3775 conse·

105 3815 243 3902 quentis
261 3816 405 3884 traheret
415 3815 637 3881 antecedentis
652 3813 924 3880 affirmationem:
941 3832 1016 3898 quae
1034 3815 1146 3880 omnia
1159 3826 1238 3883 sunt

104 3932 222 3990 contra
236 3923 306 4007 jam
325 3931 465 3990 statutas
484 3923 626 4008 regulas.

151 4036 286 4114 Regula
302 4029 357 4098 8.·
405 4028 570 4115 Quidquid
585 4032 738 4114 repugnat
748 4028 961 4115 consequenti,
978 4035 1134 4116 repugnat
1150 4035 1238 4099 anu·
1353 4059 1372 4094 .·

104 4139 245 4213 cedenti,
261 4155 326 4202 non
338 4155 413 4203 uero
429 4138 498 4202 vice
509 4155 614 4205 versa.

176 4244 238 4310 Vel
266 4252 304 4310 ut
331 4243 382 4310 alii
410 4242 600 4310 enuntiant:
630 4245 679 4311 Ex
701 4245 837 4327 opposito
852 4245 1077 4329 consequentis,
1096 4246 1239 4332 sequitur

102 4353 278 4436 oppositum
290 4350 513 4433 antecedentes·
528 4370 639 4417 aerum
651 4369 691 4416 ex
703 4351 838 4434 opposito
850 4352 1058 4419 antecedentis
1078 4372 1141 4419 non
1159 4372 1238 4420 sem-

105 4469 166 4544 per
180 4462 324 4546 sequitur
340 4459 512 4542 oppositum
529 4459 755 4545 consequentis.

172 4567 287 4644 Ratio,
311 4565 388 4652 quia
406 4587 448 4633 ex
467 4569 642 4653 negatione
669 4567 902 4651 consequentis
920 4567 1083 4654 colligitur
1105 4586 1238 4654 semper

106 4677 240 4763 negatio
262 4675 504 4750 antecedentis,
534 4693 601 4741 non
629 4683 740 4741 autem
760 4675 923 4758 vicissim;
952 4677 1235 4760 quemadmodum

106 4795 281 4854 ostensum
301 4783 403 4852 estin
423 4781 479 4849 2.⁸
495 4781 632 4868 Regula.
812 4783 816 4792 '
