3492 5525
276 451 295 534 5
315 448 364 515 111.
379 430 627 515 Panosomna'
646 469 749 516 onroo
771 470 814 515 rar
835 468 1045 517 rnoonessus
1145 472 1182 537 4¹

97 636 248 703 veritates
263 634 419 700 naturalis
432 633 554 707 ordinis
569 634 637 701 sive
655 636 871 720 speculativas
889 636 959 702 siue
978 637 1133 720 practicas
1145 642 1225 703 con·

96 742 236 818 tinebat,
252 762 271 808 a
290 743 412 826 quibus
432 741 621 827 Philosophi
643 742 764 809 ethnici
779 742 968 827 turpissime
982 744 1222 827 aberraverant3

96 860 290 934 tantamque
312 849 398 916 illico
426 849 652 916 efficacitatem
682 836 724 917 ac'
748 851 904 917 virtutem
933 852 1097 935 patefecit,
1122 860 1159 918 ut
1182 853 1223 917 de

97 958 251 1025 omnibus
278 956 450 1025 calumniis
470 958 618 1033 illorum,
644 957 1019 1044 impugnationibusque
1039 960 1149 1026 omnis
1166 980 1223 1046 ge-

98 1066 196 1141 neris,
212 1085 251 1131 ac
262 1068 302 1132 de
313 1066 538 1133 Romanorum
550 1066 787 1149 imperatorum
802 1066 948 1151 potentia
959 1068 1094 1134 tandem
1105 1069 1223 1134 trium·

97 1174 216 1256 pharit,
234 1175 340 1240 immo
355 1192 433 1240 vero
453 1174 486 1240 in
505 1191 623 1239 omnes
643 1174 885 1258 philosophicas
903 1175 1034 1241 scholas
1058 1176 1221 1242 actionem

97 1300 185 1346 suam
197 1283 391 1351 exercuerit.
406 1282 469 1349 Vix
479 1283 566 1347 enim
579 1282 645 1347 ulla
658 1283 764 1348 extitit
776 1292 850 1366 post
860 1282 1044 1348 institutam
1061 1304 1079 1348 a
1091 1284 1224 1350 Christo

98 1388 237 1455 Domino
250 1390 426 1455 Ecclesiam
442 1399 546 1465 secta,
573 1389 606 1454 in
630 1406 696 1473 qua
712 1407 778 1455 non
802 1390 998 1476 detegantur
1012 1392 1149 1476 vestigia
1163 1392 1223 1456 do-

97 1496 203 1562 ctrinae
219 1498 304 1563 illius
323 1497 364 1562 ab
378 1498 519 1563 increata
538 1495 697 1582 sapientia
711 1498 752 1563 de
766 1499 845 1563 caelo
861 1497 957 1565 nobis
970 1499 1086 1565 allatae.

157 1604 196 1671 Et
224 1605 317 1670 initio
345 1606 481 1689 quidem
505 1606 648 1671 cultores
673 1606 855 1671 christianae
884 1606 1041 1673 doctrinae
1070 1607 1222 1672 homines

95 1714 179 1777 suere
199 1714 298 1778 rudes
312 1722 413 1797 atque
427 1712 584 1788 illiterati,
608 1713 736 1799 rhfirma
746 1714 829 1779 enim
842 1714 956 1778 mundi
968 1714 1063 1801 elegit
1073 1714 1171 1790 Deus,
1188 1718 1226 1779 ut

89 1820 186 1903 sortia
200 1838 330 1906 quaque
350 1821 566 1889 contunderet
589 1818 654 1907 (r).
678 1822 835 1887 Praeterea
850 1820 959 1887 Patres
981 1820 1076 1906 primi
1097 1821 1219 1899 saeculi,

97 1938 127 1991 ut
141 1948 182 1993 ex
192 1946 310 1993 eorum
327 1926 477 2013 Epistolis
491 1948 510 1993 a
524 1926 687 1993 Cotelerio
698 1928 792 1994 editis
804 1928 957 2006 infertur,
972 1929 1100 1994 nulium
1112 1927 1222 2013 praesi-

96 2036 179 2101 dium
188 2032 1221 2121 adpropagandamdefendendamqueReligionemchristianam

96 2144 124 2205 in
142 2142 352 2227 Philosophia
370 2143 569 2226 quaesivere:
587 2141 619 2206 id
633 2143 743 2224 quod,
761 2151 798 2209 ut
812 2143 964 2209 observat
980 2142 1142 2228 Origenes
1154 2140 1218 2230 (a),

95 2250 334 2333 sapientissimo
345 2250 481 2316 consilio
495 2247 592 2315 aueo
603 2225 772 2334 provisum
787 2258 853 2327 est,
867 2259 903 2315 ut
919 2249 1079 2316 nedivina
1094 2248 1220 2336 Religio

96 2358 163 2425 ullis
173 2359 332 2424 humanae
342 2354 510 2441 sapientiae
522 2356 726 2441 argumentis
739 2356 850 2422 innixa
860 2357 1037 2425 videretur.
1051 2357 1095 2425 At
1106 2339 1219 2441 postea

95 2466 186 2530 etiarn
202 2465 322 2531 eruditi
336 2464 395 2531 vin'
415 2473 448 2529 et
472 2462 660 2546 Philosophi
675 2464 841 2529 caelestem
868 2463 1050 2530 doctrinam
1075 2466 1218 2550 amplexi

95 2584 186 2649 sunt,
199 2571 437 2653 utS.Justinus
447 2572 512 2646 M.,
526 2569 772 2656 Athenagoras,
788 2571 964 2648 Aristides,
978 2572 1133 2638 Clemens
1144 2572 1220 2637 Ale·
1313 2657 1316 2663 Ι

95 2680 288 2758 xandrinus,
301 2678 522 2745 Tertullianus
532 2678 671 2763 aliique,
689 2678 745 2762 qui
761 2676 890 2764 scriptis
903 2680 1128 2745 suisinanium
1141 2680 1220 2745 deo-

95 2807 160 2853 rum
179 2789 308 2856 cultum
329 2787 511 2863 irriserunt,
530 2804 655 2852 errores
672 2787 845 2872 gentilium
860 2789 1088 2863 confutarunt,
1106 2807 1217 2852 veram

93 2895 282 2979 sapientiam
303 2904 546 2979 exposuerunt,
570 2895 749 2979 Fidcmque
768 2893 889 2962 Christi
903 2896 945 2960 ab
960 2896 1218 2961 adversariorum

93 3004 261 3070 calumniis
282 3004 498 3070 vindicarunt.
515 3001 591 3073 Quo
611 2983 643 3066 iri
658 3021 769 3086 opere,
788 3004 861 3069 licet
875 3005 987 3069 Patres
1000 3003 1148 3070 Ecclesiae
1163 3003 1219 3068 ali-

93 3113 223 3192 quando
246 3111 394 3177 acerbius
419 3112 470 3176 vel
494 3117 608 3175 contra
631 3108 826 3194 insigniores
849 3109 1052 3194 antiquitatis
1075 3111 1219 3177 Philoso-

94 3219 183 3302 phos,
209 3238 247 3283 ac
267 3217 462 3285 nominatim
482 3229 596 3283 contra
614 3218 784 3294 Platonem
808 3215 859 3305 (3)
881 3229 913 3283 et
935 3217 1145 3283 Aristotelem
1167 3214 1219 3305 (4)

94 3347 145 3408 pro
169 3335 362 3411 temporum
387 3326 548 3410 adjunctis
575 3324 775 3408 scripserint;
803 3323 901 3392 iidem
921 3337 1033 3392 tamen
1052 3327 1130 3390 alias
1151 3344 1216 3391 non

92 3435 278 3502 dubitarunt
293 3435 404 3518 plura,
419 3452 494 3515 quae
506 3431 547 3496 ab
567 3433 720 3510 ethnicis,
743 3433 815 3516 ipso
835 3440 960 3498 naturae
980 3433 1104 3499 lumine
1119 3432 1215 3510 duce,

93 3561 161 3608 vere
187 3541 420 3626 sapienterque
443 3539 527 3606 dicta
547 3541 697 3616 luissent,
727 3539 917 3624 decerpere,
946 3551 1044 3624 atque
1067 3540 1100 3604 in
1125 3559 1216 3605 reve-

93 3649 157 3716 latae
182 3649 341 3716 doctrinae
371 3647 589 3714 commodum
615 3646 858 3730 utilitatemque
880 3657 1083 3714 convertere.
1113 3648 1217 3730 Hujus

121 3941 159 4002 (ι)
198 3933 293 4008 Epist.
311 3933 321 3992 l
337 3933 374 3991 ad
388 3931 459 3990 Cor.
475 3951 499 3988 c.
519 3952 542 3989 r.
559 3951 588 3990 v.
603 3951 648 4006 27.

122 4031 160 4092 tal
200 4026 301 4084 Contr.
316 4021 434 4082 Celsum
448 4021 499 4080 lib.
516 4043 531 4093 3
546 4041 609 4093 cap.
627 4043 671 4094 39.

122 4123 159 4188 (l)
197 4115 274 4172 Vide
294 4111 469 4170 Tertullian.
491 4112 536 4169 De
550 4112 652 4168 Arnim.
675 4111 749 4184 Cap.
773 4133 797 4170 a.
823 4113 873 4171 ubi
894 4113 1068 4171 «Platonem
1083 4113 1215 4172 omnium

92 4204 287 4264 hereticorum
302 4198 564 4260 condimentarium
580 4200 710 4258 iactum»
730 4221 794 4260 esse
807 4203 918 4262 scribit.
936 4201 998 4260 etr.
1016 4203 1086 4260 Ern.
1104 4202 1213 4262 Salam.

93 4293 270 4366 Cyprianum
285 4290 432 4359 Diatribe,
447 4309 506 4362 qua
517 4290 694 4363 expenditur
704 4292 782 4348 illud
798 4293 981 4350 Tertulliani
996 4300 1216 4351 «naereticorum

91 4391 240 4454 patriarcba
262 4387 466 4452 Philoeopbi,»
490 4391 520 4436 et
535 4376 730 4450 Sanseverin,
745 4381 899 4440 Elementa
917 4381 1030 4440 Pteros.
1046 4383 1217 4441 christianae

94 4492 148 4529 cum
159 4473 283 4544 antiqua
296 4479 325 4528 et
336 4488 412 4528 noua
425 4475 610 4544 conparate,
625 4467 692 4527 Vol.
712 4471 887 4545 r,Epilonre
898 4469 977 4530 lter.
992 4470 1075 4530 Phil.
1092 4491 1121 4544 p.
1135 4471 1215 4541 xlll,

92 4581 115 4618 rn
129 4577 189 4621 not.

119 4656 156 4724 lq)
193 4647 397 4718 Tertullum,
413 4645 446 4706 S.
463 4645 586 4720 Gregor.
602 4645 739 4707 Nazianz.
755 4663 784 4708 et
799 4648 832 4710 S.
849 4649 995 4723 Epiphan.
1011 4651 1090 4724 apud
1107 4652 1142 4711 P.
1155 4653 1217 4712 Pe-

92 4753 159 4798 trum
172 4741 321 4809 Foneeca,
337 4757 385 4809 op.
402 4735 450 4796 eit.
465 4755 587 4810 prooem.
601 4735 675 4810 Cap.
687 4756 712 4808 5.
