3492 5525
544 370 620 455 1146
653 370 781 438 Locren
794 372 1024 449 Menon-Lis.
1042 391 1113 453 μ’,
1129 376 1221 444 ὓιεΡ.
1236 376 1283 441 6.·
1297 378 1378 443 Cle.
1396 393 1467 441 ow

499 566 591 625 tctus
609 560 775 636 mentalis,
795 558 901 627 immo
919 560 1022 644 prima
1041 562 1171 629 nonnisi
1189 562 1363 647 improprie
1377 562 1513 649 objectis
1530 572 1619 646 apta-

500 664 524 731 ri
545 674 667 749 potest.
697 669 854 735 Praeterea
880 668 1052 736 affirmatio
1080 677 1114 735 et
1132 670 1261 756 negatio
1285 672 1374 756 apud
1398 670 1538 756 logicos
1564 690 1620 754 pe·
1724 681 1726 712 ἰ

499 772 589 840 rinde
608 783 659 841 est
690 794 727 841 ac
749 776 927 859 compositio
950 797 969 842 e
995 778 1123 844 divisio.
1153 778 1197 843 At
1222 778 1400 861 composino
1426 780 1480 844 oet
1504 780 1620 843 divisio
1724 787 1726 828 l

496 880 632 964 watto
645 884 789 968 modom
806 888 854 949 est
867 884 1044 951 intellectio
1059 882 1112 972 (1)
1132 894 1168 951 ut
1181 885 1290 952 scribit
1306 886 1342 953 S.
1358 886 1516 977 Thomas.
1538 887 1619 952 Hinc

497 988 585 1055 idern
606 988 641 1058 S.
662 990 784 1057 Doctor
805 991 926 1057 ibidem
951 992 1073 1059 docuit:
1104 993 1329 1075 Propositionis
1347 999 1409 1075 per
1426 994 1619 1059 inteucctuta
1724 1047 1726 1076 ἱ

496 1102 724 1181 componentem
735 1103 769 1165 et
781 1100 1120 1185 dioritcnmmforrnato
1135 1101 1312 1183 conpositio
1325 1101 1360 1167 in
1377 1102 1445 1183 ipso
1458 1102 1619 1167 intellectu
1724 1081 1726 1132 ³

497 1205 613 1283 existit,
634 1221 697 1272 non
714 1208 750 1272 in
764 1226 812 1285 rc,
830 1224 902 1292 quo
916 1212 1008 1275 extra
1021 1209 1162 1275 aninum
1172 1211 1223 1275 est
1236 1206 1300 1297 (2).
1724 1239 1726 1252 =

563 1320 796 1383 confirmatur
813 1316 883 1382 hoec
902 1316 1047 1383 doctrina
1065 1318 1163 1384 relate
1185 1318 1227 1383 ad
1251 1316 1476 1384 definitionem
1495 1325 1530 1382 et
1546 1337 1622 1402 pro

498 1420 694 1506 positionem
721 1424 912 1490 auctoritate
935 1442 1088 1509 expressa
1115 1424 1151 1494 S.
1179 1424 1332 1491 Thomae:
1360 1426 1537 1491 intellectus
1560 1444 1619 1491 suo

496 1530 745 1617 mbbncsonmot
760 1532 809 1597 rei
824 1532 1049 1609 definitionem,
1065 1536 1115 1598 oct
1126 1534 1219 1600 etiam
1227 1534 1468 1616 propositionem
1479 1534 1621 1617 officina·

497 1639 595 1707 tioam
611 1656 665 1705 scu
685 1640 875 1725 negativam.
894 1642 970 1707 Hace
991 1645 1095 1706 cunm
1111 1644 1266 1724 conceptio
1288 1643 1457 1708 inteltutcs
1477 1642 1510 1707 in
1529 1643 1620 1707 notr‘s
1724 1695 1726 1724 ,

490 1747 618 1830 proprie
634 1749 763 1814 vertam
774 1748 909 1818 dictitet:
929 1750 984 1815 boc
1001 1750 1084 1815 enim
1105 1752 1167 1828 est,
1195 1752 1279 1835 quod
1295 1752 1386 1816 verbo
1403 1750 1557 1817 exprim
1576 1751 1621 1815 51.
1724 1751 1726 1776 ÷

495 1852 750 1944 obmittit)-
1235 1882 1238 1886 ¹

563 1963 711 2047 Denique
725 1964 956 2051 syllogismum
971 1974 1004 2031 et
1021 1966 1296 2033 ratiocinationem
1319 1984 1391 2032 esse
1411 1976 1503 2031 actus
1523 1966 1624 2031 intel-

495 2074 600 2139 lectus
618 2080 707 2158 patet
726 2092 768 2138 ex
788 2075 858 2158 ejus
887 2074 1089 2140 definitione.
1109 2076 1193 2141 Nam
1212 2074 1412 2139 ratiocinatio
1428 2078 1491 2151 est,
1509 2074 1623 2158 inquit
1724 2143 1726 2146 .

496 2180 531 2246 S.
552 2178 708 2256 isidoruS,
730 2180 912 2258 rationalis,
938 2181 1135 2265 substitisque
1160 2187 1344 2264 disputatio
1365 2186 1458 2265 arque
1481 2201 1502 2247 a
1526 2186 1625 2248 certis
1724 2239 1726 2264 ,

494 2290 537 2354 ad
553 2288 742 2355 incertorum
749 2289 977 2373 indagationem
987 2289 1088 2354 nitens
1096 2295 1267 2372 cogitatio,
1277 2285 1341 2376 (4),
1355 2308 1430 2373 quae
1440 2290 1536 2357 ests.
1550 2291 1625 2356 Au·

494 2396 617 2481 gustini
635 2396 780 2463 delinitio
797 2394 861 2485 (5):
880 2399 930 2462 vel
950 2404 987 2462 ut
1004 2396 1048 2461 ait
1067 2396 1103 2462 S.
1123 2397 1285 2474 Thomas,
1305 2397 1546 2464 ratiocinatio...
1566 2404 1619 2463 cst

494 2505 622 2590 quidam
639 2507 741 2573 nono
758 2504 933 2571 intellectus
950 2505 1142 2571 transeuntis
1154 2505 1194 2570 ob
1211 2524 1275 2570 uno
1292 2504 1327 2569 in
1341 2505 1433 2570 atiud
1450 2502 1514 2592 (6).

561 2612 599 2679 Et
636 2612 722 2678 idem
752 2613 849 2679 dicito
877 2614 918 2677 de
948 2613 1243 2688 demonstratione,
1277 2631 1377 2697 quam
1402 2612 1514 2678 definit
1548 2614 1626 2679 Ari·

495 2721 629 2788 stoteles
655 2720 924 2788 ratiocinationem
950 2740 1034 2797 eam,
1064 2740 1133 2807 ouo
1149 2721 1309 2787 scientiam
1330 2720 1441 2806 epicit;
1459 2739 1528 2786 eom
1544 2739 1624 2786 occo

493 2828 656 2896 scientiam
680 2829 796 2914 efficere
822 2830 905 2907 ctc'co,
929 2849 1023 2914 quom
1044 2831 1158 2895 scimus
1184 2847 1251 2894 com
1274 2830 1375 2911 ipsam
1404 2829 1543 2894 babendo
1567 2827 1626 2915 (7)

495 2938 586 3022 quasi
605 2936 724 3003 diceret
742 2937 1054 3004 demonstrationem
1074 2955 1147 3002 esse
1165 2955 1241 3001 eum
1265 2945 1373 3001 actum
1402 2933 1619 3021 cognitionis,
1724 2934 1726 2941 '

495 3063 594 3128 quem
615 3063 691 3111 cum
711 3044 744 3109 in
764 3053 876 3110 mente
894 3045 1072 3120 habemus,
1102 3044 1182 3108 scire
1208 3044 1362 3118 dicimur,
1395 3044 1446 3108 vel
1475 3043 1622 3110 scientes

496 3153 612 3228 timus,
634 3160 672 3218 ut
689 3151 787 3218 etiarn
807 3153 1036 3237 interpretatur
1063 3150 1240 3237 Angelicus
1257 3149 1323 3237 (8).
1343 3152 1402 3216 Est
1424 3169 1499 3235 ergo
1523 3155 1627 3232 syllo-
1724 3152 1726 3239 J

495 3259 615 3345 &mus
631 3263 722 3326 octus
739 3259 874 3326 rotonis
892 3256 956 3348 (9).
1724 3244 1726 3279 ³

562 3369 639 3435 llaec
654 3369 735 3434 adeo
753 3368 923 3452 perspicua
941 3375 1035 3443 sunt,
1057 3376 1094 3433 ut
1112 3368 1230 3433 trustra
1247 3376 1408 3432 conentur
1422 3370 1454 3432 ln
1471 3367 1623 3432 alienum

496 3495 631 3545 sensum
651 3477 845 3559 detorquere
863 3476 998 3559 quidam
1014 3473 1209 3550 Thomistae,
1230 3474 1377 3540 dicentes
1395 3477 1492 3540 ctraec
1510 3476 1627 3540 nomi·
1724 3530 1726 3551 ,

496 3603 538 3652 na
554 3583 709 3670 definitio,
724 3584 912 3666 propositio,
932 3582 1149 3666 syllogismus,
1178 3581 1418 3660 aenonsoatn,
1445 3591 1479 3647 et
1498 3582 1627 3649 similia

531 3876 572 3939 (l)
609 3870 643 3929 S.
654 3871 759 3929 Thom.
775 3877 812 3926 r.⁰
825 3868 925 3928 Contr.
942 3867 1057 3938 Gentes,
1072 3889 1135 3939 cap.
1148 3868 1191 3941 58,
1203 3889 1232 3926 n.
1243 3869 1270 3924 6.
1287 3869 1375 3938 Item,
1391 3869 1571 3927 intellectus.

531 3967 570 4030 (2)
608 3961 641 4020 S.
654 3961 759 4019 Thom.
775 3959 828 4016 loc.
846 3979 917 4031 nup.
928 3957 987 4025 cit„
1004 3979 1035 4016 n.
1052 3976 1078 4030 ς,
1096 3959 1242 4032 Amplius,
1254 3959 1473 4031 propositionis.

531 4057 572 4125 (3)
609 4051 653 4108 De
667 4049 812 4116 Potentia,
828 4067 857 4122 q.
872 4049 901 4117 8,
916 4059 972 4106 art.
992 4067 1015 4117 r,
1031 4067 1110 4118 corp.

532 4145 573 4214 (4)
610 4137 673 4197 Lib.
692 4149 731 4196 1.⁰
742 4139 990 4208 Differentiam,
1006 4157 1036 4195 n.
1054 4155 1118 4208 490.

531 4235 572 4300 (ς)
609 4232 653 4289 De
667 4229 888 4288 immortalitate
897 4228 1021 4292 Animae,
1043 4247 1105 4298 cup.
1124 4247 1148 4295 1,
1162 4245 1192 4284 n.
1211 4246 1234 4282 ι.

531 4321 573 4388 (ό)
609 4318 675 4377 Lib.
694 4316 846 4377 1.⁰Contr.
863 4315 959 4382 Geni„
976 4336 1039 4388 cap.
1052 4335 1095 4389 57,
1107 4336 1136 4374 n.
1151 4316 1179 4375 6.
1194 4317 1351 4385 Praeterea,
1372 4337 1482 4376 omnem
1499 4329 1627 4387 motum,-

497 4409 559 4469 Clr.
577 4409 611 4468 S.
625 4409 729 4467 Thom.
752 4428 777 4466 1.
792 4427 821 4478 p.
835 4426 864 4477 q.
882 4405 926 4478 58,
940 4425 967 4463 a.
983 4406 1059 4478 3,ad
1076 4415 1133 4463 rt·

534 4504 575 4573 (7)
609 4498 702 4558 Arist.
718 4498 769 4556 lib.
788 4504 825 4556 1.⁸
837 4497 931 4562 Post,
947 4515 1009 4567 cop.
1024 4515 1051 4552 a.

533 4589 576 4656 (8)
612 4587 679 4646 Lib.
697 4596 736 4646 1.·
748 4587 873 4655 Postcr.‚
889 4585 953 4643 lect.
968 4603 996 4658 4,
1006 4604 1123 4658 paragr.
1131 4590 1159 4656 s,
1175 4604 1207 4660 g.

535 4683 575 4750 (9)
612 4676 645 4735 S.
661 4675 779 4746 Thom,
793 4673 901 4747 Opusc.
916 4693 962 4748 47.
978 4676 1023 4735 Dc
1038 4675 1157 4734 Notata
1170 4675 1407 4750 syllogismorum
1420 4676 1513 4739 initio.
