3492 5525
282 444 372 527 5111.
396 445 760 511 Partosooruaeoreroo
781 452 823 511 ier
845 466 1061 513 ennonessus
1157 470 1194 513 ar

107 640 206 693 natus
223 626 322 713 (circa
333 646 391 695 an.
410 644 476 715 400
496 648 525 693 a.
548 627 618 714 Q),
641 638 684 695 «a
705 637 773 712 quo
785 631 883 701 iidem
904 632 955 699 illi
971 630 1124 720 Megarici
1142 632 1237 711 dicti,

103 735 214 818 inquit
225 734 351 811 Cicero,
368 734 472 818 quiid
491 736 618 802 bonum
632 738 741 803 solum
758 756 829 803 esse
844 739 1013 823 dicebant,
1036 740 1134 830 quod·
1147 747 1238 809 esset-

105 862 232 919 unum,
249 852 283 907 et
295 843 416 919 simile,
435 840 899 931 etsemper»(r).sseaoalbes‚
912 845 1237 931 discipulusEuclidis

103 961 138 1015 et
153 950 316 1017 Alexinus
330 951 494 1016 invenisse
508 948 662 1017 dicuntur
677 951 1092 1041 quaedamsophismatum
1115 967 1237 1039 genera

103 1058 375 1141 quaestionesque
396 1058 604 1135 insolubiles,
628 1058 748 1145 quibus
771 1049 852 1127 alios'
868 1060 1098 1146 philosophos,
1126 1080 1162 1127 ac
1178 1081 1237 1127 no-

104 1166 258 1231 minatim
275 1166 504 1242 Aristotelem,
521 1166 724 1261 lacessebant
742 1164 806 1254 (a).

150 1291 207 1337 22.
259 1272 373 1338 Vixab
387 1272 447 1337 hac
467 1272 579 1337 schola
603 1271 868 1340 discriminantur
882 1274 1038 1341 Elidensis
1059 1251 1195 1342 lundata
1217 1295 1341 1357 affl„

101 1382 280 1457 Phaedone,
306 1382 400 1464 cujus
425 1398 560 1448 nomme
575 1399 655 1445 mox
671 1400 774 1447 unum
796 1402 813 1446 e
833 1400 902 1448 surs
917 1381 1054 1467 dialogis
1074 1383 1236 1467 inscripsit
1303 1381 1397 1427 mma.

102 1488 215 1564 Plato,
228 1498 262 1553 et
272 1486 456 1553 Erilriensis
470 1506 486 1551 a
502 1487 712 1554 Menedemo,
733 1488 814 1556 Tres
834 1489 906 1557 istae
922 1499 1099 1574 posttemae
1115 1490 1236 1561 scholae.

103 1596 266 1661 moralem
287 1595 428 1661 Socratis
446 1594 626 1660 doctrinam
643 1596 853 1679 potissimum
871 1599 1062 1675 coluerunt,
1083 1599 1237 1679 viamque

103 1721 240 1786 parasse
256 1711 412 1786 putantur
426 1712 525 1768 sectae
540 1700 723 1769 Stoicorum
740 1700 796 1791 (3)
1187 1767 1191 1775 ,

175 1810 301 1875 Verum
332 1810 470 1894 singulae
498 1807 568 1875 istae
595 1820 692 1875 sectae
717 1832 734 1875 e
759 1811 902 1877 Socratis
931 1813 1043 1878 schola
1070 1772 1234 1904 proiectae,

102 1927 235 2003 partem
256 1918 427 1983 dumtaxat
446 1916 602 1983 doctrinae
617 1916 788 1983 Socraticae
808 1920 970 2003 amplexae
989 1930 1083 2001 sunt;
1106 1921 1238 1985 univer·

102 2046 198 2103 sam,
215 2044 274 2092 seu
292 2027 448 2091 moralem
466 2026 535 2090 sive
550 2026 804 2109 speculativam,
827 2026 910 2091 tanti
930 2026 1076 2111 magistri
1095 2026 1237 2111 discipli·-

103 2153 182 2199 nam
216 2135 397 2199 hauserunt
434 2133 527 2198 Plato
561 2143 593 2198 et
631 2134 775 2198 Platonis
811 2133 1003 2218 discipulus,
1039 2134 1234 2210 Aristoteles,

103 2240 270 2323 novisque
289 2240 531 2306 accessionibus
550 2248 697 2317 auctam,
714 2241 755 2304 ad
775 2242 958 2306 maximum
977 2241 1117 2326 gradum
1134 2243 1238 2326 perle-

101 2347 224 2415 ctionis
244 2357 438 2413 evexerunt.
852 2326 857 2339 ’

147 2473 207 2539 23.
257 2456 470 2532 «Platonem,
492 2472 591 2537 quem
605 2455 750 2521 divinum
774 2456 949 2539 appellavit
970 2454 1165 2538 antiquitas,¹
1185 2454 1236 2520 alii

104 2562 264 2638 Athenis,
281 2561 331 2627 alii
348 2562 381 2626 in
400 2560 522 2646 AEgina
537 2562 641 2627 insula
655 2560 707 2647 (4)
727 2572 841 2628 natum
856 2564 982 2639 ierunt,
999 2582 1120 2647 genere
1134 2562 1235 2645 ducto

103 2690 120 2733 a
137 2670 251 2749 Codro
266 2687 322 2753 per
338 2680 478 2734 matrem
493 2668 728 2756 Perictoniam,
744 2689 762 2733 e
776 2670 936 2753 sanguIne
951 2668 1099 2746 Solonis,
1117 2669 1236 2756 Olym-

105 2777 200 2860 piade
215 2777 419 2861 octogesima
432 2778 573 2860 septima
588 2787 644 2843 aut
659 2787 775 2843 octava
790 2776 895 2864 (ann.
911 2776 1037 2843 circiter
1049 2795 1069 2858 4
1072 2779 1163 2862 30†
1170 2778 1237 2863 348

105 2905 135 2951 a.
150 2885 191 2950 C
197 2882 209 2973 )
225 2884 395 2949 Musarum
410 2883 520 2949 studio
536 2883 677 2968 primum
694 2885 845 2959 indulsit,
864 2893 978 2976 postea
993 2884 1235 2968 Philosophiam

105 2993 208 3058 coluit
222 2991 288 3058 sub
303 2989 438 3056 Socrate
454 2987 549 3078 (octo
564 2989 690 3092 annis),
715 3007 782 3075 quo
801 2985 980 3067 defuncto,
992 2993 1024 3056 in
1045 2991 1236 3092 Aegyptum

106 3101 146 3164 ad
165 3100 362 3165 Sacerdotes
376 3096 438 3162 iter
451 3097 601 3182 arripuit,
625 3108 724 3182 atque
740 3098 772 3164 in
789 3098 869 3172 alias
886 3098 1038 3182 regiones
1059 3097 1124 3184 (5);
1151 3100 1237 3183 unde

106 3209 256 3272 Athenas
282 3223 467 3291 regressus,
485 3206 516 3271 in
548 3206 739 3282 Academia,
772 3207 828 3289 qui
857 3205 989 3271 locus
981 3224 1013 3271 ιιι
1046 3205 1237 3272 suburbano

106 3331 305 3380 nemorosus
323 3322 392 3377 erat
420 3310 491 3399 (6),¹
510 3312 695 3397 disciplinas
719 3311 960 3398 philosophicas
974 3314 1115 3390 docuit,
1140 3332 1235 3396 quas,

141 3651 184 3720 (ι)
220 3650 425 3718 CiceroAcad.
440 3659 544 3722 quaest.
560 3649 615 3719 lV,
631 3669 666 3721 4²
682 3647 757 3707 Vide
772 3650 855 3720 plura
870 3650 950 3721 apud
966 3650 1172 3719 Tennemann,
1185 3671 1239 3722 pass

106 3761 186 3814 sagr.
205 3741 270 3810 1263
288 3737 432 3798 Gonaalez
446 3758 508 3812 par.
520 3741 570 3809 623
589 3738 715 3800 Bouvier
729 3741 782 3798 loc.
799 3759 868 3809 nup.
883 3739 933 3797 cit.

142 3835 185 3895 (a)
221 3829 423 3887 Tennemann.
445 3847 493 3900 op.
515 3827 563 3888 cit.
581 3847 643 3900 par.
665 3829 730 3898 126·
747 3829 875 3886 Bouvier
886 3829 943 3886 loc
952 3829 1002 3888 cit.
1018 3828 1095 3887 Vide
1109 3829 1234 3904 Diogen

107 3920 205 3976 laert.
236 3939 280 3986 rr,
303 3919 354 3976 108
372 3937 468 3989 seqq„
487 3917 582 3980 Cicer.
602 3917 693 3976 Acad.
715 3931 818 3988 quaest.
843 3917 898 3988 lV,
921 3939 971 3991 29,
993 3917 1073 3977 Sext.
1079 3918 1234 3990 Empiric.
1341 3984 1343 3987 ¹

107 4011 189 4066 Ado.
206 4009 347 4066 Maiiam
362 4007 580 4079 v11.13;Aul
607 4005 683 4066 Gell.
708 4008 794 4065 Nocl.
821 3991 902 4068 oilie.
927 4006 1014 4076 XVl,
1029 4007 1237 4079 napudTen-

107 4117 248 4166 rtemann.

143 4193 193 4260 (3)
228 4187 436 4255 Tennemann,
452 4206 513 4258 par.
533 4206 598 4260 1273
613 4185 766 4244 Gonzalez.
783 4186 841 4258 Op.
852 4186 902 4245 cit.
918 4207 1033 4260 paragr.
1043 4188 1094 4302 633
1111 4185 1242 4260 Bourier

105 4276 163 4335 loc.
179 4295 250 4347 nup.
265 4277 316 4334 cit

143 4371 188 4432 (4)
224 4337 349 4436 Diogen.
367 4363 463 4423 Latent.
480 4364 585 4436 [ἰ6,3
665 4353 667 4360 ’

142 4461 188 4526 (5)
223 4453 340 4525 Deque
353 4455 413 4511 vid.
432 4451 576 4512 Gonzalez
592 4474 706 4527 paragr.
722 4457 768 4526 65.

144 4543 197 4613 (6)
231 4543 290 4602 Alii
304 4543 447 4616 originem
462 4543 660 4615 cognominis,
681 4563 740 4614 quo
758 4545 855 4602 schola
871 4543 1029 4602 Platonis
1021 4523 1162 4617 insignita
1180 4543 1243 4602 suit·

107 4635 145 4688 nb
161 4632 255 4692 amico
268 4652 322 4691 suo
338 4634 481 4690 Acadama
495 4633 629 4691 derivant
647 4653 697 4704 qur
690 4633 849 4695 'dominus
864 4633 919 4691 suit
929 4632 984 4692 loci
997 4634 1120 4702 amoeni,
1134 4633 1164 4691 in
1175 4653 1235 4704 quo

107 4723 230 4780 docebat
246 4721 302 4780 ille.
321 4723 389 4780 Vid.
407 4723 530 4797 Diogen.
541 4723 635 4794 ,laert
647 4723 683 4780 de
698 4723 828 4796 Platpne.
