3492 5525
559 437 599 519 64
967 434 1191 501 lureooucrro

518 636 618 702 lamio
645 632 713 725 (r),
746 637 880 705 Cartesli
906 633 976 723 (2),
1005 634 1154 703 Bruckeri
1183 634 1235 724 (3)
1260 637 1465 722 aliorumque
1493 640 1636 723 plurium

516 744 604 829 apud
616 745 658 809 el.
674 745 810 812 Talamo
824 740 893 832 (4).

338 860 467 917 leniorue·
582 850 680 927 Quod
709 850 900 919 Scholastici
925 850 1161 936 Philosophum
1189 851 1292 918 secuti
1322 850 1482 937 praecipue
1501 855 1633 930 luerint,

515 958 547 1025 ln
576 960 714 1027 dubium
743 959 886 1025 revocari
912 958 1038 1044 nequit.
1060 959 1107 1024 De
1127 960 1190 1025 hoc
1213 970 1326 1026 tamen
1353 961 1425 1025 solo
1445 980 1545 1026 nemo
1562 965 1635 1046 jure

515 1066 755 1152 reprehenderit
769 1066 1005 1143 Scholasticos,
1024 1067 1084 1133 nisi
1104 1067 1201 1133 simul
1222 1067 1409 1144 Platonicis,
1424 1066 1633 1145 Cartesianis,

513 1173 738 1241 leibnitzlanis
756 1175 834 1241 vitio
860 1185 981 1251 vertat,
1001 1175 1092 1257 quod
1120 1176 1306 1251 Platonem,
1324 1175 1525 1254 Cartesium,
1543 1177 1636 1242 lein

512 1282 648 1349 nitzium
672 1284 790 1349 ducem
818 1291 1011 1365 sequantur.
1036 1282 1223 1349 Videndum
1248 1300 1327 1368 ergo
1346 1291 1413 1360 est,
1435 1302 1515 1349 num
1530 1283 1635 1350 Scho-

511 1389 610 1455 lastici
625 1408 713 1456 caeco
725 1390 824 1456 animi
838 1388 965 1474 impetu
980 1388 1142 1474 stagiritae
1153 1389 1362 1456 adhaeserint.
1379 1390 1447 1475 Ego
1462 1409 1540 1457 vero
1551 1400 1632 1476 puto

510 1497 582 1563 ideo
600 1496 796 1563 clarissimos
809 1496 883 1565 illos
897 1496 1060 1564 Doctores.
1067 1496 1275 1563 Aristotelem
1293 1498 1487 1584 magistrum
1502 1516 1633 1565 assum-

390 1671 395 1679 ,
510 1604 631 1689 psisse‚
650 1596 726 1688 quia
741 1607 867 1671 nullum
888 1604 988 1671 aliurn
1002 1587 1182 1690 generatim
1198 1603 1344 1671 numeris
1366 1605 1521 1672 omnibus
1535 1607 1631 1673 abso·

509 1712 659 1780 lutiorem
676 1711 708 1779 in
723 1713 916 1797 antiquitate
939 1721 1144 1797 repererunt,
1168 1721 1201 1777 et
1216 1712 1396 1778 doctrinam
1420 1712 1505 1779 iliius
1529 1713 1629 1798 aptis·

506 1817 838 1911 simamjudicarunt,
861 1819 973 1904 paucis
987 1820 1151 1904 exceptis,
1178 1830 1210 1885 et
1231 1819 1426 1905 philosopho
1449 1821 1628 1889 christiano

504 1926 851 1995 convenientissimam
871 1928 913 1994 ad
928 1929 998 2012 ipsa
1015 1928 1114 1995 etiam
1130 1927 1216 1993 Fidei
1229 1928 1387 2012 dogmata
1401 1926 1510 2012 aliquo
1526 1929 1627 1995 modo

505 2037 710 2120 exponenda.
725 2037 758 2103 ld
772 2036 861 2120 quod
877 2052 1070 2121 persuasum
1085 2034 1208 2111 habeo,
1224 2034 1332 2119 primo
1343 2034 1421 2119 quia
1435 2052 1501 2102 non
1515 2038 1624 2103 solum

505 2142 731 2221 Aristotelem,
748 2144 805 2210 sed
820 2145 901 2211 alios
925 2153 1079 2228 praeterea
1098 2143 1314 2228 Philosophus
1339 2153 1504 2211 noverunt
1524 2143 1627 2210 Scho-

503 2250 621 2333 lastici3
642 2270 701 2325 nec
720 2250 780 2318 alia
793 2250 875 2337 tingi
891 2250 971 2319 ratio
985 2261 1095 2337 potest
1113 2269 1170 2317 cur
1184 2251 1293 2326 illum,
1310 2260 1492 2335 utcumque
1511 2252 1628 2319 difficl-

501 2358 614 2424 liorem
645 2371 677 2426 et
708 2360 903 2436 obscurum,
934 2360 1061 2426 caeteris
1089 2359 1302 2443 praetulerint.
1335 2358 1459 2425 Deinde
1484 2360 1561 2442 quia
1591 2361 1624 2426 in

501 2466 647 2550 pluribus
673 2466 860 2553 Stagiritam
887 2454 1120 2543 emendarunt,
1139 2467 1373 2551 impugnarunt
1393 2466 1457 2552 (5),
1480 2475 1514 2532 et
1529 2469 1624 2533 novis

366 2651 372 2661 ¹
454 2652 458 2662 ι
500 2574 674 2640 veritatum
699 2574 925 2641 accesionibus
939 2582 1118 2650 auxerunt,
1140 2574 1421 2657 quemadmodum
1439 2572 1566 2641 occasio
1588 2594 1624 2640 se

296 2646 474 2767 Ι“,))ξ)”,ῗζ)“
500 2682 614 2747 offeret
638 2701 724 2767 saepe
749 2683 893 2751 notandi.
912 2680 1022 2749 Tertio
1050 2681 1126 2766 quia
1149 2682 1416 2755 scholasticorum
1440 2682 1510 2746 hec
1532 2700 1625 2747 com-

298 2792 472 2838 ausoniasque
501 2789 611 2856 munis
625 2800 675 2857 est
689 2791 851 2868 doctrina,
878 2792 1105 2858 auctoritatem
1130 2789 1207 2856 nihil
1229 2791 1336 2854 valere
1359 2791 1392 2855 ln
1416 2789 1621 2873 Philosophia

294 2862 384 2914 ratione,
395 2877 473 2920 quern·

324 2933 445 2980 ,dmum
498 2895 570 2963 sine
584 2898 718 2964 ratione.
732 2897 880 2964 Studium
890 2897 1094 2980 Philosophia
1113 2905 1257 2972 nonest,
1279 2897 1384 2981 inquit
1403 2897 1440 2962 S.
1461 2895 1621 2974 Thomas,

283 3002 486 3050 memmenni
497 3007 541 3070 ad
558 3005 612 3070 boc
640 3007 724 3090 quod
749 3005 872 3072 scrutur
895 3006 974 3090 quid
990 3005 1128 3072 homines
1154 3004 1319 3081 senserint,
1347 3006 1403 3070 scd
1428 3006 1565 3090 qualiter
1589 3027 1622 3071 sc
1729 3034 1730 3037 ¹

293 3083 324 3118 ter
335 3072 466 3120 Scholastici

467 3107 473 3120 '
497 3109 610 3178 habeat
621 3113 738 3178 ueritas
750 3131 856 3180 rerum
867 3109 933 3200 (6).

562 3219 600 3288 Et
615 3218 768 3288 tilbertus
790 3222 837 3289 Μ.
862 3221 982 3304 «Quod
1001 3223 1105 3286 aulem
1125 3221 1165 3286 de
1178 3223 1302 3286 auctore
1319 3219 1448 3304 quidam
1460 3225 1617 3305 quarunt,

494 3333 720 3409 sapervacuum
742 3333 801 3405 cst,
832 3334 864 3394 et
886 3347 1048 3413 nunquam
1069 3327 1109 3393 ah
1136 3327 1243 3412 aliquo
1255 3326 1437 3410 Philosopho
1453 3328 1620 3412 quesitum

493 3439 555 3511 esl,
571 3435 637 3501 nisi
648 3437 682 3500 in
700 3437 812 3504 scholis
826 3437 1020 3520 Pithagorae,
1035 3436 1111 3520 quia
1125 3436 1160 3500 in
1181 3435 1247 3500 illis
1262 3434 1376 3500 uholr's
1392 3434 1475 3500 nihil
1492 3437 1620 3518 recrpa'e-

493 3542 600 3619 batur,
616 3543 770 3629 nisiquod
777 3545 858 3631 fecit
875 3545 1069 3627 Pithagoras.
1086 3543 1139 3609 Ab
1155 3543 1230 3608 aliis
1246 3547 1350 3608 auum
1367 3543 1529 3627 quasimm
1553 3561 1617 3610 non

529 3833 570 3899 (r)
607 3831 650 3888 Dc
675 3832 841 3906 strigmentis
869 3832 1060 3888 scientiarum
1088 3830 1139 3887 lib.
1170 3848 1195 3897 ις
1222 3827 1338 3887 Novum
1366 3829 1482 3904 Orgala.
1510 3829 1616 3901 Apho-

493 3938 576 4080 mg).
592 3939 740 4086 717³rr'ncip.
756 4011 872 4069 Philas.
889 4011 978 4084 epist.
995 4011 1051 4068 loc.
1066 4009 1157 4084 Proes.
1176 4011 1179 4016 ’

527 4103 568 4168 (3)
604 4099 737 4158 Historia
764 4099 861 4158 critic.
890 4099 1005 4158 Philas.
1033 4098 1150 4157 Period.
1176 4097 1216 4166 ll,
1248 4115 1327 4169 para.
1353 4096 1378 4155 ll
1400 4097 1450 4157 lib.
1481 4117 1506 4155 a.
1531 4117 1556 4154 c.
1586 4119 1613 4168 3,

491 4202 593 4350 κζ),
604 4201 857 4336 {trinitatatem
877 4278 956 4336 della
969 4276 1133 4336 Scoiastr'cc
1146 4278 1227 4336 nella
1240 4276 1341 4338 Storia
1360 4275 1435 4334 della
1456 4274 1612 4335 filoaoila...

490 4366 536 4438 pel
552 4367 630 4425 Proi.
648 4365 801 4426 Salvatore
815 4367 952 4438 Telamo,
968 4381 1047 4426 terat
1060 4367 1130 4426 edit.
1142 4386 1205 4439 cap.
1220 4377 1259 4424 r.·
1273 4386 1341 4439 pag.
1351 4382 1414 4439 ως
1426 4363 1517 4424 Sicne
1533 4365 1611 4424 1881.

525 4455 566 4530 (5)
603 4457 723 4516 Errorea
741 4457 772 4516 in
791 4457 946 4516 Aristotele
964 4478 982 4516 a
1001 4455 1188 4516 Scholasticis
1208 4469 1323 4515 notatos
1344 4453 1408 4514 luae
1428 4455 1612 4526 persequitur

491 4543 625 4607 Salvator
638 4545 759 4626 Telamo
773 4545 804 4606 in
818 4567 905 4620 opere
919 4567 1011 4620 nuper
1024 4545 1153 4617 laudato,
1166 4558 1249 4620 parte
1262 4558 1303 4604 a.·
1316 4565 1378 4618 cap.
1394 4557 1452 4604 aet
1467 4565 1492 4618 3.

525 4637 565 4702 (6)
602 4633 635 4694 S.
657 4635 762 4696 Thom.
782 4635 812 4697 in
832 4636 883 4697 lib.
908 4657 919 4695 r
942 4637 978 4696 de
997 4635 1074 4698 Caelo
1095 4636 1161 4696 lect.
1181 4655 1228 4695 aa.
1250 4633 1297 4695 nd
1316 4633 1610 4704 deliniuntur,

1049 4747 1072 4778 κ

491 4723 546 4790 lect
558 4725 585 4784 6.
602 4745 665 4798 par.
680 4727 711 4784 6-
