3492 5525
288 448 403 515 Anno.
419 463 481 532 4¹¹·
493 447 681 529 Quaccuau
695 467 746 515 sn
758 466 930 523 onrccruu
944 466 1105 515 ceraunus
1158 466 1217 532 9²3

203 640 319 702 Minor
336 640 481 709 constat,
507 650 585 699 nam
610 631 753 699 scientiae
779 648 845 701 non
863 641 1002 701 tractant
1026 634 1168 726 actuales
1195 628 1263 700 exi-.

140 744 293 819 stentias,
313 742 371 808 esd
390 749 521 807 naturas
539 740 763 825 essentiasque
781 759 891 822 rerum
910 760 946 807 ac
965 738 1262 829 proprietatesldae

138 861 250 917 autem
269 848 354 917 ¹sunt
383 848 584 915 necessarie.
605 848 681 915 Sive
710 848 799 917 enim
825 850 927 915 homo
946 868 980 917 v.
999 869 1036 935 g.
1057 848 1174 918 existat
1192 851 1261 920 sive

136 978 203 1025 non
221 959 354 1034 existat,
375 954 562 1023 necessariae
581 973 713 1040 prorsus
731 964 831 1040 atque
849 956 1072 1025 immutabiles
1088 967 1167 1025 sunt
1188 959 1261 1029 istae

135 1060 397 1149 complexionesz'
423 1064 524 1130 Homo
548 1066 597 1129 esi
620 1063 802 1141 rationalis,
832 1068 881 1129 est
908 1064 1046 1141 animal,
1075 1068 1125 1131 esi
1154 1066 1262 1135 risibi-

136 1175 177 1239 lis
194 1182 274 1250 etc„
294 1180 356 1238 etc.
377 1172 461 1237 Nam
480 1171 702 1238 connexiones
720 1171 969 1255 predicatorum
990 1192 1056 1239 non
1072 1174 1260 1243 consistunt

136 1283 170 1347 in
189 1281 265 1348 reali
283 1279 398 1346 actuali
416 1278 647 1366 conjunctione
665 1279 794 1345 illorum
810 1280 842 1347 in
862 1298 970 1346 rerum
991 1280 1178 1359 existentia,
1199 1285 1259 1351 sed

135 1389 169 1455 in
188 1389 313 1456 mutuis
331 1386 540 1454 relationibus
558 1406 594 1452 ac
608 1387 819 1471 proportione
833 1388 932 1454 unius
950 1387 990 1479 ad
1011 1388 1163 1471 alterum;
1184 1408 1258 1474 quae

135 1496 307 1564 relationes
338 1494 605 1581 proportionesve
644 1495 725 1560 tales
767 1504 858 1572 sunt,
892 1502 945 1561 ut
963 1492 1055 1564 aliter
1082 1513 1155 1563 esse
1190 1515 1257 1565 non

136 1604 274 1690 possint.

179 1712 334 1777 Praeterea
352 1717 479 1794 spectat
496 1711 538 1776 ad
559 1707 736 1777 essentiam
755 1706 1089 1779 scientiae‘certitudo.
1110 1710 1211 1795 Atqui
1229 1712 1257 1778 si

135 1820 302 1903 objectum
322 1817 540 1883 indifferenter
558 1835 593 1883 se
613 1816 747 1892 lrabeat,
769 1825 806 1882 ut
823 1815 865 1884 sit
881 1818 942 1883 hoc
958 1818 1178 1905 potiusquam
1195 1820 1258 1888 alio

135 1928 252 2003 modo,
271 1926 341 1993 sive
360 1934 474 1991 natura
491 1942 567 2001 sua,
588 1924 657 1991 sive
675 1925 791 1990 saltem
812 1924 862 1990 hic
882 1932 914 1989 et
929 1942 1034 2003 nunc,
1055 1924 1258 2011 impossibile

129 2036 200 2120 jam
219 2033 279 2099 erit
296 2041 421 2099 certam
441 2033 482 2099 de
500 2032 556 2099 illo
568 2030 791 2116 cognitionem
807 2028 939 2099 habere.
954 2033 1039 2099 Nam
1052 2032 1079 2099 si
1091 2033 1256 2119 objectum

133 2143 248 2209 saltem
264 2141 319 2207 ilic
336 2149 369 2206 et
388 2158 476 2207 nunc
502 2139 689 2206 indifferens
716 2139 758 2205 sit
776 2158 814 2206 ac
831 2138 1043 2225 contingens.
1066 2142 1183 2227 poterit
1202 2142 1259 2209 ali·

132 2259 184 2315 ter
207 2268 243 2315 se
262 2248 393 2315 habere.
414 2248 538 2315 Demus
561 2264 658 2333 ergo,
682 2246 773 2332 quod
796 2246 887 2313 aliter
909 2266 945 2313 se
969 2248 1102 2325 habeat,
1122 2256 1155 2314 et
1179 2250 1258 2315 salsa
1308 2304 1311 2311 .

133 2356 194 2423 erit
211 2356 356 2443 cognitio
382 2354 463 2421 illud
483 2356 644 2421 reterens.
673 2353 743 2422 Nisi
772 2373 850 2439 ergo
868 2355 902 2421 in
931 2355 1059 2440 objecto
1085 2356 1258 2423 necessitas

131 2474 313 2541 statuatur,
333 2463 452 2548 poterit
473 2461 617 2529 scientiae
642 2461 756 2527 notitia
773 2462 815 2527 de
833 2460 889 2527 illo
908 2462 987 2529 salsa
1005 2480 1094 2531 esse:
1116 2464 1149 2531 id
1167 2464 1257 2549 quod

132 2582 295 2659 repugnat
312 2570 497 2638 certitudini
516 2568 725 2655 cognitionis.

199 2680 266 2747 Hac
292 2680 334 2747 de
351 2672 395 2744 're
422 2678 504 2743 adeo
530 2677 591 2742 iuit
613 2694 750 2743 concors
776 2677 987 2762 antiquorum
1012 2677 1189 2755 sententia,
1220 2689 1256 2748 ut

131 2789 265 2873 quidam
284 2807 326 2854 ex
348 2785 587 2871 contingentia,
612 2785 704 2852 lluxu
734 2802 770 2851 ac
795 2785 1009 2852 mutabilitate
1027 2805 1254 2870 corporearum

131 2905 319 2964 naturarum
348 2892 537 2980 negaverint
568 2891 736 2960 scientiam
766 2893 807 2958 de
834 2891 897 2958 illis
929 2893 996 2958 dari
1029 2911 1141 2978 posse:
1172 2895 1255 2961 adeo

132 3021 326 3091 persuasum
345 3001 407 3068 illis
426 3003 530 3068 luerat
544 3001 711 3084 obiectum
725 2999 934 3066 scientiarum
950 2999 1168 3068 necessarium
1183 3021 1255 3070 esse

130 3112 250 3179 debere
263 3106 329 3199 (ι).
1206 3157 1210 3164 .

198 3219 280 3286 Hinc
296 3215 433 3302 colliges
450 3216 595 3282 actiones
609 3213 724 3282 liberas
732 3218 830 3297 prout
840 3217 929 3292 tales,
946 3233 1013 3283 non
1029 3233 1124 3302 posse
1141 3218 1255 3286 cadere
1301 3267 1304 3274 .

128 3327 194 3394 sub
221 3325 409 3402 scientiam,
440 3324 517 3408 quia
543 3341 610 3388 non
636 3331 776 3407 possunt
804 3321 1037 3402 demonstrari,
1071 3334 1253 3411 antequam

128 3435 226 3512 fiant,
255 3453 332 3502 curn
361 3451 428 3499 non
455 3431 521 3500 sint
544 3430 769 3498 determinata·
791 3431 824 3496 in
850 3431 919 3498 suis
946 3431 1069 3508 causis,
1100 3451 1160 3500 nec
1187 3434 1254 3504 sint

128 3544 247 3610 iuturae
273 3549 361 3607 certo
386 3538 497 3624 aliquo
523 3539 639 3614 modo,
668 3537 749 3621 quin
777 3539 907 3621 possint
927 3557 999 3606 esse
1023 3540 1125 3610 aliter.
1152 3541 1253 3626 idque

128 3650 211 3717 adeo
236 3656 361 3716 certum
381 3645 526 3723 videtur,
554 3654 590 3711 ut
613 3643 648 3711 S.
670 3646 815 3712 Thomas
841 3644 960 3730 aliique
984 3647 1093 3731 plures
1118 3648 1254 3716 Schola-

126 3758 215 3834 stici,
246 3753 530 3840 quemadmodum
560 3766 622 3819 suo
653 3753 726 3820 loco
750 3753 894 3830 dicetur,
928 3752 1112 3832 docuerint,
1145 3775 1252 3840 neque

129 3865 237 3931 Deum
261 3864 371 3948 ipsum
396 3879 494 3927 nosse
522 3877 619 3946 posse
642 3869 731 3927 certo
755 3861 881 3939 lutura,
902 3864 1138 3948 proutflclura.
1164 3863 1252 3931 Deus

127 3981 238 4039 tamen
257 3990 311 4046 ea,
331 3988 406 4055 quae
425 3969 532 4034 sutura
551 3975 645 4043 sunt,
666 3968 846 4038 certissime
865 3969 973 4053 novit,
994 3969 1070 4054 quia
1089 3971 1143 4038 illa
1159 3973 1249 4040 videt

128 4081 195 4147 no'n
210 4086 308 4161 prout
320 4078 422 4144 adhuc
435 4080 511 4142 sunt
523 4075 557 4140 in
575 4075 680 4141 causis
695 4095 734 4142 ac
745 4077 881 4160 proin&
893 4079 1066 4163 utsuncra,
1082 4080 1139 4145 sed
1155 4089 1251 4165 prout
1316 4125 1319 4130 -

117 4193 193 4276 jorn
211 4187 246 4252 in
262 4184 373 4269 scipsis
398 4185 537 4250 existm
559 4201 618 4267 pro
644 4184 700 4250 tali
723 4192 872 4270 ternpore
895 4186 1018 4252 futuro.
1047 4183 1112 4252 Sed
1141 4187 1181 4254 de
1201 4187 1251 4254 his
1316 4273 1321 4284 ι

126 4292 216 4361 alibi.

163 4654 206 4726 (r)
241 4652 319 4712 Vide
333 4653 413 4726 apud
431 4649 693 4719 Conimbriccnaes,
709 4648 760 4710 lib.
778 4651 1033 4726 1.·Poerer.‚eap.
1049 4673 1077 4728 7.
1095 4672 1125 4725 q.
1146 4673 1170 4712 r.
1182 4675 1210 4712 a.
1224 4675 1248 4714 r.

126 4744 216 4817 paulo
230 4756 298 4817 post
313 4742 378 4803 init.
