3492 5525
305 368 420 434 Anrrc.
436 383 498 433 aa·
511 368 616 433 Drvrs.
634 384 805 438 nnoeosrr,
817 385 962 434 maroni:
975 387 1130 446 Qunurrr.
1185 380 1239 451 ²5¹

229 551 266 644 γ)
280 554 343 620 Pro
358 553 485 622 cereris
504 552 635 621 casibus
648 553 741 619 realis
758 553 1049 638 suppositionionis
1063 561 1192 621 veteres
1205 553 1282 620 scri·

164 674 275 748 ptores
294 665 378 729 hanc
391 660 563 728 tradebant
576 659 886 727 communissimam
902 663 1027 748 legem,
1043 661 1281 746 propositiones

162 771 348 838 indefinitas
366 769 409 836 in‘
420 768 556 836 materia
573 769 749 836 necessaria
762 765 815 856 (ι)
833 777 866 834 et
879 769 1072 854 impossibili
1086 767 1280 852 aequivalere

162 877 351 960 universali3
377 877 557 961 particulari
576 886 686 943 autem
708 878 741 942 in
760 875 896 943 materia
914 875 1060 961 possibili
1085 877 1136 944 vel
1155 878 1281 945 contin-

159 995 259 1071 gente
275 983 340 1072 (2).
366 984 410 1051 Ar
438 984 629 1050 recentiores
647 983 794 1050 nonnulli
822 985 1024 1050 contendunt
1042 984 1279 1068 propositiones

160 1092 346 1160 indefinitas
372 1089 405 1158 in
425 1092 647 1176 suppositione
673 1092 832 1175 personali
860 1109 990 1175 semper
1019 1091 1184 1158 habendas
1208 1111 1280 1158 esse

159 1184 371 1275 universales,
391 1219 484 1266 veras
514 1198 664 1281 quidem,
693 1199 721 1264 si
750 1198 959 1282 praedicatum
983 1197 1186 1268 inferioribus
1206 1201 1280 1266 sun

154 1307 232 1392 jecti
250 1315 415 1391 competat
444 1306 683 1372 universalitate
711 1307 827 1372 saltem
846 1306 972 1381 morali,
993 1307 1089 1374 falsas
1108 1315 1230 1382 autem,
1251 1308 1278 1374 si

159 1415 358 1498 quibusdam
370 1421 499 1480 tantum
512 1414 564 1479 vel
579 1413 689 1498 paucis
708 1411 773 1500 (3).
786 1397 1145 1497 Crediderim-equidem
1161 1421 1280 1480 utram·

157 1540 224 1606 que
242 1520 540 1606 interpretationem
570 1539 668 1605 posse
695 1521 781 1586 haud
799 1521 971 1587 difficulter
992 1522 1164 1588 conciliari.
1186 1521 1279 1587 Vete

159 1647 213 1696 res
232 1630 334 1705 enim,
354 1638 388 1694 et
413 1628 612 1713 quicumque
629 1627 759 1694 illorum
780 1629 952 1696 formulam
972 1630 1032 1694 hac
1049 1628 1082 1696 in
1108 1647 1142 1694 re
1160 1632 1279 1712 ample·

160 1745 307 1812 ctuntur,
336 1739 398 1802 lroc
424 1743 553 1804 tantum
581 1736 665 1802 velle
691 1733 844 1802 censendi
871 1743 961 1811 sunt,
991 1736 1227 1820 propositiones
1245 1737 1277 1802 in

158 1844 294 1909 materia
311 1843 491 1910 necessaria
503 1851 536 1908 et
549 1834 741 1928 impossibili
755 1843 908 1908 verificari
927 1861 1056 1926 semper
1070 1843 1111 1909 de
1125 1843 1277 1912 omnibus

155 1951 362 2018 interioribus
391 1951 454 2016 sub
481 1949 669 2016 extensione
698 1951 834 2035 subjetci
862 1949 1039 2026 contentis,
1059 1958 1173 2016 caetera
1200 1969 1295 2016 vero

156 2079 222 2143 que
249 2059 333 2124 circa
360 2058 527 2125 materiam
549 2059 793 2142 contingentem
817 2065 999 2134 versantur,
1025 2076 1091 2124 non
1114 2059 1276 2141 postulare

156 2185 196 2232 ex
215 2173 330 2232 natura
350 2166 410 2241 rei,
432 2173 468 2231 ut
485 2165 689 2232 verificantur
708 2166 748 2230 de
767 2165 913 2250 subjecto
931 2166 1040 2248 quoad
1057 2173 1161 2232 totam
1180 2184 1274 2232 suam

152 2273 391 2348 extensionem,
411 2291 470 2339 seu
488 2281 525 2338 ut
543 2272 765 2338 universaliter
782 2272 987 2357 accipiantur.

219 2380 337 2465 Negari
356 2389 465 2447 tarnen
494 2379 606 2463 nequit
624 2379 861 2463 propositiones
878 2379 1063 2450 indefinitas
1082 2380 1272 2464 plerumque

154 2487 303 2572 usurpari
326 2487 423 2553 etiarn
455 2487 488 2553 in
517 2487 650 2553 materia
676 2487 875 2572 contingenti
906 2489 948 2553 ad
974 2506 1012 2551 ea
1036 2487 1205 2571 praedicata
1231 2489 1272 2554 de

153 2595 309 2680 subjectis
335 2595 552 2670 enuntianda,
583 2611 657 2678 quae
682 2594 757 2669 illis,
787 2595 1048 2678 utplurimum,
1077 2596 1128 2660 vel
1156 2595 1270 2660 saltem

152 2703 244 2787 quod
262 2702 439 2768 maximam
459 2710 597 2786 partem,
617 2703 789 2770 convenire
808 2701 917 2768 docuit
935 2699 1141 2785 experientia.
1159 2701 1212 2768 Sic
1228 2702 1272 2768 di·

150 2810 268 2877 cimus:
283 2810 420 2891 Hispani
428 2810 666 2877 suntcatlolici:
678 2810 790 2876 milites
798 2810 935 2893 gloriam
948 2810 1148 2895 tenerentque
1159 2828 1272 2895 magno

151 2918 265 2983 babent
278 2918 314 2982 in
326 2917 438 2999 pretio.
459 2914 525 2991 Qui
545 2918 663 2983 modus
682 2916 835 3000 loquendi
850 2935 954 3001 usque
972 2917 1053 2982 adeo
1072 2916 1217 2992 invaluit,
1235 2926 1271 2981 ut

151 3026 248 3091 salsas
275 3024 454 3091 habeamus
482 3024 554 3090 illas
581 3023 818 3108 propositiones
850 3024 1035 3090 indefinitas
1067 3024 1108 3089 de
1138 3025 1271 3090 materia

149 3238 234 3315 Quis
252 3239 340 3305 enim
359 3256 425 3304 non
440 3238 525 3303 dicat
542 3239 639 3304 salsas
654 3240 750 3305 hasce
768 3238 1018 3322 propositiones:
1038 3237 1272 3305 Sinensassunt

148 3345 329 3426 amnena
347 3346 484 3411 homines
500 3350 577 3411 sunt
590 3344 706 3411 ebriosi
721 3347 786 3412 etc?
802 3343 866 3432 (4).

185 3600 226 3662 (ι)
261 3594 312 3653 Ad
327 3592 477 3652 materiem
485 3594 676 3651 neeessariam
683 3613 786 3652 revoca
801 3592 887 3652 etiam
898 3592 1047 3653 materiam
1062 3593 1265 3667 dogmaticam,

146 3704 216 3759 qnae
233 3683 363 3744 divinam
395 3683 600 3742 revelationem
619 3682 760 3753 continet,
778 3683 905 3758 itemque
919 3682 1080 3753 materiam,
1095 3702 1161 3756 quae
1174 3685 1267 3759 legem

148 3773 346 3834 universalem
361 3771 498 3846 implicat.

183 3868 226 3930 (a)
264 3862 375 3937 Regula
393 3863 454 3921 hmo
477 3862 618 3935 supponit
637 3882 799 3921 sermonem
821 3881 886 3921 esse
905 3864 942 3921 de
966 3863 1213 3936 propositionibus
1235 3864 1265 3923 in

144 3952 340 4025 dispositione
352 3972 403 4010 seu
414 3951 617 4024 praedieatione
625 3952 761 4020 naturali;
770 3972 836 4010 nem
849 3952 880 4011 in
890 3951 1048 4011 innaturali
1055 3966 1148 4025 potest
1157 3951 1263 4024 fallere,

144 4056 182 4101 ut
195 4041 222 4101 ai
235 4042 304 4113 quie
320 4042 406 4099 hanc:
422 4042 533 4099 animal
545 4051 588 4099 est
600 4042 691 4111 Ιιουιο,
706 4040 908 4099 universaliter
923 4041 1139 4114 interpretatur.

181 4129 226 4203 (3)
260 4129 338 4189 Vide
351 4130 520 4203 Tongiorgi,
534 4132 629 4188 instit.
644 4131 731 4205 Lnga,
746 4150 776 4188 n.
795 4132 854 4204 164,
869 4136 911 4203 4.·

180 4222 226 4293 (4)
262 4218 325 4278 Cir.
340 4218 465 4288 lacobus
479 4219 607 4289 Balmee,
620 4221 711 4279 Fiios.
726 4223 858 4279 clement.
872 4240 902 4279 n.
922 4238 1049 4294 154·157·
