3492 5525
544 452 620 517 1068
660 455 783 524 loorcn
800 455 1108 530 Maroae-bremae
1124 458 1213 522 Drsn.
1228 458 1373 523 ovem.
1393 472 1463 522 ψη

249 690 255 702 .
323 649 451 732 euoluere}
566 635 752 721 Antequam
781 638 998 722 quaestionem
1027 642 1247 717 resolvamus,
1269 640 1462 709 notandum.
1478 650 1543 717 est,
1563 660 1612 707 ne-

306 720 467 838 ᾞᾚξυᾞ
498 743 673 811 cessarium
693 746 815 831 aliquid
835 766 907 813 esse
922 747 1067 813 bifariam
1087 745 1151 836 (r):
1167 750 1319 826 absolute,
1337 750 1429 833 quod
1442 768 1483 814 ex
1495 748 1613 832 propn'a

303 878 367 909 mse
377 866 452 918 cussit·
500 860 629 929 natura,
646 863 679 918 et
693 856 784 920 nullo
797 854 909 921 habitu
924 864 1074 938 respectu
1087 856 1127 921 ad
1142 858 1228 921 allud
1245 875 1311 923 non
1326 866 1436 941 potest
1451 876 1518 921 non
1535 875 1610 931 esse,

498 967 594 1024 etex
620 962 845 1043 suppositione,
876 962 967 1044 quod
995 979 1114 1047 nempe
1142 964 1311 1047 supposito
1330 964 1392 1028 alio
1423 982 1488 1028 non
1514 972 1613 1047 potest

499 1085 564 1132 non
591 1086 679 1143 esse,
701 1071 752 1134 vel
772 1087 839 1133 non
863 1078 970 1153 polest
990 1070 1080 1135 aliter
1099 1088 1181 1137 esse.
1203 1069 1254 1135 Sic
1277 1074 1364 1137 calor
1382 1072 1529 1155 absolute
1547 1070 1614 1153 qui·

496 1174 573 1247 dem
599 1193 664 1241 non
684 1185 735 1241 est
754 1176 972 1251 necessarius,
994 1186 1026 1243 at
1044 1178 1217 1263 supposito
1238 1180 1328 1261 quod
1357 1178 1399 1244 sit
1424 1176 1527 1263 ignis,
1552 1196 1612 1253 non

497 1292 606 1366 potest
626 1300 692 1349 non
711 1302 799 1349 esse:
821 1284 900 1349 item
918 1284 1009 1350 navis
1024 1286 1172 1351 absolute
1187 1285 1321 1368 quidem
1336 1272 1520 1351 'necessaria
1541 1285 1613 1349 milri

498 1409 563 1456 non
583 1399 649 1467 est,
670 1401 720 1458 est
733 1401 845 1457 tamen
866 1393 1037 1476 supposito
1056 1394 1146 1476 quod
1167 1394 1264 1459 velim
1284 1394 1426 1479 trajicere
1445 1412 1611 1458 oceanum.

496 1501 530 1565 ln
550 1498 670 1583 quibus
688 1500 821 1580 quidem
841 1501 999 1584 exemplis
1025 1500 1114 1566 vides
1133 1502 1198 1567 duo
1222 1521 1340 1585 genera
1362 1500 1559 1567 necessitatis
1577 1520 1615 1565 ex

496 1606 739 1692 suppositione,
761 1608 900 1672 alterum
926 1626 968 1671 ex
992 1626 1090 1673 causa
1108 1609 1287 1686 efficiente,
1318 1611 1457 1674 alterum
1477 1628 1517 1673 ex
1539 1607 1612 1675 fine.

497 1715 530 1780 ln
550 1716 701 1799 praesenti
719 1708 939 1779 controversia
959 1715 1066 1799 agitur
1083 1715 1123 1781 de
1140 1716 1319 1782 necessario
1336 1736 1377 1783 ex
1396 1716 1614 1801 suppositione

498 1824 620 1888 ratione
644 1821 737 1903 irnis3
759 1822 917 1905 quaeritur
940 1822 1078 1906 quippe,
1105 1841 1185 1889 num
1206 1823 1321 1908 Logica
1336 1825 1379 1889 sit
1397 1824 1542 1889 medium
1562 1840 1614 1887 ne·

448 2006 456 2014 ,
497 1929 674 1996 cessarium
694 1929 734 1994 ad
752 1939 885 1995 caeteras
901 1929 1054 1995 scientias
1069 1932 1303 2013 assequendas.

564 2037 687 2104 Verum
719 2037 826 2103 adbuc
848 2027 1046 2122 ¹hujusmodi
1080 2030 1297 2104 necessarium
1330 2058 1370 2103 ex
1402 2036 1467 2103 line
1499 2038 1615 2122 duplex

496 2144 652 2231 distingui
671 2153 794 2230 potest,
821 2145 1003 2227 simpliciter
1026 2135 1087 2211 seu'
1110 2144 1261 2220 adesse,
1290 2157 1322 2211 et
1348 2147 1517 2211 secundum
1542 2146 1617 2229 quid

497 2273 556 2320 seu
574 2254 615 2318 ad
632 2252 716 2318 bene
735 2263 791 2318 aut
810 2252 927 2318 melius
946 2271 1029 2320 esse.
1052 2252 1277 2317 Necessarium
1298 2252 1488 2337 simpliciter
1506 2254 1559 2317 vel
1577 2254 1615 2317 ad

497 2379 569 2427 esse
588 2342 705 2435 estid,
725 2358 880 2441 sineque
900 2358 975 2424 finis
989 2359 1127 2425 obtineri
1144 2360 1272 2442 nequit;
1291 2378 1358 2442 quo
1372 2367 1465 2444 pacto
1486 2378 1615 2429 necesse

496 2477 547 2535 est
576 2466 706 2533 animali
738 2467 910 2551 respirare,
947 2476 982 2531 ut
1014 2467 1114 2532 vitam
1145 2476 1329 2536 conservet.
1367 2467 1417 2532 Ad
1451 2467 1534 2533 bene
1566 2468 1614 2532 vel

497 2577 613 2642 melius
632 2593 704 2641 esse
732 2574 951 2640 necessarium
981 2574 1097 2638 dicitur
1122 2574 1170 2647 id,
1191 2572 1260 2637 sine
1288 2592 1355 2656 quo
1381 2574 1456 2639 bnis
1483 2575 1615 2656 quidem

497 2683 634 2750 obtineri
662 2691 786 2768 potest,
811 2700 878 2745 non
903 2690 1014 2745 tamen
1043 2680 1085 2745 ita
1114 2681 1202 2745 facile
1228 2690 1283 2744 aut
1312 2681 1560 2757 convenienter,
1581 2701 1615 2745 ac

498 2794 633 2876 proinde
652 2810 718 2857 non
739 2788 938 2856 transcendit
958 2788 1077 2855 limites
1096 2789 1253 2855 utilitatis.
1276 2787 1326 2854 Sic
1347 2807 1451 2872 equus
1471 2807 1617 2856 necessa-

498 2900 563 2966 rius
583 2900 691 2966 estad
711 2899 771 2964 iter
792 2898 973 2982 agendum.

564 3007 720 3073 Praeterea
735 3007 768 3073 in
782 3005 962 3070 necessario
977 3003 1048 3088 ipso
1063 3003 1250 3088 simpliciter
1265 3001 1341 3069 varii
1360 3005 1462 3070 notari
1478 3015 1618 3088 possunt

496 3116 634 3201 gradus,
656 3133 731 3179 nam
752 3113 841 3179 aliud
858 3121 909 3178 est
928 3111 1143 3178 necessarium
1164 3109 1405 3197 metaphysice,
1426 3111 1512 3178 aliud
1537 3115 1619 3199 plry-

497 3223 579 3298 sice,
601 3221 686 3288 aiiud
707 3222 882 3287 moraliter.
903 3219 1130 3286 Necessarium
1149 3237 1190 3283 ex
1210 3217 1274 3282 frne
1293 3219 1482 3305 simpliciter
1507 3239 1620 3286 neces-

496 3332 589 3396 sitate
609 3328 833 3415 metaphysica
852 3336 902 3392 est
920 3327 1016 3402 illud,
1031 3328 1101 3392 sine
1120 3345 1187 3408 quo
1208 3345 1263 3410 per
1283 3327 1405 3392 nuliam
1425 3326 1491 3392 vim
1512 3330 1620 3394 nullo

497 3421 565 3522 que
590 3423 728 3522 prorsus'
751 3435 850 3501 modo
878 3435 953 3500 finis
983 3435 1098 3517 aliquis
1127 3433 1264 3498 obtineri
1295 3435 1396 3500 valet:
1428 3435 1489 3501 boc
1519 3437 1620 3502 modo

497 3545 698 3630 impossibile
718 3555 768 3610 est
786 3551 967 3608 creaturam
988 3561 1059 3608 esse
1077 3552 1132 3608 aut
1147 3541 1270 3626 operari
1285 3539 1355 3608 sine
1369 3545 1620 3610 conservatione

497 3663 553 3720 aut
572 3653 698 3719 iniiuxu
717 3639 840 3717 divine.
859 3649 993 3736 Physica
1014 3648 1205 3714 necessitate
1222 3648 1439 3714 necessarium
1456 3662 1506 3717 est
1525 3652 1620 3724 illud,

497 3762 567 3826 sine
587 3778 654 3844 quo
675 3758 810 3825 naturali
830 3757 951 3852 modo„
964 3754 1174 3840 impossibilis
1192 3767 1241 3821 est
1260 3757 1419 3821 assecutio
1437 3756 1530 3834 finis,
1549 3759 1622 3824 licet

497 3869 659 3954 possibilis
679 3867 720 3934 sit
740 3885 797 3951 per
815 3863 959 3930 divinam
986 3865 1158 3929 virtutem:
1184 3863 1230 3929 sic
1255 3861 1421 3956 respiratio
1450 3867 1500 3930 vel
1528 3867 1622 3932 cibus

499 3975 697 4044 necessarius
725 3986 775 4042 est
803 3972 861 4038 tibi
887 3973 927 4037 ad
960 3971 1060 4037 vitam
1088 3971 1362 4052 conservandam
1393 3971 1479 4037 Deus
1506 3982 1622 4040 tamen

498 4092 658 4171 potestte
679 4101 736 4168 per
755 4081 948 4146 miraculum
968 4098 1160 4145 conservare
1179 4079 1311 4153 vivum,
1331 4079 1405 4144 licet
1431 4099 1489 4145 nec
1519 4082 1624 4167 respi-

498 4212 565 4270 res,
587 4212 647 4259 nec
672 4190 781 4256 cibum
806 4189 925 4272 capias.
948 4186 1145 4254 Necessitate
1171 4187 1311 4271 denique
1336 4187 1448 4252 morali
1471 4207 1625 4257 necessa·

499 4301 581 4366 rium
602 4299 718 4365 dicitur
737 4299 786 4373 id,
803 4298 873 4363 sine
888 4314 955 4378 quo
968 4295 1065 4362 etiarn
1079 4295 1158 4361 citra
1173 4295 1365 4360 miraculum
1384 4294 1459 4360 linis
1478 4297 1624 4364 obtinen'

499 4416 624 4492 potest,
656 4405 808 4489 quamvis
836 4403 965 4469 nonnisi
999 4401 1160 4468 rarissime
1188 4403 1238 4467 vei
1269 4403 1350 4467 sorte
1378 4421 1554 4488 nunquam
1585 4409 1626 4471 de

498 4518 582 4581 lacto
602 4514 802 4588 obtineatur,
824 4513 875 4576 vei
893 4519 979 4574 certe
1004 4529 1069 4574 non
1098 4509 1167 4574 sine
1194 4507 1553 4594 ingentidifficultate.
1576 4515 1627 4578 Sic

534 4749 574 4817 (r)
612 4743 675 4802 csr.
691 4742 724 4801 S.
740 4742 858 4811 Thom.‚
876 4739 924 4798 lib.
942 4758 967 4813 5.
983 4740 1123 4815 Menapis..
1139 4739 1202 4797 lect.
1217 4739 1246 4810 6,
1261 4759 1326 4799 cum
1339 4739 1461 4803 Aristot.
1475 4742 1553 4804 ibid.
