3492 5525
232 482 348 547 Anrrc.
366 496 413 546 2¹¹⁸
426 482 478 548 Au
492 500 589 547 narro
601 500 740 549 uouaux
754 502 854 551 seraa
868 504 972 551 ouum
988 506 1099 554 possm
1130 502 1186 571 951

106 667 141 733 ln
167 684 255 731 mera
274 666 460 733 evolutione
478 666 558 733 ideae
582 667 633 733 vel
657 668 864 754 cogitationis
893 678 1074 756 reponunt,
1096 682 1132 740 ut
1151 672 1228 739 nihll

107 775 210 842 velint
227 774 346 841 esseio
362 791 470 839 rerum
486 781 616 850 natura,
633 774 695 841 nisi
707 776 797 859 quod
813 778 996 845 successive
1010 780 1173 865 cogitatur
1187 779 1229 846 ab

106 882 206 949 unico
233 882 331 963 Ente;
358 883 463 948 immo
487 881 606 965 stipsi
633 880 850 950 Materialistae
875 900 911 952 ac
940 886 1150 963 Positivistre,
1172 888 1230 971 qui
1271 899 1419 947 Mniesutae
1471 870 1473 873 ⁵

106 990 269 1076 quidquid
304 1006 463 1056 sensuum
498 1000 687 1056 nostrorum
719 993 953 1075 experientiam
983 996 1114 1079 effugit,
1148 996 1232 1061 inter
1258 970 1431 1022 ¹⁶¹’⁰¹¹¹⁵'³⁸¹²·

105 1098 258 1165 fictiones
284 1106 317 1162 et
344 1097 513 1163 chimaeras
537 1097 675 1174 mentis,
705 1098 824 1181 quibus
852 1100 929 1167 nihil
954 1100 1152 1186 objectivum
1182 1121 1231 1167 re-

106 1205 285 1291 spondeat,
316 1202 505 1272 amandant.
537 1202 658 1270 Contra
686 1205 872 1291 hujusmodi
904 1224 1000 1294 ergo,
1030 1224 1095 1275 non
1125 1209 1229 1275 dicam

107 1314 342 1397 Philosophos,
372 1313 430 1378 sed
456 1310 710 1379 insolentissime
737 1310 798 1380 sibi
828 1310 1034 1399 praefidentes
1065 1316 1228 1393 homines,

106 1420 300 1489 ostendendi
319 1432 396 1487 sunt
415 1420 447 1485 in
463 1420 575 1504 primis
591 1398 715 1487 limites
738 1422 871 1488 rationis
897 1424 1066 1500 humanae,
1088 1433 1159 1490 tum
1179 1426 1229 1490 in·

106 1528 317 1613 quirendum,
338 1546 379 1593 an
405 1537 437 1593 et
464 1526 634 1611 quomodo
662 1546 770 1594 rerum
790 1541 923 1615 captum
951 1539 1099 1605 nostrum
1119 1548 1232 1618 super-

104 1636 325 1725 gredientium
346 1634 494 1703 notitiam
514 1635 643 1718 assequi
662 1637 840 1719 possimus.

174 1746 265 1812 Prius
289 1751 398 1810 autem
425 1752 519 1820 nota,
547 1741 627 1827 quid
651 1744 694 1811 sit
719 1744 891 1811 veritatem
919 1764 1070 1831 superare
1098 1756 1230 1831 captum
1275 1761 1399 1843 'menam

108 1853 261 1920 hominis.
292 1853 335 1918 Ea
362 1852 479 1917 veritas
505 1860 636 1935 superat
661 1860 794 1936 captum
823 1849 981 1931 hominis,
1012 1872 1113 1937 quam
1134 1873 1229 1921 mens
1258 1832 1430 1957 ‘mmm'

107 1962 175 2029 suis
204 1961 328 2028 viribus
351 1958 552 2025 naturalibus
574 1959 703 2043 assequi
727 1961 852 2043 nequit,
882 1961 933 2026 vel
965 1962 1040 2046 quia
1069 1964 1229 2029 terminos
1271 1984 1417 2059 '⁰¹²⁶'?¹3⁸’‘⁸

106 2070 214 2153 ipsos,
250 2078 307 2135 aut
334 2068 450 2135 saltem
473 2066 699 2151 predicatum,
734 2069 864 2151 penitus
895 2067 1040 2154 ignorat,
1073 2072 1124 2136 vel
1153 2070 1230 2153 quia
1244 2046 1443 2169 Ψωζξζζίῗώ

106 2179 224 2243 saltem
255 2176 336 2243 scire
365 2194 431 2241 non
467 2182 576 2259 potest
610 2175 871 2241 convenientiam
899 2185 955 2243 aut
982 2176 1229 2261 discrepantiam
1288 2200 1315 2229 ω
1344 2200 1391 2230 rare

107 2285 246 2371 subjecti
264 2292 297 2349 et
316 2282 490 2367 praedicati.
516 2281 553 2347 Et
574 2280 719 2347 bifariam
744 2282 813 2348 fieri
840 2291 960 2367 potest,
981 2295 1017 2352 ut
1036 2285 1153 2352 veritas
1180 2286 1229 2352 in-

106 2391 321 2478 telligentiam
346 2389 477 2456 rationis
489 2390 649 2455 numanae
668 2390 817 2456 excedat:
838 2392 975 2467 absoluta
990 2400 1022 2457 et
1034 2392 1226 2475 simpliciter,

107 2510 140 2566 et
158 2502 326 2566 secundum
347 2498 445 2583 quid:
466 2506 524 2580 per
540 2516 572 2563 sc
590 2506 623 2562 et
640 2504 697 2583 per
719 2496 874 2565 accidens.
903 2490 1062 2565 Absolute
1090 2510 1122 2565 et
1150 2502 1229 2567 slm-

107 2609 247 2693 pliciter,
275 2607 408 2691 quando
431 2608 520 2671 nuth
545 2606 635 2671 modo
661 2622 837 2689 possumus
865 2607 1001 2672 naturali
1021 2607 1144 2673 lumine
1159 2598 1228 2674 rem

107 2716 254 2799 assequi:
285 2716 348 2780 hoc
367 2713 467 2779 modo
493 2713 674 2795 mysterium
697 2713 790 2780 Smae.
826 2711 991 2781 Trinitatis
1009 2716 1060 2782 vel
1079 2716 1230 2783 incarna-

107 2825 201 2889 tionis
218 2823 349 2889 Domini
361 2825 404 2891 N.
423 2822 502 2904 Jcsu
519 2820 639 2886 Christi
651 2821 752 2885 aciem
779 2821 931 2888 humanae
951 2823 1071 2889 mentis
1099 2825 1225 2910 effugit.

108 2933 296 2999 Secundum
317 2931 410 3013 quid,
432 2931 565 3014 quando
588 2929 661 2994 licet
689 2947 757 2994 rem
785 2929 891 3013 aliquo
916 2933 1005 2996 modo
1029 2949 1229 3017 cognoscere

108 3058 303 3125 possumus,
328 3046 523 3105 nontamen
547 3045 635 3103 certo
653 3055 690 3102 ac
714 3038 869 3121 perfecte:
888 3039 933 3103 sic
951 3048 1106 3122 superant
1136 3041 1230 3106 intel-

108 3153 228 3214 lectum
267 3155 414 3213 nostrum
455 3145 606 3212 veritates
639 3144 793 3211 naturalis
822 3147 944 3212 ordinis
980 3147 1064 3213 bene
1098 3150 1226 3224 multae,

107 3258 148 3322 de
168 3257 288 3340 quibus
317 3252 460 3339 disputat
478 3252 694 3337 Philosophia.
716 3251 795 3317 ltem
808 3258 869 3334 per
890 3271 922 3319 se
940 3254 1057 3321 dicitur
1075 3267 1229 3340 superare

107 3373 239 3448 captum
269 3363 403 3439 veritas,
437 3361 570 3444 quando
592 3360 783 3444 impotentia
815 3360 1045 3445 cognoscendi·
1064 3363 1165 3429 oritur
1188 3382 1229 3429 ex

109 3471 217 3538 nativa
241 3471 361 3536 mentis
383 3467 602 3535 imbecillitate
624 3475 723 3551 atque
751 3468 1007 3552 improportione
1035 3487 1111 3535 curn
1140 3471 1230 3555 obje-

107 3592 160 3648 cto
187 3576 433 3663 cognoscendo,
461 3575 743 3660 quemadmodum
765 3574 880 3641 accidit
893 3575 925 3642 in
952 3575 1002 3652 iis,
1030 3595 1104 3661 quae
1132 3578 1230 3643 abso-

109 3690 176 3754 lute
203 3706 240 3752 ac
265 3685 453 3769 simpliciter
476 3694 553 3750 sunt
581 3701 679 3765 supra
705 3681 877 3749 rationem.
903 3683 967 3749 Per
986 3684 1129 3750 accidens
1151 3703 1229 3752 vero

111 3794 228 3861 dicitur
256 3793 373 3859 veritas
401 3791 555 3857 excedere
575 3798 719 3856 nostram
738 3790 996 3875 intelligentiam,
1017 3793 1149 3876 quando
1168 3793 1231 3858 im·

108 3902 252 3986 potentia
265 3897 483 3985 cognoscendi
497 3898 670 3975 enascitur,
692 3915 758 3962 non
777 3915 818 3963 ex
838 3898 946 3964 nativa
966 3898 1149 3966 intellectus
1168 3900 1230 3966 lm·

108 4009 320 4094 perfectione,
341 4006 398 4071 sed
423 4024 465 4070 ex
484 4017 619 4071 externo
638 4003 747 4087 aliquo
772 4003 1009 4089 impedimento
1035 4007 1152 4073 virium
1173 4025 1231 4073 na·

107 4115 279 4191 turalium,
299 4133 374 4198 quae
402 4114 537 4188 adsunt,
567 4112 756 4178 exercitium
784 4113 1016 4197 prepediente.
1044 4113 1112 4181 Hoc
1135 4115 1229 4199 pacto

109 4224 256 4309 plurimae
284 4222 436 4287 veritates
461 4220 616 4286 naturalis
638 4219 776 4297 ordinis,
807 4220 880 4285 licet
907 4220 1083 4288 intellectui
1112 4238 1168 4307 per
1194 4239 1229 4289 se

110 4331 376 4417 proportionatae,
412 4347 478 4394 non
510 4336 620 4393 tamen
660 4327 738 4394 satis
769 4339 1013 4413 cognoscuntur
1044 4331 1085 4396 ab
1117 4330 1229 4397 animo

111 4450 234 4515 nostro,
252 4439 303 4503 vel
324 4444 457 4521 propter
483 4443 606 4502 statum
626 4434 863 4521 conjunctionis
892 4453 967 4502 curn
996 4455 1146 4522 corpore,
1177 4439 1229 4504 vel

110 4555 240 4632 propter
258 4545 335 4611 alias
361 4542 586 4624 difficultates;
612 4552 644 4608 et
662 4542 709 4609 sic
724 4542 774 4619 id,
791 4544 881 4627 quod
904 4552 954 4610 est
971 4544 1136 4628 objectum
1156 4564 1230 4630 pro·

57 4701 63 4714 .
111 4653 331 4740 portionatum
344 4670 401 4737 pro
415 4651 580 4717 intellectu
589 4650 623 4716 in
638 4660 726 4718 statu
740 4651 969 4735 separationis,
987 4671 1106 4736 nempe
1120 4671 1231 4720 essen-
1293 4685 1297 4704 ι

109 4764 154 4828 tia
174 4761 291 4827 animae
315 4758 494 4834 rationalis,
515 4776 581 4824 non
600 4770 651 4824 est
669 4758 748 4825 satis
767 4759 1047 4844 proportionatum
1067 4777 1125 4845 pro
1143 4769 1230 4828 statu
