3492 5525
654 378 756 445 innox
776 394 896 441 aenon

110 558 363 618 Posltlvlsmus
389 570 418 615 et
445 554 616 630 positivistae
642 575 687 629 oo:
715 556 746 613 hi

143 647 358 721 adstipulantur
380 646 569 707 rationalistis
596 645 747 704 veritatem

144 758 259 796 omnem
284 737 403 810 ingenio
425 735 555 796 humano
577 734 747 809 imperviam

144 827 347 901 respuentibus
359 846 422 900 95¹·

110 919 361 978 tumulatores
375 915 591 989 suppositiones
606 932 668 990 755.

109 1007 274 1066 Praestos
294 1004 421 1079 cognitio
441 1004 512 1077 quid
534 1005 597 1078 896:
617 1002 689 1076 quid
703 1001 748 1060 di-

144 1110 254 1171 screpet
271 1095 478 1167 aspeeulativa
496 1093 661 1168 cognitione
683 1092 746 1166 897.

109 1188 237 1245 Praxis
250 1186 322 1258 quid
335 1205 385 1258 90¹
403 1204 484 1256 seqq.

109 1274 334 1348 Praecognlta
365 1286 394 1332 et
426 1271 665 1347 praecognitiones
694 1271 748 1343 874

144 1385 226 1438 seqq.

108 1452 346 1513 meabile
370 1452 441 1525 quid
463 1462 491 1511 et
513 1450 673 1525 quotuplex
698 1451 748 1524 164

145 1562 240 1616 sesso
258 1562 309 1616 ¹74
322 1554 351 1599 a
365 1560 427 1615 734·

110 1630 306 1690 Proedlosrl
326 1638 379 1705 per
401 1650 434 1687 se
454 1627 565 1701 aliquid
588 1625 748 1701 quotupliei

145 1720 231 1779 modo
245 1731 341 1791 potest
353 1718 409 1791 864
421 1736 503 1789 seqq.

108 1809 434 1867 predicamentum
456 1805 571 1877 quidet
591 1804 749 1877 quotuplex

148 1914 195 1971 175
218 1914 312 1967 seqq:
335 1893 408 1954 ratio
426 1892 577 1952 divisionis
598 1894 658 1966 184:
678 1905 750 1965 quot

145 1985 240 2044 modis
254 1984 346 2058 possit
359 1983 471 2057 aliquid
482 1982 514 2043 in
526 1980 750 2057 praedicamento

144 2072 281 2134 constitui
297 2073 357 2133 186.

108 2164 323 2223 Proedlestlo
352 2163 422 2235 quid
454 2164 500 2221 161
530 2174 560 2221 et
590 2161 750 2235 quotuplex

149 2255 194 2312 161
212 2273 305 2326 seqq:
319 2273 379 2326 quo
389 2266 472 2327 pacto
483 2251 668 2311 verificentur
679 2272 751 2324 prae·

144 2343 305 2403 dicationes
338 2344 369 2402 in
401 2341 542 2402 concretis
573 2355 603 2400 et
633 2342 751 2401 abstra-

145 2435 200 2495 ctis
214 2457 277 2509 729.

109 2525 353 2584 Proedleatum
369 2544 429 2597 117,
444 2542 476 2581 se
489 2523 577 2581 habet
588 2520 681 2581 instar
695 2519 751 2579 lor·

146 2635 200 2672 mae
224 2612 255 2673 in
276 2609 383 2683 iudicio
401 2625 532 2683 respectu
552 2602 672 2681 subiecti
687 2610 750 2680 2263

145 2702 218 2776 quid
232 2700 471 2776 praedieatum.de
485 2702 564 2759 omni
576 2700 641 2773 867,
654 2708 703 2774 per
720 2720 752 2759 se

144 2795 209 2867 864,
224 2806 252 2851 et
271 2792 435 2851 universale
455 2812 488 2850 ac
507 2792 663 2849 secusdum
678 2790 752 2864 quod

146 2885 245 2957 ipsum
263 2882 328 2940 866:
343 2877 491 2953 praedicati
512 2879 641 2938 extensio
656 2879 751 2937 unde·

146 2989 214 3030 nam
236 2969 390 3042 iudicanda
410 2969 473 3042 287:
495 2967 649 3041 prmdieata
663 2985 753 3042 gene-

145 3057 251 3138 raliora
264 3056 413 3129 quomodo
432 3071 603 3116 asserantur
616 3056 653 3115 de
673 3055 719 3114 int
734 3085 751 3095 -

146 3147 271 3208 rioribus
285 3148 316 3206 in
329 3146 525 3206 accidentibus
539 3168 584 3220 73.

107 3239 315 3298 Pmmtssae
339 3258 401 3309 321,
422 3236 546 3309 spectari
559 3248 684 3310 possunt
698 3235 751 3293 ob·

146 3326 248 3402 jective
270 3341 299 3386 et
322 3324 566 3400 formaliter·815:
596 3323 752 3397 praemissae

146 3418 215 3476 solae
234 3417 345 3488 absque
364 3413 551 3474 conclusione
573 3435 632 3472 non
645 3411 751 3473 consti·

148 3517 238 3566 tuunt
256 3504 411 3566 essentiam
432 3503 583 3563 discursus
601 3503 646 3562 vel
663 3502 753 3576 syllo-

147 3595 236 3670 gismi
250 3596 314 3653 812:
329 3593 476 3666 quomodo
495 3591 620 3650 influant
634 3592 666 3650 in
678 3609 752 3652 eon-

147 3683 376 3756 clusionem814
392 3703 485 3756 seqq:
501 3695 601 3740 utrum
616 3699 753 3740 assensus

148 3775 365 3850 praemissarum
386 3773 508 3832 existere
533 3772 638 3831 debeat
665 3770 752 3830 simul

147 3880 278 3939 tempore
309 3884 375 3924 cum
406 3881 528 3921 assensu
559 3859 753 3920 conclusionis

146 3957 200 4029 823
215 3974 309 4032 seqq:
325 3967 424 4013 utrum
438 3971 578 4011 assensus
592 3950 754 4026 praemissa·

147 4064 215 4104 rum
243 4042 411 4103 includatur
437 4040 468 4100 in
493 4039 678 4100 conclusione
700 4039 754 4115 838

148 4153 242 4206 seqq:
259 4134 359 4206 quales
376 4131 501 4190 debeant
520 4150 583 4191 esse
596 4129 754 4204 praemissae

148 4223 180 4282 in
194 4219 442 4282 demonstratione
458 4220 522 4293 867.

105 4310 337 4384 Principium
346 4309 417 4383 quid
428 4308 589 4384 generatim
602 4327 665 4384 7513
675 4308 756 4382 prin·

148 4402 259 4476 cipium
279 4399 454 4477 cognitionis
467 4419 530 4475 751:
554 4399 696 4474 principis
710 4399 756 4458 in·

148 4491 297 4565 complexa
311 4504 340 4551 et
352 4489 501 4562 complexa
513 4507 576 4564 75¹·
589 4488 755 4548 communia

149 4600 201 4639 seu
216 4580 360 4639 axiomata
369 4590 398 4637 et
409 4576 525 4651 propria
540 4577 584 4636 vel
599 4575 756 4650 positiones

150 4689 215 4752 753:
240 4669 509 4732 indemonstrabilia
537 4665 706 4742 simplicitet·
727 4681 757 4728 et

1321 388 1396 456 1173

831 554 1104 618 indemonstrabilia
1118 554 1278 615 seeundum
1291 551 1362 627 quid
1373 571 1435 626 753:

831 646 941 705 dantur
960 665 1077 718 quoque
1095 643 1236 717 principia
1254 642 1348 715 prima
1370 660 1448 714 pro··

833 734 938 794 babilis
958 737 1021 810 756:
1046 734 1189 808 principia
1209 746 1281 792 sunt
1298 731 1396 805 priora
1410 744 1441 790 et

833 825 945 884 notiora
959 822 1194 884 conclusionibus
1211 840 1274 897 757:
1293 821 1359 879 dari
1373 818 1439 892 pri·

834 935 881 973 ma
900 913 1040 986 principia
1055 912 1175 987 quinam
1190 908 1362 985 negaverint
1374 928 1438 983 772:

832 1023 934 1061 verum
946 1001 1127 1061 admittenda
1138 998 1298 1060 necessario
1307 1010 1379 1057 sunt
1387 998 1441 1071 776

832 1092 1054 1164 seqq.:habitus
1062 1091 1223 1164 primorum
1232 1088 1439 1162 principiorum

833 1181 906 1253 quid
927 1204 990 1255 779,
1015 1181 1069 1255 789
1086 1194 1116 1239 et
1135 1180 1198 1253 784,
1222 1199 1240 1236 a
1264 1177 1439 1250 quibusdam

834 1285 958 1345 negatus
972 1292 1034 1345 779,
1050 1291 1117 1330 eum
1135 1267 1283 1328 communi
1297 1266 1440 1326 sententia

833 1374 1036 1435 propugnatur
1057 1359 1109 1432 780
1128 1379 1221 1432 seqq:
1246 1370 1366 1417 vocatur
1383 1357 1442 1414 hu·

833 1449 959 1523 jusmodi
973 1448 1092 1507 habitus
1106 1448 1271 1506 intellectus
1285 1444 1441 1519 principio·

834 1556 901 1597 rum
916 1538 977 1613 784:
992 1551 1093 1597 uuum
1107 1536 1272 1595 intellectus
1285 1534 1440 1609 principio·

834 1648 901 1687 rum
928 1627 967 1686 sit
993 1646 1072 1685 unus
1099 1624 1222 1699 simplex
1246 1624 1375 1694 habitus,
1402 1643 1441 1682 an

835 1719 987 1791 multiplex
1000 1718 1054 1791 784
1065 1736 1160 1789 seqq,
1176 1716 1320 1775 naturalis
1332 1715 1378 1773 vel
1392 1714 1442 1773 in·

835 1822 934 1879 natus,
948 1828 988 1867 an
1001 1827 1070 1866 vero
1087 1806 1248 1879 acquisitus
1272 1806 1326 1880 788
1345 1825 1441 1878 seqq..

834 1909 863 1956 et
877 1896 908 1955 in
920 1917 980 1969 quo
993 1896 1134 1955 consistat
1146 1916 1208 1969 794:
1219 1894 1364 1968 principia
1371 1914 1443 1966 quo·

836 1987 923 2044 modo
943 1986 1118 2060 colligantur
1140 2004 1191 2060 795
1216 2004 1309 2061 seqq:
1333 1983 1443 2055 prinei·

836 2076 953 2149 piorum
965 2076 1073 2134 divisio
1084 2075 1114 2135 in
1124 2074 1268 2147 analytica
1280 2088 1310 2133 et
1323 2074 1444 2155 syntlre·

836 2164 894 2225 tica
913 2166 1086 2238 reprobatur
1106 2184 1168 2239 795:
1184 2183 1323 2223 assensus
1334 2162 1462 2257 princi-l

836 2254 951 2327 piorum
967 2254 1149 2313 discursivus
1164 2267 1278 2313 nonest
1290 2254 1342 2327 805
1358 2272 1441 2324 seqq.

801 2344 1063 2417 Principistum
1072 2345 1142 2417 quid
1154 2362 1215 2418 752,
1224 2356 1255 2402 et
1263 2344 1294 2402 in
1305 2362 1364 2415 quo
1377 2362 1443 2401 eon·

836 2434 945 2505 veniat,
969 2448 999 2495 et
1024 2422 1099 2507 quid
1123 2434 1266 2506 discrepet
1292 2454 1310 2493 a
1336 2430 1444 2506 prinei-

836 2524 884 2597 pio
893 2542 957 2598 752.

800 2614 991 2672 Privatlvs
1004 2612 1149 2687 oppositio
1165 2631 1226 2687 155.

800 2704 992 2763 Probabile
1018 2715 1048 2763 et
1072 2701 1264 2777 probabilitas
1284 2701 1357 2774 quid
1379 2702 1444 2776 467,

835 2795 899 2868 464:
915 2792 1102 2867 probabilitas
1116 2792 1273 2851 intrinseca
1295 2805 1325 2850 et
1338 2789 1447 2850 extrin-

836 2904 901 2945 seco
926 2885 990 2958 464:
1011 2904 1048 2942 an
1067 2896 1096 2943 et
1114 2883 1261 2956 quomodo
1283 2881 1445 2940 extrinseca
1528 2871 1531 2878 ’

802 2979 804 2982 ’
835 2985 983 3044 supponat
1008 2971 1194 3030 intrinsecam
1222 2970 1286 3044 464:
1311 2969 1393 3027 valor
1416 2981 1446 3027 et

837 3081 910 3120 usus
942 3059 1155 3133 probabilitatis
1182 3057 1350 3118 extrinsecae
1380 3059 1443 3131 615,

814 3213 816 3218 ,
834 3152 899 3224 632:
915 3150 1103 3223 probabilitas
1123 3149 1258 3212 absoluta
1276 3161 1306 3207 et
1326 3148 1447 3207 relativa

833 3258 898 3313 405:
923 3240 1015 3312 major
1029 3259 1088 3298 non
1111 3237 1195 3298 elidit
1217 3237 1358 3297 minorem
1377 3238 1443 3310 465:

836 3327 985 3400 probabile
1003 3347 1063 3385 non
1085 3339 1130 3386 est
1149 3326 1227 3385 idem
1251 3347 1285 3384 ac
1309 3324 1446 3398 possibile

835 3419 899 3491 467:
916 3415 1073 3489 probabilis
1087 3413 1302 3489 argumentatio
1317 3415 1379 3487 381.

800 3506 951 3564 Proolus
967 3525 1011 3578 79.

800 3596 1002 3668 Progressus
1015 3594 1185 3654 indefinitus
1198 3593 1343 3654 absurdus
1351 3593 1446 3654 histo·

837 3685 895 3744 rice
908 3685 1113 3757 comprobatur
1125 3703 1171 3758 40:
1186 3684 1249 3756 ejus
1260 3683 1387 3743 fautores
1399 3705 1446 3758 9¹·

801 3774 1003 3848 Proposltlo
1017 3774 1088 3847 quid
1104 3793 1166 3848 ²43²
1182 3773 1263 3834 varia
1275 3775 1340 3846 ejus
1352 3774 1447 3834 nomi·

839 3885 876 3923 na
899 3883 963 3938 244,
986 3864 1128 3922 elementa
1151 3882 1214 3943 245,
1244 3862 1395 3937 quantitas
1417 3876 1447 3925 et

839 3953 965 4028 qualitas
978 3972 1041 4028 245:
1057 3952 1209 4026 multiplex
1217 3952 1336 4024 divisio,
1352 3953 1447 4028 primo

839 4056 968 4116 spectata
986 4042 1107 4102 materia
1125 4042 1181 4116 246
1202 4061 1297 4115 seqq,
1321 4042 1448 4103 securulo

840 4133 954 4192 ratione
974 4132 1148 4205 quantitatis
1171 4152 1225 4210 249
1244 4153 1338 4208 seqq,
1362 4134 1448 4196 tertio

725 4230 729 4239 ²
840 4221 952 4282 ratione
978 4221 1129 4293 qualitatis
1151 4242 1203 4295 ²52
1226 4242 1320 4297 seqq.¹
1341 4237 1449 4296 quarto

839 4312 954 4371 ratione
966 4311 1090 4371 unitatis
1108 4331 1160 4386 254
1173 4331 1267 4386 seqq:
1289 4311 1450 4386 propositio

840 4400 1001 4475 categorica
1013 4405 1042 4460 et
1053 4401 1312 4478 hypotheticam,
1327 4402 1450 4463 modalis

840 4504 870 4549 et
883 4493 917 4550 de
928 4491 1023 4550 inesse
1036 4490 1100 4564 2563
1119 4489 1332 4564 propositiones
1348 4505 1447 4565 aperte

840 4578 1008 4650 compositae
1022 4578 1071 4636 261
1087 4597 1169 4651 seqq.
1190 4592 1221 4639 et
1241 4579 1352 4640 occulte
1369 4599 1449 4639 oom-

840 4667 943 4742 positae
957 4667 1004 4729 vel
1017 4665 1195 4744 exponibilss
1207 4689 1257 4746 27¹
1274 4689 1368 4743 seqq:
1385 4691 1450 4744 pro·
