3492 5525
567 481 625 544 too
758 463 882 528 Loorcn
904 461 1151 529 Minon-Drsn
1179 475 1219 526 1.·
1241 462 1319 525 Ceo.
1342 477 1414 546 μω

524 645 579 712 ubi
596 643 673 712 nihil
689 645 729 712 de
743 645 878 713 vocibus
893 645 972 731 ipsis
986 645 1213 720 ennuntiatur,
1229 644 1286 710 sed
1301 645 1341 710 de
1357 645 1454 710 rebus
1473 662 1532 728 per
1546 661 1643 709 voces
1731 643 1732 682 r

524 750 717 842 expressis(
742 750 768 842 ).
1731 747 1732 750 ’

590 859 718 927 Nullius
746 879 843 945 porro
869 861 992 946 negotii
1021 870 1072 926 est
1099 861 1372 944 suppositionem.
1396 859 1594 926 materialem
1625 879 1643 922 a

476 1023 488 1040 .
523 967 648 1033 formali
672 969 861 1054 dignoscere
885 989 925 1035 ex
949 968 1082 1034 materia
1105 969 1250 1053 subjecta
1273 976 1306 1033 et
1330 975 1444 1032 natura
1467 967 1640 1051 praedicati.
1731 1027 1732 1032 ,

523 1073 608 1140 Sunt
631 1083 740 1142 autem
766 1077 933 1142 nonnullae
955 1094 1070 1152 voces,
1096 1075 1128 1140 in
1152 1072 1273 1157 quibus
1297 1081 1435 1157 utraque
1459 1073 1642 1158 suppositio
1731 1047 1732 1086 ¹

521 1183 675 1249 conntndi
699 1193 825 1269 potest,
849 1203 897 1250 eae
921 1184 1073 1250 nimirum
1094 1201 1169 1266 quae
1190 1181 1375 1265 signiticaret
1388 1180 1532 1266 idipsum
1553 1183 1642 1264 quod

520 1294 597 1355 nent
612 1290 644 1356 in
664 1309 715 1368 se,
737 1300 773 1389 ut
790 1309 868 1368 vox,
889 1291 1039 1356 temnimus
1059 1290 1161 1355 ethis
1184 1289 1318 1356 similes.
1346 1289 1416 1354 Vox
1438 1288 1577 1354 enimet
1599 1293 1648 1353 est

521 1415 588 1462 vox
606 1399 758 1481 quedam
777 1397 983 1483 etsigm'ticot
1000 1417 1134 1474 vocem,
1155 1406 1188 1461 et
1206 1396 1353 1464 similiter
1368 1396 1529 1463 terminus.

587 1502 772 1589 Suppositio
787 1505 959 1572 materialis
976 1505 1191 1572 subdividitur
1206 1503 1238 1569 in
1257 1507 1433 1570 naturalem
1446 1513 1479 1569 et
1493 1504 1644 1569 amiticia-
1731 1521 1732 1598 3

380 1627 453 1658 ⁰⁶¹³
521 1611 591 1676 lem·
617 1611 779 1680 Naturalis
804 1622 855 1679 est
880 1631 961 1680 usus
984 1613 1113 1678 termini
1139 1632 1198 1698 pro
1224 1631 1260 1677 se
1285 1613 1375 1696 ips0,
1401 1613 1582 1678 secundum
1609 1612 1643 1677 id
1731 1611 1732 1656 Τ

400 1767 469 1800 Μ,
520 1719 610 1802 quod
630 1720 763 1786 habeta
781 1730 912 1798 natura,
933 1731 970 1786 ut
989 1739 1065 1785 cum
1086 1721 1169 1786 dico:
1191 1720 1290 1785 Homo
1305 1731 1355 1784 est
1368 1738 1442 1785 vox:
1462 1719 1644 1786 Artificialis

520 1820 570 1892 est
595 1844 674 1894 usus
697 1829 827 1893 termini
852 1847 910 1912 pro
934 1847 969 1894 se
993 1820 1081 1912 ip'so,
1107 1829 1289 1894 secundum
1313 1829 1346 1894 id
1370 1829 1460 1912 quod
1486 1828 1582 1894 habet
1601 1827 1644 1892 ab

519 1943 587 1998 arte
614 1935 858 2021 hominumque
887 1935 1102 2003 institutione:
1129 1937 1201 2001 talis
1226 1943 1278 2002 est
1303 1934 1487 2019 suppositio
1512 1936 1644 2000 termini

519 2039 607 2108 domo
628 2040 660 2108 in
685 2043 746 2109 hac
770 2043 1006 2129 propositione:
1036 2045 1136 2109 Homo
1165 2047 1214 2109 est
1233 2061 1354 2108 nortem
1378 2043 1477 2109 tertio
1507 2044 1646 2108 declina-

519 2148 626 2215 nono.

319 2307 491 2356 mm
567 2255 620 2342 56.
668 2257 858 2342 Suppositio
882 2259 1027 2326 formalis
1049 2257 1203 2324 dividitur
1228 2259 1261 2324 in
1283 2259 1445 2342 propriam
1470 2269 1503 2324 et
1528 2259 1645 2341 impro-

310 2379 497 2438 mprenpom·
512 2364 618 2446 pn'om
637 2383 695 2432 seu
720 2366 968 2448 metaphoricam.
997 2366 1125 2450 Propria
1144 2365 1194 2430 e‘st
1212 2365 1354 2449 acceptio
1379 2367 1509 2431 termini
1529 2385 1588 2451 pro
1608 2385 1644 2432 re

325 2453 480 2509 ‘'imi“
517 2490 617 2556 quam
637 2475 779 2558 proprie,
795 2483 829 2538 et
842 2474 1030 2559 impropria,
1042 2474 1185 2557 acteptio
1200 2473 1329 2540 termini
1345 2492 1403 2557 pro
1418 2493 1452 2538 re
1466 2492 1566 2557 quarn
1579 2475 1646 2539 im·

517 2583 645 2666 proprie
662 2581 835 2668 significat.
853 2583 1049 2667 Exemplum
1061 2583 1154 2666 primi
1170 2593 1221 2648 est
1235 2582 1268 2646 in
1281 2601 1359 2647 voce
1374 2583 1420 2647 leo
1433 2581 1466 2647 in
1481 2583 1557 2647 hac:
1576 2583 1646 2647 1.εο

515 2689 957 2775 estbelloorumfortissimus;
967 2689 1101 2756 secundi
1111 2689 1143 2755 in
1154 2690 1224 2756 hac:
1238 2690 1324 2755 Victi
1332 2690 1444 2755 leode
1454 2689 1644 2773 tributum.

339 2842 467 2901 &We
583 2797 773 2884 Suppositio
785 2800 931 2865 formalis
945 2798 1163 2865 subdividitur
1177 2799 1209 2864 in
1221 2800 1336 2864 realem
1351 2804 1384 2863 et
1395 2799 1540 2882 togr'com.
1556 2796 1647 2882 Sup-

311 2917 493 2971 mttueuoour
516 2904 636 2991 positio
653 2906 746 2972 realis
765 2917 816 2973 est
833 2924 914 2973 usus
929 2906 1060 2973 termini
1079 2924 1139 2991 pro
1157 2924 1217 2973 sua
1235 2906 1470 2990 significatione
1492 2907 1566 2971 reali
1580 2924 1646 2972 seu

516 3015 557 3079 ad
576 3014 816 3081 enuntiandum
832 3014 965 3099 aliquid,
984 3015 1074 3098 quod
1090 3014 1134 3079 rei
1148 3014 1338 3099 significate
1356 3014 1511 3081 convenit
1525 3032 1650 3081 secun·

515 3121 596 3188 dum
619 3140 714 3189 suam
734 3121 904 3189 entitatem
921 3122 1208 3207 independentera
1229 3122 1349 3188 mentis
1365 3120 1646 3205 consideratione;

515 3240 554 3296 ut
572 3230 598 3296 si
617 3230 717 3297 dicas.
735 3229 804 3295 Nix
820 3232 868 3295 est
881 3230 966 3295 aldo.
988 3228 1104 3295 Vocari
1123 3231 1222 3296 etiam
1245 3238 1357 3313 posset
1374 3230 1444 3295 haec
1456 3230 1651 3314 suppositio

510 3338 616 3421 primo
628 3336 843 3403 mentionatis
854 3346 889 3402 et
901 3338 1032 3402 directo.
1053 3336 1245 3421 Suppositio
1260 3339 1380 3422 logica,
1396 3356 1473 3420 quae
1487 3338 1650 3422 appellari

515 3462 649 3529 quoque
667 3455 779 3529 posset
795 3448 932 3510 secundo
949 3444 1165 3511 interlinealis
1182 3442 1251 3533 (2),
1274 3456 1323 3511 est
1339 3462 1421 3511 usus
1434 3446 1565 3511 termini
1581 3466 1652 3529 pro

549 3676 592 3748 (ι)
628 3676 696 3735 iden
708 3676 844 3735 dioebent
855 3676 972 3747 antiqui
986 3676 1144 3735 terminum
1158 3675 1189 3733 in
1208 3675 1409 3749 suppositione
1428 3676 1570 3735 materiali
1589 3697 1649 3737 ve-

514 3764 620 3827 rificari
641 3770 678 3824 de
700 3768 837 3835 imino,
861 3786 962 3824 verum
988 3786 1048 3825 non
1070 3778 1124 3841 pro
1144 3766 1358 3824 termino-Ut
1384 3786 1471 3838 porro
1497 3766 1652 3827 rationem

514 3856 687 3929 perspicies,
711 3876 767 3914 eur
785 3856 831 3914 itte
854 3854 1073 3929 suppositiones
1094 3856 1136 3914 sie
1158 3856 1358 3928 appellentur,
1384 3856 1527 3915 reeordari
1551 3855 1656 3917 debes

513 3946 654 4006 terminos
667 3964 731 4005 esse
750 3944 782 4005 in
799 3965 833 4003 se
849 3964 939 4004 sonos
951 3946 1094 4017 quosdam
1116 3966 1150 4003 ee
1167 3946 1256 4004 fletus
1276 3944 1370 4010 vocis,
1386 3944 1519 4003 adhiberi
1540 3960 1655 4007 eutem

513 4050 664 4109 tentonem
686 4034 771 4109 signe
792 4035 829 4093 ed
850 4034 931 4092 eliud
951 4034 1185 4106 exprimendum.
1202 4034 1336 4106 Spectari
1350 4054 1422 4107 ergo
1436 4046 1561 4105 possum
1573 4048 1658 4094 ter*—

513 4124 587 4185 mini
599 4138 749 4197 umquem
762 4139 930 4183 oonuetunt
944 4124 1110 4195 quotidem,
1120 4125 1206 4195 eujus
1217 4124 1380 4195 subjeetum
1401 4124 1446 4181 vei
1461 4123 1581 4182 materie
1598 4144 1658 4186 est

512 4216 577 4289 ipse
589 4214 713 4289 physion
726 4214 845 4273 mlius
856 4214 991 4283 tantini,
1005 4226 1036 4272 et
1048 4213 1141 4273 loma
1154 4213 1341 4288 significatio
1354 4214 1455 4285 Atque
1471 4212 1576 4271 exinde
1597 4216 1654 4285 lie,

512 4319 547 4365 nt
559 4324 634 4365 osus
644 4304 778 4363 mbult
790 4304 829 4362 ed
841 4302 1058 4363 enuntiandum
1070 4303 1182 4377 eliqnid
1194 4300 1233 4362 de
1247 4303 1311 4375 ipen
1321 4306 1449 4363 morie
1462 4302 1599 4375 termini,
1612 4324 1660 4368 ut

512 4394 556 4455 sie
567 4396 688 4469 loquer,
699 4394 863 4469 appelletur
875 4394 1058 4463 mumolus,
1070 4394 1204 4459 mdis
1218 4412 1287 4453 vero
1303 4393 1434 4466 eooeptio
1453 4391 1571 4451 termini
1588 4414 1659 4467 pro
1731 4446 1732 4477 3

503 4490 607 4558 jem
619 4484 762 4557 eiusdem.

546 4582 589 4643 (el
624 4574 865 4650 Suppositionen
879 4572 955 4633 hene
966 4586 1052 4633 went
1065 4572 1196 4632 Lound-
1207 4573 1352 4643 (norm.
1368 4572 1459 4647 vulgo
1477 4572 1659 4636 sna-12
1731 4632 1732 4645 ,

510 4668 589 4740 disp.
605 4686 637 4741 ς.
651 4686 717 4741 eep.
731 4686 763 4731 e,
776 4684 809 4724 n.
824 4668 881 4737 ς.),
895 4662 1005 4735 eli'rqne
1012 4660 1338 4735 mititem-qumvis
1352 4662 1482 4737 simplex
1493 4668 1659 4736 nppoei-
1731 4658 1732 4709 ἐ

511 4759 554 4821 do
565 4756 651 4819 eliter
663 4778 682 4816 ι
692 4756 821 4817 Fonsoon
828 4755 942 4819 unet.
954 4756 1073 4813 alutem
1082 4752 1172 4823 lio-8,
1186 4774 1250 4827 esp
1262 4752 1441 4826 molens,
1449 4753 1661 4817 ladem}
1731 4772 1732 4839 j
