3492 5525
536 450 596 533 664
650 452 776 517 Lourcn
789 449 1023 525 arnon-Lm.
1041 463 1110 512 au.
1127 448 1220 512 Drse.
1240 462 1281 513 r.·
1296 448 1376 511 Cae.
1392 465 1464 512 aem

496 636 642 723 pluribus
660 636 828 719 inexistat;
845 637 897 702 vel
916 634 1061 703 secundo
1079 642 1254 717 quatenus,
1276 634 1351 698 licet
1369 639 1484 697 natura
1502 629 1538 695 in
1560 630 1636 696 sin·

495 744 581 830 gulis
598 742 771 811 individuis
790 742 1003 829 multiplicata
1019 742 1078 819 sit,
1099 741 1216 807 habeat
1235 739 1396 828 tamenin
1415 723 1487 805 ttlts'
1498 739 1633 803 realem

495 852 710 937 aptitudinem
735 859 832 935 atque
856 848 1105 919 indifferentiam
1131 848 1291 915 existendi
1313 848 1347 913 in
1372 846 1535 932 pluribus.
1567 846 1635 910 Pa-
1732 855 1733 858 ’

496 962 580 1026 troni
606 959 719 1045 primae
743 961 841 1044 hujus
864 955 1089 1042 explicationis
1112 965 1240 1040 ponunt
1257 953 1439 1023 universale
1458 954 1544 1019 reale
1567 971 1634 1037 per

496 1066 744 1145 inexistentiam,
766 1066 818 1133 alii
839 1084 897 1150 per
914 1063 1171 1148 indifferentiam.

563 1176 673 1259 ltaque
704 1197 719 1237 u
728 1173 861 1258 quidam
889 1172 1095 1239 contendunt
1122 1168 1269 1258 (naturas
1296 1164 1421 1256 rerum)
1436 1186 1510 1234 esse
1528 1187 1635 1234 corn-

387 1294 397 1317 ·
498 1300 616 1349 munes
636 1300 693 1367 per
716 1280 963 1356 inexistentiam,
989 1280 1033 1344 ita
1056 1279 1147 1363 quod
1170 1297 1235 1344 una
1258 1288 1290 1345 et
1313 1280 1419 1343 eadem
1441 1276 1635 1341 humanitas

497 1390 622 1457 realiter
640 1389 816 1473 reperiatur
834 1388 866 1453 in
895 1386 1050 1453 omnibus
1075 1384 1279 1452 hominibus:
1309 1405 1341 1451 v.
1369 1405 1405 1469 g.
1431 1384 1634 1449 humanitas

498 1496 579 1561 Petri
599 1504 632 1561 et
650 1494 836 1561 humanitas
850 1493 936 1560 Pauli
954 1511 1020 1559 non
1034 1494 1189 1559 differunt
1204 1492 1264 1559 nisi
1281 1492 1478 1568 extrinsece,
1495 1492 1632 1557 ratione

497 1602 617 1670 scilicet
641 1602 894 1669 differentiarum
914 1602 1158 1686 adjunctarum:
1179 1601 1320 1677 Quando
1338 1614 1448 1665 autem
1468 1609 1632 1664 asserunt

497 1709 596 1777 u'nam
617 1728 688 1775 esse
703 1717 850 1775 naturam
869 1709 903 1774 in
924 1709 1079 1774 omnibus
1098 1708 1332 1794 singularibus,
1348 1726 1428 1774 sane
1443 1725 1510 1771 non
1525 1703 1631 1772 intel-

497 1818 603 1903 ligunt
618 1836 690 1883 esse
706 1834 805 1882 unam
822 1817 1006 1892 numerice,
1028 1816 1060 1882 id
1078 1816 1165 1881 enim
1185 1815 1302 1881 divinis
1320 1824 1448 1882 tantum
1468 1814 1633 1881 Personis

498 1932 697 1991 reservatum
717 1935 783 2000 est,
805 1924 978 2007 inquibus
998 1942 1063 1988 una
1075 1931 1107 1987 et
1116 1924 1230 1987 eadem
1242 1941 1523 2007 numeroprorsus
1537 1923 1633 1989 indi·

497 2031 566 2098 visa
586 2039 698 2099 natura
718 2032 887 2115 reperitur.
908 2030 975 2095 Sed
993 2030 1174 2113 loquuntur
1197 2030 1238 2095 de
1266 2030 1318 2095 illa
1338 2029 1461 2097 unitate
1489 2032 1631 2114 propria
1732 2053 1733 2056 ¹

498 2147 638 2216 natura,
660 2156 734 2223 quae
753 2137 907 2221 importat
926 2136 1154 2203 indivisionem
1176 2156 1231 2221 per
1250 2135 1403 2222 principia
1421 2137 1628 2211 essentialia,

496 2247 584 2313 unde
603 2246 663 2313 dici
682 2247 765 2312 solet
784 2244 892 2313 unitas
919 2244 1075 2311 formalis
1093 2256 1126 2311 et
1149 2245 1345 2321 essentialis,
1375 2264 1450 2329 quae
1475 2246 1549 2311 ideo
1570 2257 1629 2313 est

498 2354 605 2420 minor
623 2354 746 2419 unitate
780 2353 952 2419 numerali.
974 2352 1011 2417 Et
1031 2371 1152 2435 ponere
1170 2352 1203 2418 in
1222 2353 1337 2418 creatis
1352 2354 1503 2419 eamdem
1524 2363 1630 2420 natu·

498 2478 566 2526 ram
585 2461 631 2526 sic
650 2477 749 2526 unam
769 2460 800 2525 in
822 2460 968 2544 pluribus
986 2459 1204 2545 singularibus
1223 2460 1345 2529 nedum
1372 2480 1438 2526 non
1461 2461 1628 2527 arbitran-

495 2576 551 2633 tur
569 2567 765 2644 absurdum,
786 2567 845 2633 sed
864 2585 996 2633 summe
1016 2568 1275 2636 necessarium».
1304 2569 1348 2635 lta
1373 2568 1509 2655 exponit
1534 2572 1627 2635 banc

496 2674 806 2758 sententiamque
836 2674 891 2739 vix
915 2674 1044 2739 differre
1072 2674 1200 2740 videtur
1227 2694 1246 2738 a
1270 2675 1420 2741 realismo
1451 2674 1625 2743 Gullielmi

495 2783 749 2868 campellensis,
779 2782 897 2849 nobilis
924 2781 1064 2848 Scotista
1092 2781 1348 2849 Bartholomaeus
1376 2782 1564 2877 Mpstrius(
1593 2787 1623 2872 )‚

496 2891 552 2975 qui
572 2910 630 2974 pro
648 2910 686 2956 ea
705 2889 783 2957 citat
803 2890 909 2955 varios
928 2887 999 2954 ΑΑ.
1254 2905 1257 2911 ’

562 2995 703 3064 «Ceteri
714 3015 791 3062 vero
804 2995 951 3062 Scotista
964 2997 1141 3064 admittunt
1156 3005 1491 3066 naturascommunes
1504 3003 1622 3067 solum
1732 3080 1733 3083 Ἴ

496 3123 553 3191 per
572 3103 826 3189 indifferentiam,
846 3121 912 3169 non
928 3114 1037 3169 autem
1053 3123 1110 3188 per
1123 3104 1380 3172 inexistentiam:
1403 3109 1489 3175 unde
1501 3128 1625 3176 conse·

495 3220 633 3297 quenter
651 3213 767 3279 volunt
785 3211 956 3296 quodlibet
974 3212 1181 3295 suppositum
1202 3213 1319 3278 habere
1336 3231 1431 3280 suam
1450 3218 1621 3301 propriam

495 3330 644 3387 naturam
664 3338 739 3385 cum
759 3337 818 3385 sua
831 3319 954 3386 unitate
969 3319 1112 3397 formali,
1132 3329 1166 3384 et
1180 3320 1274 3385 aliam
1290 3339 1360 3386 esse
1374 3324 1620 3391 humanitatem
1732 3378 1733 3381 ,

494 3427 593 3504 Petri,
614 3419 708 3493 aliern
729 3427 834 3504 Pauli,
855 3427 953 3492 etiam
971 3428 1200 3494 antecedenter
1225 3427 1264 3493 ad
1283 3429 1479 3496 differentias
1497 3433 1622 3499 indivi-

494 3535 619 3600 duales.
645 3533 768 3600 Dicitur
792 3541 905 3599 tamen
934 3551 1144 3618 unaquaeque
1167 3545 1281 3602 natura
1297 3537 1501 3616 communis,
1522 3539 1617 3622 quia,

494 3642 707 3726 quantumvis
725 3642 767 3707 sit
785 3642 965 3708 extrinsece
988 3650 1154 3708 contracta
1178 3662 1235 3726 per
1253 3643 1465 3711 differentiam
1490 3647 1618 3715 adhoc

494 3750 547 3816 vel
566 3749 644 3814 illud
654 3747 878 3826 individuum,
899 3748 1070 3815 intrinsece
1083 3759 1194 3816 tamen
1208 3769 1339 3834 semper
1352 3751 1534 3836 indifferens
1543 3775 1620 3822 ma·

495 3864 568 3933 net,
589 3865 625 3922 ut
643 3857 685 3921 sit
702 3855 734 3920 in
750 3857 811 3920 hoc
829 3855 881 3921 vel
900 3856 934 3922 in
949 3854 1017 3922 illo.
1038 3855 1128 3922 Sicut
1145 3856 1233 3922 enim
1252 3858 1421 3927 constituit
1439 3861 1540 3927 modo
1554 3862 1621 3928 Pe-

492 3973 597 4039 trum,
619 3962 678 4038 ita,
699 3971 860 4046 quantum
881 3972 931 4029 est
956 3965 997 4029 de
1011 3983 1064 4042 se,
1085 3972 1210 4049 poterat
1235 3947 1434 4033 constituere
1459 3969 1616 4050 Paulum,

492 4071 520 4138 si
538 4071 582 4137 illi
600 4089 618 4136 a
636 4077 812 4156 generante
830 4072 1072 4136 communicata
1089 4071 1220 4150 fuisset,
1240 4080 1274 4137 et
1291 4073 1365 4140 ideo
1383 4075 1500 4141 dicitur
1516 4097 1616 4144 com·
1649 4115 1654 4123 ·

493 4177 602 4245 munis
620 4195 677 4261 per
701 4176 986 4243 indifferentiam.»
1011 4177 1102 4245 Sicut
1119 4179 1176 4261 qui
1195 4188 1244 4245 est
1263 4180 1377 4247 Roma
1403 4195 1512 4267 potest
1537 4205 1617 4253 esse

492 4283 590 4351 etiam
606 4283 749 4360 Parisiis,
770 4292 934 4367 quantum
953 4292 1005 4350 est
1022 4285 1065 4350 de
1083 4304 1135 4362 se,
1157 4287 1230 4353 licet
1248 4289 1406 4372 quamdiu
1418 4299 1468 4357 est
1481 4293 1614 4372 Romae,

492 4392 686 4476 impediatur
703 4409 775 4458 esse
790 4390 929 4458 Parisiis.
951 4391 1041 4457 Hanc
1059 4401 1150 4459 tenet
1169 4393 1239 4478 ipse
1253 4397 1407 4463 Mastrius
1420 4416 1496 4465 cum
1516 4399 1617 4470 Tata-

492 4506 578 4575 reto‚
600 4499 746 4575 licheto,
767 4497 857 4564 Rada
875 4508 909 4564 et
936 4499 1022 4576 aliis,
1042 4509 1075 4565 et
1098 4502 1264 4570 contendit
1290 4521 1363 4570 esse
1386 4525 1496 4572 veram
1521 4507 1615 4577 Scoti

527 4735 568 4796 (r)
604 4730 638 4788 fn
656 4729 809 4804 organum
823 4729 1013 4801 Aristotelis,
1026 4750 1078 4790 seu
1092 4731 1210 4809 Logia,
1226 4731 1302 4806 disp.
1317 4753 1346 4808 4,
1363 4755 1393 4809 q.
1408 4757 1432 4808 ι,
1447 4758 1475 4796 a.
1493 4759 1519 4796 r.
