3492 5525
153 158 232 231 ptus
254 149 379 236 dirigit,
401 151 490 218 facile
508 150 584 217 inde
601 152 758 237 coliigunt
769 151 890 238 Logici‚
902 170 969 239 qua
987 151 1145 219 methodo
1163 158 1197 216 et
1213 151 1280 216 iot·

153 274 209 320 ma
228 256 403 325 verborum
431 259 477 325 uti
502 259 624 326 debent
650 261 683 327 in
705 258 882 347 disciplinis
903 249 1068 329 tradendis
1094 269 1194 342 atque
1225 257 1275 323 di-

151 363 345 451 scendet(
370 362 395 453 ).

222 469 315 537 Plura
333 472 460 539 dabunt
475 473 631 551 hessam,
651 472 788 561 Semety
808 473 906 541 etalii
928 474 1000 543 An.

530 634 829 760 herroneus
850 684 900 757 11.

152 832 224 895 An
251 846 329 897 ree
353 836 569 914 spectatae
597 834 852 899 secundum
880 848 1014 897 suam
1043 833 1276 897 entitatem

435 944 528 1005 sint
549 940 780 1023 objectum
803 942 994 1019 Logioae.

199 1134 278 1200 34¹·
326 1115 391 1183 Res
404 1117 549 1184 bifariam
564 1118 758 1185 considerari
769 1126 918 1202 possunt:
931 1118 1113 1185 secuudum
1123 1134 1183 1183 sua
1193 1134 1277 1200 prae·

151 1224 259 1289 dicata
280 1226 376 1291 realia
393 1225 644 1310 independentia
659 1226 692 1291 in
707 1244 743 1290 se
761 1227 801 1290 ab
821 1227 894 1302 hoc,
911 1226 999 1309 quod
1014 1244 1033 1290 a
1047 1219 1142 1293 nobis
1155 1242 1277 1307 cogno
1398 1214 1462 1245 '⁰⁰¹⁵'

151 1340 302 1413 scantur3
324 1339 357 1396 et
377 1340 474 1415 prout
491 1352 510 1397 a
530 1332 624 1399 nobis
642 1340 731 1398 certo
749 1332 1014 1418 modocoguitae.
1034 1329 1182 1407 Qttaestio
1196 1346 1276 1414 ergo

152 1440 321 1522 proposita
339 1449 489 1505 versatur
505 1438 587 1504 circa
606 1458 656 1505 res
676 1440 781 1524 primo
799 1458 899 1505 sensu
917 1439 1154 1519 consideratam
1172 1455 1277 1521 eaque

151 1546 283 1629 respicit
301 1547 468 1631 objectum
487 1546 617 1619 formale
643 1548 743 1631 quod,
777 1548 829 1613 vel
856 1547 952 1621 illud,
985 1546 1073 1629 quod
1102 1563 1211 1630 perse
1241 1563 1277 1610 ac

150 1654 273 1719 directe
291 1652 516 1720 consideretur
533 1674 552 1719 a
572 1653 703 1739 Logica,
734 1654 1018 1738 quemadmodum
1046 1661 1196 1719 notatum
1225 1660 1277 1719 est

150 1760 185 1825 in
206 1760 390 1844 quaestr'one
409 1760 619 1844 praecedenti.

220 1866 452 1935 Communiter
489 1868 635 1933 sentiunt
665 1867 850 1951 Philosophi
889 1886 940 1933 tes
970 1868 1154 1934 secundum
1178 1886 1276 1935 suam

151 1974 324 2062 physicam
343 1976 514 2040 entitatem
535 1994 601 2039 non
621 1993 692 2040 esse
706 1977 901 2059 adaquatum
915 1994 951 2040 ac
966 1977 1061 2040 totale
1073 1973 1199 2060 Logicae
1217 1975 1277 2040 ob-

150 2085 293 2163 jectum,
315 2082 479 2166 siquidem
499 2082 613 2166 Logica
631 2083 671 2148 de
691 2081 760 2146 aliis
783 2082 881 2147 etiam
910 2082 989 2165 agit.
1018 2082 1081 2147 Sed
1109 2081 1275 2148 dubitatur

152 2199 263 2255 utrum
284 2208 336 2255 res
364 2190 430 2255 sint
454 2190 569 2255 saltem
585 2188 720 2271 partiale
743 2189 907 2274 objectum
933 2189 1070 2274 Logicae.
1100 2189 1275 2256 Affirmant

150 2298 306 2381 quidam,
327 2297 410 2363 inter
424 2316 508 2382 quos
529 2298 751 2363 numerandus
766 2307 816 2362 est
831 2298 866 2365 P.
888 2296 1067 2363 Richatdus
1083 2294 1223 2383 Lynce(
1246 2296 1273 2383 ).
1355 2339 1357 2342 -

152 2406 196 2471 At
215 2424 293 2472 veto
312 2404 585 2470 communissima
602 2403 742 2470 inomni
761 2405 870 2470 schola
888 2405 1050 2472 sententia
1073 2415 1183 2489 negat.

219 2584 297 2651 342.
346 2568 540 2633 Pttoeosttro
578 2583 622 2633 1.·
667 2571 737 2631 Res
760 2570 952 2632 secundum
980 2588 1084 2632 suum
1113 2588 1192 2632 esse
1218 2570 1275 2632 vel
1316 2554 1319 2562 ’

148 2680 330 2741 entitatem
346 2680 538 2740 naturalem
556 2695 626 2740 non
645 2686 729 2738 ‘sunt
743 2676 914 2755 obiectum
928 2679 1070 2741 formale
1092 2678 1221 2741 directe
1234 2694 1275 2739 ac

148 2805 212 2866 pet·
230 2805 269 2849 se
283 2786 541 2850 consideratum
560 2804 582 2847 a
599 2785 740 2863 Logica.

218 2943 263 3009 ita
281 2943 365 3009 inter
383 2943 463 3008 alios
480 2943 613 3009 Toletus
631 2937 695 3028 (3),
715 2939 846 3006 Rhodes
864 2938 929 3028 (4),
950 2939 1070 3016 Qtiros
1089 2938 1153 3031 (5),
1170 2940 1277 3008 Arria-
1300 2965 1344 3015 n..
1358 2967 1480 3016 ..enirm

147 3069 191 3136 ga
209 3045 273 3138 (6),
295 3049 342 3114 De
361 3049 541 3116 Benedictis
566 3047 629 3136 (7),
647 3047 787 3134 Semety
811 3044 876 3135 (8),
898 3058 932 3114 et
959 3050 1098 3118 Lossada
1121 3049 1175 3138 (9)
1198 3071 1275 3118 cum
1330 3040 1445 3154 Ἓξ*

149 3156 306 3223 suardio
324 3155 413 3244 (10).
1330 3182 1445 3240 physicam

203 3355 245 3424 (r)
282 3351 582 3424 Lossedn‚ibn.23.

203 3447 244 3507 (2)
281 3443 363 3498 Phil.
380 3439 491 3510 schol..
507 3439 556 3498 lib.
575 3459 600 3506 2,
614 3459 737 3511 prooem.
751 3439 880 3498 Dialect.
897 3455 979 3500 tract.
1000 3463 1096 3516 μαψ.
1113 3463 1141 3517 4.

202 3532 245 3604 (3)
283 3531 425 3600 Dialeon,
441 3549 469 3600 q.
489 3548 515 3596 ς,
533 3530 623 3586 concl.
641 3533 690 3600 5-¹i

204 3625 245 3692 (4)
282 3621 400 3676 Philus.
413 3621 524 3693 perip,
540 3618 590 3675 lib.
610 3637 637 3685 r,
653 3619 729 3690 disp.
750 3639 776 3684 r,
793 3633 895 3690 quaest.
914 3641 942 3691 t,
958 3634 1029 3679 sect.
1046 3642 1077 3691 2,
1104 3643 1219 3695 paragr.
1241 3630 1278 3682 t.⁰

203 3715 244 3780 (ς)
283 3709 370 3766 Curs.
389 3710 516 3778 Philon,
534 3720 616 3765 tract.
633 3727 665 3774 π,
682 3727 749 3779 pers
763 3709 849 3780 prim.
871 3711 906 3766 de
920 3712 994 3786 Log.
1007 3718 1141 3784 protem..
1152 3712 1228 3784 disp.
1247 3732 1276 3785 9.

156 3812 226 3856 sect.
242 3818 270 3872 4.

202 3888 244 3960 (6)
282 3888 369 3964 Lug„
384 3887 459 3958 disp.
479 3907 513 3952 2,
530 3901 599 3944 sect.
619 3907 642 3944 1.

203 3983 244 4050 (7)
281 3978 514 4050 Philosperip„
523 3976 580 4034 vol.
595 3989 863 4050 r‚quaest.prooem.,
872 3999 935 4051 cap.
947 3997 1095 4052 5,peregr.
1105 3998 1131 4048 2,
1142 3981 1214 4039 Dico
1223 3990 1276 4050 r.⁰‚

202 4067 243 4132 (8)
284 4067 405 4124 Trienn.
420 4067 543 4139 philos„
557 4064 631 4137 disp.
649 4086 676 4136 1,
693 4085 722 4138 q.
739 4087 767 4134 2,
786 4079 842 4126 art.
860 4087 885 4141 ς.

202 4161 244 4228 (9)
279 4157 369 4232 Lug„
384 4167 470 4213 tract.
489 4175 517 4225 ι,
533 4153 609 4226 disp.
622 4174 653 4225 2,
666 4175 729 4228 cap.
739 4178 772 4225 q.

182 4250 242 4314 (ro)
279 4243 363 4316 Disp.
382 4245 550 4317 rMetaph„
565 4257 634 4304 sect.
649 4264 682 4318 4,
699 4265 729 4304 n.
744 4265 794 4320 27,
811 4265 892 4320 seqq.
