3492 5525
313 441 514 521 ammana
532 438 582 500 Da
602 432 1024 509 Monnttunoeeosrrrone
1125 450 1180 516 29¹

1012 532 1227 553 ..n-...annii

466 771 767 850 numeneus
788 707 876 847 1v.'

313 944 408 1043 ,Do
423 942 677 1009 modalium
698 942 995 1024 oppositione.

156 1174 167 1221 r
174 1172 233 1242 35.
280 1156 371 1223 Circa
387 1157 536 1223 modales
554 1156 793 1242 propositiones
810 1158 863 1223 iiia
882 1154 937 1224 est'
950 1157 983 1222 in
998 1154 1113 1241 primis
1134 1155 1229 1221 tutis·

111 1263 192 1329 sima
202 1263 508 1349 simplicissimaque
522 1265 651 1349 regula,
664 1263 727 1331 sub
741 1264 859 1331 eodem
874 1263 974 1330 modo
988 1272 1022 1329 et
1035 1264 1098 1330 sub
1112 1263 1228 1329 eodem
1244 1241 1400 1367 maffia
1422 1256 1423 1261 ’

112 1371 197 1436 dicto
226 1370 453 1440 affirmativam
482 1381 515 1438 et
542 1372 730 1458 negativam
751 1374 791 1437 de
814 1375 905 1438 modo
926 1390 998 1438 esse
1017 1370 1234 1438 contradicto
1281 1381 1401 1464 moduine

113 1478 172 1544 rias
189 1474 254 1567 (r).
277 1480 372 1547 Tales
397 1492 475 1549 sunt
496 1481 584 1547 haec:
611 1481 776 1547 Hominem
798 1499 863 1547 esse
888 1481 1012 1547 animai
1029 1498 1150 1546 necesse
1174 1482 1233 1562 esi·
1271 1462 1416 1509 ⁰F⁹⁰⁸¹¹¹⁰¹²⁰

112 1579 263 1652 bominem
278 1606 344 1653 esse
366 1588 490 1655 animai
515 1608 578 1654 non
604 1593 650 1655 est
666 1607 806 1655 necesse:
825 1588 992 1655 Hominem
1011 1606 1077 1654 esse
1099 1586 1233 1670 lapidem

112 1693 298 1776 impossibile
315 1699 376 1775 est,
396 1695 589 1765 hominem...
608 1716 673 1763 non
694 1700 742 1763 esi
761 1697 967 1780 impossibile:
988 1696 1151 1763 Hominem
1168 1713 1233 1765 esse

112 1802 386 1884 dociumpossrdile
395 1807 455 1881 est,
470 1804 632 1873 hominen.
641 1854 663 1871 ..
677 1824 741 1871 non
754 1809 802 1871 est
806 1805 955 1887 possibile
962 1824 974 1870 .·
989 1806 1117 1871 Leonem
1127 1820 1234 1870 entre·

113 1927 146 1974 re
161 1909 411 1994 santonensem,
427 1914 596 1981 Leonem...
611 1913 790 1997 contingens
806 1916 942 1979 nonest.

176 2018 323 2104 Negatur
349 2037 447 2104 porro
474 2021 611 2096 modus,
631 2019 658 2087 si
678 2020 810 2106 negatio
826 2020 945 2087 afficiat
972 2021 1126 2104 copulam
1150 2018 1235 2101 prin·

112 2125 266 2209 cipaiem,
283 2126 353 2193 sive
370 2137 578 2213 preponatur
595 2128 657 2195 toti
675 2127 906 2213 propositioni,
923 2129 993 2195 sive
1011 2127 1236 2212 interponatur

113 2232 197 2298 inter
206 2234 344 2301 modum
358 2244 391 2301 et
403 2236 556 2303 eamdem
569 2238 739 2321 copulam:
759 2236 829 2303 sive
843 2235 932 2303 enim
950 2235 1085 2303 dixeris:
1106 2233 1179 2302 Non
1192 2236 1240 2300 est

112 2358 249 2419 necesse,
269 2341 356 2408 sive:
376 2346 504 2413 Necesse
526 2363 590 2410 non
616 2347 681 2425 est;
698 2344 784 2411 sive:
812 2342 885 2412 Non
912 2362 1032 2409 necesse
1055 2345 1122 2423 est;
1150 2360 1238 2408 sem·

115 2448 303 2532 peneadem
322 2468 364 2516 ex
380 2453 551 2524 communi
569 2470 669 2519 sensu
689 2461 836 2518 remanet
855 2450 1031 2518 sententia.

181 2556 205 2621 E
223 2558 383 2625 contrario
397 2568 537 2645 negatur
549 2560 783 2626 tantummodo
794 2560 931 2635 dictum,
949 2559 975 2625 si
991 2557 1123 2644 negatio
1138 2556 1238 2623 modo

113 2666 308 2749 copulaeque
325 2666 491 2751 principali
511 2676 745 2752 postponatur,
772 2675 809 2735 ut
832 2668 860 2733 si
884 2667 989 2733 dicas:
1022 2666 1173 2733 Possibile
1194 2668 1243 2730 est

114 2793 179 2838 non
207 2775 294 2859 loqui
314 2775 456 2841 Petmm.
486 2775 712 2852 Quamobrem
738 2775 844 2861 Logici
871 2795 928 2860 per
952 2775 1070 2841 modos
1087 2773 1240 2841 Possibide
1351 2760 1364 2788 '¹

24 2914 25 2963 p
113 2900 178 2947 non
196 2892 231 2948 et
247 2880 378 2949 Necesse
390 2903 455 2950 non
472 2883 660 2969 intelligunt
678 2883 866 2970 negativam
887 2883 1060 2952 dumtaxat
1078 2883 1119 2948 de
1136 2881 1237 2959 dicto,

24 3002 25 3007 ’
115 3007 184 3054 non
202 3007 280 3055 vero
300 2990 486 3075 negativam
504 2992 545 3058 de
565 2993 680 3059 modo.

165 3092 240 3182 136.
288 3097 353 3164 Sed
371 3108 512 3183 possunt
529 3111 685 3185 praeterea
703 3098 786 3164 inter
804 3099 952 3166 modales
970 3098 1094 3165 institui
1114 3097 1238 3164 eaedem
1279 3107 1335 3154 Alie
1346 3105 1436 3162 reale·

114 3214 259 3289 quatuor
283 3204 480 3291 simplicium
508 3205 769 3294 propositionum
797 3208 839 3274 de
866 3209 974 3276 inesse
1002 3205 1239 3292 oppositiones,

113 3311 186 3377 sive
204 3312 426 3381 combinando
439 3316 558 3381 modos
571 3316 660 3400 ipsos
675 3315 759 3382 inter
774 3334 826 3394 se,
846 3317 916 3382 sive
937 3313 1036 3380 etiam
1056 3315 1088 3381 in
1105 3313 1242 3399 singuiis

114 3420 255 3486 seorsim
271 3423 424 3505 sumptis.
440 3420 525 3499 ouae
538 3423 684 3489 doctrina
695 3424 769 3489 licet
784 3442 852 3490 non
864 3441 980 3509 parurn
994 3422 1149 3508 implexa,
1166 3421 1244 3507 quia

114 3538 230 3594 tamen
248 3529 387 3596 utilitate
406 3549 473 3596 non
492 3539 602 3609 vacat,
623 3531 786 3615 paulisper
805 3531 1009 3616 explananda
1035 3538 1097 3597 est.

184 3635 225 3700 Et
249 3636 357 3720 primo
383 3637 517 3721 quidem
541 3640 610 3724 iarn
642 3657 683 3704 ex
711 3657 810 3722 supra
834 3638 930 3706 dictis
953 3646 1102 3716 constat,
1125 3638 1244 3704 modos

114 3751 261 3828 quatuor
278 3743 324 3808 ita
341 3743 425 3811 inter
443 3763 478 3811 se
496 3745 694 3830 comparari,
714 3754 752 3813 ut
768 3745 902 3814 Necesse
921 3755 954 3812 et
967 3745 1157 3828 Impossibile
1169 3765 1245 3812 cen-

114 3859 254 3917 seantur
280 3850 492 3929 universales,
523 3861 556 3919 et
583 3853 724 3919 invicem
743 3853 912 3935 contrarii;
935 3854 1087 3920 Possibiie
1109 3872 1187 3920 vero
1214 3864 1246 3921 et
1278 3929 1284 3949 ι

115 3957 274 4024 Possidile
301 3978 365 4025 non
393 3979 452 4027 seu
481 3960 688 4046 Contingens,
709 3962 919 4045 particulares
950 3973 983 4030 et
1016 3961 1244 4045 subcontrarii;

116 4065 218 4150 primi
243 4065 407 4151 siquidem
433 4069 501 4136 duo
524 4069 778 4147 contrariorum,
799 4069 937 4136 secundi
956 4087 1034 4138 vero
1053 4070 1247 4143 subcontra-

116 4175 246 4241 riorum
278 4175 405 4260 legibus
435 4176 621 4262 subjacent.
641 4178 735 4244 Unde
763 4176 800 4245 nt
826 4178 870 4244 ob
896 4179 1047 4245 eamdem
1072 4178 1245 4264 ratipnem,

117 4283 242 4350 modos
259 4285 391 4352 Necesse
401 4288 436 4351 et
440 4283 589 4370 poissbile
607 4303 671 4352 non
688 4304 748 4353 seu
768 4285 974 4371 contingens,
996 4285 1164 4353 habendos
1177 4303 1249 4355 esse

153 4559 199 4622 (t)
236 4552 314 4613 Vide
328 4551 598 4638 Cardinacajetan.
614 4548 646 4616 in
660 4551 826 4615 Commeat.
843 4553 897 4614 lib.
912 4575 929 4612 a
943 4551 1122 4625 Postera..
1138 4554 1203 4614 lect.
1219 4577 1247 4630 9.

117 4643 281 4718 Reponitur
295 4643 373 4706 inter
389 4643 622 4707 Commentarios
639 4644 672 4705 S.
687 4645 818 4717 Thomae‚
834 4665 923 4718 super
936 4643 1014 4706 idem
1032 4664 1108 4719 opus
1124 4645 1246 4706 Aristot.

117 4737 151 4794 in
164 4734 301 4795 editione
313 4753 389 4794 nora
403 4734 566 4798 Parmensi.
