3492 5525
150 158 290 227 propter
304 146 504 226 hujusmodi
522 158 688 227 repertae,
709 149 770 213 eed
785 159 926 228 propter
938 148 1072 227 seipsas
1089 139 1154 229 (ι).
1177 141 1280 225 Atqui

153 250 271 336 Logica
290 270 355 317 non
382 259 433 317 est
457 252 589 316 inventa
607 252 709 336 gratia
733 254 803 329 sui,
824 253 883 318 sed
904 259 1034 337 propter
1053 268 1152 317 usum
1171 250 1213 315 ad
1232 249 1282 335 inss

151 358 393 424 traductionem
416 358 448 424 in
468 357 537 423 aliis
555 356 715 435 scientiis,
737 368 774 424 ut
789 360 910 425 fatetur
928 359 979 424 hic
998 359 1115 423 diserte
1134 356 1173 423 S.
1193 357 1282 422 Tho·

153 484 242 544 mas,
263 465 296 529 id
314 476 381 543 est,
404 475 440 532 ut
459 467 579 551 regulis
602 486 843 552 cognoscamus
863 467 1002 533 modum
1023 465 1161 540 sciendi,
1182 472 1216 529 et
1233 464 1282 529 di-

153 558 298 657 rigamur
322 574 354 638 in
382 572 590 640 scientiarum
616 574 836 643 assecutione.
863 572 957 641 Unde
984 572 1082 638 etiam
1111 580 1284 638 vocatura

153 678 266 745 B'detio
294 677 345 769 (2)
375 681 510 764 aliisque
540 681 781 747 instrumentum
807 682 1021 747 scientiarum.
1052 681 1136 765 Ergo
1166 678 1282 763 Logica

154 806 222 852 non
241 796 291 852 est
308 786 509 872 speculativa
527 788 660 855 scientia
679 786 715 880 γ)
739 790 827 855 ldem
846 788 917 856 aliis
934 785 1043 855 verbis
1060 787 1222 872 colligitur
1240 806 1282 853 ex

152 895 299 960 doctrina
319 895 356 963 S.
375 895 512 961 Thomae
527 894 838 979 atqueAristotelis.
860 896 1046 963 intellectus
1062 894 1149 960 enim
1166 894 1283 978 practi-

154 1002 265 1068 cusin
289 1022 328 1067 eo
347 1004 454 1069 diflert
479 1004 733 1087 aspeculativo,
761 1003 850 1088 quod
873 1003 1080 1086 speculamus
1102 1004 1283 1084 speculatur

152 1110 315 1176 veritatem
333 1129 395 1175 non
409 1116 538 1193 propter
559 1112 682 1195 aliquid
703 1112 809 1189 aliud,
833 1114 890 1176 sed
910 1115 1040 1193 propter
1060 1111 1193 1191 seipsum
1211 1113 1282 1175 tan·

153 1222 235 1294 tum,
261 1220 421 1301 precluus
448 1223 552 1285 autem
584 1222 763 1301 speculatur
791 1220 954 1288 veritatem
976 1223 1104 1302 propter
1130 1218 1281 1301 operatio-

152 1345 224 1391 nem
243 1322 306 1412 (·).
332 1326 488 1393 Similiter
515 1328 647 1392 scientia
676 1326 876 1412 speculativa
898 1328 1005 1393 diflert
1031 1346 1049 1391 a
1069 1318 1205 1410 practica
1229 1344 1283 1390 se·

154 1434 301 1499 cundum
330 1433 445 1499 finem.
475 1437 559 1503 Nam
573 1435 656 1521 finis
678 1436 877 1517 speculative
900 1439 948 1501 est
962 1435 1097 1515 oeritns;
1121 1434 1175 1499 doc
1197 1434 1282 1499 enim

153 1544 201 1605 est
216 1544 299 1625 quod
315 1541 464 1617 intendit,
480 1542 600 1607 scilicet
611 1542 751 1608 veritalis
765 1543 982 1627 cognitionem.
995 1544 1060 1610 Sed
1066 1544 1150 1628 finis
1162 1542 1282 1623 practi-

37 1668 39 1673 ·
153 1668 198 1713 cce
216 1654 263 1715 est
277 1656 370 1730 opus,
390 1651 465 1734 quia
482 1650 540 1715 etsi
552 1651 702 1732 practici,
723 1651 777 1715 hoc
794 1654 856 1726 cst,
877 1650 1029 1733 operatiai
1050 1651 1217 1715 intendant
1231 1669 1282 1715 co·

151 1774 300 1840 gnoscere
318 1758 496 1834 veritatem,
517 1761 667 1843 quomodo
681 1778 714 1823 se
732 1760 844 1824 habeat
858 1759 894 1822 in
911 1758 1070 1843 aliquibus
1088 1758 1196 1833 rebus,
1217 1776 1280 1822 non

155 1868 256 1931 maun
275 1871 421 1949 querunt
437 1885 502 1937 cam
521 1870 677 1951 tamquam
697 1868 841 1933 ultimum
853 1865 966 1950 finem.
987 1865 1059 1932 Non
1078 1866 1161 1931 enim
1178 1867 1281 1931 consi·

154 1976 269 2038 derant
292 1990 421 2039 causam
449 1974 591 2041 veritatis
618 1976 787 2040 secundum
805 1994 837 2040 se
855 1978 889 2040 et
907 1979 1036 2056 propter
1056 1993 1104 2051 se,
1124 1974 1180 2039 sed
1196 1974 1283 2039 ordi-

156 2082 262 2146 nando
280 2083 324 2145 aci
332 2081 432 2166 finem
459 2082 663 2163 operationis,
686 2083 752 2148 siue
769 2083 954 2165 applicando
971 2084 1015 2148 ad
1031 2083 1161 2167 aliquod
1181 2084 1281 2147 deter-

156 2188 309 2254 minatum
327 2192 441 2271 tempus
462 2187 524 2278 (4).
554 2191 654 2274 Atqui
672 2190 747 2256 sinis
766 2190 864 2256 etiam
885 2190 992 2274 Logici
1017 2200 1070 2255 est
1086 2208 1188 2274 opus,
1214 2207 1281 2255 non

157 2305 242 2361 certe
262 2305 452 2375 externum,
470 2299 528 2363 sed
548 2298 714 2364 internum
730 2298 915 2364 intellectus
934 2297 1052 2381 ipsius,
1069 2315 1189 2381 nempe
1203 2316 1281 2382 ope·

158 2404 299 2470 rationes
326 2405 577 2481 intellectuales,
598 2426 680 2490 quas
710 2406 917 2473 ostendimus
944 2404 1092 2492 superius
1119 2406 1278 2472 rationem

157 2511 264 2596 praxis
283 2512 401 2579 habere
420 2532 529 2596 posse.
551 2512 678 2599 Ergo...

224 2614 263 2706 δ)
281 2620 409 2697 Quibus
428 2620 544 2687 similia
563 2630 641 2687 sunt
656 2623 741 2689 haec:
763 2621 911 2689 Scientice
923 2621 1136 2705 speculativa,
1150 2622 1285 2703 atpatet

157 2726 190 2792 in
204 2728 363 2810 principio
380 2728 614 2813 Metaphysicac,
634 2734 711 2797 sunt
730 2732 769 2796 de
788 2730 870 2807 iltis,
891 2748 1024 2816 quorum
1040 2728 1179 2814 cognitio
1198 2746 1283 2814 quc·

157 2836 242 2900 ritar
262 2840 390 2918 propter
417 2837 560 2920 seipsam.
589 2839 650 2905 Res
672 2843 775 2904 autem
801 2841 840 2904 de
867 2839 980 2924 quidus
998 2842 1045 2904 est
1068 2838 1199 2922 Logica,
1219 2857 1284 2903 non

157 2948 343 3028 queruntur
360 2947 404 3009 ad
420 2948 663 3030 cognoscendum
676 2951 807 3030 propter
824 2948 957 3029 seipsas,
982 2949 1038 3012 scd
1053 2951 1092 3012 nt
1105 2945 1283 3012 adminicu-

159 3052 224 3116 lum
243 3054 399 3135 quoddam
417 3056 460 3117 ad
476 3055 559 3119 alias
572 3054 732 3120 scientias.
754 3055 794 3120 Et
808 3054 879 3120 ideo
895 3055 1009 3138 Lagina
1026 3073 1091 3120 non
1108 3053 1284 3121 continetur

156 3159 215 3223 sub
234 3159 431 3242 Philosophia
457 3163 646 3245 speculativa
668 3163 761 3247 quasi
782 3162 977 3244 principalis
999 3170 1095 3244 pars,
1121 3165 1178 3228 sed
1192 3160 1285 3247 quasi

156 3267 313 3350 quoddam
335 3269 498 3334 reductum
523 3272 566 3334 ad
587 3289 673 3348 eam,
698 3274 797 3351 prout
822 3270 983 3336 ministrat
997 3269 1206 3352 speculationi
1224 3287 1285 3337 sua

157 3374 383 3454 instrumenta,
402 3376 525 3442 scilicet
539 3378 747 3461 syllogismos,
767 3381 799 3443 et
814 3375 1012 3464 dqinitiones
1038 3383 1070 3444 ct
1089 3379 1156 3444 alia
1174 3379 1285 3468 liujus·

157 3482 242 3547 modi
249 3531 258 3558 ,
278 3483 390 3566 quidus
407 3483 442 3550 in
459 3485 658 3566 speculativis
671 3486 811 3552 scientiis
824 3486 1004 3571 indigemus
1016 3482 1082 3576 (5).
1099 3485 1159 3554 llic
1174 3495 1286 3572 aperte

163 3693 443 3708 ᾖ-

191 3808 231 3869 (ι)
271 3801 303 3862 S.
321 3804 435 3874 Thom,
452 3805 502 3863 lib.
520 3817 558 3864 1.⁰
572 3806 713 3882 Metapin,
730 3808 793 3868 lect.
810 3828 834 3878 1,
851 3828 967 3884 paragr.
981 3829 1019 3868 m.

193 3897 233 3960 (a)
269 3895 356 3966 Apud
372 3894 404 3953 S.
420 3895 486 3963 Th„
503 3895 611 3967 Opusc.
628 3899 663 3954 de
684 3899 802 3968 Trinit,
819 3912 925 3970 quoeet.
941 3917 968 3973 ς,
982 3913 1037 3960 art„
1059 3921 1083 3970 r,
1099 3899 1136 3960 nd
1150 3910 1212 3959 eff·

150 4055 154 4065 Ι
192 3982 233 4053 (3)
272 3982 305 4040 S.
320 3983 387 4055 Th.¹
404 3983 453 4042 lib.
475 3996 515 4057 3.⁰
528 3987 562 4042 de
584 3987 696 4058 Anim,
719 3986 783 4047 lect.
812 4007 853 4058 15,
879 4009 995 4064 paragr.
1018 3991 1118 4050 bcum
1137 3990 1230 4050 Arist.
1245 3990 1285 4050 ib.

156 4083 226 4130 text.
244 4070 360 4132 Corum.
381 4094 427 4146 49.
862 4131 866 4140 .

193 4165 233 4233 (4)
272 4159 305 4221 S.
316 4162 493 4234 Thom.,lib.
504 4175 545 4222 2.⁰
553 4165 775 4240 Metaplr.‚lect.
785 4185 812 4238 a,
823 4166 919 4239 initio,
936 4189 1004 4230 cum
1014 4169 1118 4242 Arist„
1128 4170 1168 4231 ib.
1178 4190 1243 4245 cap,
1261 4191 1286 4231 r.

194 4255 234 4322 (ς)
272 4247 305 4309 S.
320 4250 439 4324 Thom,
454 4254 489 4312 de
506 4255 627 4324 Trinit„
646 4275 675 4328 q.
691 4275 723 4329 ς,
738 4278 766 4318 a.
792 4278 816 4327 r,
832 4259 872 4319 ad
886 4269 949 4321 πθ·
1058 4301 1061 4306 -
