3492 5525
284 445 288 452 ’
315 447 431 516 Anne.
453 462 514 531 4¹¹·
534 446 585 512 De
605 466 711 513 sensu
735 466 878 515 unauna:
896 443 1054 514 connum
1145 446 1204 533 ,633

123 636 208 701 Nam
228 616 318 697 uaior
332 649 368 696 ac
389 628 519 713 pondus
542 616 729 695 communis
747 646 863 697 sensus
887 630 928 695 ad
946 630 1124 699 faciendam
1143 630 1243 697 tidem

124 743 158 808 in
175 744 237 807 bac
257 736 477 824 propositione
492 748 565 803 'non
584 744 749 821 spectatur
775 729 956 803 secundum
980 738 1174 805 intrinsecas
1196 758 1245 803 ra·

75 853 87 887 ⁸
115 850 231 916 ‘tiones
252 830 304 913 rei
333 854 482 922 assertae,
514 862 628 911 verum
657 844 838 910 secundum
862 846 1088 912 auctoritatem
1114 846 1244 931 generis

126 956 277 1038 humani3
299 954 343 1021 ita
360 963 397 1020 ut
415 952 554 1020 sufficiat
569 952 609 1018 ad
627 952 864 1030 constantiam,
881 953 1129 1021 diuturnitatem
1149 963 1245 1021 caete-

124 1084 242 1149 rosque
266 1064 395 1129 illorum
415 1059 610 1147 judiciorum
637 1061 736 1127 modo
760 1060 925 1145 expositas
949 1068 1043 1127 notas
1061 1063 1240 1140 attendere,

124 1172 230 1239 utilia
251 1190 309 1257 pro
328 1168 412 1237 veris
432 1169 626 1243 habeantur,
657 1186 696 1234 ex
716 1186 755 1233 eo
778 1170 868 1251 quod
888 1170 929 1234 ab
954 1168 1109 1235 omnibus
1127 1177 1244 1235 tenen·

123 1294 194 1357 tur,
222 1276 544 1363 independenter-ab
562 1276 696 1343 internis
717 1276 879 1342 rationum
904 1278 1098 1353 momentis,
1123 1277 1243 1361 quibus

122 1389 220 1453 etiam
238 1368 463 1471 proculdubio
481 1383 674 1462 fulciuntur,
690 1401 767 1450 cum
784 1382 849 1449 sint
868 1383 1042 1450 evidentia.
1057 1385 1126 1451 Hoc
1139 1386 1243 1452 modo

124 1494 244 1581 passim
275 1492 468 1559 recentiores
493 1493 526 1558 in
544 1491 680 1559 naturali
704 1490 894 1577 Theologia,
916 1503 990 1576 post
1008 1493 1068 1559 alia
1086 1504 1242 1579 congesta

122 1614 331 1688 argumenta,
353 1610 390 1667 ut
404 1600 542 1686 probent
560 1599 765 1666 existentiam
786 1598 860 1683 Dei,
882 1601 923 1665 ad
943 1618 1078 1667 sensum
1093 1620 1243 1667 commu-

123 1728 199 1777 nem
229 1710 380 1776 omnium
407 1708 580 1774 hominum
609 1715 642 1772 et
670 1707 840 1773 nationum
868 1707 1079 1793 confugiunt,
1110 1728 1177 1792 quo
1208 1710 1241 1775 in

112 1826 318 1902 ¹argumento
345 1815 545 1891 evolvendo,
567 1815 745 1880 ostendunt
764 1815 936 1881 dumtaxat
960 1833 1158 1882 consensum
1182 1817 1243 1882 hu·

122 1926 210 1992 mani
233 1924 362 2011 generis
386 1924 418 1989 in
442 1922 625 1989 attestanda
646 1921 800 2003 Numinis
824 1923 1011 2001 existentia,
1036 1924 1076 1990 iis
1098 1926 1241 2011 gaudere

123 2034 225 2111 notis,
246 2052 320 2118 quae
340 2033 447 2117 ipsum
468 2030 668 2097 infallibilem
690 2031 838 2097 reddant.

450 2193 643 2261 Socvuurun
666 2208 915 2259 nuncucrares.

171 2373 244 2439 rao.
291 2338 399 2439 Objie.
424 2353 474 2421 1.⁰
494 2354 568 2421 Non
594 2372 696 2438 pauca
713 2355 846 2421 suerunt
870 2354 991 2439 judicia
1009 2354 1165 2422 omnibus
1183 2375 1243 2441 po-

120 2463 206 2549 pulis
234 2464 290 2529 diu
308 2461 513 2538 communia,
540 2480 614 2544 quae
644 2462 723 2527 salsa
750 2470 876 2546 reperta
888 2469 992 2538 sunt,
1023 2464 1137 2546 quales
1162 2475 1240 2532 sunt

118 2569 290 2654 opiniones
316 2570 357 2635 de
385 2570 479 2636 malis
513 2567 668 2635 omnibus
696 2567 864 2653 eclipsium
896 2577 930 2635 et
952 2579 1172 2648 cometarum,
1199 2574 1240 2638 de

117 2680 209 2745 ecelis
224 2678 353 2755 solidis,
366 2678 406 2743 de
419 2676 612 2760 antipodum
628 2676 906 2760 impossibilitate,
918 2678 1054 2764 aliaeque
1074 2678 1107 2744 id
1120 2698 1238 2765 genus.

118 2787 203 2872 Ergo
223 2767 312 2852 nulla
326 2793 376 2852 est
396 2786 445 2852 vis
463 2802 580 2852 sensus
598 2785 784 2851 communis
800 2787 839 2851 ad
858 2784 1059 2874 gignendam
1080 2787 1193 2855 tidem.

186 2901 290 2978 Reep.
310 2913 380 2978 neg.
402 2910 538 2977 conseq.

180 3001 301 3082 Judicia
326 3002 396 3066 haec
420 3019 486 3066 non
512 3007 590 3065 sunt
615 3019 655 3065 ex
683 3018 956 3085 eorumgenere,
982 3021 1057 3086 quae
1082 3005 1238 3070 moralem

114 3110 255 3196 gignant
273 3109 519 3184 certitudinem,
536 3107 698 3191 siquidem
715 3125 754 3173 ex
770 3109 976 3194 ignoratione
996 3129 1167 3178 causarum
1185 3131 1241 3177 na·

113 3216 270 3282 turalium
281 3215 505 3301 profluxerunt
518 3225 551 3281 et
563 3224 746 3300 repugnant
758 3215 826 3280 aliis
835 3217 930 3281 certis
938 3217 1241 3301 principiisQram·

114 3323 167 3388 vis
186 3323 263 3389 olim
283 3329 376 3391 suam
397 3323 515 3389 habere
535 3330 711 3408 potuerunt
739 3322 1018 3407 probabilitatem,
1048 3334 1081 3390 et
1099 3327 1141 3391 ab
1159 3325 1239 3412 ipsis

113 3430 214 3496 etiam
242 3431 444 3516 sapientibus
461 3431 631 3496 communi
649 3431 774 3509 calculo
797 3429 1047 3515 accipiebantur.
1073 3433 1107 3498 ld
1126 3444 1237 3501 autem

111 3538 204 3604 aliud
224 3557 289 3604 non
309 3538 443 3622 probat,
460 3555 564 3626 ,quam
584 3537 673 3620 quod
692 3555 885 3614 consensus,
900 3538 999 3604 etiam
1019 3541 1170 3606 omnium
1180 3543 1240 3607 ho·

113 3646 259 3724 minum,
281 3665 337 3730 per
356 3665 390 3712 se
410 3664 476 3710 non
497 3652 658 3731 repugnet
677 3643 821 3720 falsitati,
840 3663 899 3710 nec
911 3645 1046 3729 proinde
1064 3647 1239 3734 gignendae

110 3753 319 3830 certitudini,
345 3753 501 3830 sufficiat,
524 3753 584 3818 nisi
610 3753 761 3835 quaedam
784 3752 846 3818 alia
870 3753 987 3819 indicia
1010 3756 1180 3823 accedant:
1207 3757 1239 3824 id

110 3862 206 3946 quod
222 3863 309 3927 uitro
326 3859 547 3927 concedimus.

161 3975 269 4052 objic.
291 3967 345 4036 2.⁰
391 3966 588 4034 Communis
608 3967 757 4033 omnium
784 3968 981 4051 populorum
1009 3970 1120 4054 opinio
1146 3967 1240 4058 poly-

109 4075 293 4144 theismum
327 4077 478 4161 amplexa
506 4083 571 4156 est;
601 4081 634 4140 et
662 4073 875 4141 nihilominus
903 4077 1020 4143 falsum
1044 4077 1136 4144 illum
1166 4096 1237 4146 esse

109 4185 372 4250 demonstratur.
394 4183 487 4268 Ergo

181 4299 287 4375 Resp.
313 4310 385 4375 neg.
418 4299 524 4358 antec.
550 4289 659 4374 quoad
683 4289 821 4373 primam
850 4301 993 4376 partem;
1017 4311 1104 4362 conc.
1128 4295 1237 4377 quoad

107 4401 260 4466 alteram.
281 4397 367 4466 Tum
380 4415 457 4483 mg.
478 4416 612 4480 conseq.

181 4505 265 4573 Alibi
287 4525 431 4590 namque
446 4505 654 4582 ostendetur,
672 4505 930 4591 polytheismum
946 4524 1012 4573 non
1027 4505 1129 4575 ruisse
1145 4527 1237 4575 corn·

108 4631 249 4680 munem
269 4614 419 4680 omnium
440 4615 638 4699 populorum
656 4631 810 4678 errorem.
827 4603 1070 4699 Consequentia
1086 4634 1165 4682 vero
1180 4635 1238 4682 ne·

107 4728 223 4807 gatur,
237 4721 329 4806 quia,
345 4722 423 4788 dato
437 4723 535 4790 etiam
550 4721 740 4807 opinionem
754 4720 795 4787 de
808 4723 992 4806 pluralitate
1001 4723 1138 4790 deorum
1149 4724 1236 4809 apud
