3492 5525
484 517 490 531 .
567 438 624 520 198
755 439 880 506 [porca
899 437 1151 506 Minore-Drsn.
1177 449 1218 502 r.·
1239 437 1317 502 Can.
1340 451 1413 521 raum

523 620 629 689 turbae
647 620 799 690 dicuntur
810 621 918 687 viden
934 621 1035 686 mulos
1047 621 1203 703 loquentes
1219 615 1284 706 (ι),
1300 635 1366 684 vox
1380 617 1485 682 videre
1503 619 1641 703 appellat

524 728 658 814 quidem
673 718 862 810 formaliter}
882 728 941 794 sed
954 726 1114 796 terminus
1128 728 1284 822 loquentes
1298 725 1501 792 materialiter
1514 726 1642 792 dumta-

524 846 580 904 xat
597 837 738 923 appellat
754 826 866 906 mulos'.
1263 911 1266 918 ,

397 981 430 1018 2·
568 951 699 1030 Regula
721 950 773 1012 a·
816 941 1033 1017 Quandobini
1044 941 1173 1010 termini
1186 949 1399 1018 concurrunt,
1414 943 1644 1024 formasoppo

523 1051 602 1119 sitas
635 1051 873 1138 significantes,
902 1049 1083 1137 generatim
1115 1049 1288 1135 appellatio
1316 1056 1366 1116 est
1398 1049 1586 1126 materialis,
1616 1048 1642 1116 si

525 1157 704 1245 propositio
722 1158 893 1230 veritatem
913 1157 1041 1224 habeat.
1311 1155 1317 1167 ¹

420 1301 430 1325 ·
567 1273 699 1350 Regula
717 1273 770 1343 3st
816 1241 957 1342 Quan'do
981 1284 1022 1332 ex
1041 1273 1130 1350 parte
1148 1264 1283 1351 subjecti
1306 1265 1535 1350 propositionis
1552 1284 1645 1350 repe-

525 1373 604 1440 n'tur
631 1373 840 1458 reduplicatlo
863 1373 914 1440 liis
932 1382 988 1442 aut
1015 1371 1175 1439 similibus
1201 1371 1366 1456 particulis
1395 1390 1564 1458 expressa:
1594 1377 1641 1450 uf,

519 1483 630 1564 prout,
657 1479 886 1566 inquantum,
914 1483 1082 1565 munus,
1110 1481 1281 1545 secundum
1304 1481 1405 1564 qu0d;
1431 1480 1643 1564 predicatum

523 1589 665 1672 appellat
682 1589 858 1654 formaliter
880 1586 1081 1672 subjectum:
1106 1587 1387 1670 quemadmodum
1414 1587 1646 1654 communissi-

523 1714 578 1761 me
595 1695 716 1761 docent
732 1704 894 1763 auctores.
914 1696 999 1768 Talis
1018 1703 1068 1761 est
1086 1696 1155 1761 ltaec
1179 1693 1368 1779 appellatio:
1388 1696 1518 1771 Petrus,
1537 1700 1645 1780 quale-

522 1821 586 1868 nas
602 1802 754 1886 nmmo,
773 1803 945 1882 cathenam
963 1802 1118 1869 nimirum
1134 1801 1161 1868 si
1175 1820 1284 1867 revera
1298 1803 1412 1868 calleat
1425 1801 1597 1869 musicam.

592 1910 715 1976 Verum
734 1918 800 1984 est,
818 1910 908 1992 quod
927 1910 1105 1995 Angelicus
1124 1909 1240 1975 Doctor
1260 1906 1311 1997 (a)
1330 1910 1549 1996 «ambiguum
1568 1929 1645 1977 sen·

524 2036 599 2084 sum
613 2015 761 2102 agnoscit
775 2016 808 2082 in
828 2018 879 2082 his
892 2015 1085 2084 enuntiatis:
1103 2015 1259 2093 Christro,
1278 2020 1446 2084 suendum
1459 2021 1542 2102 qarod
1557 2018 1645 2086 homo

522 2129 570 2192 est
596 2129 762 2191 creatura:
793 2124 954 2201 Christro,
980 2127 1149 2190 secundum
1172 2126 1256 2210 quod
1274 2124 1378 2202 domo,
1404 2128 1452 2191 est
1473 2127 1574 2203 Deus,
1603 2145 1645 2192 eo

524 2231 614 2318 quod
632 2233 793 2298 terminus
809 2231 909 2309 domo,
932 2229 993 2298 etsi
1007 2231 1240 2316 reduplicatus,
1262 2241 1370 2315 potest
1391 2231 1492 2316 accipi
1512 2234 1562 2299 vel
1585 2252 1646 2319 pro

524 2337 697 2425 supposito
718 2341 770 2406 vel
791 2357 851 2425 pro
873 2347 1006 2421 natura;
1027 2357 1086 2406 seu
1111 2338 1201 2421 quod
1221 2339 1338 2405 eodem
1367 2339 1478 2408 recidit
1504 2342 1555 2407 vet
1586 2361 1644 2426 pro

525 2447 683 2514 materiali
694 2447 746 2513 vel
760 2465 821 2532 pro
833 2448 960 2514 formali
974 2445 1168 2532 significato.
1188 2446 1350 2512 Caeterum
1366 2447 1434 2531 ipse
1445 2447 1485 2512 D.
1497 2447 1645 2515 Thomas
1724 2471 1725 2528 j

516 2554 623 2622 ¹simul
646 2554 744 2621 docet
765 2555 945 2621 terminum
960 2525 1060 2620 'mmo
1077 2552 1110 2620 vi
1136 2553 1397 2637 reduplicationis
1422 2553 1519 2639 accipi
1546 2558 1646 2640 magis
1724 2537 1725 2546 ἵ

518 2661 646 2746 proprie
663 2679 724 2747 pro
742 2668 874 2743 natura;
895 2661 1033 2744 ideoque
1052 2679 1094 2726 ex
1112 2659 1151 2727 iis
1173 2660 1350 2727 enuntiatis
1369 2659 1512 2743 primurn
1537 2664 1646 2749 magis

523 2769 769 2836 concedendum
789 2787 877 2851 csse,
898 2786 998 2852 quam
1019 2769 1225 2853 negandum
1245 2769 1426 2835 secundum
1444 2789 1522 2836 vero
1538 2774 1646 2857 magis
1723 2798 1724 2811 ι

523 2877 711 2962 negandum
725 2894 827 2960 quam
844 2876 1118 2942 concedendum»
1132 2874 1197 2965 (3).

340 2970 345 2983 ’
419 3018 431 3041 ι
568 2990 764 3068 negatae·
809 2982 977 3059 «Quando
990 2983 1057 3049 duo
1070 2982 1199 3049 termini
1217 3001 1351 3066 capaces
1365 2984 1566 3069 apellationis
1579 2990 1647 3055 for-

524 3091 619 3157 malis
649 3101 817 3176 ponuntur
843 3109 885 3156 ex
914 3098 1004 3174 parte
1030 3090 1177 3176 ejusdem
1209 3090 1366 3167 extremi,
1396 3094 1477 3158 alter
1504 3096 1644 3161 alterum

523 3184 623 3265 allicit
640 3198 828 3279 formaliter;
849 3217 902 3265 ex.
923 3216 974 3283 gr.
993 3199 1107 3264 Petrus
1120 3202 1169 3263 esf
1183 3198 1282 3263 maras
1294 3200 1446 3267 modio:
1458 3200 1551 3267 Miles
1562 3206 1647 3269 aele-

523 3322 623 3371 ramcr
647 3310 782 3389 pugnat.
813 3304 879 3371 Sed
908 3307 1040 3372 adverte
1070 3324 1158 3390 saepe
1191 3306 1407 3391 adjectivum,
1431 3310 1648 3393 grammatice

524 3414 667 3481 locatum
681 3420 827 3499 exparte
845 3412 999 3498 subjecti,
1019 3412 1152 3479 rationis
1169 3412 1283 3479 ordine
1300 3414 1461 3499 pertinere
1474 3416 1515 3481 ad
1529 3418 1649 3499 praedi-

523 3528 635 3587 catum
656 3540 691 3588 v.
709 3540 746 3606 g.
766 3519 1399 3605 milcsqaridcmltr'cdoruaseslmran‘cus.
1418 3524 1649 3591 unanimus

523 3630 775 3713 csfmmtor.»

411 3785 431 3821 ,.
568 3740 654 3819 Rea.
670 3740 723 3805 3.·
766 3732 1050 3801 ‹subctmtimm
1065 3736 1117 3800 vel
1131 3733 1329 3821 adjectivum
1342 3754 1386 3803 ex
1399 3746 1491 3823 pane
1504 3738 1650 3825 subjecti

525 3842 688 3927 positum,
718 3841 814 3925 cujus
840 3842 977 3907 formale
1005 3838 1226 3925 significatum
1250 3854 1301 3909 est
1328 3844 1426 3921 ratio,
1449 3846 1651 3913 fundamen-

523 3958 597 4016 tum
626 3957 685 4015 aut
702 3948 794 4015 radix
820 3947 1002 4032 praedicati,
1036 3949 1212 4015 formaliter
1241 3948 1380 4017 aflicitur
1409 3972 1429 4017 a
1456 3952 1647 4037 predicato,

524 4076 558 4122 ν.
578 4076 616 4142 g.
643 4055 732 4121 dono
752 4058 863 4142 fusim
892 4058 940 4120 esf
966 4056 1063 4121 toeres
1092 4054 1181 4121 coeli:
1212 4056 1266 4122 dos
1288 4062 1456 4143 comupcfa
1476 4062 1650 4127 utnum-

521 4166 596 4229 dars.
613 4162 752 4239 Contra,
766 4162 793 4229 si
807 4162 951 4229 dicatur:
967 4163 1028 4229 bos
1040 4168 1209 4247 canapeia
1220 4166 1417 4249 mmsis.
1433 4167 1647 4251 predicatum

524 4288 592 4337 non
609 4269 709 4337 allicit
726 4268 905 4336 formaliter
921 4270 1101 4337 terminum
1118 4276 1302 4355 comapcla,
1325 4272 1370 4339 ob
1387 4272 1547 4341 rationem
1565 4294 1650 4343 con-

558 4544 602 4605 (a)
637 4536 738 4607 Matr..
751 4556 778 4595 e
795 4555 838 4611 ις.
851 4555 883 4595 v.
905 4558 951 4611 3¹·

558 4629 601 4698 (³)
635 4648 696 4701 31³·
710 4648 742 4700 q.
759 4628 807 4693 16,
822 4640 879 4687 art.
897 4642 972 4687 rou
988 4648 1031 4686 ιι.

557 4724 599 4788 (al
634 4716 764 4777 cmc·
778 4718 833 4777 loe
847 4717 899 4775 eit.
914 4736 945 4776 n.
963 4736 1006 4775 rr.
