3492 5525
208 448 325 513 Anne.
345 464 404 533 3³²·
418 448 649 524 OnJecmones
664 465 795 513 conrna
807 468 960 516 venien.
979 470 1118 517 recum.
1146 447 1204 533 589

118 631 347 699 certitudinem
376 634 631 721 philosophicam
651 634 891 718 assequendam
911 636 959 701 'de
977 637 1166 703 facultatum
1184 653 1244 700 no·

119 749 261 806 strarum
281 740 466 815 veracitate.

116 870 127 887 ·
187 848 271 913 Nam
290 850 322 914 in
342 856 470 917 tanturn
500 850 606 923 valere
634 857 786 932 possent,
816 848 849 914 in
873 858 1035 933 quantum
1065 848 1241 924 ratiocinia,

120 953 161 1018 ad
180 972 247 1019 rem
268 956 493 1022 declarandam
513 954 677 1031 instituta,
703 974 779 1021 vera
798 954 881 1031 sint,
906 967 940 1022 et
959 976 1035 1023 vera
1059 976 1131 1023 esse
1150 955 1245 1022 nobis

120 1069 260 1128 constet.
282 1061 383 1145 Atqui
403 1080 477 1129 vera
497 1080 569 1129 esse
589 1062 640 1128 illa
656 1062 821 1128 ratiocinia
840 1072 990 1130 constare
1007 1064 1102 1130 nobis
1118 1063 1243 1146 nequit,

122 1168 182 1233 nisi
197 1170 415 1253 supponendo
430 1168 586 1253 idipsum,
603 1168 693 1253 quod
708 1188 906 1255 cognoscere
922 1184 954 1239 et
969 1172 1127 1256 explicare
1142 1170 1248 1236 inten-

120 1275 243 1353 dimus,
261 1276 414 1343 nimirum
434 1277 641 1344 veracitatem
662 1277 870 1359 facultatum3
890 1296 966 1343 vera
985 1276 1108 1364 quippe
1122 1275 1248 1343 ratioci·
1323 1274 1327 1281 ’

122 1380 176 1446 nia
188 1383 311 1451 institui
328 1402 393 1450 non
410 1393 550 1470 possunt
566 1385 635 1450 sine
650 1384 819 1451 veracibus
829 1386 1049 1454 facultatibus.
1060 1385 1144 1471 Ergo
1154 1376 1248 1453 allata

123 1488 289 1556 ratiocinia
315 1492 435 1557 nullius
460 1492 605 1575 quietare
629 1490 776 1557 animum
799 1503 958 1577 possunt,
980 1492 1247 1576 quandoquidem

121 1608 321 1687 supponunt
333 1599 411 1665 illud
431 1600 558 1685 ipsum,
583 1600 622 1665 ad
641 1599 730 1682 quod
750 1600 998 1684 explicandum,
1019 1599 1246 1668 instituuntur.

190 1713 294 1791 Resp.
315 1726 387 1791 neg.
409 1716 524 1803 assert.
545 1706 596 1772 Ad
617 1708 743 1790 probat.
763 1726 852 1775 conc.
874 1710 1005 1793 Major„
1029 1708 1104 1773 dist.
1130 1707 1246 1773 Minor.
1358 1726 1369 1737 ·

122 1814 157 1880 ld
183 1826 331 1881 constare
360 1814 455 1881 nobis
473 1815 604 1899 nequit,
638 1815 698 1880 nisi
726 1816 945 1899 supponendo
973 1816 1077 1899 rapsa
1101 1814 1248 1882 veracita-

127 1931 196 1987 tem
217 1922 426 2001 facultatum,
448 1921 602 1989 nlmirum
624 1922 684 1988 nisi
703 1941 813 1988 revera
839 1924 1009 1990 facultates
1025 1922 1093 1989 sint
1107 1940 1249 1997 veraces,

121 2048 227 2109 conc.;
240 2028 299 2097 nisi
313 2030 533 2115 supponendo
546 2028 689 2096 inmania
703 2032 810 2097 nostra
824 2028 1034 2097 veracitatem
1045 2030 1249 2107 earumdem,

124 2136 279 2203 nimirum
295 2137 531 2223 supponendo,
549 2138 639 2221 quod
651 2137 713 2203 alio
725 2138 847 2222 praevio
859 2147 945 2215 actu,
957 2138 1121 2224 cognitam
1134 2136 1251 2204 lrabea-

125 2262 203 2309 mus
223 2244 411 2329 hujusmodi
432 2245 659 2321 veracitatem,
679 2263 770 2329 nego.
847 2294 849 2297 -
1169 2314 1182 2331 ⁴

191 2350 326 2419 Minoris
340 2352 654 2437 probationpariter
667 2352 935 2437 distinguosvera
947 2351 1113 2419 ratiocinia
1125 2349 1252 2420 institui
1364 2343 1366 2348 ’

125 2468 297 2542 nequeunt
315 2460 387 2526 sine
405 2458 575 2542 veracibus
594 2459 814 2539 facultatibus,
832 2461 864 2525 id
883 2468 946 2539 est,
964 2459 1025 2526 nisi
1038 2461 1107 2526 sint
1122 2476 1252 2525 veraces

124 2566 309 2643 facultates,
328 2586 434 2643 conc,
452 2566 512 2633 nisi
529 2568 734 2650 cognoscatur
750 2566 840 2652 prius
855 2586 910 2634 eas
928 2587 1000 2634 esse
1013 2586 1161 2645 veraces,
1182 2584 1251 2651 neg.

192 2674 276 2739 Turn
300 2692 372 2758 neg.
394 2692 530 2757 conseq.

193 2782 304 2866 ltaque
318 2781 405 2846 aliud
421 2790 470 2847 est
486 2783 655 2849 facultates
671 2801 741 2848 esse
757 2801 904 2865 veraces,
923 2792 955 2848 et
971 2783 1057 2849 aliud
1074 2792 1124 2849 est
1139 2800 1250 2847 earum

125 2890 332 2955 veracitatem
356 2907 548 2974 cognoscere.
579 2889 627 2953 Ac
653 2898 738 2954 certe
767 2889 932 2957 ratiocinia
955 2891 1251 2975 explicationesque

126 2997 204 3063 nihil
220 2999 346 3074 valent,
367 2997 426 3063 nisi
447 2998 633 3074 facultates,
652 3017 708 3082 per
722 3016 804 3081 quas
820 2998 921 3074 liunt,
939 3000 1167 3079 sintveraces;
1186 3017 1251 3064 non

125 3115 236 3172 autem
256 3124 340 3189 opus
357 3113 418 3181 est,
441 3113 477 3170 ut
491 3105 522 3170 id
536 3108 743 3188 cognoscatur
756 3113 832 3170 ante
846 3106 916 3173 illas
926 3105 1176 3190 explicationes,
1193 3104 1252 3172 sed

126 3211 236 3297 potius
255 3213 286 3278 vi
307 3212 431 3278 illarum
462 3213 686 3297 cognoscitur;
713 3213 788 3296 quia
816 3213 974 3280 veracitas
992 3215 1182 3280 facultatum
1211 3214 1253 3278 ad

126 3319 250 3386 veracia
261 3319 426 3386 ratiocinia
438 3320 590 3404 ponenda
602 3319 765 3386 concurrit
778 3321 933 3403 affectem,
948 3339 1014 3387 non
1026 3318 1199 3408 abjectior(
1224 3317 1250 3408 l.

193 3429 278 3495 Turn
299 3428 394 3494 simili
416 3428 516 3493 modo
530 3426 605 3496 dist.
627 3447 761 3512 conseq.

171 3541 279 3618 Objie.
306 3534 360 3603 a*
408 3535 452 3626 Si
471 3536 639 3601 facultates
669 3545 788 3602 nostrae
806 3536 889 3602 circa
908 3537 1039 3620 propria
1063 3535 1252 3602 earumdem

125 3643 253 3727 objecta
272 3641 335 3708 falli
357 3651 544 3726 nequeunt,
565 3642 746 3709 infallibiles
765 3633 910 3710 dicendae
928 3654 1021 3710 sunt.
1042 3643 1144 3728 Atqui
1163 3641 1255 3709 infal-

125 3749 685 3834 mmmmmfflmQ

194 3865 299 3943 Reap.
320 3859 397 3925 dist.
423 3857 551 3943 Maiore
570 3857 752 3924 infallibiles
770 3857 917 3924 dicendae
934 3867 1014 3924 sunt
1031 3857 1254 3924 infallibilitate

125 3965 312 4050 participata
332 3974 366 4033 et
384 3965 538 4042 limitata,
558 3983 661 4043 corre„
683 3963 919 4050 imparticipata
936 3976 968 4033 et
988 3965 1160 4042 illimitata,
1180 3984 1255 4048 quae

128 4073 171 4138 ad
187 4069 299 4138 omnia
317 4073 442 4157 objecta
457 4071 688 4157 cognoscibilia
707 4091 742 4138 se
761 4074 939 4150 extendat,
958 4093 1026 4158 neg.

183 4178 232 4260 ,Et
250 4179 508 4256 contradictincta
527 4179 659 4255 Minori,
681 4197 751 4263 neg.
772 4196 910 4264 conseq.

136 4297 139 4302 '
193 4287 298 4366 Nam,
319 4288 450 4373 praecise
468 4287 545 4370 quia
569 4288 738 4354 facultates
756 4295 878 4354 nostrae
891 4289 1121 4374 cognoscitivae
1139 4287 1256 4374 imagi·

126 4413 223 4472 nem,
255 4404 436 4479 utcumque
464 4393 686 4470 deficientem,
723 4396 864 4462 referunt
893 4395 1011 4462 divinae
1037 4393 1173 4474 mentis,
1199 4395 1255 4462 ali·

127 4522 227 4586 quam
247 4504 288 4569 ab
301 4503 372 4587 ipso
388 4501 456 4568 Deo
475 4501 1098 4572 sibicommunicataminfallibilitatem
1115 4506 1256 4572 habeant

130 4674 395 4692 num—-

163 4737 205 4809 (r)
241 4733 304 4796 cfr.
319 4737 355 4796 cl.
372 4733 501 4794 Sanctus
515 4731 664 4802 Schiffini,
679 4734 838 4810 Principia
851 4735 1073 4811 phylosopin'ca,
1088 4735 1151 4797 282.
