3492 5525
570 488 627 573 528
689 494 810 555 Locren
827 491 1057 564 Maron-Lm.
1076 507 1144 567 ψ,
1161 492 1249 556 Drsn.
1266 506 1309 556 a·
1325 494 1403 555 Can.
1421 510 1491 576 qum

526 692 611 757 aliud
634 694 814 778 objectum,
842 693 996 758 nimirum
1025 692 1191 760 indirecte.
1222 692 1331 776 ltaque
1359 695 1492 777 quando
1521 697 1649 761 ratione

525 798 779 883 defatigationis,
801 808 857 865 aut
871 798 1004 876 fastidii,
1021 809 1077 866 aut
1090 800 1336 867 distractionum
1352 812 1497 869 cessatur
1514 804 1647 869 abacto

521 908 589 992 jam
609 906 768 991 incoepto,
791 916 961 973 mutantur
973 893 1039 991 jam
1059 906 1196 973 omnino
1215 909 1383 993 adjuncta,
1401 920 1434 976 et
1452 928 1561 975 revera
1577 930 1645 975 non

525 1015 644 1079 adsunt
661 1013 770 1080 omnia
791 1013 1012 1099 praerequisita
1027 1014 1067 1079 ad
1086 1032 1258 1081 assensum
1279 1017 1471 1083 necessaria.

569 1128 676 1205 Objic.
699 1121 750 1189 5.⁰
798 1122 922 1188 Dantur
950 1122 1078 1188 habitus
1104 1121 1185 1187 circa
1214 1123 1456 1200 conclusiones,
1487 1124 1642 1191 nimirum

511 1230 653 1297 babitus
678 1228 888 1295 scientificus.
920 1229 1019 1311 Atqui
1049 1228 1179 1295 habitus
1200 1248 1265 1295 non
1284 1232 1460 1297 dantur-in
1488 1233 1644 1317 potentiis

523 1338 603 1403 circa
623 1346 713 1402 actus
733 1336 950 1413 necessarios,
971 1336 1051 1401 circa
1078 1352 1163 1419 quos
1183 1356 1249 1404 non
1274 1338 1395 1404 babent
1423 1339 1576 1423 potentiae
1594 1340 1645 1405 in-

522 1445 617 1510 sitam
637 1452 783 1509 anatura
803 1444 1003 1510 facilitatem.
1026 1442 1167 1529 Ergo...

587 1561 692 1636 Resp.
726 1552 801 1620 dist.
834 1552 948 1637 Major.
981 1552 1018 1617 Et
1046 1552 1206 1636 ejusmodi
1234 1552 1365 1620 habitus
1392 1554 1642 1621 conclusionum

521 1670 689 1746 ponuntur
703 1661 742 1725 ad
763 1659 983 1725 facilitandum
996 1658 1112 1743 'ipsum
1132 1678 1304 1725 assensum
1333 1661 1534 1727 evidentium
1554 1664 1644 1746 prin·

520 1768 696 1851 cipiorum,
727 1778 759 1834 et
788 1764 1008 1832 conclusionis
1035 1767 1111 1832 inde
1139 1766 1308 1833 evidenter
1325 1768 1475 1845 fluentis,
1503 1788 1591 1853 neg.,·
1609 1782 1643 1836 et

520 1874 681 1961 ejusmodi
701 1874 830 1939 habitus
842 1876 1018 1958 'ponuntur
1036 1874 1076 1939 ad
1090 1874 1171 1940 alios
1185 1873 1285 1951 fines,
1304 1894 1392 1943 conc.

587 1984 751 2049 Assensus
766 1980 984 2048 conclusionis
999 1982 1101 2047 multa
1121 1982 1240 2066 praevia
1259 1983 1432 2067 supponit,
1454 2000 1528 2066 quae
1547 1984 1644 2052 intel·

520 2091 613 2157 lectui
643 2089 829 2155 naturaliter
855 2097 975 2173 praesto
1003 2107 1075 2154 esse
1105 2098 1286 2171 nequeunt.
1317 2089 1479 2156 Nimirum
1510 2092 1643 2175 requirit

519 2207 594 2283 apta
607 2197 759 2281 principia
778 2210 810 2264 et
830 2196 1015 2280 praemissas
1034 2196 1201 2262 evidentes
1223 2209 1256 2262 et
1276 2194 1334 2262 rite
1352 2198 1517 2265 ordinatas
1538 2218 1574 2265 ac
1593 2200 1644 2263 di-

519 2306 673 2373 stributas
691 2303 875 2369 secundum
894 2316 1012 2371 rectam
1028 2305 1167 2368 formam
1184 2305 1488 2388 argumentationis.
1505 2304 1642 2373 Habitus

519 2432 598 2499 ergo
612 2412 753 2478 scientiae
774 2432 809 2476 ac
829 2412 1077 2478 conclusionum
1099 2423 1244 2477 mentem
1256 2414 1351 2497 juvat
1366 2423 1465 2495 atque
1480 2413 1640 2491 habilitat,

520 2540 586 2587 non
615 2530 652 2586 ut
679 2520 802 2585 facilius
830 2519 1001 2584 evidentiae
1029 2519 1139 2594 cedat,
1164 2519 1222 2585 sed
1256 2528 1291 2585 ut
1321 2520 1445 2586 facilius
1473 2521 1588 2587 habeat
1605 2523 1640 2586 in

519 2636 672 2712 promptu
694 2626 840 2691 notitiam
863 2625 1093 2710 principiorum
1119 2646 1155 2691 ac
1174 2628 1415 2708 praemissarum
1439 2636 1641 2694 ceterorum·
1738 2711 1740 2717 k

517 2756 582 2822 que
601 2736 769 2813 omnium,
786 2754 859 2818 quae
877 2743 970 2800 notas
985 2754 1021 2801 ac
1037 2734 1224 2800 manifestas
1239 2734 1378 2837 reddunt
1395 2738 1637 2804 conclusiones:

517 2844 688 2922 autetiam
715 2855 751 2908 ut
780 2843 882 2927 possit
909 2843 1109 2908 conclusioni
1138 2843 1303 2919 assentiri,
1334 2863 1400 2909 non
1428 2845 1640 2912 consideratis

518 2951 710 3036 praemissis,
740 2969 780 3015 ex
809 2950 966 3015 memoria
994 2949 1157 3016 rationum
1189 2962 1221 3017 et
1249 2961 1537 3036 argumentorum,
1563 2973 1639 3036 quae

517 3058 594 3125 olir'n
616 3065 818 3142 perceperat,
840 3065 872 3122 et
887 3076 1028 3140 quorum
1049 3059 1115 3122 vim
1136 3059 1294 3142 probandi
1309 3070 1430 3126 certam
1450 3079 1523 3126 esse
1540 3071 1639 3145 atque
1737 3138 1738 3145 χ

516 3167 700 3232 evidentem
723 3165 919 3232 recordatur.

559 3271 668 3362 Objic.
690 3279 737 3339 6.⁰
783 3271 816 3338 Si
829 3271 1012 3339 intellectus
1028 3273 1277 3340 necessitaretur
1295 3274 1335 3340 ad
1348 3292 1521 3341 assensum
1532 3293 1638 3341 enun-

515 3381 630 3448 tiabilis
644 3399 718 3446 vere
733 3379 905 3456 evidentis
921 3380 1020 3444 etiam
1036 3381 1285 3446 necessitaretur
1293 3381 1336 3445 ad
1345 3399 1518 3448 assensum
1533 3401 1638 3449 enun-

514 3488 631 3555 tiabilis
645 3497 772 3554 tanturn
789 3498 981 3570 apparenter
994 3487 1169 3553 evidentis.
1184 3489 1284 3572 Atqui
1300 3489 1363 3555 hoc
1376 3489 1555 3556 absurdum
1572 3499 1635 3556 est.

514 3597 640 3682 Ergo...

580 3709 693 3786 Major·
712 3710 815 3788 patet,
833 3702 910 3785 quia
924 3701 1087 3770 evidentia
1104 3722 1180 3768 vera
1194 3703 1267 3769 ideo
1281 3702 1471 3782 necessitat,
1487 3704 1564 3787 quia
1579 3725 1637 3770 ex·

514 3812 613 3878 cludit
627 3829 726 3876 omne
740 3809 877 3875 dubium
890 3829 927 3874 ac
941 3809 1161 3894 suspicionem
1181 3811 1221 3876 de
1236 3813 1402 3895 opposito.
1420 3811 1508 3878 ldem
1524 3821 1633 3878 autem

514 3927 646 4003 praestat
668 3917 831 3984 evidentia
856 3926 987 4001 putata,
1007 3935 1084 3982 cum
1109 3927 1270 4003 repugnet
1293 3918 1415 4001 aliquid
1434 3919 1548 4000 putari
1569 3920 1637 3984 eri-

513 4027 611 4102 dens,
633 4033 666 4090 et
684 4025 780 4090 simul
799 4025 912 4089 adesse
931 4025 1151 4108 suspicionem
1170 4026 1210 4090 de
1229 4024 1394 4109 opposito:
1416 4028 1634 4111 Praeterquam

513 4135 602 4217 quod
622 4133 648 4199 si
675 4132 839 4199 evidentia
867 4133 973 4199 fucata
1002 4151 1069 4198 non
1101 4131 1322 4209 necessitaret,
1346 4133 1415 4218 jam
1440 4133 1635 4200 haberemus

513 4241 764 4307 discerniculum
785 4242 826 4307 ad
852 4241 939 4305 illam
960 4259 978 4304 a
998 4257 1074 4304 vera
1093 4240 1257 4306 evidentia
1275 4240 1557 4324 distinguendam.

578 4355 694 4416 Minor
712 4367 790 4416 vero
810 4367 876 4413 non
891 4348 1002 4415 minus
1018 4347 1147 4416 videtur
1159 4356 1322 4416 constare.
1342 4347 1430 4418 Quia
1444 4358 1524 4415 tunc
1540 4349 1635 4418 intel·
1734 4377 1735 4427 r

511 4458 615 4524 lectus
635 4467 747 4523 natura
762 4476 821 4523 sua
840 4457 881 4522 ad
900 4458 1023 4522 malum
1044 4457 1306 4533 necessitaretur,
1328 4457 1446 4524 falsum
1467 4459 1574 4536 enim,
1596 4469 1633 4524 ut
1734 4456 1735 4531 Τ

413 4647 419 4660 ¹
511 4565 629 4650 saepius
647 4565 804 4638 diximus,
825 4574 876 4629 est
896 4565 1020 4630 malum
1040 4563 1194 4647 potentiae
1211 4549 1455 4650 cognoscitivae.
1478 4547 1487 4565 ⁹

577 4679 681 4757 Resp.
710 4672 864 4738 Concessa
889 4672 1018 4757 Majori,
1048 4689 1149 4756 quam
1180 4681 1291 4737 tamen
1319 4673 1466 4740 nonnulli
1495 4681 1633 4758 negant,
1733 4692 1734 4697 ’

511 4797 588 4864 nego
606 4781 779 4848 Minorem.
