<?xml version="1.0" encoding="UTF-8"?>
<!DOCTYPE html PUBLIC "-//W3C//DTD XHTML 1.0 Transitional//EN"
    "http://www.w3.org/TR/xhtml1/DTD/xhtml1-transitional.dtd">
<html xmlns="http://www.w3.org/1999/xhtml" xml:lang="en" lang="en">
 <head>
  <title>
</title>
<meta http-equiv="Content-Type" content="text/html;charset=utf-8" />
  <meta name='ocr-system' content='tesseract 3.04.00' />
  <meta name='ocr-capabilities' content='ocr_page ocr_carea ocr_par ocr_line ocrx_word'/>
</head>
<body>
  <div class='ocr_page' id='page_1' title='image "./institutionesph00urrgoog/institutionesph00urrgoog_0322.png"; bbox 0 0 3492 5525; ppageno 0'>
   <div class='ocr_carea' id='block_1_1' title="bbox 533 473 1386 558">
    <p class='ocr_par' dir='ltr' id='par_1_1' title="bbox 533 473 1386 558">
     <span class='ocr_line' id='line_1_1' title="bbox 533 473 1386 558; baseline 0.001 -21"><span class='ocrx_word' id='word_1_1' title='bbox 533 474 592 558; x_wconf 83' lang='lat'>298</span> <span class='ocrx_word' id='word_1_2' title='bbox 723 475 849 541; x_wconf 80' lang='lat' dir='ltr'>Locren</span> <span class='ocrx_word' id='word_1_3' title='bbox 869 474 1118 540; x_wconf 71' lang='lat' dir='ltr'>Minoa-Dran.</span> <span class='ocrx_word' id='word_1_4' title='bbox 1142 486 1189 539; x_wconf 83' lang='lat'>2.·</span> <span class='ocrx_word' id='word_1_5' title='bbox 1210 473 1289 539; x_wconf 77' lang='lat' dir='ltr'>Cre.</span> <span class='ocrx_word' id='word_1_6' title='bbox 1315 488 1386 556; x_wconf 60' lang='lat' dir='ltr'>au·</span> 
     </span>
    </p>
   </div>
   <div class='ocr_carea' id='block_1_2' title="bbox 560 658 1618 745">
    <p class='ocr_par' dir='ltr' id='par_1_2' title="bbox 560 658 1618 745">
     <span class='ocr_line' id='line_1_2' title="bbox 560 658 1618 745; baseline -0.002 -18"><span class='ocrx_word' id='word_1_7' title='bbox 560 660 607 727; x_wconf 83' lang='lat' dir='ltr'>En</span> <span class='ocrx_word' id='word_1_8' title='bbox 624 660 761 727; x_wconf 85' lang='lat' dir='ltr'>celebris</span> <span class='ocrx_word' id='word_1_9' title='bbox 779 660 897 727; x_wconf 87' lang='lat' dir='ltr'>tabella</span> <span class='ocrx_word' id='word_1_10' title='bbox 916 658 1097 726; x_wconf 84' lang='lat' dir='ltr'>modalium</span> <span class='ocrx_word' id='word_1_11' title='bbox 1127 658 1233 745; x_wconf 81' lang='lat' dir='ltr'>magis</span> <span class='ocrx_word' id='word_1_12' title='bbox 1252 658 1370 726; x_wconf 86' lang='lat' dir='ltr'>usitata</span> <span class='ocrx_word' id='word_1_13' title='bbox 1396 659 1486 743; x_wconf 89' lang='lat' dir='ltr'>apud</span> <span class='ocrx_word' id='word_1_14' title='bbox 1512 658 1618 725; x_wconf 87' lang='lat' dir='ltr'>Scho-</span> 
     </span>
    </p>
   </div>
   <div class='ocr_carea' id='block_1_3' title="bbox 492 764 1740 1179">
    <p class='ocr_par' dir='ltr' id='par_1_3' title="bbox 492 764 1740 1179">
     <span class='ocr_line' id='line_1_3' title="bbox 494 764 1740 857; baseline 0 -24"><span class='ocrx_word' id='word_1_15' title='bbox 494 767 623 834; x_wconf 90' lang='lat' dir='ltr'>lasticos</span> <span class='ocrx_word' id='word_1_16' title='bbox 641 768 857 851; x_wconf 73' lang='lat' dir='ltr'>philosophos</span> <span class='ocrx_word' id='word_1_17' title='bbox 871 779 946 851; x_wconf 88' lang='lat' dir='ltr'>post</span> <span class='ocrx_word' id='word_1_18' title='bbox 967 768 1098 834; x_wconf 88' lang='lat' dir='ltr'>Petrum</span> <span class='ocrx_word' id='word_1_19' title='bbox 1111 766 1292 851; x_wconf 85' lang='lat' dir='ltr'>Hispanum</span> <span class='ocrx_word' id='word_1_20' title='bbox 1315 764 1379 855; x_wconf 89' lang='grc' dir='ltr'>(ι).</span> <span class='ocrx_word' id='word_1_21' title='bbox 1398 766 1503 833; x_wconf 80' lang='lat' dir='ltr'>Aliam</span> <span class='ocrx_word' id='word_1_22' title='bbox 1515 767 1614 833; x_wconf 85' lang='lat' dir='ltr'>etiam</span> <span class='ocrx_word' id='word_1_23' title='bbox 1739 764 1740 857; x_wconf 56' lang='grc' dir='ltr'>ᾗ</span> 
     </span>
     <span class='ocr_line' id='line_1_4' title="bbox 493 871 1615 962; baseline -0.001 -22"><span class='ocrx_word' id='word_1_24' title='bbox 493 875 648 941; x_wconf 85' lang='lat' dir='ltr'>exhibent</span> <span class='ocrx_word' id='word_1_25' title='bbox 666 876 725 941; x_wconf 87' lang='lat' dir='ltr'>PP.</span> <span class='ocrx_word' id='word_1_26' title='bbox 746 877 888 942; x_wconf 81' lang='lat' dir='ltr'>Fonseca</span> <span class='ocrx_word' id='word_1_27' title='bbox 906 886 939 943; x_wconf 92' lang='lat' dir='ltr'>et</span> <span class='ocrx_word' id='word_1_28' title='bbox 961 876 1097 943; x_wconf 83' lang='lat' dir='ltr'>Toletus</span> <span class='ocrx_word' id='word_1_29' title='bbox 1124 871 1188 962; x_wconf 82' lang='lat'>(2),</span> <span class='ocrx_word' id='word_1_30' title='bbox 1217 894 1319 959; x_wconf 90' lang='lat' dir='ltr'>quam</span> <span class='ocrx_word' id='word_1_31' title='bbox 1347 881 1484 942; x_wconf 89' lang='lat' dir='ltr'>censent</span> <span class='ocrx_word' id='word_1_32' title='bbox 1512 874 1615 940; x_wconf 87' lang='lat' dir='ltr'>menti</span> 
     </span>
     <span class='ocr_line' id='line_1_5' title="bbox 492 980 1740 1071; baseline -0.001 -23"><span class='ocrx_word' id='word_1_33' title='bbox 492 983 677 1050; x_wconf 75' lang='lat' dir='ltr'>Aristotelis</span> <span class='ocrx_word' id='word_1_34' title='bbox 689 984 942 1050; x_wconf 78' lang='lat' dir='ltr'>conformiorem</span> <span class='ocrx_word' id='word_1_35' title='bbox 964 980 1030 1069; x_wconf 78' lang='lat'>(3);</span> <span class='ocrx_word' id='word_1_36' title='bbox 1052 982 1124 1049; x_wconf 88' lang='lat' dir='ltr'>licet</span> <span class='ocrx_word' id='word_1_37' title='bbox 1138 1002 1247 1049; x_wconf 89' lang='lat' dir='ltr'>revera</span> <span class='ocrx_word' id='word_1_38' title='bbox 1259 1001 1328 1049; x_wconf 90' lang='lat' dir='ltr'>non</span> <span class='ocrx_word' id='word_1_39' title='bbox 1348 982 1476 1049; x_wconf 91' lang='lat' dir='ltr'>videtur</span> <span class='ocrx_word' id='word_1_40' title='bbox 1486 982 1615 1048; x_wconf 76' lang='lat' dir='ltr'>differre</span> <span class='ocrx_word' id='word_1_41' title='bbox 1739 994 1740 1071; x_wconf 45' lang='lat' dir='ltr'>p</span> 
     </span>
     <span class='ocr_line' id='line_1_6' title="bbox 493 1089 1740 1179; baseline 0 -24"><span class='ocrx_word' id='word_1_42' title='bbox 493 1090 553 1156; x_wconf 91' lang='lat' dir='ltr'>nisi</span> <span class='ocrx_word' id='word_1_43' title='bbox 573 1090 608 1155; x_wconf 94' lang='lat' dir='ltr'>in</span> <span class='ocrx_word' id='word_1_44' title='bbox 627 1091 909 1174; x_wconf 87' lang='lat' dir='ltr'>aequipollentium</span> <span class='ocrx_word' id='word_1_45' title='bbox 929 1090 1161 1156; x_wconf 83' lang='lat' dir='ltr'>distributione</span> <span class='ocrx_word' id='word_1_46' title='bbox 1179 1091 1211 1157; x_wconf 91' lang='lat' dir='ltr'>in</span> <span class='ocrx_word' id='word_1_47' title='bbox 1231 1089 1367 1176; x_wconf 84' lang='lat' dir='ltr'>singulis</span> <span class='ocrx_word' id='word_1_48' title='bbox 1386 1089 1612 1174; x_wconf 81' lang='lat' dir='ltr'>quaternariis3</span> <span class='ocrx_word' id='word_1_49' title='bbox 1739 1154 1740 1179; x_wconf 46' lang='lat'>,</span> 
     </span>
    </p>
   </div>
   <div class='ocr_carea' id='block_1_4' title="bbox 489 1196 1615 1481">
    <p class='ocr_par' dir='ltr' id='par_1_4' title="bbox 489 1196 1615 1481">
     <span class='ocr_line' id='line_1_7' title="bbox 493 1196 1615 1281; baseline -0.001 -18"><span class='ocrx_word' id='word_1_50' title='bbox 493 1215 568 1264; x_wconf 82' lang='lat' dir='ltr'>narn</span> <span class='ocrx_word' id='word_1_51' title='bbox 589 1197 696 1281; x_wconf 92' lang='lat' dir='ltr'>primo</span> <span class='ocrx_word' id='word_1_52' title='bbox 714 1200 788 1264; x_wconf 93' lang='lat' dir='ltr'>loco</span> <span class='ocrx_word' id='word_1_53' title='bbox 806 1198 948 1275; x_wconf 77' lang='lat' dir='ltr'><em>Necesse,</em></span> <span class='ocrx_word' id='word_1_54' title='bbox 968 1198 1115 1265; x_wconf 89' lang='lat' dir='ltr'>seeundo</span> <span class='ocrx_word' id='word_1_55' title='bbox 1127 1198 1290 1275; x_wconf 83' lang='lat' dir='ltr'>Possiln&#39;le,</span> <span class='ocrx_word' id='word_1_56' title='bbox 1310 1198 1407 1264; x_wconf 90' lang='lat' dir='ltr'>tertio</span> <span class='ocrx_word' id='word_1_57' title='bbox 1426 1196 1615 1281; x_wconf 79' lang='lat' dir='ltr'>Contingens</span> 
     </span>
     <span class='ocr_line' id='line_1_8' title="bbox 489 1302 1615 1402; baseline 0.003 -33"><span class='ocrx_word' id='word_1_58' title='bbox 489 1314 525 1402; x_wconf 77' lang='lat' dir='ltr'>et</span> <span class='ocrx_word' id='word_1_59' title='bbox 543 1316 660 1389; x_wconf 84' lang='lat' dir='ltr'>quarto</span> <span class='ocrx_word' id='word_1_60' title='bbox 679 1303 820 1389; x_wconf 90' lang='lat' dir='ltr'>denique</span> <span class='ocrx_word' id='word_1_61' title='bbox 847 1306 1008 1373; x_wconf 86' lang='lat' dir='ltr'>collocant</span> <span class='ocrx_word' id='word_1_62' title='bbox 1035 1305 1221 1389; x_wconf 75' lang='lat' dir='ltr'>lnpossieiu</span> <span class='ocrx_word' id='word_1_63' title='bbox 1238 1302 1302 1393; x_wconf 83' lang='lat'><strong>(4).</strong></span> <span class='ocrx_word' id='word_1_64' title='bbox 1332 1306 1398 1372; x_wconf 89' lang='lat' dir='ltr'>Sed</span> <span class='ocrx_word' id='word_1_65' title='bbox 1426 1324 1492 1372; x_wconf 90' lang='lat' dir='ltr'>non</span> <span class='ocrx_word' id='word_1_66' title='bbox 1521 1316 1615 1372; x_wconf 86' lang='lat' dir='ltr'>uacat</span> 
     </span>
     <span class='ocr_line' id='line_1_9' title="bbox 492 1411 865 1481; baseline 0.005 -4"><span class='ocrx_word' id='word_1_67' title='bbox 492 1411 544 1480; x_wconf 87' lang='lat' dir='ltr'>his</span> <span class='ocrx_word' id='word_1_68' title='bbox 562 1412 685 1480; x_wconf 91' lang='lat' dir='ltr'>diutius</span> <span class='ocrx_word' id='word_1_69' title='bbox 703 1411 865 1481; x_wconf 82' lang='lat' dir='ltr'>insistere.</span> 
     </span>
    </p>
   </div>
   <div class='ocr_carea' id='block_1_5' title="bbox 853 1695 1247 1772">
    <p class='ocr_par' dir='ltr' id='par_1_5' title="bbox 853 1695 1247 1772">
     <span class='ocr_line' id='line_1_10' title="bbox 853 1695 1247 1772; baseline 0.005 -2"><span class='ocrx_word' id='word_1_70' title='bbox 853 1695 1152 1772; x_wconf 91' lang='lat' dir='ltr'>ARTICULUS</span> <span class='ocrx_word' id='word_1_71' title='bbox 1175 1696 1247 1772; x_wconf 87' lang='lat' dir='ltr'>VI.</span> 
     </span>
    </p>
   </div>
   <div class='ocr_carea' id='block_1_6' title="bbox 645 1882 1389 1951">
    <p class='ocr_par' dir='ltr' id='par_1_6' title="bbox 645 1882 1389 1951">
     <span class='ocr_line' id='line_1_11' title="bbox 645 1882 1389 1951; baseline 0.003 -6"><span class='ocrx_word' id='word_1_72' title='bbox 645 1887 647 1890; x_wconf 82' lang='grc'><strong>’</strong></span> <span class='ocrx_word' id='word_1_73' title='bbox 707 1882 779 1947; x_wconf 83' lang='lat' dir='ltr'>De</span> <span class='ocrx_word' id='word_1_74' title='bbox 804 1882 1056 1951; x_wconf 80' lang='lat' dir='ltr'>modalium</span> <span class='ocrx_word' id='word_1_75' title='bbox 1080 1883 1389 1949; x_wconf 77' lang='lat' dir='ltr'>conversione.</span> 
     </span>
    </p>
   </div>
   <div class='ocr_carea' id='block_1_7' title="bbox 417 2092 1740 2719">
    <p class='ocr_par' dir='ltr' id='par_1_7' title="bbox 417 2092 1740 2719">
     <span class='ocr_line' id='line_1_12' title="bbox 542 2092 1740 2181; baseline 0.003 -21"><span class='ocrx_word' id='word_1_76' title='bbox 542 2098 614 2180; x_wconf 74' lang='lat'>138.</span> <span class='ocrx_word' id='word_1_77' title='bbox 663 2092 841 2163; x_wconf 83' lang='lat' dir='ltr'>Conversio</span> <span class='ocrx_word' id='word_1_78' title='bbox 870 2097 1068 2173; x_wconf 87' lang='lat' dir='ltr'>modalium,</span> <span class='ocrx_word' id='word_1_79' title='bbox 1098 2116 1172 2181; x_wconf 88' lang='lat' dir='ltr'>quae</span> <span class='ocrx_word' id='word_1_80' title='bbox 1199 2097 1232 2163; x_wconf 94' lang='lat' dir='ltr'>in</span> <span class='ocrx_word' id='word_1_81' title='bbox 1260 2097 1329 2163; x_wconf 90' lang='lat' dir='ltr'>sola</span> <span class='ocrx_word' id='word_1_82' title='bbox 1356 2095 1444 2163; x_wconf 90' lang='lat' dir='ltr'>modi</span> <span class='ocrx_word' id='word_1_83' title='bbox 1475 2116 1512 2163; x_wconf 87' lang='lat' dir='ltr'>ac</span> <span class='ocrx_word' id='word_1_84' title='bbox 1535 2096 1613 2164; x_wconf 88' lang='lat' dir='ltr'>dicti</span> <span class='ocrx_word' id='word_1_85' title='bbox 1739 2096 1740 2175; x_wconf 53' lang='grc' dir='ltr'>ᾗ</span> 
     </span>
     <span class='ocr_line' id='line_1_13' title="bbox 490 2202 1740 2293; baseline 0.004 -27"><span class='ocrx_word' id='word_1_86' title='bbox 490 2202 743 2287; x_wconf 86' lang='lat' dir='ltr'>transpositione</span> <span class='ocrx_word' id='word_1_87' title='bbox 769 2204 943 2282; x_wconf 85' lang='lat' dir='ltr'>consistat,</span> <span class='ocrx_word' id='word_1_88' title='bbox 974 2222 1033 2270; x_wconf 91' lang='lat' dir='ltr'>nec</span> <span class='ocrx_word' id='word_1_89' title='bbox 1062 2204 1232 2291; x_wconf 84' lang='lat' dir='ltr'>negotium</span> <span class='ocrx_word' id='word_1_90' title='bbox 1257 2204 1401 2281; x_wconf 83' lang='lat' dir='ltr'>facessit,</span> <span class='ocrx_word' id='word_1_91' title='bbox 1426 2222 1491 2293; x_wconf 29' lang='lat' dir='ltr'>‘nec</span> <span class='ocrx_word' id='word_1_92' title='bbox 1513 2205 1613 2271; x_wconf 88' lang='lat' dir='ltr'>habet</span> <span class='ocrx_word' id='word_1_93' title='bbox 1739 2208 1740 2289; x_wconf 64' lang='grc' dir='ltr'>ζ</span> 
     </span>
     <span class='ocr_line' id='line_1_14' title="bbox 417 2303 1610 2391; baseline 0.002 -17"><span class='ocrx_word' id='word_1_94' title='bbox 417 2303 423 2313; x_wconf 85' lang='grc'><em>“</em></span> <span class='ocrx_word' id='word_1_95' title='bbox 490 2308 676 2378; x_wconf 84' lang='lat' dir='ltr'>utilitatem.</span> <span class='ocrx_word' id='word_1_96' title='bbox 696 2310 831 2378; x_wconf 88' lang='lat' dir='ltr'>Perinde</span> <span class='ocrx_word' id='word_1_97' title='bbox 846 2312 934 2377; x_wconf 91' lang='lat' dir='ltr'>enim</span> <span class='ocrx_word' id='word_1_98' title='bbox 951 2322 1001 2379; x_wconf 91' lang='lat' dir='ltr'>est</span> <span class='ocrx_word' id='word_1_99' title='bbox 1015 2311 1137 2378; x_wconf 90' lang='lat' dir='ltr'>dicere:</span> <span class='ocrx_word' id='word_1_100' title='bbox 1154 2316 1283 2382; x_wconf 77' lang='lat' dir='ltr'>Necesse</span> <span class='ocrx_word' id='word_1_101' title='bbox 1295 2314 1345 2377; x_wconf 85' lang='lat' dir='ltr'>est</span> <span class='ocrx_word' id='word_1_102' title='bbox 1354 2312 1456 2379; x_wconf 83' lang='lat' dir='ltr'>Deum</span> <span class='ocrx_word' id='word_1_103' title='bbox 1467 2312 1610 2391; x_wconf 65' lang='lat' dir='ltr'>meere,</span> 
     </span>
     <span class='ocr_line' id='line_1_15' title="bbox 489 2418 1612 2504; baseline 0.004 -22"><span class='ocrx_word' id='word_1_104' title='bbox 489 2436 526 2482; x_wconf 88' lang='lat' dir='ltr'>ac</span> <span class='ocrx_word' id='word_1_105' title='bbox 562 2418 666 2483; x_wconf 84' lang='lat' dir='ltr'>Deum</span> <span class='ocrx_word' id='word_1_106' title='bbox 695 2418 827 2485; x_wconf 82' lang='lat' dir='ltr'>existere</span> <span class='ocrx_word' id='word_1_107' title='bbox 858 2438 980 2485; x_wconf 88' lang='lat' dir='ltr'>necesse</span> <span class='ocrx_word' id='word_1_108' title='bbox 1010 2422 1072 2498; x_wconf 81' lang='lat' dir='ltr'>esi,</span> <span class='ocrx_word' id='word_1_109' title='bbox 1106 2419 1386 2504; x_wconf 85' lang='lat' dir='ltr'>quemadmodum</span> <span class='ocrx_word' id='word_1_110' title='bbox 1419 2419 1612 2487; x_wconf 90' lang='lat' dir='ltr'>monuimus</span> 
     </span>
     <span class='ocr_line' id='line_1_16' title="bbox 490 2542 1231 2609; baseline 0.008 -18"><span class='ocrx_word' id='word_1_111' title='bbox 490 2542 600 2609; x_wconf 89' lang='lat' dir='ltr'>supra.</span> <span class='ocrx_word' id='word_1_112' title='bbox 1224 2590 1231 2597; x_wconf 94' lang='lat'>.</span> 
     </span>
     <span class='ocr_line' id='line_1_17' title="bbox 555 2632 1740 2719; baseline 0.005 -24"><span class='ocrx_word' id='word_1_113' title='bbox 555 2632 598 2697; x_wconf 87' lang='lat' dir='ltr'>Ea</span> <span class='ocrx_word' id='word_1_114' title='bbox 625 2651 703 2699; x_wconf 89' lang='lat' dir='ltr'>vero</span> <span class='ocrx_word' id='word_1_115' title='bbox 729 2635 900 2701; x_wconf 89' lang='lat' dir='ltr'>conversio</span> <span class='ocrx_word' id='word_1_116' title='bbox 928 2636 1069 2719; x_wconf 90' lang='lat' dir='ltr'>aliquam</span> <span class='ocrx_word' id='word_1_117' title='bbox 1097 2635 1196 2701; x_wconf 89' lang='lat' dir='ltr'>habet</span> <span class='ocrx_word' id='word_1_118' title='bbox 1224 2632 1465 2710; x_wconf 83' lang='lat' dir='ltr'>difficultatem,</span> <span class='ocrx_word' id='word_1_119' title='bbox 1493 2634 1612 2719; x_wconf 90' lang='lat' dir='ltr'>inqua</span> <span class='ocrx_word' id='word_1_120' title='bbox 1739 2672 1740 2677; x_wconf 18' lang='grc' dir='ltr'><strong>κ</strong></span> 
     </span>
    </p>
   </div>
   <div class='ocr_carea' id='block_1_8' title="bbox 487 2741 1740 2829">
    <p class='ocr_par' dir='ltr' id='par_1_8' title="bbox 487 2741 1740 2829">
     <span class='ocr_line' id='line_1_18' title="bbox 487 2741 1740 2829; baseline 0.001 -23"><span class='ocrx_word' id='word_1_121' title='bbox 487 2741 619 2808; x_wconf 88' lang='lat' dir='ltr'>termini</span> <span class='ocrx_word' id='word_1_122' title='bbox 637 2742 850 2809; x_wconf 88' lang='lat' dir='ltr'>solummodo</span> <span class='ocrx_word' id='word_1_123' title='bbox 879 2742 953 2810; x_wconf 88' lang='lat' dir='ltr'>dicti</span> <span class='ocrx_word' id='word_1_124' title='bbox 981 2751 1252 2828; x_wconf 88' lang='lat' dir='ltr'>transponuntur.</span> <span class='ocrx_word' id='word_1_125' title='bbox 1283 2742 1334 2808; x_wconf 86' lang='lat' dir='ltr'>Ad</span> <span class='ocrx_word' id='word_1_126' title='bbox 1357 2762 1429 2807; x_wconf 88' lang='lat' dir='ltr'>earn</span> <span class='ocrx_word' id='word_1_127' title='bbox 1456 2760 1612 2829; x_wconf 84' lang='lat' dir='ltr'>peragen-</span> <span class='ocrx_word' id='word_1_128' title='bbox 1739 2750 1740 2816; x_wconf 77' lang='lat' dir='ltr'>l</span> 
     </span>
    </p>
   </div>
   <div class='ocr_carea' id='block_1_9' title="bbox 488 2849 1612 2937">
    <p class='ocr_par' dir='ltr' id='par_1_9' title="bbox 488 2849 1612 2937">
     <span class='ocr_line' id='line_1_19' title="bbox 488 2849 1612 2937; baseline 0.004 -24"><span class='ocrx_word' id='word_1_129' title='bbox 488 2849 565 2914; x_wconf 89' lang='lat' dir='ltr'>dam</span> <span class='ocrx_word' id='word_1_130' title='bbox 585 2851 658 2915; x_wconf 87' lang='lat' dir='ltr'>duae</span> <span class='ocrx_word' id='word_1_131' title='bbox 678 2852 785 2916; x_wconf 88' lang='lat' dir='ltr'>solent</span> <span class='ocrx_word' id='word_1_132' title='bbox 803 2851 933 2937; x_wconf 85' lang='lat' dir='ltr'>praecipi</span> <span class='ocrx_word' id='word_1_133' title='bbox 959 2871 977 2916; x_wconf 87' lang='lat' dir='ltr'>a</span> <span class='ocrx_word' id='word_1_134' title='bbox 997 2850 1124 2937; x_wconf 85' lang='lat' dir='ltr'>Logicis</span> <span class='ocrx_word' id='word_1_135' title='bbox 1142 2851 1281 2935; x_wconf 80' lang='lat' dir='ltr'>regulae,</span> <span class='ocrx_word' id='word_1_136' title='bbox 1301 2850 1400 2915; x_wconf 88' lang='lat' dir='ltr'>altera</span> <span class='ocrx_word' id='word_1_137' title='bbox 1419 2870 1477 2935; x_wconf 87' lang='lat' dir='ltr'>pro</span> <span class='ocrx_word' id='word_1_138' title='bbox 1497 2852 1612 2937; x_wconf 86' lang='lat' dir='ltr'>moda-</span> 
     </span>
    </p>
   </div>
   <div class='ocr_carea' id='block_1_10' title="bbox 487 2955 1740 3151">
    <p class='ocr_par' dir='ltr' id='par_1_10' title="bbox 487 2955 1740 3151">
     <span class='ocr_line' id='line_1_20' title="bbox 488 2955 1740 3042; baseline 0.003 -22"><span class='ocrx_word' id='word_1_139' title='bbox 488 2955 573 3022; x_wconf 93' lang='lat' dir='ltr'>libus</span> <span class='ocrx_word' id='word_1_140' title='bbox 587 2956 628 3022; x_wconf 91' lang='lat' dir='ltr'>de</span> <span class='ocrx_word' id='word_1_141' title='bbox 644 2958 745 3023; x_wconf 91' lang='lat' dir='ltr'>modo</span> <span class='ocrx_word' id='word_1_142' title='bbox 759 2957 938 3036; x_wconf 84' lang='lat' dir='ltr'>affirmato,</span> <span class='ocrx_word' id='word_1_143' title='bbox 954 2961 1068 3042; x_wconf 89' lang='lat' dir='ltr'>quales</span> <span class='ocrx_word' id='word_1_144' title='bbox 1083 2968 1173 3025; x_wconf 87' lang='lat' dir='ltr'>sunt:</span> <span class='ocrx_word' id='word_1_145' title='bbox 1190 2961 1331 3035; x_wconf 85' lang='lat' dir='ltr'>Necesse,</span> <span class='ocrx_word' id='word_1_146' title='bbox 1347 2958 1509 3036; x_wconf 80' lang='lat' dir='ltr'>Possibile,</span> <span class='ocrx_word' id='word_1_147' title='bbox 1526 2959 1612 3024; x_wconf 87' lang='lat' dir='ltr'>Con·</span> <span class='ocrx_word' id='word_1_148' title='bbox 1739 3005 1740 3016; x_wconf 57' lang='lat'>,</span> 
     </span>
     <span class='ocr_line' id='line_1_21' title="bbox 487 3063 1740 3151; baseline 0.004 -23"><span class='ocrx_word' id='word_1_149' title='bbox 487 3063 623 3148; x_wconf 83' lang='lat' dir='ltr'>tingens:</span> <span class='ocrx_word' id='word_1_150' title='bbox 636 3067 735 3130; x_wconf 90' lang='lat' dir='ltr'>altera</span> <span class='ocrx_word' id='word_1_151' title='bbox 749 3084 827 3132; x_wconf 90' lang='lat' dir='ltr'>vero</span> <span class='ocrx_word' id='word_1_152' title='bbox 840 3084 899 3150; x_wconf 91' lang='lat' dir='ltr'>pro</span> <span class='ocrx_word' id='word_1_153' title='bbox 915 3066 1099 3132; x_wconf 88' lang='lat' dir='ltr'>modalibus</span> <span class='ocrx_word' id='word_1_154' title='bbox 1113 3067 1154 3131; x_wconf 92' lang='lat' dir='ltr'>de</span> <span class='ocrx_word' id='word_1_155' title='bbox 1174 3065 1273 3131; x_wconf 93' lang='lat' dir='ltr'>modo</span> <span class='ocrx_word' id='word_1_156' title='bbox 1288 3073 1425 3151; x_wconf 82' lang='lat' dir='ltr'>negato,</span> <span class='ocrx_word' id='word_1_157' title='bbox 1441 3066 1610 3150; x_wconf 89' lang='lat' dir='ltr'>inquibus</span> <span class='ocrx_word' id='word_1_158' title='bbox 1739 3073 1740 3086; x_wconf 62' lang='lat'>¹</span> 
     </span>
    </p>
   </div>
   <div class='ocr_carea' id='block_1_11' title="bbox 486 3171 1740 3471">
    <p class='ocr_par' dir='ltr' id='par_1_11' title="bbox 486 3171 1740 3471">
     <span class='ocr_line' id='line_1_22' title="bbox 486 3171 1608 3257; baseline 0.005 -23"><span class='ocrx_word' id='word_1_159' title='bbox 486 3171 584 3237; x_wconf 91' lang='lat' dir='ltr'>etiam</span> <span class='ocrx_word' id='word_1_160' title='bbox 609 3181 797 3241; x_wconf 89' lang='lat' dir='ltr'>numeratur</span> <span class='ocrx_word' id='word_1_161' title='bbox 824 3173 1027 3257; x_wconf 74' lang='lat' dir='ltr'>impacabile,</span> <span class='ocrx_word' id='word_1_162' title='bbox 1047 3173 1123 3257; x_wconf 89' lang='lat' dir='ltr'>quia</span> <span class='ocrx_word' id='word_1_163' title='bbox 1149 3172 1296 3240; x_wconf 91' lang='lat' dir='ltr'>continet</span> <span class='ocrx_word' id='word_1_164' title='bbox 1314 3172 1347 3239; x_wconf 93' lang='lat' dir='ltr'>in</span> <span class='ocrx_word' id='word_1_165' title='bbox 1370 3191 1407 3240; x_wconf 87' lang='lat' dir='ltr'>se</span> <span class='ocrx_word' id='word_1_166' title='bbox 1426 3173 1608 3240; x_wconf 88' lang='lat' dir='ltr'>imbibitam</span> 
     </span>
     <span class='ocr_line' id='line_1_23' title="bbox 487 3279 1740 3380; baseline 0.001 -37"><span class='ocrx_word' id='word_1_167' title='bbox 487 3279 708 3364; x_wconf 87' lang='lat' dir='ltr'>negationem.</span> <span class='ocrx_word' id='word_1_168' title='bbox 1610 3333 1613 3338; x_wconf 25' lang='lat' dir='ltr'>r</span> <span class='ocrx_word' id='word_1_169' title='bbox 1739 3325 1740 3380; x_wconf 67' lang='lat' dir='ltr'>l</span> 
     </span>
     <span class='ocr_line' id='line_1_24' title="bbox 532 3387 1740 3471; baseline 0.002 -19"><span class='ocrx_word' id='word_1_170' title='bbox 532 3390 650 3454; x_wconf 82' lang='lat' dir='ltr'>Prima</span> <span class='ocrx_word' id='word_1_171' title='bbox 680 3394 810 3471; x_wconf 73' lang='lat' dir='ltr'>regula.</span> <span class='ocrx_word' id='word_1_172' title='bbox 841 3387 1002 3454; x_wconf 65' lang='lat' dir='ltr'>›Modales</span> <span class='ocrx_word' id='word_1_173' title='bbox 1020 3388 1062 3454; x_wconf 92' lang='lat' dir='ltr'>de</span> <span class='ocrx_word' id='word_1_174' title='bbox 1081 3387 1180 3454; x_wconf 91' lang='lat' dir='ltr'>modo</span> <span class='ocrx_word' id='word_1_175' title='bbox 1199 3388 1359 3455; x_wconf 83' lang='lat' dir='ltr'>affirmato</span> <span class='ocrx_word' id='word_1_176' title='bbox 1373 3398 1610 3457; x_wconf 87' lang='lat' dir='ltr'>convertuntur</span> <span class='ocrx_word' id='word_1_177' title='bbox 1739 3391 1740 3404; x_wconf 60' lang='lat'>¹</span> 
     </span>
    </p>
   </div>
   <div class='ocr_carea' id='block_1_12' title="bbox 486 3492 1740 3580">
    <p class='ocr_par' dir='ltr' id='par_1_12' title="bbox 486 3492 1740 3580">
     <span class='ocr_line' id='line_1_25' title="bbox 486 3492 1740 3580; baseline 0.003 -22"><span class='ocrx_word' id='word_1_178' title='bbox 486 3492 571 3559; x_wconf 90' lang='lat' dir='ltr'>sicut</span> <span class='ocrx_word' id='word_1_179' title='bbox 585 3494 824 3578; x_wconf 87' lang='lat' dir='ltr'>propositiones</span> <span class='ocrx_word' id='word_1_180' title='bbox 834 3495 876 3560; x_wconf 92' lang='lat' dir='ltr'>de</span> <span class='ocrx_word' id='word_1_181' title='bbox 892 3501 1008 3562; x_wconf 76' lang='lat' dir='ltr'>inesse</span> <span class='ocrx_word' id='word_1_182' title='bbox 1024 3497 1206 3564; x_wconf 90' lang='lat' dir='ltr'>secundum</span> <span class='ocrx_word' id='word_1_183' title='bbox 1217 3497 1307 3580; x_wconf 82' lang='lat' dir='ltr'>leges</span> <span class='ocrx_word' id='word_1_184' title='bbox 1317 3496 1528 3562; x_wconf 87' lang='lat' dir='ltr'>contentasin</span> <span class='ocrx_word' id='word_1_185' title='bbox 1540 3516 1610 3562; x_wconf 85' lang='lat' dir='ltr'>ver·</span> <span class='ocrx_word' id='word_1_186' title='bbox 1739 3537 1740 3562; x_wconf 55' lang='lat' dir='ltr'>r</span> 
     </span>
    </p>
   </div>
   <div class='ocr_carea' id='block_1_13' title="bbox 486 3599 1610 3688">
    <p class='ocr_par' dir='ltr' id='par_1_13' title="bbox 486 3599 1610 3688">
     <span class='ocr_line' id='line_1_26' title="bbox 486 3599 1610 3688; baseline 0.004 -21"><span class='ocrx_word' id='word_1_187' title='bbox 486 3599 607 3667; x_wconf 90' lang='lat' dir='ltr'>siculis:</span> <span class='ocrx_word' id='word_1_188' title='bbox 609 3605 694 3687; x_wconf 69' lang='lat' dir='ltr'>JEcl</span> <span class='ocrx_word' id='word_1_189' title='bbox 701 3601 885 3684; x_wconf 78' lang='lat' dir='ltr'>simpliciter</span> <span class='ocrx_word' id='word_1_190' title='bbox 892 3602 1085 3669; x_wconf 82' lang='lat' dir='ltr'>convertitur</span> <span class='ocrx_word' id='word_1_191' title='bbox 1092 3611 1170 3668; x_wconf 77' lang='lat' dir='ltr'>etc:</span> <span class='ocrx_word' id='word_1_192' title='bbox 1182 3623 1216 3670; x_wconf 88' lang='lat' dir='ltr'>v.</span> <span class='ocrx_word' id='word_1_193' title='bbox 1228 3622 1264 3688; x_wconf 82' lang='lat' dir='ltr'>g,</span> <span class='ocrx_word' id='word_1_194' title='bbox 1275 3603 1426 3670; x_wconf 82' lang='lat' dir='ltr'>Possibiie</span> <span class='ocrx_word' id='word_1_195' title='bbox 1434 3605 1610 3671; x_wconf 75' lang='lat' dir='ltr'>estnuuum</span> 
     </span>
    </p>
   </div>
   <div class='ocr_carea' id='block_1_14' title="bbox 482 3866 1606 4824">
    <p class='ocr_par' dir='ltr' id='par_1_14' title="bbox 521 3866 1279 3942">
     <span class='ocr_line' id='line_1_27' title="bbox 521 3866 1279 3942; baseline 0.001 -16"><span class='ocrx_word' id='word_1_196' title='bbox 521 3868 563 3940; x_wconf 88' lang='lat'>(1)</span> <span class='ocrx_word' id='word_1_197' title='bbox 598 3867 674 3926; x_wconf 89' lang='lat' dir='ltr'>Vide</span> <span class='ocrx_word' id='word_1_198' title='bbox 687 3866 784 3942; x_wconf 84' lang='lat' dir='ltr'>ipsum</span> <span class='ocrx_word' id='word_1_199' title='bbox 796 3867 826 3926; x_wconf 89' lang='lat' dir='ltr'>in</span> <span class='ocrx_word' id='word_1_200' title='bbox 837 3869 993 3940; x_wconf 55' lang='lat' dir='ltr'>Summam,</span> <span class='ocrx_word' id='word_1_201' title='bbox 1009 3882 1092 3929; x_wconf 84' lang='lat' dir='ltr'>tract.</span> <span class='ocrx_word' id='word_1_202' title='bbox 1108 3891 1119 3928; x_wconf 88' lang='lat'>1</span> <span class='ocrx_word' id='word_1_203' title='bbox 1136 3889 1212 3928; x_wconf 81' lang='lat' dir='ltr'>vera.</span> <span class='ocrx_word' id='word_1_204' title='bbox 1226 3869 1279 3928; x_wconf 86' lang='lat' dir='ltr'>fin.</span> 
     </span>
    </p>

    <p class='ocr_par' dir='ltr' id='par_1_15' title="bbox 483 3955 1604 4121">
     <span class='ocr_line' id='line_1_28' title="bbox 519 3955 1604 4035; baseline 0.004 -19"><span class='ocrx_word' id='word_1_205' title='bbox 519 3963 561 4026; x_wconf 80' lang='lat' dir='ltr'>(a)</span> <span class='ocrx_word' id='word_1_206' title='bbox 597 3955 621 4015; x_wconf 84' lang='lat' dir='ltr'>F</span> <span class='ocrx_word' id='word_1_207' title='bbox 622 3977 734 4026; x_wconf 83' lang='lat' dir='ltr'>ouseoa,</span> <span class='ocrx_word' id='word_1_208' title='bbox 745 3959 843 4018; x_wconf 79' lang='lat' dir='ltr'>instit.</span> <span class='ocrx_word' id='word_1_209' title='bbox 856 3959 997 4030; x_wconf 60' lang='lat' dir='ltr'>Micca,</span> <span class='ocrx_word' id='word_1_210' title='bbox 1009 3958 1060 4018; x_wconf 90' lang='lat' dir='ltr'>lib.</span> <span class='ocrx_word' id='word_1_211' title='bbox 1078 3981 1104 4029; x_wconf 80' lang='lat'>3,</span> <span class='ocrx_word' id='word_1_212' title='bbox 1116 3979 1179 4032; x_wconf 83' lang='lat' dir='ltr'>cap.</span> <span class='ocrx_word' id='word_1_213' title='bbox 1193 3959 1503 4032; x_wconf 76' lang='lat' dir='ltr'>12;Tolet.,summut.</span> <span class='ocrx_word' id='word_1_214' title='bbox 1519 3961 1567 4020; x_wconf 88' lang='lat' dir='ltr'>lib.</span> <span class='ocrx_word' id='word_1_215' title='bbox 1578 3984 1604 4035; x_wconf 83' lang='lat'>3,</span> 
     </span>
     <span class='ocr_line' id='line_1_29' title="bbox 483 4065 589 4121; baseline -0.009 -15"><span class='ocrx_word' id='word_1_216' title='bbox 483 4068 544 4120; x_wconf 80' lang='lat' dir='ltr'>cap.</span> <span class='ocrx_word' id='word_1_217' title='bbox 564 4065 589 4121; x_wconf 87' lang='lat'>5.</span> 
     </span>
    </p>

    <p class='ocr_par' dir='ltr' id='par_1_16' title="bbox 483 4135 1605 4300">
     <span class='ocr_line' id='line_1_30' title="bbox 519 4135 1605 4212; baseline 0.009 -20"><span class='ocrx_word' id='word_1_218' title='bbox 519 4140 566 4210; x_wconf 83' lang='lat'>(3)</span> <span class='ocrx_word' id='word_1_219' title='bbox 602 4135 679 4196; x_wconf 85' lang='lat' dir='ltr'>Vide</span> <span class='ocrx_word' id='word_1_220' title='bbox 692 4137 783 4196; x_wconf 75' lang='lat' dir='ltr'>Arist.</span> <span class='ocrx_word' id='word_1_221' title='bbox 797 4137 972 4208; x_wconf 65' lang='lat' dir='ltr'>[Perillam.</span> <span class='ocrx_word' id='word_1_222' title='bbox 994 4157 1056 4211; x_wconf 87' lang='lat' dir='ltr'>cap.</span> <span class='ocrx_word' id='word_1_223' title='bbox 1084 4159 1126 4211; x_wconf 83' lang='lat'>¹3·</span> <span class='ocrx_word' id='word_1_224' title='bbox 1151 4137 1213 4198; x_wconf 81' lang='lat' dir='ltr'>cir.</span> <span class='ocrx_word' id='word_1_225' title='bbox 1236 4137 1364 4212; x_wconf 72' lang='lat' dir='ltr'>sylvest.</span> <span class='ocrx_word' id='word_1_226' title='bbox 1384 4139 1491 4212; x_wconf 83' lang='lat' dir='ltr'>Mauri,</span> <span class='ocrx_word' id='word_1_227' title='bbox 1516 4139 1605 4201; x_wconf 84' lang='lat' dir='ltr'>Com·</span> 
     </span>
     <span class='ocr_line' id='line_1_31' title="bbox 483 4225 1034 4300; baseline 0.005 -15"><span class='ocrx_word' id='word_1_228' title='bbox 483 4239 576 4287; x_wconf 84' lang='lat' dir='ltr'>ment.</span> <span class='ocrx_word' id='word_1_229' title='bbox 591 4225 623 4285; x_wconf 91' lang='lat' dir='ltr'>in</span> <span class='ocrx_word' id='word_1_230' title='bbox 638 4227 690 4285; x_wconf 87' lang='lat' dir='ltr'>lib.</span> <span class='ocrx_word' id='word_1_231' title='bbox 705 4247 732 4297; x_wconf 85' lang='lat'>2,</span> <span class='ocrx_word' id='word_1_232' title='bbox 748 4227 913 4286; x_wconf 76' lang='lat' dir='ltr'>Periherm.</span> <span class='ocrx_word' id='word_1_233' title='bbox 928 4248 991 4300; x_wconf 84' lang='lat' dir='ltr'>cap.</span> <span class='ocrx_word' id='word_1_234' title='bbox 1008 4251 1034 4300; x_wconf 82' lang='lat'>3.</span> 
     </span>
    </p>

    <p class='ocr_par' dir='ltr' id='par_1_17' title="bbox 482 4316 1606 4571">
     <span class='ocr_line' id='line_1_32' title="bbox 518 4316 1606 4390; baseline 0.007 -17"><span class='ocrx_word' id='word_1_235' title='bbox 518 4317 560 4389; x_wconf 83' lang='lat'>(4)</span> <span class='ocrx_word' id='word_1_236' title='bbox 594 4316 688 4374; x_wconf 80' lang='lat' dir='ltr'>Aliam</span> <span class='ocrx_word' id='word_1_237' title='bbox 699 4331 839 4390; x_wconf 83' lang='lat' dir='ltr'>praeterea</span> <span class='ocrx_word' id='word_1_238' title='bbox 857 4337 963 4378; x_wconf 80' lang='lat' dir='ltr'>nouam</span> <span class='ocrx_word' id='word_1_239' title='bbox 981 4319 1110 4378; x_wconf 82' lang='lat' dir='ltr'>tabulam</span> <span class='ocrx_word' id='word_1_240' title='bbox 1120 4317 1279 4380; x_wconf 81' lang='lat' dir='ltr'>modalium</span> <span class='ocrx_word' id='word_1_241' title='bbox 1292 4321 1456 4380; x_wconf 75' lang='lat' dir='ltr'>construxit</span> <span class='ocrx_word' id='word_1_242' title='bbox 1470 4322 1503 4380; x_wconf 88' lang='lat' dir='ltr'>P.</span> <span class='ocrx_word' id='word_1_243' title='bbox 1515 4321 1606 4381; x_wconf 82' lang='lat' dir='ltr'>Seba-</span> 
     </span>
     <span class='ocr_line' id='line_1_33' title="bbox 482 4404 1605 4484; baseline 0.005 -21"><span class='ocrx_word' id='word_1_244' title='bbox 482 4404 598 4464; x_wconf 80' lang='lat' dir='ltr'>stianus</span> <span class='ocrx_word' id='word_1_245' title='bbox 612 4406 765 4478; x_wconf 84' lang='lat' dir='ltr'>lequierdo</span> <span class='ocrx_word' id='word_1_246' title='bbox 779 4409 911 4474; x_wconf 70' lang='lat' dir='ltr'>(Pharus</span> <span class='ocrx_word' id='word_1_247' title='bbox 928 4409 1100 4480; x_wconf 60' lang='lat' dir='ltr'>Scantiae,</span> <span class='ocrx_word' id='word_1_248' title='bbox 1115 4409 1192 4483; x_wconf 83' lang='lat' dir='ltr'>disp.</span> <span class='ocrx_word' id='word_1_249' title='bbox 1218 4431 1259 4483; x_wconf 85' lang='lat'>19,</span> <span class='ocrx_word' id='word_1_250' title='bbox 1272 4425 1382 4484; x_wconf 60' lang='lat' dir='ltr'>quaeat,</span> <span class='ocrx_word' id='word_1_251' title='bbox 1395 4417 1432 4484; x_wconf 85' lang='lat'>5),</span> <span class='ocrx_word' id='word_1_252' title='bbox 1447 4411 1498 4484; x_wconf 90' lang='lat' dir='ltr'>qui</span> <span class='ocrx_word' id='word_1_253' title='bbox 1511 4411 1605 4470; x_wconf 78' lang='lat' dir='ltr'>lucius</span> 
     </span>
     <span class='ocr_line' id='line_1_34' title="bbox 483 4494 1304 4571; baseline 0.009 -20"><span class='ocrx_word' id='word_1_254' title='bbox 483 4513 572 4564; x_wconf 84' lang='lat' dir='ltr'>quam</span> <span class='ocrx_word' id='word_1_255' title='bbox 585 4494 689 4554; x_wconf 86' lang='lat' dir='ltr'>utilius</span> <span class='ocrx_word' id='word_1_256' title='bbox 702 4509 793 4556; x_wconf 81' lang='lat' dir='ltr'>totam</span> <span class='ocrx_word' id='word_1_257' title='bbox 807 4497 884 4556; x_wconf 84' lang='lat' dir='ltr'>hanc</span> <span class='ocrx_word' id='word_1_258' title='bbox 894 4497 1094 4557; x_wconf 81' lang='lat' dir='ltr'>tractationem</span> <span class='ocrx_word' id='word_1_259' title='bbox 1109 4499 1304 4571; x_wconf 80' lang='lat' dir='ltr'>persequitur.</span> 
     </span>
    </p>

    <p class='ocr_par' dir='ltr' id='par_1_18' title="bbox 483 4583 1605 4824">
     <span class='ocr_line' id='line_1_35' title="bbox 535 4583 1605 4664; baseline 0.006 -22"><span class='ocrx_word' id='word_1_260' title='bbox 535 4583 779 4658; x_wconf 81' lang='lat' dir='ltr'>AEquipollentiaa</span> <span class='ocrx_word' id='word_1_261' title='bbox 788 4587 997 4664; x_wconf 75' lang='lat' dir='ltr'>Contingems&#39;s</span> <span class='ocrx_word' id='word_1_262' title='bbox 1009 4587 1125 4660; x_wconf 83' lang='lat' dir='ltr'>propria</span> <span class='ocrx_word' id='word_1_263' title='bbox 1138 4589 1249 4660; x_wconf 84' lang='lat' dir='ltr'>sumpti</span> <span class='ocrx_word' id='word_1_264' title='bbox 1260 4589 1286 4648; x_wconf 81' lang='lat' dir='ltr'>si</span> <span class='ocrx_word' id='word_1_265' title='bbox 1293 4588 1362 4660; x_wconf 83' lang='lat' dir='ltr'>quis</span> <span class='ocrx_word' id='word_1_266' title='bbox 1369 4589 1508 4662; x_wconf 84' lang='lat' dir='ltr'>requirat,</span> <span class='ocrx_word' id='word_1_267' title='bbox 1524 4589 1605 4648; x_wconf 75' lang='lat' dir='ltr'>laede</span> 
     </span>
     <span class='ocr_line' id='line_1_36' title="bbox 483 4673 1605 4752; baseline 0.005 -20"><span class='ocrx_word' id='word_1_268' title='bbox 483 4673 590 4746; x_wconf 84' lang='lat' dir='ltr'>poterit</span> <span class='ocrx_word' id='word_1_269' title='bbox 607 4673 670 4747; x_wconf 82' lang='lat' dir='ltr'>ipse</span> <span class='ocrx_word' id='word_1_270' title='bbox 682 4675 809 4749; x_wconf 83' lang='lat' dir='ltr'>reperire</span> <span class='ocrx_word' id='word_1_271' title='bbox 820 4676 914 4748; x_wconf 78' lang='lat' dir='ltr'>exiis,</span> <span class='ocrx_word' id='word_1_272' title='bbox 931 4697 997 4749; x_wconf 77' lang='lat' dir='ltr'>quae</span> <span class='ocrx_word' id='word_1_273' title='bbox 1017 4676 1048 4736; x_wconf 86' lang='lat' dir='ltr'>ia</span> <span class='ocrx_word' id='word_1_274' title='bbox 1066 4677 1170 4737; x_wconf 80' lang='lat' dir='ltr'>ultima</span> <span class='ocrx_word' id='word_1_275' title='bbox 1190 4691 1259 4738; x_wconf 85' lang='lat' dir='ltr'>uota</span> <span class='ocrx_word' id='word_1_276' title='bbox 1281 4677 1468 4752; x_wconf 71' lang='lat' dir='ltr'>praecedentia</span> <span class='ocrx_word' id='word_1_277' title='bbox 1490 4678 1605 4740; x_wconf 77' lang='lat' dir='ltr'>articuli</span> 
     </span>
     <span class='ocr_line' id='line_1_37' title="bbox 483 4763 652 4824; baseline -0.012 0"><span class='ocrx_word' id='word_1_278' title='bbox 483 4777 554 4824; x_wconf 82' lang='lat' dir='ltr'>suut</span> <span class='ocrx_word' id='word_1_279' title='bbox 565 4763 652 4824; x_wconf 81' lang='lat' dir='ltr'>dieta.</span> 
     </span>
    </p>
   </div>
   <div class='ocr_carea' id='block_1_15' title="bbox 0 0 1750 5525">
    <p class='ocr_par' dir='ltr' id='par_1_19' title="bbox 0 0 1750 5525">
     <span class='ocr_line' id='line_1_38' title="bbox 0 0 1750 5525; baseline 0 3"><span class='ocrx_word' id='word_1_280' title='bbox 0 0 1750 5525; x_wconf 95' lang='lat' dir='ltr'> </span> 
     </span>
    </p>
   </div>
  </div>
 </body>
</html>
