3492 5525
466 496 581 559 Anne.
606 510 665 559 2³¹⁸
686 495 736 559 ue
757 494 929 559 Oerurous
1151 486 1217 576 ‘463

134 694 258 760 nempe
282 676 446 763 objectum
471 680 664 765 contingens
689 698 748 746 seu
775 679 963 745 indifferens
984 680 1027 744 ad
1051 677 1256 752 utrumlibet,

132 786 287 867 quatenus
300 788 380 852 tale:
399 788 468 853 lloe
486 796 580 871 pacto
595 788 703 853 futura
719 784 959 871 contingentia,
983 790 1138 871 quatenus
1151 786 1259 851 adbuc

133 891 334 959 continentur
346 894 381 958 in
394 894 593 977 dispositione
605 898 825 970 consummet
836 896 976 960 nondum
988 897 1067 959 sunt
1077 892 1257 975 inseipsis,

136 1011 307 1081 nequeunt
335 1020 407 1067 esse
432 1002 596 1087 objectum
621 986 763 1069 leientiae
788 1010 821 1067 et
841 1002 1040 1087 cognitionis
1066 1014 1180 1078 certae,
1202 1000 1260 1066 sed

134 1106 246 1171 solum
269 1108 442 1191 opinative
460 1108 667 1195 cognitionis.
686 1110 724 1175 Et
742 1108 775 1175 in
795 1112 855 1175 hoc
875 1128 975 1176 sensu
995 1110 1090 1176 docet
1112 1108 1148 1174 S.
1168 1107 1260 1173 l'bo-

136 1232 228 1289 mas,
245 1216 342 1281 etalii
360 1217 649 1309 communissime,
664 1217 746 1284 utin
760 1216 940 1303 Theologia
952 1216 1156 1293 videbimus,
1178 1217 1262 1280 tutu·

135 1340 173 1387 ra
187 1322 427 1408 contingentia,
440 1326 675 1409 prouinciam,
693 1344 752 1392 seu
766 1313 1081 1408 spectara‘secuneum
1094 1342 1262 1390 carnarum

132 1428 384 1511 dispositionem,
406 1450 447 1497 ne
466 1452 484 1497 a
503 1432 572 1499 Deo
591 1432 725 1517 quidem
745 1443 835 1499 certo
849 1434 1005 1518 cognosci
1021 1450 1129 1518 posse.
1299 1502 1303 1509 ,

209 1536 331 1603 Deinde
350 1538 514 1624 objectum
527 1542 624 1606 etlam
642 1538 859 1608 necessarlum
872 1549 981 1624 potest
998 1559 1070 1607 esse
1084 1538 1260 1624 opinabile,

134 1662 198 1710 seu
219 1662 284 1710 non
299 1646 389 1720 sciri,
409 1649 468 1712 sed
487 1647 651 1732 opinative
671 1648 842 1714 dumtaxat
857 1647 988 1734 attingi,
1005 1650 1032 1714 si
1045 1656 1262 1732 cognoscatur

135 1769 201 1836 per
219 1752 363 1818 medium
384 1772 471 1839 -pure
490 1755 677 1839 probabile,
698 1773 756 1821 seu
787 1774 853 1821 non
874 1756 1054 1821 necessario
1073 1772 1259 1821 connexum

136 1877 217 1924 cum
233 1860 440 1927 enuntiabilis
456 1862 603 1927 veritate.
624 1862 666 1927 Ur
682 1862 707 1927 sl
722 1880 846 1929 asseras
862 1862 961 1929 animi
977 1862 1110 1928 humani
1125 1863 1262 1928 immor·

135 1966 297 2032 talitatem
327 1986 368 2033 ex
396 1969 465 2035 sola
492 1968 680 2036 auctoritate
708 1970 765 2036 viri
793 1970 897 2052 docti3
921 1970 1148 2037 testimonium
1173 1970 1260 2036 enim

137 2074 202 2139 viri
221 2075 304 2139 docti
329 2085 439 2160 potest
465 2078 584 2154 tallere,
605 2078 744 2161 talisque
768 2088 818 2145 est
839 2088 980 2154 nature,
1000 2086 1039 2143 ut
1063 2093 1129 2144 non
1147 2078 1262 2143 inserat

139 2183 324 2247 necessario
344 2183 515 2250 veritatem
531 2184 576 2250 rei
595 2193 736 2251 testatae.
1116 2200 1119 2208 ·

162 2302 165 2307 ·
211 2287 358 2373 Denique
378 2290 451 2356 licet
469 2292 635 2375 objectum
656 2292 749 2359 sitin
773 2310 808 2357 se
832 2293 1064 2374 necessarium3
1085 2302 1118 2357 et
1143 2311 1264 2377 cogno-

138 2402 256 2464 scatur
283 2399 380 2462 etiam
399 2416 440 2463 ex
459 2400 571 2465 medio
594 2418 650 2483 per
682 2418 717 2465 se
736 2400 942 2467 infallibiliter
971 2418 1134 2482 connex03
1156 2410 1265 2484 potest

138 2502 249 2569 adhuc
267 2522 339 2570 esse
359 2506 533 2588 opinabile,
553 2508 581 2573 si
600 2508 683 2573 desit
704 2508 878 2575 evidentia.
902 2508 1038 2594 Objecta
1058 2508 1144 2574 enim
1164 2508 1267 2575 inevi-

137 2610 252 2677 dentia
270 2628 346 2677 curn
369 2630 435 2679 non
455 2612 520 2679 sint
546 2612 622 2679 aciei
642 2615 761 2681 mentis
780 2614 980 2681 sufficienter
1008 2616 1263 2701 proportionata,

141 2736 211 2784 non
232 2728 414 2805 repugnant
432 2720 520 2788 illam
540 2722 573 2788 in
593 2740 706 2789 eorum
726 2721 1003 2809 contemplatione
1016 2720 1153 2812 decipi(
1179 2722 1203 2813 ).
1272 2709 1276 2713 ’

212 2825 320 2902 Quare
339 2837 442 2905 actus,
463 2829 519 2912 qui
538 2839 595 2897 aut
619 2830 784 2916 objectum
805 2851 886 2916 pure
908 2833 1103 2918 contingens
1121 2832 1263 2917 attingit,

140 2942 203 3000 aut
220 2934 383 3019 objectum
404 2934 538 3020 quidem
558 2940 778 3005 necessarium
798 2939 940 3026 attingit,
962 2958 1028 3006 non
1048 2959 1126 3006 vero
1145 2959 1186 3005 ex
1201 2959 1268 3006 me·

141 3043 201 3108 dio
227 3041 420 3122 necessario,
440 3053 497 3110 aut
523 3045 639 3113 saltem
665 3064 731 3113 non
759 3047 937 3122 evidenter,
959 3056 1050 3113 actus
1077 3047 1265 3131 opinativus

141 3159 211 3230 est,
231 3167 289 3216 nec
305 3159 413 3218 certus
432 3169 504 3217 esse
523 3158 642 3236 potest,
664 3155 720 3237 qui
741 3173 806 3220 non
831 3164 977 3221 versetur
995 3155 1077 3220 circa
1097 3155 1264 3241 objectum

143 3257 365 3324 necessarium
392 3269 425 3324 et
450 3259 596 3338 evidens,
628 3270 725 3345 atque
744 3281 785 3328 ex
805 3262 915 3328 medio
943 3261 1124 3329 necessario
1149 3272 1183 3327 et
1201 3262 1268 3328 evi·

141 3365 249 3441 denti,
268 3365 296 3432 si
324 3385 435 3432 sermo
456 3367 497 3433 sit
521 3369 561 3434 de
590 3379 664 3435 actu
692 3378 781 3434 certo
807 3370 966 3436 naturalis
992 3370 1130 3438 ordinis.
1159 3370 1197 3436 Et
1221 3369 1267 3436 sic

145 3480 239 3558 patet
255 3475 350 3556 quale
370 3473 412 3540 sit
435 3473 599 3558 objectum
626 3475 801 3560 opinabile,
821 3489 853 3543 et
882 3478 1051 3561 quomodo
1081 3477 1122 3544 ab
1140 3478 1268 3562 objecto

144 3580 250 3648 scibili
264 3579 316 3646 vel
335 3591 424 3646 certo
442 3580 696 3651 discriminetur.

194 3705 249 3775 39.
296 3687 417 3773 Opinio
431 3687 584 3756 dividitur
595 3690 627 3756 in
640 3691 828 3773 probabilem
844 3699 876 3756 et
889 3691 1131 3774 improbabilem.
1146 3689 1270 3776 Impro-
1342 3717 1424 3773 opinio

144 3795 263 3864 babilis
282 3806 345 3871 est,
361 3815 437 3861 cum
458 3815 523 3862 non
543 3809 736 3883 suppetunt,
753 3807 810 3865 aut
827 3810 914 3865 certe
933 3817 999 3866 non
1017 3807 1269 3884 cognoscuntur
1291 3788 1481 3915 etffifflffffib

145 3903 291 3970 rationes
307 3901 506 3971 sufficientes
521 3906 561 3972 ad
575 3924 746 3973 assensum
760 3905 857 3974 etiam
873 3906 1134 3973 formidolosum.
1152 3906 1271 3974 Proba-

145 4011 223 4078 bilis
241 4023 304 4087 est,
332 4031 406 4095 quae
433 4013 539 4080 solido
566 4013 678 4080 nititur
706 4015 935 4089 fundamento,
965 4032 1032 4080 non
1060 4023 1171 4081 tamen
1200 4023 1268 4081 tam

143 4119 254 4207 gravi,
279 4121 369 4202 quod
387 4122 492 4188 valeat
511 4122 551 4189 ad
571 4124 797 4208 expellendam
819 4141 955 4188 omnem
979 4123 1185 4189 formidinem
1204 4119 1269 4211 (a).

187 4321 228 4384 (r)
265 4315 328 4376 Clr.
339 4317 431 4374 Tolet.
445 4317 476 4374 in
497 4337 521 4376 r.
533 4338 562 4390 p.
573 4339 602 4391 q.
618 4339 642 4388 r,
662 4340 689 4377 a.
706 4339 733 4376 a.
751 4320 810 4377 Hic
828 4340 919 4376 arnum
934 4319 1019 4376 debes
1033 4319 1269 4393 notare.;Logic.

144 4407 202 4467 lib.
217 4418 254 4464 r.·
271 4407 432 4464 Posterior.
448 4427 509 4480 cap.
521 4409 566 4478 26,
584 4409 667 4469 Unde
681 4410 791 4484 triplex
805 4417 847 4466 est
862 4408 1020 4482 opinabile.

185 4497 228 4566 (a)
264 4497 438 4555 Probabilia
451 4499 526 4555 enirn
540 4507 617 4567 sunt,
632 4500 727 4572 inquit
742 4497 897 4570 Stagirita,
911 4499 967 4571 (ι.θ
988 4497 1121 4573 Topicor.
1135 4517 1199 4570 cap.
1222 4505 1272 4568 ιθ)

144 4605 213 4662 qnoe
226 4585 363 4643 uidentur
376 4586 517 4657 omnibus,
529 4588 735 4662 perplurimis,
747 4597 799 4646 out
812 4589 1007 4662 sapientibus,
1019 4595 1047 4645 et
1055 4588 1110 4654 te.
1124 4589 1273 4646 velomni·

144 4678 218 4744 bua,
232 4673 281 4732 vel
297 4675 447 4749 plurimis,
463 4675 589 4734 maxime
603 4677 680 4735 notis
693 4683 722 4733 et
730 4677 831 4736 claris.
842 4675 1021 4748 Huiusmodi
1034 4689 1131 4736 autem
1143 4675 1272 4736 homini-

144 4769 209 4826 bus
222 4763 339 4836 probari
353 4778 516 4838 nequeunt,
529 4765 587 4826 nisi
596 4783 663 4838 quae
672 4765 765 4825 solido
774 4765 1071 4840 fulciunturpondere
1081 4764 1270 4831 morinorum.
