3492 5525
274 483 360 566 5111.
379 483 624 548 Putcosornue
644 499 746 547 onrco
766 499 809 545 er
830 498 1041 546 nnooasssos
1141 478 1179 544 81

93 663 243 730 Perarias
269 659 425 750 (Pereira)
442 662 645 740 valentinus,
671 659 721 728 vir
739 660 1001 738 eruditissimus,
1021 658 1077 744 qui
1105 670 1222 744 praeter

93 770 234 854 plurima
248 772 309 836 alia
327 789 426 856 opera
439 771 624 856 theologica
640 779 673 835 et
686 769 855 854 exegetica
872 768 1003 852 scripsit
1017 767 1067 832 Da
1084 786 1221 834 coremu-

92 879 185 944 mhrer
191 877 333 944 omnirrm
344 897 449 944 reram
460 877 656 944 naturalium
668 876 838 959 principiis
853 875 1109 959 etaffactiomhus
1122 877 1222 944 libros

97 1002 132 1068 ι5
157 983 221 1072 (1).
238 984 362 1052 Cursus
376 1003 454 1052 vero
466 983 711 1070 philosophicos
737 984 909 1050 ediderunt
930 985 1044 1049 Petras
1057 985 1222 1050 Hurtadus
1297 994 1373 1040 Petrus

92 1101 193 1178 gente
207 1094 362 1159 cantaber
379 1095 480 1160 domo
501 1093 754 1160 valmasedanus
767 1087 831 1177 Η-
846 1087 958 1179 1651),
979 1076 1223 1158 Bartholomaeus
1248 1065 1422 1182 Bffl'jffl,

93 1201 245 1277 Amicus,
281 1201 506 1285 neapolitanus
529 1197 593 1287 (†
612 1197 724 1285 1649),
740 1197 930 1266 Promissus
948 1199 1087 1285 Oomdm
1112 1200 1222 1267 matri·
1311 1222 1359 1288 cu..

92 1307 195 1374 tensis
211 1305 279 1396 (-{—
301 1305 416 1396 1651);
439 1307 595 1392 Georgius
617 1309 738 1378 Rhodes
764 1303 828 1394 Η-
854 1302 954 1395 ιόόι)
977 1306 1219 1383 avenionensis,
1280 1279 1389 1404 ᾞζῗ·

91 1415 282 1481 Franciscrrs
293 1410 1220 1502 Soores,lusitanus(-{-1659);aliisquemultisomissis,
1280 1424 1388 1479 Georoua
1431 1454 1435 1459 <

82 1522 226 1605 joannes
239 1519 675 1610 Baptishadrhenrdictism.
694 1520 778 1588 1622
792 1517 842 1606 4-
862 1519 963 1610 1706)
975 1522 1089 1600 italus,
1103 1523 1224 1609 «cujus
1287 1495 1379 1542 Μ

1281 1529 1391 1610 ῖηικίκῖ

92 1630 222 1696 celebre
238 1647 361 1696 nornen
377 1629 409 1696 in
432 1630 640 1715 Philosophia
656 1628 879 1716 peripatetica:
895 1627 996 1696 edidit
1010 1629 1098 1697 enim
1112 1630 1224 1696 Philo·
1295 1635 1383 1688 sonex.

90 1738 233 1820 sophiam
252 1737 487 1820 peripateticam
511 1747 538 1804 t.
564 1754 581 1821 5
606 1736 680 1826 (sed
702 1749 816 1804 tomus
840 1737 980 1822 quintus
1004 1743 1070 1803 non
1091 1733 1224 1823 prodiit)
1249 1705 1422 1829 fflefflj

92 1847 415 1930 comprehensam...
427 1853 461 1910 et
476 1845 592 1911 Lettmo
601 1846 803 1930 apologetiche
813 1845 847 1910 in
857 1845 1051 1930 disesadrlla
1067 1844 1224 1926 Theologra

91 1971 109 2016 e
135 1952 285 2039 Filosqia
303 1953 520 2036 parrpatrtica,
534 1953 600 2018 sub
619 1952 755 2020 nomine
773 1954 940 2018 Benedrtto
959 1951 1128 2020 Alalino...
1148 1969 1225 2036 quae

93 2059 217 2146 scripta
228 2069 309 2127 sunt
323 2061 480 2127 adversus
494 2059 627 2128 Cartesii
648 2058 918 2144 Philosophiam»
932 2058 945 2148 (
970 2058 996 2148 ).

138 2171 198 2254 98.
249 2167 313 2234 Sed
322 2170 391 2254 jam
406 2168 607 2234 veniendum
622 2176 673 2233 est
687 2169 728 2234 ad
747 2185 867 2234 novam
892 2169 944 2233 vel
966 2177 1130 2234 recentem
1150 2165 1225 2233 Phi·
1269 2189 1411 2250 Philosophia

93 2275 302 2359 losophiam,
319 2293 426 2360 quaea
446 2276 592 2343 Canesio
607 2275 734 2342 initium
755 2275 882 2342 habuit.
906 2277 1044 2343 Romalas
1064 2274 1225 2352 Carlasias
1282 2267 1392 2384 'iffi
1433 2307 1436 2314 ‚

92 2379 180 2462 (Des
199 2381 327 2468 Cartes)
354 2392 449 2449 natus
474 2383 579 2450 estin
603 2382 705 2448 Gallia
726 2381 759 2448 in
783 2383 905 2468 oppido
935 2384 1025 2470 hlaye
1048 2383 1224 2449 Provinciae
1278 2409 1398 2455 emarus

93 2488 548 2577 Tourainensisann01596,
573 2491 799 2574 absolutisque
821 2491 956 2568 studiis,
984 2489 1132 2556 militiam
1162 2491 1226 2573 pri·

94 2617 194 2664 mum
213 2603 369 2676 secutus,
391 2597 509 2664 deinde
524 2598 628 2664 varias
644 2597 792 2664 nationes
818 2597 1019 2684 peragravit,
1035 2617 1072 2663 ac
1089 2598 1225 2663 demum

93 2705 138 2771 ad
162 2689 376 2773 scribendum
400 2724 436 2772 se
458 2700 806 2795 contulit(†1650).
834 2707 868 2772 ln
890 2705 945 2771 illo
972 2705 1129 2791 principio
1158 2723 1226 2789 quo

94 2814 217 2881 statuit
231 2814 617 2880 nihilcssradmillendum
631 2818 788 2898 tamquam
801 2824 911 2880 aarum
925 2814 991 2880 nisi
1000 2816 1085 2899 qaod
1100 2814 1227 2879 mirans

93 2926 159 2997 cst,
176 2932 364 3007 agnoscunt
380 2922 474 2987 multi
487 2921 762 2997 rationalismum,
779 2921 836 3005 qui
851 2930 987 3007 putatur
1000 2940 1073 2988 esse
1098 2920 1228 3007 propria

95 3043 227 3098 tessera
246 3030 402 3095 doctrinae
416 3027 612 3096 Canesianre
626 3024 691 3117 (5).
715 3028 797 3094 Hinc
817 3029 930 3095 Victor
951 3029 1118 3096 Cousinus
1142 3048 1229 3095 asse-

96 3137 183 3206 ruit:
207 3134 446 3219 «Philosophia,
461 3152 531 3220 qam
545 3134 721 3201 Cartrsiam
733 3140 952 3219 praecesserat,
968 3140 1041 3203 erat
1055 3136 1227 3220 Theologio,

96 3251 136 3313 al
153 3244 356 3326 Philosophia
370 3242 507 3309 Carrasir'
526 3246 575 3309 cst
588 3243 744 3325 separatio
763 3243 1005 3326 Philosophiae
1029 3242 1257 3337 Theologio.»··

100 3355 232 3419 Horum
249 3350 391 3435 primum
407 3351 525 3417 salsum
542 3360 608 3428 est,
625 3350 732 3434 inquit
747 3350 819 3419 Em.
837 3352 934 3418 Card.
954 3350 1136 3430 Ganzalea,
1153 3351 1231 3436 quia

100 3464 180 3528 licet
194 3458 402 3544 Philosophia
415 3466 491 3524 ante
504 3456 688 3524 Cartesium
703 3459 807 3523 amice
815 3478 892 3525 cum
905 3459 1085 3545 Theologia
1096 3478 1231 3526 concor·

99 3570 219 3643 dabat,
237 3576 305 3631 erat
317 3574 429 3631 tamen
444 3565 579 3632 scientia
593 3567 634 3632 ab
649 3566 763 3631 eadem
779 3566 948 3648 distincta3
964 3568 1103 3632 alterum
1119 3575 1230 3632 autem

100 3674 318 3743 verissimum
338 3674 462 3751 existit,
481 3692 521 3739 eo
543 3674 630 3738 enim
650 3674 755 3740 tendit
779 3674 905 3739 indoles
918 3674 1105 3741 cartesianae
1125 3673 1232 3740 Philo-

101 3782 250 3869 sophiae,
266 3791 304 3847 ut
317 3800 336 3846 a
349 3778 527 3866 Theologia
541 3781 719 3847 divortium
739 3782 833 3847 faciat
846 3777 912 3869 (4).
935 3782 1100 3849 Caeterum
1115 3801 1233 3866 quarn-

102 3910 210 3979 quam
228 3888 413 3956 Cartesium
427 3887 469 3954 de
483 3886 627 3955 scientiis
644 3888 886 3955 mathematicis
900 3908 938 3954 ac
951 3890 1089 3975 Physica
1107 3888 1235 3974 experi-

105 3998 244 4069 mentali
258 3999 342 4064 bene
357 3994 517 4063 meruisse
530 4008 739 4081 compertum
755 4008 822 4075 est,
848 3995 945 4063 varie
958 4004 1070 4063 tamen
1088 3996 1178 4063 fuere
1192 3995 1233 4063 de

106 4224 378 4246 *ηιμ-ἑ...-

139 4331 184 4395 (ι)
221 4320 320 4393 Huiue
329 4314 430 4379 laudes
439 4313 669 4377 auetorisiusiue
687 4315 779 4376 rideri
792 4330 917 4390 possunt
929 4317 1008 4390 apud
1021 4316 1113 4377 Nicol.
1121 4318 1233 4379 hoton.

106 4414 165 4491 Op.
182 4414 234 4473 eit.
245 4412 304 4470 vol.
318 4430 348 4480 r,
363 4428 392 4481 p.
404 4428 466 4477 arr,
481 4425 544 4477 ara,
564 4405 601 4465 H.
618 4406 729 4467 Hurter
742 4426 791 4481 op.
806 4408 854 4468 cit.
867 4420 889 4468 t.
903 4429 914 4466 r
931 4428 999 4481 pag.
1014 4428 1067 4483 330
1080 4426 1162 4481 seqq.

139 4512 185 4576 (2)
222 4498 263 4562 ll.
279 4500 388 4559 Hurter
402 4496 460 4569 Op.
475 4496 552 4555 cita
567 4514 643 4569 pars.
658 4518 682 4566 1,
698 4516 766 4572 pag.
778 4498 843 4571 655.

138 4598 187 4671 (3)
221 4590 303 4649 Vide
315 4588 379 4647 suae
391 4586 429 4645 de
447 4586 496 4645 hie
513 4584 706 4647 disserentem
725 4587 762 4647 C.
780 4586 936 4659 Gonzalez,
951 4586 1011 4661 Op,
1024 4586 1076 4648 eit.
1091 4599 1113 4648 t.
1128 4610 1155 4662 3.
1171 4608 1233 4662 par,

103 4684 218 4765 ΜΓ·
243 4700 308 4757 1³²¹·
323 4699 366 4753 39·
380 4696 427 4752 47·

138 4780 186 4853 (4)
223 4768 383 4839 Gonnte,
399 4765 490 4841 Opes.
505 4762 555 4827 eit.
570 4784 632 4841 par.
647 4767 694 4843 4⁸·
