3492 5525
547 473 606 559 238
740 475 863 539 Loorcn
883 473 1132 542 uuor-orso.
1156 487 1202 538 a·
1221 475 1302 538 Can.
1329 489 1398 538 rem

506 658 594 724 sumi
618 658 825 743 infinitanter.
853 657 938 726 Sunt
960 657 1048 724 enirn
1076 659 1132 743 qui
1160 659 1347 726 existimant
1366 658 1398 726 in
1419 677 1628 743 quacumque

506 766 727 850 propositione
744 767 900 851 particula
914 785 977 833 non
997 766 1182 852 praeligatur
1201 767 1318 844 verbo,
1340 785 1475 834 sensum
1496 768 1628 832 reddere
1728 767 1729 772 ’

506 872 694 959 negativum
710 881 810 957 atque
823 874 904 940 adeo
918 874 1051 960 signum
1071 891 1161 952 esse,
1183 874 1273 959 quod
1289 875 1499 958 praedicatum
1520 874 1629 958 subje—
1728 959 1729 970 ἵ

506 989 561 1045 cto
581 998 648 1047 non
666 980 857 1059 conveniat,
888 980 1023 1054 minime
1050 1000 1128 1047 vero
1151 982 1341 1066 particulam
1361 982 1448 1048 illam
1468 979 1630 1066 infinitam
1728 985 1729 1070 f

504 1087 778 1172 significationem
806 1089 915 1155 verbi:
945 1090 1178 1172 quamobrem,
1207 1089 1338 1166 dicunt,
1371 1090 1509 1155 verbum
1538 1097 1627 1155 extra
1728 1109 1729 1178 3

505 1195 780 1279 propositionem,
800 1205 908 1280 potest
927 1196 1085 1281 infinitam
1102 1215 1192 1274 esse,
1213 1207 1329 1262 utnon
1348 1200 1436 1263 valet
1451 1218 1484 1264 v.
1501 1217 1536 1283 g.
1556 1197 1630 1262 infr·

504 1302 610 1368 nitum
630 1311 696 1378 est,
719 1303 747 1370 si
766 1304 918 1389 exprimit
934 1323 998 1370 nan
1016 1305 1244 1387 arundineum·
1263 1312 1296 1370 at
1314 1324 1393 1373 vero
1408 1305 1488 1370 intra
1509 1323 1630 1389 propo-
1728 1297 1729 1344 ³

503 1409 659 1476 sitionem
678 1429 758 1477 usus
771 1412 840 1497 jam
860 1410 1018 1487 obtinuit,
1039 1420 1076 1478 ut
1103 1411 1261 1495 particula
1276 1431 1340 1478 non
1358 1411 1453 1478 unice
1478 1411 1631 1478 adhibea-

502 1525 572 1592 tur,
593 1526 626 1584 et
639 1517 837 1604 intelligatur
851 1519 884 1584 in
899 1536 998 1586 sensu
1014 1518 1178 1604 negativo.
1197 1519 1240 1584 lta
1253 1519 1336 1586 inter
1351 1519 1431 1585 alios
1442 1519 1478 1584 P.
1490 1519 1630 1599 loannes

503 1625 580 1691 aS.
598 1625 727 1693 Thoma
751 1622 765 1713 (
772 1623 819 1713 1):
840 1626 937 1710 idque
955 1627 1083 1692 videtur
1108 1626 1258 1692 docuisse
1281 1626 1460 1713 Angelicus
1487 1627 1520 1690 in
1541 1645 1630 1692 com-

503 1740 616 1798 mento
627 1750 726 1817 super
738 1734 920 1799 secundum
937 1733 1054 1799 librum
1065 1735 1106 1800 de
1120 1734 1400 1818 interpretatione:
1416 1735 1517 1800 Extra
1531 1751 1631 1799 enun-

502 1839 660 1905 tiationem
672 1843 774 1924 potest
785 1841 887 1923 accipi
898 1843 1025 1908 verdum
1036 1841 1195 1926 infinitum
1205 1849 1263 1924 per
1276 1845 1401 1907 nudum
1414 1841 1511 1906 unius
1523 1841 1630 1906 aurio

500 1946 568 2025 nis,
586 1947 709 2013 sr'eutet
722 1929 833 2014 nomen
851 1949 1028 2034 infinitum.
1047 1950 1111 2016 Sed
1122 1952 1248 2034 meando
1260 1949 1379 2033 negatio
1395 1950 1528 2014 additur
1537 1950 1630 2014 uerbo

499 2053 535 2118 in
552 2054 765 2122 annonariam
776 2056 892 2138 positar,
909 2058 1034 2142 negatio
1046 2057 1104 2123 rua
1119 2061 1254 2124 removet
1266 2059 1395 2124 verbum
1412 2058 1452 2124 alr
1464 2057 1586 2142 atrquo,
1601 2062 1633 2122 et

421 2185 443 2256 q
471 2181 481 2292 q
499 2160 544 2226 sic
553 2161 641 2246 sarit
653 2163 896 2230 enuntiationem
913 2143 1208 2270 negativam.{Qreod
1220 2183 1283 2230 non
1296 2165 1413 2231 arcuit
1423 2168 1561 2248 exparte
1574 2183 1631 2229 no-

440 2272 448 2302 ¹
499 2270 610 2347 minis,
631 2287 694 2335 non
710 2272 795 2337 enim
811 2272 984 2338 mundatio
1005 2271 1136 2356 efficitur
1152 2273 1293 2356 negativa
1310 2272 1376 2338 nisi
1385 2279 1442 2354 per
1459 2273 1530 2348 hoc,
1546 2275 1631 2357 quod
1728 2349 1729 2360 χ

499 2379 626 2460 negetrrr
641 2379 832 2460 compositae,
848 2397 919 2464 qua
936 2380 1122 2462 importatur
1139 2380 1173 2444 in
1187 2356 1305 2454 undo]
1311 2384 1344 2445 et
1352 2381 1424 2460 ,ideo
1438 2373 1566 2445 uerbum
1580 2381 1630 2444 in·

491 2483 628 2568 finitum
639 2486 776 2568 positam
792 2487 827 2551 in
844 2487 1055 2553 enuntiatione
1065 2487 1260 2572 sitoerlrum
1277 2488 1455 2570 negativum
1472 2484 1536 2575 (2).
1728 2557 1729 2578 ,

569 2592 630 2677 Alii
650 2612 728 2658 vero
756 2603 908 2672 censent,
931 2595 1005 2660 lic'et
1029 2597 1223 2679 plerumque
1242 2595 1430 2678 particulam
1459 2613 1523 2659 non
1541 2595 1628 2660 aliud

503 2717 569 2767 non
589 2701 698 2778 iaciat,
718 2720 818 2786 quarn
848 2703 982 2769 reddere
1000 2702 1256 2788 propositionem
1286 2695 1489 2788 negativam,
1516 2703 1628 2769 relicto

503 2808 604 2874 verbo
621 2808 654 2874 in
674 2826 732 2875 sua
757 2810 891 2895 pristina
909 2819 943 2876 et
959 2811 1171 2877 determinata
1189 2808 1444 2896 significatione,
1465 2828 1563 2895 posse
1581 2818 1629 2875 ta-

503 2934 596 2993 men,
632 2918 830 3001 quandoque
856 2918 1020 3003 infinitate
1046 2918 1201 2996 verbum,
1231 2918 1312 3001 quin
1347 2918 1460 2983 reddat
1493 2935 1626 2983 sensum

502 3024 656 3090 orationis
674 3024 877 3110 negativum,
898 3027 931 3092 id
949 3028 1038 3109 quod
1057 3046 1098 3093 ex
1115 3026 1340 3092 contextu‘vel
1360 3026 1521 3111 adjunctis
1538 3026 1629 3111 judi-

502 3132 644 3197 candum
663 3140 725 3198 est.
747 3134 790 3199 lta
806 3134 904 3201 ersi...
925 3134 1134 3219 interroganti
1154 3133 1233 3217 quid
1252 3134 1320 3219 agit
1339 3134 1476 3210 amicus,
1497 3133 1626 3218 speciali

386 3281 388 3284 -
503 3239 594 3305 vocis
612 3248 694 3307 tono
722 3241 933 3324 respondeas:
957 3241 1052 3308 Certe
1070 3258 1132 3307 non
1151 3240 1282 3317 dormit,
1313 3259 1379 3306 non
1409 3250 1476 3306 tarn
1504 3239 1627 3306 efficies

504 3345 759 3431 propositionem
780 3348 983 3433 negativam,
1004 3367 1103 3432 quam
1126 3348 1360 3425 afirmativam,
1385 3347 1426 3413 de
1451 3348 1552 3413 verbo
1576 3346 1625 3413 in-

503 3454 608 3520 finito.
630 3456 663 3519 ln
684 3454 724 3521 ils
751 3456 871 3540 quippe
899 3455 1150 3541 circunstantiu,
1171 3455 1221 3521 hic
1240 3455 1368 3521 videtur
1394 3472 1468 3521 esse
1492 3472 1629 3539 respon-

409 3627 412 3631 ,
503 3560 605 3627 sionis
623 3579 751 3628 sensus:
771 3564 904 3629 Amicus
920 3564 1043 3648 alequid
1052 3564 1127 3647 agit,
1142 3565 1226 3647 quod
1242 3582 1306 3628 non
1319 3566 1367 3627 est
1382 3562 1545 3628 dormire»
1559 3559 1626 3649 (3).

503 3668 607 3734 Simili
627 3670 729 3736 modo
747 3672 844 3737 etiam
864 3671 896 3738 in
917 3672 977 3737 hoc
995 3672 1201 3759 syllogismo:
1226 3668 1319 3751 Quod
1335 3688 1399 3735 non
1417 3675 1463 3735 est
1478 3672 1628 3753 composi-

501 3780 566 3841 tum
578 3776 825 3844 estindiot'sidle.
837 3779 939 3865 Atqui
947 3779 1055 3844 anima
1068 3778 1206 3844 bunmna
1219 3760 1282 3843 non
1295 3782 1343 3843 est
1349 3776 1526 3860 composita.
1544 3778 1629 3861 Ergo

498 3882 705 3951 indivisibilis
721 3889 787 3969 est,·
805 3886 961 3970 particula
979 3904 1102 3971 negans
1123 3885 1257 3951 minoris
1281 3884 1513 3970 propositionis
1536 3894 1627 3952 certe

500 4010 567 4058 non
585 3991 685 4059 afficit
703 3977 872 4077 copulam,
893 3994 951 4061 sed
969 3994 1077 4078 potius
1097 3992 1200 4059 reddit
1219 4010 1354 4061 sensum
1374 3991 1557 4070 infinitum,
1575 3992 1626 4059 vis

498 4100 586 4165 enim
607 4100 743 4168 minoris
768 4102 855 4169 illius
881 4121 918 4168 ac
941 4100 1134 4188 significatio
1163 4102 1231 4167 haec
1255 4110 1321 4167 est:
1351 4100 1471 4168 Anima
1488 4100 1627 4168 humma

532 4318 574 4382 (r)
608 4315 827 4375 illustrationes
841 4314 872 4373 in
886 4312 1029 4373 Summul.
1044 4327 1149 4386 quaest.
1165 4335 1198 4387 3,
1214 4334 1241 4373 a.
1257 4334 1284 4372 a.

532 4409 574 4471 (a)
610 4404 675 4465 Lib.
692 4405 933 4475 aPeritrermen.,
955 4404 1020 4463 leet.
1039 4426 1061 4462 r.
1090 4404 1127 4463 Et
1142 4424 1194 4477 pro
1208 4403 1374 4463 haeeaderu
1394 4402 1540 4465 sententia
1559 4402 1627 4464 leu-

496 4492 606 4553 dantur
618 4494 784 4554 Alexander
798 4494 1022 4569 Aphrodisaeua,
1043 4494 1162 4553 Boetius
1174 4507 1204 4555 et
1224 4494 1363 4554 Albertue
1383 4494 1515 4569 Magnus
1527 4514 1545 4553 ι
1559 4494 1625 4555 Co·
1728 4510 1729 4571 j

496 4579 742 4645 nimbrieensibue
760 4584 916 4655 (Dialeon,
936 4584 972 4645 de
991 4583 1145 4659 interpret.
1161 4604 1185 4644 c.
1201 4604 1216 4657 3
1239 4596 1268 4643 et
1281 4604 1314 4658 4,
1329 4598 1433 4657 quaest.
1458 4604 1490 4655 a,
1514 4598 1572 4645 art.
1593 4605 1625 4660 4,

496 4686 573 4839 ”gl
587 4694 752 4835 ¹'hamarim
767 4763 865 4823 instit.
879 4762 1017 4831 orrum,
1031 4761 1109 4838 disp.
1124 4782 1153 4835 a,
1165 4782 1231 4837 cap.
1243 4780 1277 4837 4,
1292 4782 1321 4824 u.
1337 4784 1364 4835 3·
1428 4792 1431 4799 ·
