3492 5525
528 479 582 544 17²
715 462 840 528 Locren
860 462 1116 530 Minoa-Dran.
1144 465 1383 530 1.⁸Cn1³..2.¹²1¹¹

551 647 597 712 Ex
615 648 665 714 his
683 647 750 715 duo
768 649 859 715 tacite
877 651 1010 736 colliges
1027 648 1082 738 e):
1107 649 1276 735 Proprium
1295 669 1353 718 seu
1374 653 1604 738 proprietatem

485 772 557 821 esse
571 755 728 822 indicium
742 758 883 842 prodens
904 767 938 824 et
952 758 1199 842 quodammodo
1222 760 1434 826 manifestans
1448 761 1604 828 latentem

485 863 529 928 rei
553 863 747 941 essentiam,
773 873 821 931 est
840 865 928 931 enim
948 867 1041 950 quasi
1063 868 1211 933 surculus
1236 867 1276 932 ab
1294 868 1345 934 illa
1370 869 1548 952 pullulans.
1569 869 1607 935 Et

484 971 641 1054 quoniam
661 971 799 1058 singula
818 974 985 1051 essentiae,
1002 992 1061 1058 pro
1082 974 1218 1041 diversis
1236 977 1304 1042 suis
1321 976 1476 1060 gradibus
1494 995 1531 1042 ac
1545 976 1607 1042 dil-

483 1079 646 1156 ierentiis,
684 1079 822 1146 diversis
858 1099 994 1164 quoque
1030 1091 1192 1163 ornantur,
1224 1082 1494 1166 proprietatibus,
1532 1082 1606 1151 ideo

483 1184 630 1253 definitio
659 1194 693 1252 et
724 1196 958 1272 argumentum
996 1207 1038 1254 ex
1074 1189 1326 1273 proprietatibus
1356 1191 1604 1274 depromptum,

483 1294 617 1378 quando
636 1293 679 1360 rei
698 1294 840 1361 essentia
857 1294 891 1361 in
910 1315 945 1362 se
968 1296 1067 1362 videri
1084 1297 1214 1380 nequit,
1236 1297 1441 1381 aptissimum
1462 1309 1512 1367 est
1527 1318 1609 1383 prae·

483 1401 619 1478 sidium,
640 1402 730 1486 quod
744 1403 785 1470 ad
798 1421 871 1469 eam
885 1405 1150 1490 cognoscendam
1166 1405 1377 1472 imbecillitati
1396 1414 1515 1472 nostrae
1530 1425 1609 1490 sup-

483 1508 564 1594 petit
578 1508 611 1576 in
631 1511 691 1576 bac
706 1511 784 1578 vita.

549 1613 591 1705 β)
608 1615 750 1703 colliges
776 1618 874 1685 etiam
900 1635 959 1685 cur
980 1619 1147 1703 proprium
1173 1617 1298 1690 dicatur
1323 1618 1411 1702 prius
1431 1621 1608 1686 convenire

482 1725 618 1809 speciei,
640 1737 672 1793 et
690 1724 852 1809 posterius
870 1725 1057 1792 individuis.
1079 1725 1162 1791 Nam
1181 1727 1222 1793 de
1236 1727 1287 1810 bis
1306 1726 1439 1811 quidem
1455 1729 1609 1811 praedica-

481 1843 535 1900 tur
554 1833 720 1916 proprium
736 1834 936 1910 necessario,
958 1853 1072 1900 verum
1096 1852 1162 1900 non
1182 1835 1315 1918 praecise
1338 1836 1414 1919 quia
1434 1847 1512 1904 sunt
1530 1837 1609 1902 talaia

481 1937 664 2018 indr'oritua,
685 1942 743 2007 sed
761 1942 838 2024 quia
856 1941 915 2006 tali
932 1941 1076 2027 gaudent
1089 1943 1234 2008 essentia.
1250 1941 1302 2007 Sic
1317 1942 1480 2010 risibilitas
1493 1945 1609 2027 praedi-
1694 1964 1699 1977 ·

481 2056 575 2114 catur
591 2048 632 2113 de
656 2048 765 2132 specie
789 2051 933 2115 bumana
951 2058 985 2114 et
1004 2051 1045 2114 de
1068 2049 1349 2117 individuisz-baec
1371 2069 1450 2117 vero
1474 2069 1541 2117 non
1560 2052 1609 2116 di-

481 2165 602 2224 cuntur
620 2155 761 2235 risibilia,
777 2157 853 2240 quia
870 2166 948 2223 sunt
963 2158 1074 2223 Petrus
1087 2166 1120 2223 et
1136 2157 1258 2223 Paulus
1272 2165 1355 2233 etc,
1367 2159 1424 2224 sed
1438 2159 1515 2241 quia
1528 2168 1608 2225 sunt

481 2266 583 2347 bonro;
606 2266 760 2331 nimirum
782 2283 849 2332 non
869 2263 991 2331 ratione
1013 2264 1296 2344 individuationis,
1316 2266 1375 2332 sed
1394 2265 1518 2332 ratione
1535 2285 1609 2352 spe-
1729 2339 1730 2362 ἒ

481 2372 540 2442 ciei
559 2374 719 2456 adquam
739 2369 934 2461 pertinent(
960 2369 983 2462 ).

275 2506 460 2561 Quianam„
527 2483 582 2564 48.
629 2481 777 2548 Tandem
795 2482 941 2546 accuens
958 2481 1045 2548 sumi
1064 2489 1171 2565 potest
1190 2483 1242 2547 vel
1261 2481 1294 2546 in
1317 2499 1416 2548 sensu
1438 2483 1610 2568 metaphy-

482 2591 550 2660 sico
569 2591 619 2656 vel
638 2590 671 2654 in
690 2607 790 2656 sensu
809 2590 926 2674 logico.
948 2591 981 2654 ln
1002 2606 1101 2654 sensu
1118 2589 1343 2676 metaphysico
1361 2598 1411 2654 est
1433 2597 1541 2655 totum
1560 2591 1606 2666 id,

482 2700 571 2785 quod
595 2699 629 2765 in
650 2717 710 2766 sua
732 2699 868 2765 entitate
893 2707 1031 2764 nonest
1057 2697 1254 2765 substantia:
1283 2697 1495 2783 Metapbysici
1519 2699 1607 2765 enim

482 2808 632 2875 dividunt
652 2826 711 2873 ens
730 2807 911 2893 generatim
937 2806 969 2871 in
993 2806 1075 2872 duas
1093 2806 1230 2881 classes,
1250 2805 1283 2869 in
1303 2824 1362 2871 ens
1376 2812 1436 2888 per
1451 2824 1485 2872 se
1504 2810 1605 2889 stans,
1728 2812 1729 2893 ζ

483 2934 541 2983 seu
561 2934 627 2981 non
642 2915 793 3000 indigens
807 2914 869 2979 alio
883 2922 1054 2998 tamquam
1070 2912 1233 2997 subjecto,
1249 2914 1302 2978 cui
1321 2913 1438 2978 debeat
1452 2912 1608 2979 inhaerere

483 3024 524 3089 ad
542 3023 769 3109 existendum,
788 3022 887 3105 idque
909 3030 1026 3089 vocant
1043 3020 1267 3102 substanttam·
1286 3030 1319 3085 et
1337 3021 1369 3086 in
1394 3039 1454 3087 ens
1474 3020 1609 3087 existens

483 3131 518 3197 in
536 3131 601 3197 atio
618 3138 788 3213 tamquam
806 3131 959 3217 subjecto,
981 3139 1014 3195 et
1032 3129 1064 3195 id
1083 3129 1246 3213 appellant
1263 3128 1420 3193 accidens.
1442 3129 1518 3195 llaec
1530 3122 1609 3213 ergo

484 3238 706 3305 denominatio
727 3236 901 3303 accidentis
926 3236 1139 3323 metaphysici
1158 3235 1342 3302 desumitur
1360 3255 1402 3301 ex
1421 3236 1523 3302 modo
1541 3254 1610 3321 quo

486 3366 537 3414 res
554 3348 587 3413 in
602 3364 662 3412 sua
681 3343 814 3431 physica
832 3344 975 3412 realitate
990 3343 1098 3409 existit
1113 3345 1145 3409 in
1160 3362 1269 3409 rerum
1292 3354 1418 3411 natura.
1439 3344 1477 3409 Et
1491 3344 1532 3409 de
1547 3346 1610 3411 hoc

485 3454 641 3521 accidenti
654 3471 764 3519 sermo
781 3453 842 3519 erit
855 3453 889 3519 in
908 3452 1099 3536 Ontologia.

552 3560 714 3628 Accidens
732 3578 811 3626 vero
832 3561 924 3643 quod
944 3559 1098 3643 quintum
1121 3556 1324 3641 praedicabile
1342 3558 1528 3635 constituit,
1550 3578 1610 3625 vo

485 3678 578 3739 catur
594 3670 745 3753 iogr'crnm,
765 3687 803 3733 ac
821 3664 960 3733 describi
980 3674 1105 3750 potest,
1125 3666 1160 3730 id
1176 3666 1260 3750 quod
1275 3668 1315 3729 de
1326 3666 1474 3747 pluriores
1487 3668 1610 3749 praedi-

484 3782 577 3845 cetur
592 3776 628 3841 r'n
645 3778 755 3861 quate,
775 3794 838 3840 non
864 3774 1039 3840 necessario
1062 3775 1118 3839 sed
1140 3772 1371 3856 contingenter:
1390 3790 1449 3839 seu
1472 3773 1506 3840 id
1525 3778 1612 3859 quod

484 3888 524 3951 de
545 3885 691 3967 plantus
709 3882 906 3965 prodientem
931 3885 1087 3965 tamquam
1112 3879 1237 3964 abund
1261 3880 1476 3964 contingenter
1499 3888 1611 3963 super·
1726 3900 1727 3963 4

484 3993 613 4059 reninis
629 4008 736 4057 eorrmr
756 3990 914 4056 essentie:
934 3998 971 4055 ut
995 3987 1023 4053 si
1048 3988 1090 4053 de
1114 3988 1234 4053 domim
1259 3989 1430 4071 predices,
1451 3990 1542 4071 quod
1566 3990 1611 4055 sit

485 4102 589 4167 albus.
625 4098 736 4175 Qtare
770 4094 930 4183 percipies
967 4096 1268 4162 denominationem
1303 4096 1473 4161 rectumne
1515 4098 1614 4180 logici

486 4208 635 4284 desumi,
657 4224 723 4272 non
742 4224 784 4272 ex
803 4224 843 4270 eo
861 4204 952 4288 quod
966 4204 1088 4287 aliquid
1103 4212 1154 4270 est
1172 4202 1206 4269 in
1224 4222 1284 4269 sua
1304 4204 1438 4289 physica
1456 4204 1605 4285 entitate;

486 4318 545 4385 sed
564 4336 606 4381 ex
619 4334 661 4381 eo
674 4315 765 4398 quod
779 4331 846 4379 non
860 4324 911 4379 est
924 4311 966 4376 de
981 4312 1122 4378 essentia
1136 4330 1250 4377 eorum
1266 4312 1307 4377 de
1321 4310 1442 4394 quibus
1455 4312 1614 4396 praedica-

488 4434 543 4489 tur
559 4421 629 4511 (a),
650 4422 708 4489 sed
729 4422 959 4506 contingenter
979 4418 1058 4503 ipsis
1078 4420 1252 4485 inhaerens.
1276 4418 1372 4485 Unde
1389 4418 1508 4486 danus
1529 4420 1615 4484 acci-

521 4584 565 4655 (r)
599 4580 802 4654 VideOpuse.
818 4580 862 4638 De
876 4580 967 4639 totins
986 4578 1104 4655 Logicoe
1118 4576 1234 4637 trecor
1250 4578 1382 4647 suma,
1404 4578 1458 4639 loc.
1474 4597 1544 4651 nup.
1559 4576 1613 4639 cit.

486 4692 677 4829 “iiim
689 4760 802 4836 opusc.
816 4759 866 4821 ut
881 4759 921 4819 n.
936 4759 1042 4833 ape
