3492 5525
574 508 611 573 34
980 488 1207 553 luraooucrro

579 670 795 737 AEnesidemo
813 688 999 737 successere
1019 668 1103 737 inter
1117 672 1198 737 alios
1218 671 1362 757 empirici
1377 672 1552 739 Favorinus
1575 673 1658 738 Are-

535 778 683 855 latensis,
697 796 798 861 quem
813 778 912 844 etiam
923 778 1006 844 inter
1022 778 1204 844 Platonicos
1219 779 1270 844 alii
1284 780 1460 854 collocant,
1472 780 1658 845 Menodotus

533 884 810 961 Nicomediensis,
842 884 1003 969 Agrippa,
1033 884 1090 969 qui
1112 886 1226 951 decem
1250 886 1391 952 rationes
1418 886 1597 973 Pyrrhonis
1625 899 1658 952 et

535 990 741 1058 AEnesidemi
761 1011 820 1075 pro
838 993 1054 1076 suspensione
1066 992 1178 1078 judicii
1193 993 1233 1060 ad
1248 993 1396 1077 quinque
1412 991 1604 1081 revocavit(
1629 993 1656 1080 ),

534 1118 570 1164 ac
586 1099 795 1183 potissimum

601 1204 716 1271 Sextus
742 1207 996 1291 cognominatus
1017 1207 1191 1289 Empirieus
1227 1227 1268 1273 ex
1297 1207 1497 1274 medicorum
1522 1227 1657 1293 genere,

528 1313 573 1393 ad
599 1313 688 1397 quod
703 1314 885 1397 pertinebat
909 1311 971 1400 (a).
989 1314 1047 1379 Hie
1068 1314 1131 1380 sub
1154 1315 1255 1380 tinem
1282 1314 1392 1380 saeculi
1416 1315 1438 1379 ll
1453 1324 1485 1379 et
1510 1316 1600 1381 initio
1625 1317 1659 1381 lll

534 1420 631 1497 vixit,
658 1431 690 1486 et
705 1420 831 1505 scripsit
843 1432 909 1487 tres
931 1421 1030 1488 libros
1051 1421 1092 1486 de
1115 1424 1362 1505 Hyporyposibus
1385 1422 1602 1505 pyrrhonieir,
1626 1432 1659 1488 et

535 1528 687 1594 undecim
712 1530 876 1594 Adversus
896 1529 1145 1610 Mathematicos;
1169 1531 1290 1613 quibus
1309 1530 1341 1595 in
1357 1530 1511 1614 operibus
1530 1531 1656 1603 omnia,

535 1654 609 1719 quae
630 1635 663 1701 in
679 1643 888 1702 antecessum
914 1635 1198 1720 proscepticismo
1213 1639 1307 1702 allata
1322 1638 1465 1713 fuerant,
1488 1636 1659 1720 arripiens,

534 1744 863 1826 scepticumdubium
876 1742 917 1807 ad
928 1761 1188 1828 omnesprorsus
1201 1745 1482 1822 veritates‚immo
1494 1754 1524 1810 et
1535 1745 1664 1831 adpro

534 1846 641 1933 prium
652 1850 753 1934 ipsius
763 1849 915 1926 dubium,
931 1852 1108 1916 extendere
1119 1850 1247 1918 videtur
1257 1849 1320 1940 (3).
1333 1850 1555 1917 Nihilominus
1568 1860 1664 1916 tanto

533 1965 654 2021 conatu
668 1971 784 2041 parum
798 1974 906 2023 causae
919 1974 988 2022 suae
1007 1959 1128 2041 profuit
1147 1958 1285 2034 Sextus,
1307 1958 1577 2043 quandoquidem
1594 1978 1663 2023 non

535 2046 643 2147 potuit
662 2062 838 2147 discipulos
852 2063 894 2128 ad
912 2065 1089 2148 scepticam
1102 2066 1249 2132 scholam
1261 2066 1434 2134 adducere.

579 2188 633 2256 39.
683 2170 729 2235 De
750 2170 894 2236 Hebraeis
907 2170 1051 2238 diximus
1069 2171 1235 2256 superius,
1252 2174 1340 2249 illos,
1357 2181 1539 2257 utcumque
1562 2173 1665 2239 tradi-

534 2276 659 2343 tionem
689 2278 832 2343 divinam
860 2278 1110 2361 doctrinamque
1134 2281 1309 2346 revelatam
1344 2279 1574 2356 custodirent,
1593 2299 1664 2345 non

534 2392 645 2449 tamen
661 2384 887 2468 praeformasse
911 2386 1149 2469 antiquioribus
1172 2387 1378 2473 temporibus
1396 2389 1499 2454 ullum
1516 2388 1665 2471 pbiloso

490 2516 494 2525 ·
536 2492 667 2576 phicum
682 2500 840 2577 systema.
859 2493 902 2589 (lt
918 2513 1014 2570 mox,
1031 2494 1110 2560 dum
1123 2494 1156 2559 in
1172 2494 1367 2581 babylonica
1381 2495 1537 2561 servitute
1553 2513 1667 2560 versa-

534 2608 658 2675 rentur,
675 2598 797 2681 aliquid
822 2598 961 2666 ethnicae
987 2601 1073 2667 laecis
1099 2604 1300 2669 contraxisse
1323 2602 1475 2669 videntur
1497 2622 1538 2667 ex
1562 2604 1665 2687 longa
1734 2653 1736 2660 ,

533 2706 771 2772 consuetudine
798 2725 876 2772 cum
910 2693 1029 2775 exteris
1055 2709 1227 2793 gentibus,
1264 2713 1334 2776 sive
1362 2710 1395 2777 in
1423 2711 1460 2776 iis
1484 2729 1559 2794 quae
1587 2728 1666 2794 spe-

532 2824 623 2881 ctant
648 2815 688 2880 ad
715 2815 916 2891 doctrinam,
937 2815 1059 2910 sivein
1077 2815 1116 2882 iis
1140 2836 1214 2900 quae
1242 2835 1351 2883 mores
1371 2818 1559 2902 respiciunt.
1578 2817 1665 2882 Hinc

533 2924 615 2986 forte
643 2921 816 3005 repetenda
842 2931 892 2988 est
919 2921 1068 2988 informis
1092 2923 1144 2990 illa
1172 2926 1322 2990 mosaicae
1345 2926 1428 3012 legis
1447 2944 1666 3008 errorumque

532 3027 722 3111 permixtio,
747 3047 822 3110 quae
842 3028 1022 3095 Samariam
1043 3031 1231 3115 occupavit,
1259 3032 1422 3114 variaeque
1449 3041 1564 3108 sectae,
1586 3050 1666 3114 quae

533 3153 613 3198 mox
655 3135 874 3217 pullularunt,
914 3135 946 3200 in
980 3137 1101 3219 quibus
1136 3139 1226 3203 facile
1260 3150 1310 3205 est
1341 3139 1479 3224 vestigia
1506 3140 1664 3222 quaedam

532 3259 711 3326 agnoscere
743 3242 937 3328 mysticismi
963 3243 1127 3311 orientalis
1154 3256 1186 3310 et
1214 3247 1347 3312 budhici
1380 3247 1666 3330 traditionemque

536 3348 774 3415 Chaldaearum.
803 3349 910 3434 Sparsi
933 3349 1031 3416 etiam
1059 3351 1160 3430 Judaei
1187 3372 1245 3436 per
1270 3353 1373 3419 varias
1396 3351 1546 3438 regiones
1575 3354 1667 3419 Asiae
1734 3364 1736 3378 ·

533 3455 685 3533 Minoris,
715 3455 847 3521 Graeciae
866 3464 966 3540 atque
990 3457 1148 3545 AEgypti,
1169 3459 1225 3525 ubi
1250 3460 1551 3544 frequentissimam
1567 3461 1668 3526 satis-

534 3579 601 3644 que
639 3561 812 3627 floreutem
846 3562 964 3648 opibus
1003 3565 1179 3630 fundavere
1204 3567 1387 3643 coloniam,
1418 3586 1560 3652 pronum
1591 3581 1665 3634 erat

534 3679 570 3734 ut
587 3670 690 3734 multa
705 3669 887 3754 acciperent
902 3690 943 3736 ex
957 3673 1113 3738 doctrinis
1129 3672 1336 3751 Graecorum,
1358 3693 1433 3759 quae
1452 3685 1531 3740 tunc
1545 3676 1578 3740 in
1594 3676 1667 3741 illis

533 3774 707 3859 provinciis
723 3776 896 3862 vigebant,
914 3796 1034 3861 easque
1049 3797 1125 3845 cum
1145 3781 1214 3846 suis
1229 3781 1441 3866 dogmatibus
1465 3801 1501 3846 ac
1516 3783 1670 3848 traditio-

534 3882 630 3948 nibus
645 3879 677 3947 in
693 3900 797 3949 unum
820 3884 1065 3967 permiscerent.
1082 3886 1182 3969 idque
1198 3907 1309 3953 revera
1323 3888 1462 3974 contigit
1477 3891 1509 3954 in
1525 3888 1670 3974 quibus-

531 3989 608 4054 dam
625 3989 829 4074 Pbilosophis
839 3991 973 4076 judaeis,
991 4010 1133 4075 quorum
1150 3994 1276 4077 primus
1291 3995 1351 4061 fuit
1366 3996 1588 4073 Aristoteles,
1604 3999 1668 4080 qui

530 4159 803 4182 bun—n*-

566 4220 613 4291 (ι)
651 4220 719 4279 Vid.
737 4220 801 4278 illas
811 4220 888 4292 apud
898 4220 1106 4292 Tennemann,
1121 4243 1183 4295 par.
1202 4225 1266 4295 1883
1278 4223 1437 4295 Gonzalez,
1449 4244 1510 4297 par.
1523 4245 1569 4300 94.
1596 4238 1600 4246 “

568 4314 608 4374 (a)
645 4308 825 4366 Medicorum
841 4309 907 4366 duoe
921 4309 989 4367 olim
1004 4309 1263 4384 distinguebantur
1276 4327 1374 4382 sectae,
1396 4315 1616 4387 Empirteorum
1635 4332 1669 4376 et

530 4395 782 4473 Dogmatr'corvm.
799 4398 962 4470 Dogmatici
975 4411 1110 4458 naturam
1122 4402 1307 4474 occultasque
1321 4404 1489 4462 morborum
1498 4423 1605 4463 causas
1617 4407 1670 4465 in-

531 4486 698 4556 quirebant.
723 4486 862 4559 Empirici
881 4507 1069 4555 econverso,
1095 4492 1232 4562 neglecta
1254 4511 1409 4551 caumrum
1425 4493 1667 4567 investigatione,

530 4575 732 4634 observatione
746 4590 835 4648 atque
848 4578 1026 4649 experientia
1041 4580 1101 4637 sola
1119 4581 1301 4642 nitebantur.

551 4669 633 4810 'mh
644 4665 802 4812 Genialez,
818 4686 881 4738 par.
894 4687 945 4739 943
969 4666 1174 4741 Tennemann,
1190 4692 1252 4744 par.
1272 4674 1322 4731 188
1335 4692 1431 4746 seqq.;
1447 4672 1590 4745 bouvier,
1605 4676 1668 4733 loc.

532 4765 613 4814 crte
636 4774 684 4826 ap.
726 4797 733 4812 .
