3492 5525
317 470 494 534 Aunnuorx
515 486 559 534 oe
580 470 814 532 Scuocnsrrcn
834 486 1075 534 orsnorarroua
1158 485 1215 550 pq]

138 651 215 716 liaec
224 653 333 718 omnia
339 645 407 738 jain
419 673 438 718 a
451 671 513 720 suo
525 663 674 736 tempore
684 649 881 720 Leibnitzius
894 660 1112 736 perspexerat,
1124 658 1158 714 et
1166 667 1257 733 aper·

137 768 171 824 te
190 759 425 844 profitebatur»
442 757 509 846 (r).
529 759 693 826 Hactenus
712 761 749 826 P.
770 757 917 825 Salvator
934 755 1142 845 longiorgi(
1167 753 1193 844 ).

207 867 283 933 llaec
300 869 493 935 scholastica
506 868 692 952 disputandi
708 867 788 934 ratio
802 867 888 945 licet,
904 869 1014 952 quoad
1027 865 1256 939 substantiam,

137 975 223 1042 etin
242 976 319 1042 orali
339 975 551 1062 explicatione
574 987 607 1042 et
626 975 658 1042 in
678 975 767 1042 libris
786 975 912 1060 scriptis
930 975 1102 1042 adhibetur
1124 991 1143 1037 a
1159 971 1260 1037 Scho-

138 1082 259 1148 lasticae
277 1082 431 1150 doctrinae
460 1083 674 1167 methodique
699 1082 872 1159 studiosis,
898 1082 1018 1166 quibus
1044 1081 1193 1147 solemne
1211 1087 1262 1144 est

138 1189 283 1274 primunr
303 1209 370 1256 rem
388 1209 551 1275 exponere
568 1209 605 1256 ac
624 1191 776 1275 probare,
797 1198 869 1255 tum
890 1197 1082 1274 argumenta
1103 1184 1262 1254 contraria

137 1298 281 1374 solvere,
313 1306 499 1364 constanter
526 1298 649 1364 utendo
677 1299 782 1362 forma
805 1297 1021 1383 syllogistica;
1052 1293 1261 1381 potissimum

137 1413 251 1470 tamen
270 1413 445 1490 usurpatur
463 1406 496 1470 in
515 1404 789 1489 disputationibus
809 1405 881 1470 sive
909 1403 1047 1489 publicis
1065 1404 1137 1468 sive
1159 1400 1264 1486 priva-

137 1511 199 1588 tis,
220 1531 294 1596 quae
314 1512 599 1597 vel.experirnenti
623 1513 674 1577 vel
693 1511 933 1578 exercitationis
955 1528 1053 1577 causa
1078 1511 1162 1575 inter
1180 1510 1264 1574 duos

138 1619 368 1686 instituuntur.
389 1619 528 1686 Necesse
553 1629 603 1685 est
621 1639 699 1704 ergo
719 1628 772 1697 ut,
793 1637 868 1703 quae
887 1619 954 1686 sint
971 1628 1079 1704 partes
1103 1629 1137 1686 et
1154 1618 1265 1682 deien-

139 1727 248 1792 dentis
273 1737 307 1793 et
328 1727 556 1812 impugnantis
582 1727 762 1794 doctrinam
789 1727 987 1811 propositam
1014 1726 1049 1792 in
1074 1721 1264 1811 hujusmodi

139 1833 433 1919 disputationibus,
454 1833 595 1900 breviter
612 1835 828 1901 declaremus.

209 1945 297 2028 Quid
312 1948 358 2010 ait
375 1947 592 2012 efficiendum
605 1945 814 2010 defendenti.
832 1938 866 2029 a)
885 1941 923 2007 Et
936 1941 1044 2025 primo
1059 1940 1191 2023 quidem
1210 1939 1267 2004 de·

141 2049 296 2124 tendens,
326 2050 459 2132 probata
486 2051 537 2114 vel
557 2049 743 2134 supposita,
767 2049 932 2134 quiajam
952 2049 1029 2113 alias
1056 2048 1192 2132 probata
1209 2046 1264 2124 sit,
1342 2037 1370 2067 ‘⁰
1386 2036 1452 2066 ‘¹¹¹⁸‘

141 2155 378 2240 propositione,
394 2175 494 2240 quarn
514 2157 671 2222 tuendam
686 2157 846 2240 suscepit,
863 2156 962 2222 debet
974 2156 1134 2239 integram
1152 2155 1268 2220 adver-

142 2261 217 2328 sarii
245 2264 562 2348 argumentationem
591 2263 724 2329 fideliter
755 2269 912 2347 repetere.
942 2263 1018 2328 Mox
1046 2262 1088 2328 ad
1115 2262 1267 2327 eamdem

141 2370 289 2448 rediens,
319 2370 575 2454 propositiones,
605 2371 724 2454 quibus
751 2380 898 2447 constat,
914 2370 1056 2454 judicet,
1076 2370 1270 2434 concedendo

141 2495 255 2554 ueras,
275 2479 369 2544 falsas
393 2481 546 2562 negando,
562 2497 636 2562 quae
657 2496 722 2543 non
741 2478 863 2544 iaciunt
882 2478 922 2543 ad
941 2495 1009 2542 rern
1033 2477 1270 2542 transmittendo

141 2586 197 2652 uel
220 2584 442 2667 permittendo,
468 2586 697 2671 ambiguarum
724 2585 943 2670 distinguendo
964 2603 1118 2661 sensum,
1151 2585 1196 2648 ita
1223 2592 1270 2648 ta-
1327 2666 1331 2674 Ι

142 2709 224 2758 rnen
238 2702 290 2772 ut,
311 2693 337 2758 si
356 2693 459 2779 Major
476 2694 555 2758 salsa
573 2693 627 2772 sit,
649 2693 787 2777 ideoque
807 2693 971 2779 neganda,
993 2710 1059 2758 non
1078 2691 1121 2758 sit
1136 2690 1272 2757 ulterius

141 2800 402 2886 procedendum.
423 2800 508 2868 Turn
533 2801 620 2867 enim
644 2800 792 2886 arguenti
821 2818 906 2867 onus
927 2799 1089 2867 incumbit
1116 2807 1269 2885 negatam

140 2906 357 2973 assertionem
374 2909 544 2993 probandi.

213 3013 252 3103 β)
271 3015 304 3081 Si
323 3018 426 3082 lorma
445 3015 740 3101 argumentationis
760 3026 845 3081 recta
864 3034 932 3083 non
950 3016 1010 3093 sit,
1036 3025 1175 3101 negatur
1192 3032 1273 3081 con-

141 3123 327 3207 sequentia.
352 3124 454 3189 Etiam
478 3143 555 3190 curn
583 3123 746 3190 distinctio
777 3125 920 3191 adhibita
943 3134 1011 3204 est,
1042 3124 1152 3208 negari
1175 3124 1273 3189 debet

140 3248 354 3314 consequens
371 3241 404 3297 et
423 3234 669 3316 consequentia.

216 3336 252 3431 γ)
282 3338 504 3423 Ambiguitas,
535 3358 609 3423 quae
640 3340 884 3407 distinctionem
911 3341 1076 3423 postulat,
1104 3356 1273 3405 occurrere

143 3456 255 3533 potest
277 3447 327 3511 vel
348 3448 382 3513 in
400 3446 542 3513 termino
565 3448 674 3513 medio
690 3450 741 3513 vel
761 3447 793 3514 in
813 3450 968 3514 alterutro
979 3454 1215 3514 extremorum.
1236 3447 1272 3513 Si

142 3558 211 3620 hoc
231 3563 433 3637 postremum
452 3555 637 3640 contingat,
654 3554 819 3622 distinctio
838 3556 1022 3623 adhibenda
1036 3566 1087 3622 est
1098 3566 1171 3624 tum
1185 3554 1218 3619 in
1233 3573 1272 3620 ea

144 3662 326 3749 praemissa,
347 3662 380 3727 in
406 3681 471 3746 qua
499 3674 684 3729 extremum
708 3664 914 3748 aequivocum
945 3664 1115 3749 reperitur,
1142 3672 1214 3729 tum
1241 3662 1273 3729 in

143 3768 357 3837 conclusione
377 3771 428 3836 vel
443 3772 671 3855 consequenti.
692 3771 726 3837 Si
746 3791 824 3839 vero
843 3771 1042 3857 ambiguitas
1063 3772 1141 3838 insit
1163 3770 1274 3837 termi-

145 3896 194 3945 no
213 3878 339 3955 medio,
360 3876 521 3947 distinctio
540 3881 649 3947 locum
664 3880 762 3947 habet
782 3880 814 3946 in
834 3880 1028 3965 praemissis,
1053 3879 1097 3947 ita
1110 3890 1222 3947 tamen
1236 3889 1274 3947 ut

185 4127 227 4199 (r)
264 4124 333 4185 ‹On
347 4138 483 4185 trouvera
498 4124 564 4199 plus
578 4140 703 4187 souvent
714 4126 769 4201 qu'
784 4148 822 4188 on
834 4148 869 4186 ne
885 4147 973 4204 pense
985 4135 1037 4198 (en
1051 4128 1219 4189 examinent
1233 4128 1276 4188 lea

144 4214 358 4291 paralogismes
371 4216 423 4275 dea
437 4222 572 4283 auteurs)
592 4218 645 4289 qu'
661 4218 697 4277 iis
717 4230 770 4277 ont
790 4218 881 4290 pe'ehe
900 4232 1000 4277 contre
1021 4219 1064 4278 iea
1083 4220 1179 4293 regies
1194 4218 1230 4277 de
1248 4219 1277 4277 ie

144 4304 283 4378 rogique,
296 4319 325 4363 et
344 4305 364 4375 i'
386 4305 415 4364 ai
437 4304 611 4365 moi-meme
629 4306 825 4379 experimenti
845 4307 1044 4380 quelqueioie,
1065 4328 1104 4367 en
1121 4308 1276 4382 disputant

144 4400 245 4455 meme
258 4394 395 4467 porterit
408 4415 478 4453 avec
496 4396 548 4454 dea
563 4416 722 4468 personnea
741 4396 778 4456 de
799 4398 898 4457 bonne
915 4398 972 4469 ioi,
992 4399 1045 4470 qu’
1060 4418 1100 4457 on
1118 4399 1178 4456 n'a
1197 4418 1277 4457 oom-

144 4489 250 4545 mencd
273 4490 290 4541 d
310 4483 336 4542 a*
361 4485 583 4559 entendre'que
606 4486 722 4559 lorsqu'
744 4507 819 4547 ona
844 4495 1018 4563 argumente
1035 4509 1073 4548 en
1094 4488 1188 4548 forme
1202 4508 1276 4562 pour

143 4572 326 4634 debrouiller
340 4593 381 4632 un
395 4574 482 4633 chaos
496 4574 533 4633 de
547 4575 811 4637 raisonnements.»
827 4578 995 4639 Nouoeaux
1008 4580 1100 4639 esseio
1119 4600 1172 4639 sur
1186 4578 1211 4640 i‘
1226 4600 1277 4639 err·
1425 4636 1429 4643 .

145 4664 312 4725 rendemear
326 4665 462 4724 harmain:
477 4664 543 4724 Lib.
559 4665 610 4733 lv,
625 4666 673 4727 ch.
687 4664 781 4727 xvii.

187 4754 232 4827 (a)
266 4752 398 4825 open-et
413 4754 467 4815 loe.
482 4754 532 4814 cir.
712 4766 713 4773 ’
777 4788 780 4795 -
