3492 5525
533 480 570 562 56
940 482 1168 546 lnauooucmo

493 660 664 731 univesa:
690 671 804 730 auctor
825 662 935 749 gravis
958 673 991 759 et
1017 664 1180 742 eruditus,
1204 661 1263 749 qui
1283 677 1396 732 tamen
1409 664 1485 731 stilo
1506 663 1609 731 utitur

492 770 602 837 minus
622 772 816 839 scholastico
831 768 895 860 (l).

303 929 373 988 Ram
375 931 450 1020 Q
538 894 592 963 59.
638 880 844 961 Ruymuudus
868 878 1007 955 Martia,
1030 881 1188 965 hispanus
1209 900 1250 947 ex
1269 879 1472 956 Catalaunia,
1492 881 1525 946 in
1545 897 1608 947 suo

335 1002 422 1055 nunu,
446 985 632 1069 Pugioue
652 986 757 1063 Fidei,
779 1004 881 1071 quem
900 995 1014 1053 contra
1033 988 1188 1055 Hebraeos
1209 988 1353 1073 scripsit,
1369 989 1492 1054 multas
1509 986 1608 1054 etiam

490 1093 732 1205 philosophicas
745 1095 946 1177 quaestiones
959 1097 1108 1162 tractavit
1121 1093 1185 1185 (2).

313 1234 440 1279 v„„„„„,
498 1196 590 1267 60.
640 1201 824 1268 Vincentius
850 1203 1094 1278 Batavacenus,
1115 1202 1185 1269 eS.
1211 1202 1335 1269 Ordine
1358 1202 1607 1273 Praedicatorum

295 1304 385 1373 Ρ
316 1306 410 1351 ¹¹
412 1307 574 1375 ¹¹⁸sicut
594 1306 811 1396 Raymundus
829 1309 965 1386 Martin,
981 1311 1182 1377 elucubravit
1198 1310 1495 1396 encyclopaedicum
1509 1326 1607 1393 opus,

340 1376 465 1433 Bm)
490 1415 541 1482 cui
560 1416 675 1483 titulus
693 1415 857 1499 Speculum
879 1421 982 1504 majus
998 1416 1171 1483 divisum
1163 1437 1195 1484 rn
1215 1426 1281 1484 tres
1300 1428 1426 1501 partes:
1445 1417 1609 1498 Speculum

488 1524 677 1599 n,aturale
669 1542 701 1590 tn
728 1542 796 1607 quo
821 1526 889 1610 agit
910 1526 952 1590 de
973 1524 1116 1591 scientiis
1138 1525 1348 1609 theologicis,
1360 1524 1550 1590 moralibus
1572 1542 1609 1588 ac

489 1630 738 1717 philosophiam
764 1631 929 1714 Speculum
946 1633 1119 1698 doctrinale
1140 1632 1173 1698 in
1197 1650 1265 1716 quo
1289 1640 1443 1698 tractatur
1461 1632 1554 1716 origo
1577 1640 1609 1695 et

490 1756 682 1823 progressus
697 1741 848 1805 omnium
862 1739 1089 1816 scientiarum,
1105 1741 1224 1807 artium
1239 1739 1417 1806 liberalium
1433 1747 1465 1804 et
1480 1740 1609 1804 mecha·

491 1844 655 1926 nicarum;
676 1854 709 1909 et
738 1844 905 1927 Speculum
921 1847 1096 1924 historiale,
1118 1865 1177 1915 scu
1190 1847 1406 1913 universalem
1426 1844 1608 1913 historiam.

489 1953 588 2019 Aliud
599 1970 736 2037 quoque
746 1954 910 2036 Speculum
918 1956 1046 2031 morule,
1065 1956 1138 2021 licet
1148 1956 1244 2031 salso,
1259 1954 1483 2037 aquibusdam
1498 1961 1611 2019 aucto·

307 2075 445 2121 sunem.
490 2060 579 2127 ribus
602 2060 825 2127 bellovacensi
844 2060 997 2127 tribuitur
1024 2058 1091 2148 (3).

325 2146 428 2265 Ἢ)
556 2168 705 2235 Albertus
719 2169 988 2245 Bollstildtiensis,
1007 2170 1051 2238 ob
1069 2188 1164 2235 suam
1183 2169 1400 2236 eruditionem
1421 2169 1610 2234 nominatus

310 2290 448 2335 annuunt.
490 2276 628 2359 Magnus
648 2288 684 2345 et
707 2278 804 2343 etiam
829 2278 948 2344 Ductor
968 2277 1157 2343 umbersalis
1185 2274 1239 2365 (n.
1268 2294 1349 2362 ¹193
1379 2277 1443 2343 vel.
1474 2271 1610 2361 ι2ο5-Ι-

495 2381 593 2471 1280)
617 2384 754 2468 plurima
777 2384 1034 2469 scripsitopera,
1057 2402 1198 2467 quorum
1221 2384 1328 2468 aliqua
1350 2382 1450 2449 videri
1472 2388 1610 2467 possunt

278 2523 302 2570 s,
314 2523 476 2577 3,„„„„,‚
490 2490 617 2558 laudata
626 2491 713 2577 apud
726 2492 832 2557 Emm.
851 2492 1016 2557 Gonzalez
1027 2489 1092 2580 (4).

338 2594 419 2677 ΒΨ(
535 2596 589 2665 6ι.
639 2600 674 2665 S.
699 2601 936 2677 bonaventura,
964 2602 1083 2666 Ductor
1099 2599 1300 2681 Serapbicus,
1324 2600 1436 2664 lumen
1460 2608 1493 2665 et
1516 2615 1611 2662 orna-

308 2666 449 2725 smph'm'
492 2716 644 2774 mentum
673 2706 891 2775 Franciscanae
919 2704 1077 2785 Familiae,
1106 2705 1284 2792 discipulus
1312 2707 1414 2774 Alex.
1448 2705 1608 2781 Maiensis,

474 2803 690 2902 'balneoregii
723 2812 928 2903 (Bagnorea)
951 2817 984 2881 in
1008 2815 1130 2882 Etruria
1149 2824 1246 2880 natus
1263 2813 1371 2902 (anno
1395 2807 1610 2897 ι22ι-(-ι27)

492 2925 646 3009 Magister
660 2921 825 2989 Generalis
839 2923 890 2989 sui
905 2921 1037 2989 Ordinis
1051 2932 1084 2989 et
1098 2922 1132 2988 S.
1148 2921 1188 2990 R.
1205 2923 1240 2989 E.
1264 2921 1458 2997 cardinalis,
1479 2919 1528 2985 vir
1544 2936 1608 2984 non

493 3031 603 3096 minus
624 3029 744 3114 pietate
763 3048 862 3112 quam
879 3030 1012 3114 ingenio
1035 3041 1067 3097 et
1090 3014 1223 3095 scientia
1242 3029 1396 3113 insignis,
1419 3027 1555 3111 aequalis
1577 3037 1611 3091 et

491 3137 664 3205 amicusS.
686 3137 823 3203 Thomae
848 3136 1038 3220 Aquinates,
1053 3138 1156 3202 mulla
1175 3145 1208 3201 et
1222 3137 1372 3220 praeclara
1385 3134 1514 3218 scripsit
1532 3152 1611 3220 ope·

395 3243 572 3390 m5ra(
577 3243 678 3418 ),quae
698 3245 836 3331 mystica
854 3244 1014 3340 suavitate
1032 3243 1319 3311 commendantur.

311 3503 438 3616 ’ΨᾸΨ
489 3567 540 3656 (n.
567 3585 646 3652 1225
674 3569 724 3634 vel
755 3565 1002 3655 1127-1-1274)
987 3565 1151 3649 )ellberli
1176 3567 1221 3631 M.
1246 3567 1442 3651 discipulus;
1468 3566 1540 3648 qui,
1562 3566 1611 3632 uti

488 3675 662 3761 Cajetanus
676 3673 922 3751 animadvertit,
940 3685 1068 3740 veteres
1081 3674 1231 3740 doctores
1245 3692 1370 3750 sacros,
1389 3674 1465 3757 quia
1477 3692 1611 3740 summe

488 3794 664 3850 veneratus
681 3791 748 3859 est,
772 3783 845 3846 ideo
861 3782 1064 3848 intellectum
1077 3781 1228 3847 omnium
1250 3781 1499 3865 quodammodo
1515 3783 1611 3849 sorti·

487 3899 542 3957 tus
555 3899 617 3956 est.
628 3885 680 3977 (6)
690 3889 821 3955 illorum
836 3888 1016 3966 doctrinas,
1032 3890 1121 3954 velut
1131 3889 1274 3974 dispersa
1284 3889 1455 3976 cujusdam
1467 3889 1613 3975 corporis

521 4121 562 4190 (ι)
600 4118 754 4188 Gonzelee,
770 4137 832 4191 par.
847 4117 895 4192 48.

521 4215 562 4277 (2)
600 4208 754 4278 Goozalez,
769 4227 831 4280 per.
851 4226 896 4280 50.

520 4305 562 4372 (3)
600 4297 837 4369 concitemur.
854 4315 897 4369 52.

519 4395 560 4461 (4)
598 4386 875 4460 Loe.cit.par.53.

519 4479 557 4554 (5)
595 4477 744 4550 Praecipua
771 4477 847 4534 inter
868 4476 1026 4536 scientifica
1047 4493 1116 4538 aunt
1139 4481 1353 4540 Commentario
1373 4484 1406 4540 iu
1427 4483 1612 4560 Magistrum

481 4568 708 4635 Sententiarum,
722 4567 912 4624 itinerarium
924 4569 1031 4626 meretis
1039 4570 1070 4625 iu
1079 4569 1181 4638 Deum,
1191 4570 1415 4644 Breviloquium
1424 4587 1455 4632 ct
1465 4575 1501 4632 de
1510 4575 1612 4632 Redu-

481 4663 577 4720 ctioue
590 4658 699 4716 artium
711 4657 749 4713 ari
765 4656 965 4730 Theolopiam.

518 4748 561 4820 (6)
598 4746 630 4806 ln
645 4755 684 4804 2¹.
699 4757 751 4802 2.··
764 4763 793 4818 q.
814 4745 880 4818 148,
892 4764 919 4801 2.
934 4765 952 4817 4
967 4745 998 4804 in
1013 4747 1081 4806 fine.
