3492 5525
242 453 361 517 Anrrc.
376 466 437 535 4⁰·
451 450 502 515 De
517 450 749 516 serenentur
762 468 1082 519 suburennnrtone
1106 470 1185 534 ¹003

100 648 157 695 nec
175 629 354 713 dungalus
372 628 492 713 Ιίρηιιις
502 631 553 693 est
564 627 678 711 species
691 626 866 712 trianguli.-
878 630 1054 713 differenlia
1068 631 1152 697 enim
1164 653 1228 699 non

99 737 240 803 sumitur
255 755 275 801 a
293 736 437 802 materie.
461 736 504 802 Et
518 736 582 802 buc
597 737 648 802 est
661 733 755 812 ratio,
777 754 876 821 parare
892 756 955 803 non
972 741 1021 805 est
1035 738 1143 825 aliqua
1160 750 1229 824 spe·

99 844 192 910 ceolis
207 843 338 909 uienb'a
355 845 395 908 de
419 842 503 909 inea
529 846 615 909 recta
637 842 690 907 oei
707 842 878 922 circulari,
897 844 980 911 secut
1003 850 1051 911 est
1074 848 1114 912 de
1142 848 1227 915 linea

99 952 234 1027 ouuali,
249 952 324 1035 qur'a
342 954 460 1018 rectum
476 954 509 1017 et
520 949 675 1016 circulare
686 954 763 1015 suni
772 950 911 1034 propere
922 952 1105 1037 auferentia
1123 955 1225 1032 linea,

97 1059 221 1125 vineole
237 1062 341 1125 autem
358 1077 440 1137 non,
454 1061 510 1124 scd
525 1060 576 1125 est
589 1058 722 1124 alterius
738 1061 771 1123 et
785 1062 942 1125 extranea
955 1064 1098 1142 naturoe,·
1110 1066 1144 1128 et
1157 1062 1227 1129 ideo

97 1166 228 1231 scr‘enbb
256 1166 401 1248 specialis
426 1170 474 1232 est
496 1168 536 1232 dc
563 1166 647 1231 linea
667 1164 801 1244 visuali,
825 1169 860 1231 et
881 1185 944 1232 non
966 1170 1006 1234 dc
1031 1168 1115 1235 linea
1142 1174 1226 1237 recta

98 1275 152 1340 vel
165 1274 320 1339 circulari
335 1270 402 1361 (t).

166 1382 212 1446 Ex
240 1380 329 1448 hisce
358 1399 455 1465 porro
485 1380 591 1445 tribus
624 1378 910 1448 subalternationis
937 1380 1131 1467 generibus,
1167 1404 1226 1452 nec

100 1489 244 1572 primum
260 1508 320 1554 nec
336 1488 519 1555 secundum
540 1488 668 1573 proprie
683 1488 802 1553 dictam
824 1488 1135 1557 subalternationem
1159 1510 1226 1575 prae
1272 1472 1291 1517 '⁵
1325 1486 1349 1517 ¹⁰
1365 1472 1397 1517 ¹5³

100 1598 233 1673 ecfert,
257 1598 316 1664 sed
334 1598 444 1663 solum
465 1595 616 1671 tertium,
644 1605 742 1679 prout
767 1592 1038 1663 communissime
1064 1606 1225 1667 testantur

99 1714 249 1772 auctores
266 1724 343 1770 cum
360 1702 396 1769 S.
416 1704 544 1770 'ihoma
562 1701 615 1791 (a)
631 1712 665 1768 et
678 1701 712 1767 S.
733 1700 961 1769 Bonaventura
978 1702 1042 1793 (3).
1059 1704 1224 1772 Subaltcr-

100 1810 188 1878 natio
206 1811 295 1877 enirn
315 1812 439 1877 ratione
455 1810 547 1886 imis,
563 1828 638 1894 quae
653 1810 736 1876 solet
752 1808 883 1893 reperiri
898 1811 930 1878 in
946 1810 1089 1879 scientiis
1108 1813 1222 1897 practi-
1294 1856 1298 1861 -

98 1918 161 1995 cis.
183 1920 277 1985 valde
303 1927 355 1985 est
364 1918 578 2003 imperfecta,
598 1936 674 1983 cum
699 1936 765 1983 non
789 1918 944 2001 importet
966 1918 1219 2003 dependentiam

99 2027 197 2093 unius
213 2027 355 2093 scientiae
381 2024 489 2101 alteri,
510 2027 543 2091 in
563 2026 686 2091 ratione
703 2024 848 2091 scientiae
871 2045 908 2093 ac
933 2028 1083 2111 periectae
1106 2027 1222 2120 cogni-

97 2134 196 2200 tionis
215 2135 276 2216 rei;
297 2134 356 2201 sed
379 2135 487 2199 solum
507 2133 650 2217 praebeat
673 2134 774 2198 altera
796 2132 886 2201 alteri
912 2134 1055 2201 scientiae
1076 2134 1223 2203 ministe·
1322 2183 1329 2193 -

100 2241 183 2306 rium
201 2241 334 2326 aliquod
353 2251 409 2308 aut
428 2240 616 2325 imperium.
637 2238 736 2305 Aliud
754 2248 865 2306 autem
885 2253 935 2308 est
962 2242 1097 2308 alteram
1117 2243 1221 2309 scien-

98 2348 176 2413 tiam
195 2350 285 2415 alteri
304 2346 436 2433 subjici,
454 2347 531 2433 quia
546 2350 615 2413 baec
634 2359 726 2415 actus
740 2347 827 2413 illius
841 2346 1001 2433 imperare
1019 2368 1055 2415 ac
1077 2353 1221 2435 regulare

97 2456 212 2536 debet;
233 2465 266 2520 et
291 2455 378 2521 aliud
396 2454 509 2541 subjici
538 2454 720 2520 secundum
745 2454 1043 2521 manifestationem
1062 2456 1219 2535 veritatis,

97 2564 173 2645 quia
191 2581 311 2647 nempe
329 2563 428 2628 altera
443 2562 606 2647 dependet
625 2561 666 2628 ab
684 2562 783 2627 altera
803 2562 835 2627 in
854 2562 1044 2648 cognitione
1062 2565 1112 2631 sui
1131 2566 1222 2652 obje-

96 2671 157 2747 cti,
178 2670 268 2754 quod
294 2672 450 2755 importat
477 2668 727 2745 subalternatio,
755 2687 855 2752 quam
884 2678 1023 2736 tractant
1042 2670 1162 2758 logici.
1184 2672 1221 2739 Et

97 2779 142 2845 ob
158 2779 309 2845 eamdem
337 2797 469 2845 causam
489 2797 555 2844 non
570 2787 629 2843 -est
657 2776 785 2860 propria
812 2777 1037 2845 subordinatio
1056 2780 1125 2858 illa,
1146 2800 1220 2864 quae

97 2887 217 2971 petitur
233 2906 276 2952 ex
294 2885 473 2972 principiis,
494 2905 534 2950 ex
560 2905 600 2950 eo
620 2902 739 2968 nempe
766 2884 856 2974 quod
881 2903 945 2950 una
963 2887 1096 2952 scicntia
1123 2888 1219 2954 desu-

98 3002 167 3058 mat
184 3013 225 3060 ex
243 2993 303 3058 alia
321 2993 475 3079 quaedam
500 2991 667 3078 principia.
689 2989 758 3057 Hoc
780 2992 868 3057 enim
888 2993 997 3058 solum
1017 2995 1124 3078 arguit
1141 3014 1221 3061 con·

98 3102 272 3167 nexionem
301 3111 453 3168 mutuam
481 3101 566 3167 inter
583 3098 750 3176 scientias,
772 3097 908 3164 minime
936 3119 1013 3166 vero
1032 3102 1221 3187 dependen-

96 3210 175 3274 tiam
195 3208 281 3274 iilam
311 3209 488 3291 majorem,
518 3225 584 3291 qua
603 3225 668 3272 una
695 3205 827 3273 scientia
844 3205 970 3272 dicatur
995 3227 1071 3274 vere
1094 3211 1136 3276 ab
1159 3211 1220 3277 alia

97 3315 237 3400 pendere
255 3317 288 3382 in
309 3315 432 3382 ratione
449 3314 609 3390 scientiae,
631 3333 750 3399 nempe
770 3313 951 3380 secundum
973 3315 1170 3384 evidentiam
1186 3327 1220 3384 et

96 3423 393 3490 manifestationem
416 3441 550 3489 suarum
569 3420 831 3487 conclusionum.
853 3423 965 3490 Restat
984 3441 1079 3510 ergo,
1098 3437 1136 3494 ut
1154 3436 1219 3492 ter-

94 3531 177 3596 tium
196 3548 302 3616 genus
315 3528 590 3597 subordinationis
605 3527 781 3595 constituat
794 3529 1105 3597 subalternationem
1126 3533 1216 3600 iliam

94 3637 276 3721 propriam,
295 3655 396 3721 quam
416 3637 522 3703 solent
548 3634 655 3723 logici
674 3635 802 3720 speciali
821 3633 1041 3722 disputatione
1065 3648 1215 3716 tractare.
1250 3681 1255 3690 ·

93 3747 167 3812 Non
187 3746 275 3810 enim
295 3745 390 3810 aliam
408 3744 583 3812 intendunt
605 3751 740 3808 tractare
759 3742 1069 3811 subalternationem
1096 3756 1213 3832 praeter

94 3855 200 3930 illam,
219 3871 294 3936 quae
313 3850 528 3919 necessariam
549 3859 647 3934 atque
661 3851 869 3917 essentialem
889 3852 1140 3936 dependentium
1157 3854 1218 3920 im·

98 3970 206 4045 portat
223 3960 256 4026 in
275 3979 348 4026 esse
366 3958 521 4027 scientiae.

98 4193 362 4205 ψ

128 4291 167 4349 (ι)
206 4283 278 4342 ibid.
295 4281 357 4341 ctr.
381 4284 416 4340 de
434 4281 541 4339 Triarii.
562 4288 650 4355 super
667 4281 816 4350 Bdetium,
830 4299 860 4352 q.
877 4299 906 4354 4,
921 4301 947 4340 a.
971 4303 999 4352 1,
1017 4281 1053 4340 ed
1069 4293 1128 4356 55⁸
1142 4282 1217 4342 Vide

92 4389 230 4448 praterea
251 4374 287 4431 de
308 4369 355 4429 hie
373 4371 518 4439 Foneeca,
538 4367 586 4428 lib.
610 4389 644 4444 4,
659 4389 723 4441 cap.
747 4391 776 4438 1,
800 4388 830 4441 q.
845 4390 879 4440 ις
899 4369 1077 4430 Conimbrlc.
1100 4373 1152 4431 lib.
1178 4385 1218 4430 ι.·

91 4467 216 4533 Ροεὶεν.,
232 4484 257 4521 c.
275 4481 323 4532 to,
337 4480 368 4533 q.
384 4481 415 4529 a,
435 4481 462 4519 a.
485 4481 516 4530 ις
536 4458 701 4532 Complut,
720 4460 807 4536 Log„
820 4459 898 4533 disp.
917 4481 963 4535 19,
982 4481 1011 4534 q.
1031 4483 1060 4532 ις
1074 4461 1179 4532 Joann.
1198 4485 1215 4523 e

91 4553 124 4612 S.
138 4554 207 4624 Th,
222 4552 339 4630 Logia,
354 4571 385 4624 q.
398 4551 447 4621 26,
459 4570 487 4608 a.
503 4569 530 4608 a.

128 4643 169 4715 (a)
207 4641 317 4714 Opusc.
333 4640 384 4700 cit.

128 4739 170 4806 (3)
206 4732 331 4807 Prolog.
348 4731 382 4789 te
396 4730 448 4789 lib.
460 4728 601 4799 sentent,
617 4749 647 4802 q.
660 4749 688 4801 a,
705 4729 791 4812 Quod
800 4727 972 4804 obiicitur...
