3492 5525
203 478 318 540 Anne.
329 490 390 541 μ’
399 476 521 541 Urnun
535 494 636 539 narro
650 493 790 540 nunnus
804 494 900 541 scine
914 494 1016 541 omum
1029 492 1099 539 eos.
1122 472 1178 555 961
1292 522 1296 529 .

104 563 1223 605 —wi-...p-...ffl—

95 742 99 747 ,
147 664 254 742 objic.
283 659 337 742 4.⁰
384 658 477 725 Fides
495 678 578 724 caeca
598 660 762 746 mysteriis
784 659 928 726 adhibita
956 656 1069 725 rationi
1093 665 1222 723 contra-

102 765 190 841 dicit,
211 778 248 832 ut
264 776 394 833 constat
417 778 464 833 t.⁰
482 786 524 832 ex
541 767 745 844 difficultate,
765 753 865 850 guam
882 768 1034 833 homines
1049 764 1221 850 experiun-

101 873 206 938 turin
224 874 399 939 credendo:
420 874 474 939 2.⁰
495 893 593 940 exeo
624 876 715 958 quod
738 874 925 961 hujusmodi
951 874 1034 941 tides
1049 868 1220 939 'rationem

100 989 246 1056 enervat,
268 981 415 1064 impedit,
436 1001 473 1047 ac
491 981 640 1047 timidam
660 984 745 1049 iacit.

167 1092 273 1171 Resp.
292 1089 367 1153 dist.
384 1099 499 1155 assert.
515 1088 549 1154 Si
565 1091 720 1177 mysteria
732 1090 920 1157 extrinsecis
937 1084 1140 1173 argumentis
1155 1104 1221 1151 non

100 1195 180 1261 satis
190 1197 526 1279 comprobentur,aut
535 1208 712 1282 appareant
721 1198 895 1272 credibilia,
907 1200 1020 1271 trans„
1033 1213 1140 1269 secus,
1151 1212 1218 1277 neg.

169 1284 255 1367 Tum
285 1320 359 1387 nego
389 1318 564 1387 utramque
592 1305 763 1370 rationem:
796 1306 934 1389 primam
965 1304 1116 1387 quidem,
1145 1302 1221 1385 quia

97 1409 273 1477 difficultas
290 1412 324 1477 in
343 1413 552 1478 assentiendo
576 1414 712 1498 spectari
736 1423 844 1497 potest
863 1411 922 1477 ¹vel
947 1420 1100 1495 exparte
1128 1411 1223 1475 intel·

100 1518 206 1584 lectus
223 1519 275 1584 vel
293 1538 335 1584 ex
349 1530 439 1602 parte
459 1521 648 1590 voluntatis.
672 1520 715 1587 At
740 1520 796 1587 ubi
813 1529 942 1586 constat
967 1518 1167 1586 sufficienter
1180 1517 1222 1583 de

100 1625 313 1703 revelatione,
335 1627 632 1713 mysteriorumque
645 1628 839 1694 credibilitas
856 1628 990 1695 evidens
1007 1635 1069 1703 est,
1087 1644 1152 1693 non
1172 1634 1221 1691 est

98 1744 212 1799 contra
232 1733 404 1810 rationem,
426 1736 484 1802 sed
500 1736 643 1801 maxime
657 1736 773 1803 rationi
787 1745 1064 1809 consentaneum,
1078 1744 1115 1799 ut
1128 1734 1222 1799 intel-

97 1842 203 1907 lectus
220 1843 261 1907 ad
279 1860 452 1909 assensum
472 1844 651 1911 voluntatis
668 1845 805 1929 imperio
822 1844 1012 1920 inclinetur,
1029 1861 1088 1908 nec
1106 1843 1139 1907 in
1159 1844 1221 1907 hoc

83 1936 200 2014 'illlam
221 1950 405 2017 intellectus
423 1950 649 2018 difficultatem
674 1952 804 2037 reperit.

168 2058 329 2124 Voluntas
347 2077 437 2134 vero,
458 2058 484 2125 si
504 2078 604 2142 quam
623 2060 656 2125 in
675 2059 792 2127 iisdem
811 2059 973 2147 adjunctis
991 2058 1219 2126 difficultatem

98 2165 133 2229 in
146 2165 338 2250 imperando
351 2166 529 2234 intellectui
544 2186 715 2235 assensum
730 2169 928 2254 experiatur,
945 2187 1017 2233 eam
1032 2187 1097 2233 non
1117 2168 1222 2233 aliun-

97 2275 140 2337 de
159 2274 295 2350 derivat,
311 2293 411 2357 quam
431 2294 472 2340 ex
490 2274 589 2341 animi
609 2276 748 2342 elatione
773 2276 876 2341 aliave
891 2276 1072 2343 inordinata
1095 2275 1222 2360 cupidi·

98 2390 178 2457 tate,
199 2401 299 2464 quam
320 2384 401 2448 ratio
419 2384 519 2450 dictat
538 2385 736 2450 fraenandam
756 2403 840 2451 esse.

167 2492 316 2557 Alterum
332 2509 465 2574 quoque
479 2502 706 2576 argumentam
723 2495 818 2559 inane
836 2504 898 2559 est.
916 2494 1015 2559 «Non
1035 2492 1122 2557 enim
1138 2490 1221 2557 fides

99 2599 169 2665 Deo
179 2600 320 2665 adhibita
338 2598 496 2665 rationem
516 2613 661 2676 enervat,
677 2602 735 2666 sed
755 2602 942 2669 corroborat
960 2612 993 2667 et
1015 2602 1132 2683 elevat;
1154 2598 1220 2668 non

99 2708 253 2793 impedit,
274 2709 332 2774 sed
347 2716 471 2775 tutatur
494 2728 531 2774 ac
547 2708 666 2795 dirigit3
689 2728 748 2775 nec
765 2710 840 2777 iacit
858 2708 1024 2788 timidam,
1044 2710 1103 2777 sed
1118 2710 1222 2778 reddit

99 2819 292 2893 cautiorem,
313 2826 349 2883 ut
369 2823 402 2881 et
423 2817 463 2881 de
478 2815 532 2892 iis,
548 2837 623 2900 quae
640 2837 738 2901 supra
753 2837 788 2884 se
803 2831 894 2894 sunt,
916 2838 982 2884 non
997 2827 1120 2884 temere
1135 2820 1223 2906 judi·

98 2938 164 3002 cet,
189 2934 221 2990 et
245 2945 294 3001 ea,
320 2943 395 3008 quae
414 2927 568 2991 humanae
587 2926 728 2993 subsunt
756 2927 1012 3012 investigationi,
1042 2930 1222 2997 accuratius

98 3034 284 3118 expendat»
306 3033 320 3119 (
342 3031 368 3121 ).
1210 3051 1213 3058 ·

144 3148 252 3224 Oinc.
268 3140 318 3209 ao
363 3140 530 3209 Revelatio
543 3143 661 3226 spoliat
680 3142 838 3210 rationem
853 3145 1001 3211 libertate
1015 3154 1114 3230 atque
1133 3145 1224 3213 inde-

100 3251 273 3336 pendentia
282 3249 342 3316 sibi
354 3250 474 3316 debita.
488 3251 572 3336 Ergo
587 3252 675 3317 nulla
690 3252 895 3319 revelationis
906 3264 955 3319 est
966 3254 1113 3321 habenda
1128 3257 1219 3322 ratio.

168 3365 273 3441 Resp.
295 3359 418 3424 nullam
436 3376 509 3423 esse
532 3360 665 3426 rationis
679 3359 861 3427 libertatem
881 3369 980 3445 atque
1002 3361 1223 3446 independen-

101 3469 193 3532 tiam.
215 3466 274 3532 Vel
294 3466 382 3530 enim
402 3467 537 3545 evidens
555 3478 606 3533 est
624 3467 808 3552 objectum,
827 3469 918 3552 quod
937 3469 997 3553 ipsi
1017 3471 1220 3554 proponitur,

100 3578 153 3641 vel
169 3592 248 3640 non.
269 3573 304 3639 Si
318 3583 369 3640 est
382 3575 527 3672 egidens,
545 3576 659 3659 nequit
672 3575 855 3644 intellectus
870 3577 931 3643 dici
952 3577 1033 3643 liber
1054 3587 1110 3644 aut
1133 3578 1224 3645 inde-

102 3683 262 3768 pendens,
278 3681 454 3764 siquidem,
468 3696 504 3748 ut
517 3682 590 3749 alibi
606 3684 809 3768 scripsimus,
826 3684 1037 3753 necessitatur
1055 3687 1096 3752 ad
1114 3705 1225 3753 assen-

101 3809 191 3856 sum.
219 3789 253 3855 Si
277 3809 355 3856 vero
378 3790 545 3875 objectum
570 3810 637 3857 non
665 3805 716 3859 est
740 3794 887 3870 evidens,
917 3794 1030 3877 nequit
1049 3813 1090 3860 ex
1116 3795 1224 3880 seipso
1260 3786 1267 3802 ‘
1349 3860 1351 3869 ,

101 3897 309 3964 determinari
333 3899 374 3962 ad
390 3916 574 3977 assensum,
595 3901 655 3965 sed
673 3899 796 3985 indiget
810 3901 948 3986 imperio
971 3911 1069 3986 atque
1092 3903 1225 3971 inclina-

100 4007 190 4072 tione
205 4006 394 4072 voluntatis.
415 4005 534 4072 lterum
550 4025 628 4092 ergo
647 4007 746 4073 etiam
760 4009 844 4075 circa
866 4011 1032 4094 objectum
1056 4013 1224 4078 inevidens

103 4113 214 4197 nequit
237 4113 298 4180 dici
322 4113 504 4180 intellectus
518 4115 598 4182 liber
622 4125 720 4200 atque
739 4117 981 4202 independens3
999 4119 1075 4203 quia
1095 4119 1224 4188 libertas

101 4222 230 4307 proprie
243 4221 410 4309 loquendo
420 4222 524 4289 solius
542 4224 603 4290 dos
621 4234 672 4291 est
690 4225 881 4303 voluntatis,
897 4245 972 4311 quae
987 4238 1037 4294 est
1049 4223 1225 4295 formaliter

102 4332 214 4396 libera.

168 4439 206 4505 Et
220 4440 329 4505 solum
343 4437 405 4504 dici
416 4447 523 4524 potest
532 4439 714 4507 intellectus
727 4441 903 4526 improprie
914 4443 994 4510 liber
1004 4463 1061 4530 per
1075 4445 1223 4513 ordinem
1329 4493 1335 4506 .

102 4546 143 4612 ad
157 4546 339 4613 libertatem
359 4547 549 4623 voluntatis,
571 4557 736 4631 quatenus
762 4568 804 4614 ex
825 4548 963 4635 imperio
992 4551 1090 4638 hujus
1116 4564 1224 4639 potest

137 4786 179 4849 (r)
214 4779 386 4854 Tongiorgi.
403 4781 457 4851 loe,
472 4779 521 4840 cit.
538 4799 569 4840 n.
585 4740 648 4856 ᾗς.

1129 4887 1164 4957 61
