3492 5525
313 484 403 573 5111.
428 482 666 551 Prruosoerus
686 502 787 550 ohtoo
809 505 851 553 er
872 506 1085 555 onocsessus
1169 504 1219 569 ¹²7-

455 591 1256 615 --------.-.-...........

129 674 328 746 auditorem.
347 672 452 757 liujus
465 660 589 737 alumni
605 688 645 736 ex
661 668 805 754 porticu,
821 688 891 755 quo
906 672 946 739 ad
960 652 1255 743 eum'audie'ndum

129 780 270 851 Athenis
284 780 509 857 confluebant,
527 774 627 843 Stoici
638 776 789 862 appellati
805 789 897 847 sunt.

173 890 288 955 Plures
302 896 417 955 nactus
433 894 483 953 est
496 885 584 955 Zeno
599 884 796 970 discipulos,
818 888 850 952 in
865 880 990 972 quibus
1000 888 1157 957 illustrius
1170 890 1255 957 obti-

129 1015 232 1063 nuere
255 1004 376 1063 nonien
393 994 555 1061 Cleanthes
577 992 729 1061 Assensis
744 1012 785 1059 ex
802 992 945 1073 Troade,
966 995 1023 1080 qui
1043 1008 1119 1081 post
1134 996 1257 1083 magis·

126 1118 219 1171 trum
244 1103 407 1169 Porticum
432 1102 530 1178 rexit,
556 1100 746 1184 Cdrrpippus
769 1100 936 1169 Tarsensis
958 1123 1000 1169 ex
1025 1103 1166 1191 cylicia,
1198 1107 1254 1189 qui
1372 1102 1376 1109 ’

127 1222 263 1279 mortuo
288 1209 436 1277 Cleanthi
462 1210 617 1275 successit
640 1206 672 1274 in
699 1227 738 1273 eo
761 1228 915 1293 munere,
944 1210 1122 1295 multisque
1149 1214 1255 1281 clarus

124 1318 361 1385 certaminibus
374 1336 452 1383 cum
468 1316 536 1381 aliis
551 1315 730 1399 aequalibus
745 1313 964 1401 Philosophis,
983 1319 1137 1385 Columna
1150 1320 1256 1386 Porti-
1348 1351 1350 1366 =

124 1448 183 1493 cus
196 1426 305 1494 dictus
318 1425 398 1501 suit,
414 1427 503 1491 Zeno
516 1422 700 1505 Tarsensis,
723 1424 892 1505 Antipater
909 1424 1076 1491 Tarsensis
1095 1428 1146 1492 vel
1162 1426 1256 1494 Sido·

126 1534 219 1612 nius,
242 1544 278 1601 ut
295 1534 347 1598 alii
359 1534 491 1608 volunt,
509 1530 663 1616 Magister
677 1529 810 1597 Catonis
829 1530 1010 1615 Uticensis3
1027 1533 1182 1617 Diogenes
1196 1532 1256 1601 Ba-

124 1642 303 1730 bylonius,
320 1642 377 1725 qui
393 1639 536 1707 Romam
554 1638 676 1705 missus
691 1638 751 1704 suit
765 1638 894 1723 legatus
912 1657 1069 1705 unacum
1088 1641 1254 1707 Carneade

126 1750 326 1815 Academico
341 1758 372 1815 et
394 1746 535 1813 Critolao
549 1744 761 1829 Peripatetico
774 1747 855 1811 circa
870 1766 924 1811 an.
947 1765 1005 1831 155
1029 1768 1060 1813 a.
1075 1747 1129 1825 C.,
1142 1750 1257 1815 Panca-

123 1858 189 1923 lr'us
209 1854 375 1933 Rhodius,
398 1854 555 1941 Diogenis
574 1854 722 1930 auditor,
744 1853 799 1936 qui
817 1852 933 1919 Romae
952 1873 1086 1940 quoque
1104 1856 1255 1923 docuisse

122 1966 245 2033 dicitur
259 1975 291 2031 et
305 1961 486 2031 doctrinam
507 1960 753 2046 Peripateticum
774 1980 851 2027 cum
876 1960 984 2029 Stoica
998 1964 1031 2028 in
1046 1964 1253 2029 concordiam

122 2092 280 2140 revocare
307 2070 470 2151 voluisse;
501 2090 536 2135 ac
566 2070 703 2134 demum
732 2068 936 2135 Possidonius
967 2072 1183 2155 Apameensis
1213 2090 1255 2137 ex

121 2181 235 2269 Syria,
261 2179 317 2264 qui
343 2176 468 2245 Rhodis
484 2178 612 2251 docuit,
640 2184 673 2241 et
688 2172 851 2243 auditores
872 2177 984 2245 habuit
1001 2178 1192 2245 Ciceronem
1217 2198 1254 2245 ac

121 2288 336 2373 Pompeium.
353 2286 398 2351 Ex
408 2286 459 2351 his
470 2283 639 2369 Antipater·
650 2284 824 2369 Diogenes,
839 2285 1015 2362 Panaetius,
1027 2285 1252 2365 Possidonius,

119 2396 274 2462 studium
286 2392 442 2460 doctrinae
456 2392 573 2459 Stoicae
585 2394 668 2458 inter
678 2393 846 2458 Romanos
856 2394 909 2457 vel
920 2394 1078 2461 excitasse
1090 2396 1250 2474 feruntur,

119 2505 174 2571 rel
191 2502 300 2587 magis
312 2496 525 2587 accendisse(
551 2497 576 2587 ).

193 2608 294 2676 Stoici
314 2608 471 2674 moralem
492 2606 704 2692 potissimum
724 2607 967 2692 Philosophiam
983 2610 1174 2691 coluerunt;
1192 2610 1253 2676 Lo-

119 2721 232 2807 gicam
245 2716 344 2784 etiam
363 2715 623 2801 amplificarunt,
644 2714 867 2799 multiplicatis
882 2718 964 2784 ultra
980 2700 1116 2783 modum
1132 2736 1250 2802 praece·

84 2875 93 2894 .
118 2827 188 2913 ptis
204 2823 270 2914 (2);
286 2825 458 2912 Physicam
475 2842 553 2890 vero
568 2823 779 2890 Pantheismo
794 2823 938 2892 vitiatam
954 2825 1167 2894 tradiderunt.

71 2995 119 3012 ,,,
166 2937 226 3000 28.
274 2933 402 3017 Suppar
419 2931 540 2998 Zenoni
553 2931 671 2998 Cittico
684 2931 743 2998 luit
758 2931 910 3013 Epicurus
923 2931 1129 3019 (337†27o
1143 2953 1174 3002 a.
1193 2930 1251 3022 C.)

119 3029 353 3116 Atheniensis,
374 3041 427 3105 hic
446 3057 550 3106 annos
570 3050 666 3104 natus
685 3057 727 3122 32
747 3040 893 3104 scholam
916 3039 1056 3106 instituit
1079 3041 1248 3126 Lampsaci

118 3153 288 3236 primum,
309 3167 389 3214 mox
406 3145 545 3213 Athenis
560 3147 593 3213 in
603 3145 671 3213 suis
684 3145 802 3223 hortis,
815 3156 847 3212 et
865 3146 909 3211 ab
927 3149 998 3232 ejus
1018 3147 1152 3214 nomine
1171 3147 1248 3215 dicti

118 3265 202 3324 sunt
225 3255 355 3322 asseclae
381 3253 535 3338 Epicurei.
564 3253 652 3318 lianc
676 3253 820 3318 scholam
849 3271 914 3338 prae
938 3255 1064 3321 caeteris
1091 3255 1249 3323 doctrinae
1300 3305 1304 3314 .

119 3363 286 3449 capitibus
303 3361 466 3428 celebrem
486 3360 591 3427 effecit
610 3359 804 3445 principium
820 3347 897 3427 illud
915 3379 1077 3446 reponens
1095 3365 1248 3431 ultimum

118 3473 226 3538 tinem
244 3469 385 3537 hominis
395 3468 427 3534 ih
440 3469 625 3554 voluptate:
639 3469 726 3534 unde
737 3478 867 3553 postea,
881 3469 1042 3554 quidquid
1053 3472 1249 3538 immodera-

118 3593 196 3650 tum
212 3589 261 3644 est
280 3578 313 3644 in
332 3595 394 3643 usu
411 3577 642 3660 voluptatum,
658 3575 838 3658 epicureum
850 3586 885 3642 et
901 3577 1104 3658 epicurismus
1122 3579 1246 3646 dictum

119 3695 191 3765 est;
213 3685 246 3750 in
263 3683 472 3768 Philosophia
492 3701 569 3748 vero
590 3682 726 3748 naturali
745 3683 961 3750 atomismum
980 3685 1199 3771 propugnavit
1215 3698 1247 3754 et

119 3790 318 3879 positivismi
347 3797 380 3856 et
407 3787 630 3857 materialismi
659 3791 785 3878 semina
804 3792 924 3877 jecisse
945 3791 1149 3860 existimatur
1174 3791 1245 3882 (3).

117 3900 336 3983 Quamquam
362 3915 428 3964 non
450 3897 574 3973 desint,
599 3899 656 3981 qui
677 3897 852 3983 Epicurum
875 3901 1042 3984 exemplar
1063 3901 1244 3980 modestiae,

118 4005 294 4095 probitatis
309 4005 558 4089 honestatisque
573 4005 673 4074 fuisse
687 4005 899 4085 arbitrentur,
917 4026 954 4072 ac
965 4008 1145 4074 doctrinam
1160 4009 1247 4078 illius

117 4117 161 4182 ab
176 4113 271 4181 omni
281 4113 493 4198 turpitudinis
504 4121 535 4178 et
547 4111 768 4180 materialismi
783 4113 854 4202 labe
871 4113 1066 4181 vindicatam
1082 4116 1183 4184 velint
1192 4113 1243 4206 (4)

153 4315 197 4377 (ι)
236 4307 352 4368 Cueres
374 4309 428 4366 loc.
448 4306 497 4366 cit.
514 4321 585 4366 sect.
605 4326 636 4381 53
657 4307 866 4378 Tennemunn,
889 4329 988 4384 perag.
1012 4310 1080 4384 ¹583
1101 4311 1243 4374 Gonzelez

114 4419 183 4474 per.
199 4420 251 4474 79,
266 4399 319 4470 84;
336 4397 462 4457 Bourier
476 4397 529 4456 loe.
544 4397 592 4456 cit.
608 4397 693 4469 chep.
708 4397 772 4458 Xll.

151 4487 196 4562 (ι)
235 4488 281 4546 De
293 4507 352 4559 quo
366 4485 425 4546 vid.
443 4486 563 4545 Petrum
578 4487 705 4546 Fonseca
721 4485 779 4560 Op.
794 4501 822 4546 et
834 4487 887 4547 loc.
904 4487 952 4547 cit.
967 4509 1030 4562 cap.
1045 4511 1073 4562 4.

152 4596 201 4668 (3)
240 4593 383 4654 Gonzelez
405 4613 508 4668 perag.
530 4595 580 4662 88,
603 4594 681 4667 apud
702 4615 790 4667 quem
807 4594 942 4655 videntur
962 4617 1078 4656 summa
1102 4597 1244 4659 doctrinae

112 4685 277 4758 epicureos,
293 4703 354 4756 par.
370 4684 404 4758 83
420 4702 504 4756 seqq.
520 4695 550 4743 et
560 4683 639 4756 apud
654 4683 769 4744 Cueves
781 4684 834 4744 loc.
848 4684 898 4746 cit.
913 4700 982 4746 sect.
995 4707 1023 4762 4.

151 4781 206 4848 (4)
243 4771 313 4832 vid.
331 4771 610 4847 Gonznlezper.85.
