3492 5525
563 465 623 530 aba
755 465 880 530 imolen
900 465 1145 530 Minos-Drse.
1169 475 1218 527 a·
1237 463 1317 528 Cre.
1342 479 1413 527 ψ

525 648 752 716 definitionem
771 647 1014 733 propositiones
1034 667 1109 733 quae
1126 649 1279 716 dicuntur
1291 649 1334 714 de
1351 652 1488 714 extremo
1503 652 1643 732 copulato

523 758 576 823 v'el
594 757 787 841 conjuncto,
807 775 884 841 quae
903 755 1057 823 nimirum
1077 756 1199 824 habent
1217 775 1277 841 pro
1295 756 1442 842 subjecto
1460 758 1512 822 vel
1532 757 1644 842 predi

523 873 596 930 cato
609 865 719 949 plures
732 866 891 931 terminos
905 865 1060 950 particula
1077 864 1261 950 copulativa
1275 883 1455 941 connexos,
1476 885 1509 930 v.
1529 885 1564 950 g.
1584 866 1643 931 Pe-

522 977 593 1038 trus
601 976 634 1039 et
642 973 764 1038 Paulus
780 973 887 1041 Ronzae
903 973 1062 1040 obierunt:
1076 974 1190 1039 Petrus
1206 973 1271 1046 fuit
1281 975 1449 1056 Apostolus
1460 977 1493 1038 et
1503 975 1639 1056 Martyr,

523 1080 597 1148 iicet
615 1081 832 1164 aequivaleant
849 1080 1055 1166 copulativis,
1084 1081 1269 1165 resolvique
1287 1079 1415 1164 possint
1434 1079 1466 1146 in
1484 1081 1642 1164 copulati-

522 1207 598 1264 vas,
615 1205 682 1254 non
696 1196 776 1255 sunt
789 1199 900 1254 tamen
916 1189 1091 1256 formaliter
1102 1188 1312 1273 copulativae,
1328 1207 1404 1255 cum
1421 1207 1487 1254 non
1502 1188 1642 1254 habeant

522 1295 583 1362 nisi
596 1297 726 1362 unicam
737 1296 902 1380 copulam.
917 1295 1006 1364 Sicut
1020 1297 1117 1363 etiam
1129 1296 1366 1381 propositiones
1382 1297 1642 1362 universalesca-

520 1402 691 1489 tegoricae,
707 1403 750 1470 ab
768 1403 923 1470 omnibus
941 1405 1105 1470 habentur
1120 1404 1301 1488 simplices,
1321 1403 1396 1470 licet
1410 1403 1643 1488 aequivalenter

521 1529 558 1576 ac
576 1511 754 1577 virtualiter
768 1509 834 1578 sint
852 1513 1047 1596 complexae,
1067 1521 1183 1597 utpote
1202 1512 1392 1580 resolubiles
1416 1511 1450 1577 in
1469 1513 1578 1597 plures
1600 1514 1642 1578 de

521 1618 670 1704 subjecto
687 1618 843 1704 singulari
861 1621 1045 1687 secundum
1066 1622 1194 1706 regulas
1212 1621 1377 1704 expositas
1395 1637 1454 1705 pro
1472 1621 1642 1686 resolutio-

520 1744 562 1792 ne
589 1726 826 1812 suppositionis
855 1746 914 1811 per
946 1727 1155 1794 descensum.
1188 1727 1225 1792 Et
1253 1727 1334 1794 ratio
1360 1735 1424 1804 est,
1454 1727 1532 1811 quia
1558 1727 1641 1814 circa

520 1835 671 1901 eamdem
701 1834 870 1901 materiam
891 1843 1031 1918 possunt
1053 1834 1122 1900 fieri
1149 1835 1387 1920 propositiones
1414 1833 1591 1902 formaliter
1608 1844 1642 1902 et

518 1941 669 2027 specifice
687 1943 840 2019 diversae,
861 1943 935 2008 licet
948 1942 1035 2008 idem
1055 1961 1172 2008 omnes
1199 1943 1309 2026 quoad
1328 1962 1396 2008 rem
1416 1944 1521 2027 ipsam
1536 1961 1643 2008 enun-
1729 2017 1730 2020 Ἴ

519 2049 613 2116 tient:
641 2069 674 2116 v.
704 2069 740 2135 g.
765 2050 1001 2117 baec'causalis
1028 2060 1097 2116 est:
1120 2049 1205 2132 Quia
1230 2049 1316 2116 bomo
1342 2051 1497 2118 lethaliter
1519 2055 1639 2134 peccat

513 2156 650 2241 podem
675 2156 810 2238 amittit;
835 2159 904 2224 haec
923 2167 1034 2224 tamen
1053 2155 1129 2223 alia:
1160 2158 1323 2223 Peccatum
1340 2157 1450 2224 lethale
1467 2159 1502 2223 in
1521 2158 1643 2224 bomne
1729 2199 1730 2202 =

517 2267 799 2353 cmoatjacmam
811 2265 940 2350 polu,
962 2274 1100 2348 utraque
1123 2264 1263 2330 identica
1281 2266 1390 2349 quoad
1414 2283 1568 2343 sensum,
1595 2269 1643 2333 lo

517 2373 590 2459 gice
607 2393 646 2439 ac
664 2373 842 2439 formaliter
859 2371 1001 2438 identica
1020 2389 1085 2438 non
1105 2381 1171 2448 est,
1191 2372 1249 2438 sed
1273 2381 1323 2438 est
1346 2390 1481 2458 prorsus
1498 2375 1642 2459 simplex

517 2489 549 2546 et
566 2480 747 2567 categorica
760 2478 826 2568 (r).
848 2480 899 2547 Ad
915 2481 973 2547 bas
989 2479 1227 2566 propositiones
1241 2481 1283 2546 de
1296 2488 1444 2548 extremo
1463 2483 1641 2568 conjuncto

517 2588 659 2656 revocari
678 2582 818 2673 possunt
837 2587 1074 2673 propositiones
1087 2596 1275 2654 constantes
1293 2587 1442 2656 terminis
1457 2591 1642 2675 complexis
1729 2651 1730 2654 ,

515 2696 697 2764 orationem
720 2696 862 2780 aliquam
886 2697 928 2763 de
946 2696 1140 2780 pronomine
1164 2697 1297 2763 relativo
1314 2695 1576 2777 continentibus,
1597 2700 1641 2766 de

516 2805 637 2891 quibus
649 2807 721 2872 fuse
734 2805 869 2889 quidam
886 2804 1106 2889 disputarunt.
1122 2803 1224 2870 Nobis
1239 2813 1350 2871 tamen
1366 2805 1397 2871 id
1412 2806 1520 2873 solum
1531 2806 1641 2875 dicere

514 2913 593 2981 satis
611 2914 724 2991 fuerit,
740 2913 809 2979 ilias
826 2914 893 2979 fere
912 2912 965 2978 vel
984 2910 1018 2977 in
1036 2911 1239 2996 copulativas
1254 2913 1304 2978 vel
1320 2912 1353 2978 in
1371 2914 1519 2980 causales
1536 2916 1590 2980 vel
1604 2916 1640 2982 in

513 3020 752 3089 conditionales
760 3038 820 3105 pro
831 3019 921 3086 vario
941 3017 1073 3087 rationis
1091 3036 1190 3086 sensu
1206 3020 1309 3104 logice
1329 3021 1450 3087 resolvi.
1460 3040 1558 3106 posse
1571 3019 1638 3111 (2).

300 3153 496 3213 „psalmum
581 3128 652 3210 lam
685 3129 718 3194 in
750 3127 961 3213 copulatius,
999 3124 1280 3211 quemadmodum
1311 3145 1411 3213 supra
1443 3128 1641 3198 notabamus

370 3226 433 3273 ‘⁸¹¹²
513 3235 695 3324 generatim
715 3236 757 3302 de
774 3236 866 3302 omni
891 3236 1063 3319 complexa
1090 3252 1148 3301 seu
1172 3234 1381 3320 hypothetica
1399 3237 1638 3322 propositione,
1729 3240 1730 3279 ³

514 3344 703 3413 enuntiatur
720 3362 826 3411 nexus
850 3362 888 3409 ac
905 3342 1098 3409 simultanea
1117 3342 1235 3409 veritas
1257 3341 1460 3429 singularum
1479 3346 1638 3429 partium.
1729 3348 1730 3415 Ϊ

369 3474 433 3522 usu
514 3452 608 3521 Unde
622 3452 772 3537 sequitur
795 3458 841 3517 1.⁰
855 3452 898 3516 ad
913 3449 1081 3517 veritatem
1096 3450 1315 3534 copulativam
1332 3451 1450 3533 requiri
1466 3452 1637 3521 veritatem

309 3546 492 3667 'affin
513 3559 667 3627 omnium
687 3578 724 3626 ac
740 3560 947 3646 singulorum
963 3560 1120 3644 partium,
1141 3558 1182 3624 ad
1197 3557 1369 3625 falsitatem
1381 3569 1492 3627 autern
1506 3562 1641 3629 suffice-

352 3634 447 3735 rrrnr'n:
516 3688 550 3734 re
568 3669 743 3735 falsitatem
762 3668 861 3734 unius
878 3674 1008 3733 tantum
1029 3665 1181 3732 membri.

354 3798 445 3843 maras·
560 3783 611 3844 2.⁰
656 3773 849 3861 Copuiativa
872 3774 932 3840 en't
952 3776 1147 3851 necessaria,
1168 3772 1195 3841 si
1214 3789 1333 3843 omnes
1360 3776 1432 3860 ejus
1450 3784 1559 3861 partes
1578 3797 1640 3844 ne-

326 3868 469 3929 dum·
513 3884 662 3951 cessariae
680 3882 765 3965 sint3
784 3881 1013 3968 impossibilis,
1041 3884 1068 3949 si
1095 3899 1214 3948 omnes
1230 3883 1283 3948 vel
1301 3882 1418 3949 saltem
1436 3883 1544 3967 aliqua
1562 3904 1639 3971 pars

513 3991 556 4059 sit
575 3990 802 4077 impossibilis3
822 3997 856 4055 et
878 3988 1091 4076 contingens,
1120 3988 1147 4057 si
1174 4008 1310 4067 omnes,
1338 4002 1396 4059 aut
1424 4007 1489 4056 una
1517 3993 1636 4059 saltem

513 4118 588 4185 pars
601 4098 645 4167 sit
661 4100 872 4186 contingens,
893 4107 927 4164 et
946 4098 1033 4163 nulla
1050 4095 1275 4182 impossibilis.

335 4228 457 4289 quarn..
556 4206 611 4293 3.⁰
657 4204 832 4283 Quantitas
871 4206 984 4291 propia
1021 4206 1214 4291 copulativae
1250 4204 1498 4291 propositionis,
1537 4218 1638 4293 prout

509 4312 601 4390 talis,
617 4312 803 4381 definienda
820 4316 881 4381 erit
899 4332 965 4380 non
981 4332 1023 4380 ex
1037 4314 1219 4397 quantitate
1238 4312 1421 4399 partialium
1439 4314 1640 4381 enuntiatio-

543 4492 585 4565 (ι)
620 4492 680 4552 atii
688 4506 786 4552 tamen
796 4506 897 4553 contre
906 4492 1049 4561 sentiunt,
1060 4490 1310 4564 contendantque,
1321 4490 1409 4551 etlam
1419 4490 1638 4564 propositiones

505 4582 542 4643 de
557 4597 689 4643 extremo
706 4582 842 4656 copulato
855 4581 1037 4656 copulativas
1048 4600 1121 4641 esse.
1139 4580 1190 4639 Lis
1204 4595 1250 4641 est
1263 4581 1301 4641 de
1317 4582 1417 4641 verbo.

542 4679 582 4740 (a)
617 4673 695 4732 Vide
715 4673 856 4733 Lossede.
878 4673 975 4732 Irrstr't.
991 4673 1113 4738 dicier..
1133 4691 1185 4731 seu
1205 4670 1354 4741 Summi,
1369 4670 1445 4745 disp.
1463 4690 1494 4744 ς,
1513 4692 1578 4745 cap.
1606 4694 1632 4745 3,

511 4783 540 4823 ὓ·
555 4783 575 4837 9
587 4782 670 4836 seqq.
