3492 5525
314 452 642 537 Anarc.3.t³Urrrun
655 452 1075 519 Loorcxscrrrnrraaxxns
1138 472 1216 537 1093
1287 476 1293 485 ·

133 646 243 704 tamen
263 636 402 705 artilices
421 636 455 703 in
469 636 515 702 eis
534 631 799 703 demonstrandis
817 638 906 705 haud
921 638 1085 714 laborant,
1106 638 1165 703 sed
1180 656 1259 705 con-

134 745 215 812 tenti
233 756 313 812 sunt
340 743 555 828 experientia,
583 743 772 810 inductione
801 746 851 809 vel
880 745 1084 813 auctoritate.
1104 744 1205 815 Quod
1230 746 1256 811 si

133 853 208 937 quis
227 852 340 919 artifex
359 871 417 937 per
434 851 749 935 demonstrationem
770 852 936 936 probaret,
953 861 991 918 ut
1010 862 1140 938 posset,
1163 871 1260 938 regu·

134 964 181 1027 las
201 961 279 1028 artis
297 961 434 1026 nauticae
453 960 504 1025 vel
525 960 670 1026 militaris
685 981 718 1025 ν.
739 980 789 1045 g..
810 979 848 1025 ea
866 980 919 1026 ars
936 962 1035 1027 simul
1055 969 1141 1027 esset
1155 961 1260 1027 scien-

134 1070 190 1137 tia.
212 1067 264 1134 Sic
283 1066 470 1146 Rhetorica,
488 1077 585 1152 prout
599 1066 822 1133 communiter
834 1066 987 1144 traditur,
1004 1088 1070 1134 non
1090 1078 1141 1135 est
1154 1068 1259 1135 scien·

134 1176 195 1253 tia,
215 1185 249 1242 et
277 1186 388 1241 tamen
418 1176 551 1241 scientia
569 1183 721 1243 censetur
748 1184 845 1259 prout
872 1176 914 1242 ab
942 1176 1114 1244 Aristotele
1143 1178 1259 1243 tradita

106 1330 111 1337 ·
136 1294 209 1350 estu
231 1281 244 1371 (
268 1282 295 1369 ).

201 1390 251 1457 Ad
270 1392 302 1477 ξ)
319 1388 382 1457 Ars
402 1390 516 1456 dicitur
535 1408 607 1456 esse
623 1391 654 1455 in
675 1399 764 1473 parte
777 1390 958 1474 opinativa,
977 1392 1026 1456 vel
1043 1401 1175 1476 propter
1190 1411 1260 1457 me·

132 1499 300 1575 chanicas,
321 1518 395 1582 quae
416 1516 482 1564 non
502 1497 678 1564 scientifice
692 1507 886 1574 tractantur,
903 1500 954 1564 vel
969 1508 1102 1585 propter
1119 1502 1259 1584 applica-

132 1608 257 1673 tionem
278 1607 318 1671 ad
334 1625 435 1690 opus,
459 1624 523 1671 non
548 1625 625 1671 vero
649 1625 690 1671 ex
709 1614 798 1689 parte
817 1606 1016 1685 directionis,
1047 1625 1111 1690 qua
1136 1609 1258 1673 ratione

134 1723 183 1781 est
203 1714 306 1780 virtus
327 1712 563 1779 intellectualis.
585 1715 700 1797 Neque
714 1721 763 1779 est
781 1714 821 1778 de
841 1715 964 1779 ratione
982 1715 1145 1780 essentiali
1165 1716 1255 1791 artis,

135 1834 170 1889 ut
186 1823 286 1888 modo
306 1819 490 1905 composito
510 1821 678 1903 procedat,
695 1822 754 1887 sed
773 1829 882 1905 potest
900 1823 997 1887 etiam
1015 1823 1115 1887 modo
1134 1824 1258 1888 resolu-

133 1932 202 1996 tivo
222 1939 254 1995 et
268 1928 469 2013 speculativo
488 1928 661 2012 procedere
680 1930 711 1994 in
727 1927 795 1995 suis
815 1931 998 2014 praeceptis,
1020 1931 1136 1996 saltem
1154 1949 1259 2014 quan-

134 2040 179 2105 do
198 2056 282 2122 opus
296 2040 366 2123 ejus
385 2046 435 2102 est
453 2035 632 2120 speculatio
649 2034 712 2125 (a).

245 2206 392 2286 Quaeres
409 2222 455 2266 an
474 2204 600 2281 Logica
619 2212 722 2265 utens
740 2205 786 2265 sit
803 2203 964 2276 scientia,
984 2220 1106 2269 necne.

180 2379 198 2446 3
202 2379 257 2447 3ο.
278 2340 281 2363 ⁵
307 2360 471 2427 Hactenus
486 2358 615 2445 egimus
629 2358 800 2427 dumtaxat
810 2360 850 2423 de
861 2359 978 2444 logica
989 2359 1143 2435 docente,
1154 2378 1255 2442 quam

133 2468 340 2533 ostendimus
359 2459 433 2533 cum
450 2466 636 2533 auctoribus
656 2475 778 2548 quartae
797 2467 967 2533 sententiae
981 2467 1150 2533 scientiam
1167 2486 1253 2534 esse.

136 2578 179 2640 nt
193 2575 236 2641 illi
256 2586 420 2651 auctores,
438 2576 552 2641 saltem
574 2575 681 2657 plures
704 2584 824 2659 negant
848 2575 962 2651 simul,
990 2574 1140 2659 Logicam
1161 2584 1255 2642 uten-

133 2692 201 2749 tem
222 2701 293 2747 esse
313 2682 494 2748 scientiam.
517 2680 603 2759 Quid
622 2700 701 2767 ergo
720 2682 752 2747 in
773 2684 831 2747 hac
846 2700 880 2746 re
894 2683 1074 2747 tenendum
1090 2680 1159 2749 est?

201 2790 324 2856 Verum
352 2801 427 2857 ante
443 2790 555 2855 'omnia
582 2789 759 2855 videndum
784 2802 851 2867 est,
872 2790 950 2873 quid
979 2789 1021 2857 sit
1050 2790 1168 2876 logica
1195 2790 1256 2856 do·
1295 2797 1443 2854 Qutdtartc·

132 2918 210 2965 cens
229 2906 262 2964 et
282 2906 395 2974 utens,
416 2909 448 2964 et
467 2898 618 2982 quaedam
639 2897 780 2962 notanda
799 2897 882 2963 circa
900 2897 1070 2981 utriusque
1090 2907 1252 2966 naturam.
1269 2869 1350 2915 Μ
1365 2879 1471 2917 ‘¹⁰¹‘⁰⁸'

133 3007 249 3092 logica
267 3007 389 3072 docens
404 3004 519 3071 dicitur
532 2994 682 3088 easque
702 3005 830 3090 regulas
847 3015 932 3070 recte
949 3004 1124 3070 disserendi
1145 3005 1253 3081 tradit,

132 3123 228 3181 utens
247 3124 369 3191 autem,
390 3131 465 3196 quae
485 3113 613 3198 regulas
632 3113 729 3178 hasce
750 3112 883 3177 mandat
904 3111 1099 3179 executioni.
1122 3113 1155 3178 ln
1175 3131 1257 3196 qua-

133 3223 210 3288 libet
225 3222 313 3286 enim
333 3219 466 3288 scientia
484 3220 620 3304 practica
638 3219 705 3286 duo
725 3221 793 3284 haec
807 3219 962 3304 distingui
983 3229 1137 3304 possunt:
1159 3221 1257 3286 tradi-

132 3331 179 3396 tio
210 3341 447 3413 praeceptorum
478 3314 522 3393 et‘
545 3347 625 3393 usus
654 3327 866 3410 eorumdem
898 3345 955 3393 seu
991 3329 1099 3412 operis
1129 3329 1255 3394 effectio

134 3437 304 3522 praeceptis
323 3437 384 3501 illis
400 3435 609 3502 accomodata
627 3432 691 3522 (3).

202 3543 289 3610 Usus
308 3561 405 3627 porro
425 3543 468 3608 rei
492 3563 533 3609 ex
557 3543 593 3610 S.
614 3542 742 3608 Thoma
765 3551 814 3608 est
836 3542 1004 3624 applicatio
1026 3541 1116 3608 illius
1131 3545 1176 3609 ad
1195 3543 1258 3608 ali·
1306 3561 1437 3620 pirama..

132 3669 228 3737 quam
245 3651 468 3733 operationem:
488 3652 571 3716 rande
591 3653 622 3716 et
638 3650 789 3732 operatio,
809 3653 852 3716 ad
870 3669 964 3736 quam
980 3651 1173 3733 applicamus
1189 3669 1256 3717 rem

170 3944 210 4004 (r)
247 3937 388 4007 Lossada,
404 3937 458 3994 loc.
473 3935 534 4004 cit,
548 3955 577 3994 n.
597 3955 638 3993 rr.

170 4033 211 4092 (a)
249 4027 354 4097 Joann.
371 4047 387 4083 a
403 4025 435 4083 S.
449 4025 518 4094 Th,
530 4026 595 4094 loc..
611 4023 659 4084 cit.
676 4024 707 4084 in
717 4043 792 4098 resp.
809 4024 845 4082 ad
857 4023 910 4082 ult,
922 4044 1037 4098 argum.
1057 4023 1121 4084 cfr.
1138 4024 1260 4084 inferius

134 4139 164 4176 n.
181 4118 243 4189 336,
260 4115 290 4174 in
305 4135 435 4186 respons.
451 4114 488 4172 ad
504 4113 601 4190 Obja'c.
616 4117 657 4172 6.·

171 4211 211 4275 (3)
247 4205 358 4264 Notant
381 4203 500 4276 quidam
514 4217 645 4262 auctores
669 4203 804 4278 Logicam
820 4204 970 4262 docentem
990 4223 1054 4262 eam
1069 4223 1146 4271 esse,
1171 4225 1259 4277 quam

134 4295 229 4354 Graeci
242 4294 341 4352 dixere
356 4315 374 4352 a
388 4295 473 4352 rebus
493 4295 642 4362 aucturam,-
658 4307 786 4352 utentem
806 4313 873 4352 vero
896 4295 980 4351 rebus
999 4302 1169 4352 concretam.
1192 4293 1261 4352 Pri-

134 4405 213 4443 mam
237 4384 276 4442 ita
299 4402 419 4442 vocasse
440 4383 591 4450 dicuntur,
622 4383 691 4455 quia
718 4386 754 4442 ab
776 4383 899 4441 aliarum
921 4381 1108 4441 scientiarum
1139 4387 1260 4444 materia

133 4474 235 4533 avulsa
249 4485 307 4543 est,
322 4486 351 4532 et
370 4472 445 4532 solas
459 4471 621 4531 disserendi
642 4471 750 4532 formas
764 4493 815 4545 per
837 4493 868 4530 se
884 4473 1114 4544 contemplatum
1139 4474 1261 4533 alteram

133 4583 204 4622 vero
218 4565 305 4621 rebus
319 4575 497 4629 concretam,
514 4561 582 4634 quia
596 4583 611 4620 a
625 4562 712 4621 rebus
725 4561 847 4620 aliarum
859 4558 1047 4620 scientiarum
1056 4561 1187 4636 sejuncta
1200 4584 1260 4623 non

133 4665 191 4710 est.
206 4651 282 4710 Vide
296 4650 461 4722 Conimbr.,
483 4651 570 4726 Lep,
586 4664 689 4723 quaest.
705 4671 733 4724 4,
757 4671 877 4724 prooem.
892 4665 947 4710 art.
968 4671 996 4721 ος
1018 4651 1151 4722 Fonsec.,
1168 4651 1216 4711 lib.
1231 4674 1258 4712 a.

135 4741 279 4818 altrepa,
294 4761 356 4813 αφ.
375 4763 401 4814 3,
417 4761 446 4813 q.
463 4762 487 4812 r,
503 4752 573 4799 sect.
588 4740 616 4811 6,
633 4740 708 4798 med.
