3492 5525
533 440 594 510 688
641 444 765 511 Locren
779 444 1007 519 Maron-Lm.
1026 460 1098 521 affl,
1112 444 1206 509 Drse.
1228 458 1268 507 r.·
1284 445 1365 509 Car.
1381 458 1452 509 aaut

560 626 597 692 Et
621 627 881 693 contradistincta
898 624 1027 703 Minori,
1048 645 1120 712 neg.
1140 644 1275 709 conseq.
1299 626 1384 694 Nam
1407 627 1534 709 quevis
1559 647 1618 692 na·

492 744 564 797 tura
582 745 730 802 concrete
758 753 794 800 ac
818 734 942 799 realiter
969 734 1112 799 existens
1138 732 1355 799 identificatur
1382 734 1510 799 realiter
1535 754 1613 801 curn

493 840 551 906 hac
570 858 630 907 sua
649 839 919 916 individuatione,
942 851 978 907 ut
1002 840 1102 906 modo
1130 840 1361 925 supponimus.
1391 840 1514 924 Nequit
1534 861 1615 927 ergo
1737 861 1738 866 ¹

492 946 807 1015 illamindiiserenter
819 946 977 1031 respicere
986 947 1371 1031 autquomodocumque,
1382 948 1452 1013 sive
1463 948 1615 1032 proxime

492 1055 561 1121 sive
581 1065 705 1122 remote
725 1056 841 1122 habere
860 1056 1094 1140 aptitudinem,
1115 1063 1150 1121 ut
1160 1074 1233 1120 eam
1244 1055 1388 1132 amittat,
1400 1056 1453 1119 vel
1461 1074 1540 1121 curn
1551 1056 1614 1122 alia

492 1171 687 1237 commutet,
707 1164 786 1246 quin
816 1163 944 1229 desinat
961 1164 1098 1228 omnino
1125 1180 1198 1229 esse
1216 1162 1310 1245 quod
1329 1170 1391 1230 est.
1417 1162 1503 1228 Nihil
1521 1164 1613 1229 enim

493 1276 601 1352 potest
629 1288 688 1337 sua
706 1270 838 1336 entitate
862 1289 987 1345 carere,
1013 1280 1070 1336 aut
1096 1269 1138 1335 ab
1167 1269 1236 1354 ipsa
1260 1270 1414 1355 separari,
1439 1288 1615 1336 remanen-

493 1376 535 1441 do
553 1377 653 1441 idem.

557 1491 644 1552 inst.
666 1484 753 1551 Deus
771 1492 880 1569 potest
908 1505 927 1551 e
946 1485 1045 1551 nihilo
1073 1484 1249 1568 producere
1278 1484 1462 1553 hominem.
1481 1485 1567 1570 Ergo
1591 1506 1614 1551 a

492 1590 612 1657 fortiori
641 1612 659 1656 e
686 1595 781 1659 Petro
808 1594 911 1658 tacere
939 1593 1094 1669 Paulum,
1114 1600 1277 1675 quatenus
1302 1604 1417 1661 natura
1442 1594 1527 1660 Petri
1555 1593 1616 1659 liat

492 1708 606 1764 natura
625 1700 725 1767 Pauli.

557 1813 663 1891 Resp.
690 1824 761 1891 neg.
790 1825 925 1889 conseq.
953 1805 1037 1881 Quia
1064 1805 1351 1873 contradictionem
1379 1808 1553 1891 importat,
1573 1818 1613 1875 ut

492 1923 605 1979 natura
631 1914 755 1999 realiter
781 1914 976 1981 identificata
1002 1933 1078 1981 cum
1104 1914 1197 1980 Petro
1220 1914 1347 1981 realiter
1373 1923 1521 1991 maneat,
1542 1934 1613 1983 non

491 2030 644 2089 manente
663 2022 769 2089 Petro.

556 2135 663 2213 Oinc.
686 2130 739 2199 5.⁰
787 2130 863 2196 ilaec
882 2128 1048 2213 persuasio
1066 2130 1178 2213 populi
1188 2128 1352 2195 christiani
1362 2148 1438 2196 vera
1455 2139 1523 2207 est,
1540 2130 1613 2197 Deo

488 2236 606 2321 gratias
624 2238 768 2322 agendas
786 2256 875 2313 esse,
892 2238 982 2321 quod
996 2254 1058 2303 nos
1072 2238 1182 2303 iecerit
1196 2236 1305 2320 potius
1319 2236 1489 2315 homines,
1506 2257 1610 2321 quarn

488 2344 597 2421 bruta,
619 2354 674 2410 aut
693 2348 837 2429 plantas,
858 2355 915 2412 aut
938 2346 1073 2430 lapides.
1098 2345 1182 2429 Ergo
1203 2344 1403 2411 admittenda
1424 2345 1556 2410 videtur
1576 2346 1609 2411 in

489 2461 602 2517 natura
621 2453 763 2519 humana
781 2451 997 2519 indifferentia
1014 2454 1139 2536 aliqua.
1156 2461 1192 2518 ut
1206 2450 1309 2536 possit
1327 2470 1399 2518 esse
1418 2452 1610 2520 irrationalis

487 2570 544 2627 aut
562 2560 659 2626 etiam
680 2561 814 2645 lapidea.

553 2674 658 2751 Resp.
682 2668 756 2736 dist.
779 2676 884 2735 antec.
910 2666 1028 2734 Gratiae
1044 2668 1125 2745 ,Deo
1152 2668 1287 2753 agendae
1310 2676 1388 2733 sunt
1407 2669 1470 2734 hoc
1492 2686 1608 2745 sensu,

486 2785 648 2860 quatenus
666 2795 741 2841 cum
761 2794 820 2842 ens
838 2775 971 2861 aliquod
989 2774 1194 2843 individuum
1208 2794 1316 2842 creare
1331 2776 1481 2854 voluerit,
1497 2777 1610 2844 decre·

485 2882 532 2950 vit
552 2903 613 2950 nos
631 2902 754 2960 creare,
773 2903 839 2949 non
859 2903 936 2950 vero
954 2883 1074 2970 aliquid
1088 2883 1174 2950 aliud
1193 2884 1264 2948 loco
1284 2883 1403 2962 nostri,
1420 2883 1610 2968 relinquen·

360 3057 364 3066 ,
486 2989 528 3058 do
557 3009 616 3056 nos
645 2992 677 3057 in
709 3011 797 3056 mera
825 2991 1053 3076 possibilitate,
1085 3009 1189 3068 conc„
1211 3000 1373 3075 quatenus
1391 2990 1605 3077 intelligatur,

486 3098 590 3165 Deum
612 3101 694 3165 hanc
713 3107 857 3164 nostram
880 3107 1027 3164 naturam
1048 3100 1150 3164 iacere
1177 3099 1323 3183 potuisse
1348 3106 1498 3165 naturam
1517 3100 1606 3166 bruti

486 3217 541 3272 aut
560 3207 692 3291 lapidis,
714 3225 785 3271 eam
804 3225 880 3272 cum
900 3207 997 3272 bruto
1015 3225 1052 3271 ac
1071 3207 1177 3290 lapide
1194 3205 1443 3281 identificando,
1464 3225 1537 3290 neg.

552 3317 598 3382 Re
617 3334 693 3396 vera
711 3333 827 3396 sensus
845 3333 882 3380 ac
900 3315 950 3381 vis
967 3313 1088 3400 egregii
1107 3313 1193 3380 illius
1211 3313 1336 3380 consilii
1356 3332 1423 3379 non
1449 3315 1512 3380 alio
1529 3333 1607 3400 spe-

373 3445 379 3466 ·
484 3422 647 3499 ctat,'nisi
676 3432 713 3489 ut
741 3423 809 3487 Deo
835 3422 955 3507 gratias
980 3421 1175 3497 habeamus,
1197 3421 1273 3505 quia
1292 3439 1352 3487 nos
1369 3422 1507 3498 creavit,
1527 3439 1605 3488 cum

485 3538 596 3614 posset
623 3549 689 3595 non
715 3548 837 3605 creare,
865 3529 1065 3613 donavitque
1093 3528 1239 3613 ampliori
1259 3523 1481 3613 perfectione,
1502 3547 1605 3612 quam

484 3637 525 3703 sit
545 3635 696 3721 perfectio
713 3621 841 3704 naturae
855 3656 921 3703 non
941 3636 1104 3702 rationalis

550 3750 657 3827 objic.
680 3743 732 3811 6.⁰
751 3763 810 3829 pro
828 3744 989 3810 sententia
1008 3745 1042 3810 P.
1064 3743 1227 3810 Fonsecae.

549 3852 642 3919 Ratio
660 3852 838 3935 praecipua,
858 3853 902 3918 ob
920 3871 1019 3935 quam
1039 3853 1253 3937 impugnatur
1270 3853 1341 3917 haec
1358 3852 1518 3918 sententia
1537 3861 1601 3930 est,

482 3960 558 4042 quia
576 3959 603 4026 si
624 3969 745 4025 naturae
769 3960 952 4026 secundum
977 3978 1013 4026 se
1036 3970 1237 4044 competeret
1261 3947 1506 4038 universalitas,
1527 3980 1602 4026 eam

481 4069 650 4135 admittere
683 4067 715 4132 in
742 4067 915 4134 individuis
947 4086 1014 4134 non
1047 4078 1174 4152 posset,
1210 4087 1286 4134 cum
1315 4067 1392 4133 nihil
1416 4070 1600 4136 conveniat

480 4177 631 4242 essentiae
650 4175 760 4252 alicui,
781 4175 869 4258 quod
889 4195 957 4240 non
979 4176 1150 4244 conveniat
1175 4175 1220 4239 illi
1246 4175 1361 4253 etiam,
1383 4185 1480 4260 prout
1498 4185 1549 4242 est
1567 4177 1601 4243 in

417 4365 418 4372 ἵ
481 4282 696 4351 inferioribus.
718 4283 818 4366 Atqui
838 4283 918 4350 ratio
937 4283 1008 4349 haec
1027 4284 1106 4349 salsa
1124 4291 1186 4349 est.
1208 4283 1290 4348 Nam
1310 4291 1389 4350 sunt
1407 4284 1498 4368 plura
1518 4269 1602 4368 prae-

480 4391 584 4457 dicata
604 4391 769 4478 negativa,
789 4409 865 4475 quae
887 4390 1089 4456 conveniunt
1115 4399 1239 4469 naturae
1260 4391 1442 4457 secundum
1462 4410 1514 4468 se,
1540 4410 1602 4459 nec

481 4508 620 4583 possunt
642 4494 898 4576 'convenire-illi,
924 4507 1021 4584 prout
1045 4496 1078 4564 in
1097 4496 1314 4567 inferioribus.
1335 4498 1388 4565 Sic
1407 4512 1523 4568 natura
1550 4519 1603 4567 se·

480 4606 625 4672 cundum
645 4626 681 4674 se
700 4623 760 4674 nec
777 4616 1035 4699 generatur,·nec
1050 4607 1285 4693 corrumpitur,
1304 4626 1371 4675 non
1386 4608 1603 4693 est'singula-

481 4714 539 4792 ris,
560 4732 627 4780 non
646 4713 744 4782 habet
761 4713 984 4793 existentiam,
1004 4714 1085 4799 quin
1103 4725 1213 4783 tamen
1236 4715 1335 4783 tribui
1357 4717 1426 4783 haec
1445 4717 1602 4786 attributa
