3492 5525
538 466 597 547 326
729 456 1171 547 Locrensium-uem
1176 466 1287 531 &Cae
1313 485 1342 529 2.
1346 480 1384 511 ¹¹¹³

420 704 423 712 .
496 646 614 732 ligatur
633 666 674 715 ex
697 665 813 715 eorum
833 646 923 714 ident
909 648 1000 713 ritate
1022 662 1099 713 cum
1119 662 1187 713 uno
1214 644 1399 730 eodemque
1417 646 1527 713 medio
1554 658 1625 717 ter-

496 754 598 823 mino.

460 916 464 925 .
560 862 687 931 Peccari
719 870 831 929 contra
862 864 945 928 hanc
982 863 1087 947 legem
1124 869 1234 945 potest
1271 868 1381 945 aperte
1410 869 1443 927 et
1477 865 1619 931 occulte.

496 971 616 1054 Aperte
630 971 782 1055 quidem,
798 972 933 1053 quando
949 978 1061 1054 patent
1077 970 1203 1054 plures,
1217 987 1318 1053 quam
1332 978 1400 1035 tres
1414 971 1558 1041 termini.
1574 974 1622 1039 Ut
1743 1016 1744 1039 r

495 1078 521 1143 si
546 1080 608 1145 hoc
626 1089 721 1163 paeto
745 1076 1036 1164 argumentareris:
1066 1078 1221 1160 Hispania
1234 1081 1294 1153 ,221
1316 1078 1465 1161 contigua
1488 1078 1633 1155 Gallice„

493 1184 558 1251 Sed
581 1186 691 1254 Gallia
717 1191 765 1253 221
788 1188 937 1271 contigua
965 1184 1074 1253 112112.
1111 1186 1190 1271 Ergo
1215 1185 1371 1267 Hispania
1398 1189 1446 1253 221
1473 1188 1620 1287 contigua

493 1293 606 1362 112112.

561 1402 697 1469 Occulte
716 1421 795 1468 vero
814 1410 980 1486 peccatur,
1002 1402 1029 1467 si
1047 1399 1179 1466 termini
1193 1398 1326 1483 quidem
1342 1398 1374 1465 in
1389 1401 1530 1485 speciem
1549 1402 1618 1470 sint

492 1517 575 1586 tres,
609 1508 663 1594 qui
695 1519 806 1575 tamen
837 1527 950 1593 reapse
978 1508 1126 1593 pluribus
1155 1507 1368 1595 aequivaleant
1396 1510 1440 1574 ob
1472 1510 1615 1593 aliquam

492 1615 785 1701 equivocationem
805 1617 979 1693 latentem,
1005 1618 1057 1682 vel
1085 1616 1247 1695 diversam
1268 1616 1528 1700 suppositionem
1548 1628 1614 1686 etc.

492 1743 526 1791 v.
546 1744 580 1809 g.
603 1724 703 1790 Oanis
720 1727 769 1789 esl
784 1725 907 1790 animal
923 1725 1078 1791 latrabile.
1095 1722 1158 1789 Sed
1176 1723 1264 1789 canis
1278 1726 1325 1788 221
1334 1726 1476 1807 quedam
1489 1729 1619 1793 constel-

491 1831 579 1899 latio.
599 1833 678 1917 Ergo
691 1832 800 1917 eliqua
818 1832 1009 1898 constellatio
1026 1830 1210 1897 est'animal
1227 1831 1382 1898 1212212112.

535 1946 666 2022 Regula
685 1939 739 2006 2.⁸
791 1939 931 2006 Termini
958 1940 994 2004 in
1028 1938 1223 2004 conclusione
1249 1956 1312 2003 non
1346 1940 1442 2005 121122
1472 1944 1614 2023 pateant,

489 2064 585 2131 quam
602 2048 636 2111 in
650 2046 833 2128 premissis.
1082 2132 1085 2139 Ι

557 2152 610 2219 Est
640 2155 845 2220 corollarium
877 2154 1103 2239 praecedentis.
1135 2154 1293 2220 Probatur
1324 2164 1451 2231 autem,
1482 2156 1557 2237 quia
1585 2159 1616 2223 si

414 2297 420 2309 .
489 2261 564 2344 quis
582 2261 742 2327 terminus
753 2264 911 2347 majorem
923 2262 1186 2338 inconclusione,
1200 2280 1299 2344 quam
1311 2262 1611 2345 in'sumptionibuS,

488 2367 655 2436 contineat
677 2370 925 2445 extensionem,
946 2379 1033 2435 certe
1051 2370 1231 2436 secundum
1251 2371 1337 2435 hunc
1355 2388 1525 2437 excessum
1544 2390 1615 2437 non

488 2474 548 2541 iuit
563 2494 640 2541 cum
654 2476 796 2543 termino
811 2476 920 2542 medio
935 2486 1154 2561 comparatus.
1173 2476 1281 2552 Quare
1297 2477 1329 2541 in
1344 2478 1549 2563 syllogismo,
1565 2480 1618 2545 le-

487 2602 564 2667 gem
585 2584 668 2649 hanc
687 2585 845 2661 violante,
866 2594 1008 2667 quatuor
1023 2602 1133 2649 revera
1148 2585 1253 2650 forent
1273 2584 1417 2649 termini.
1439 2582 1481 2650 Ut
1499 2586 1614 2653 innoc

487 2693 657 2776 exemplo:
680 2690 780 2757 Omne
796 2692 1182 2757 2212212212212122112.
1201 2692 1264 2757 Sed
1290 2691 1369 2774 lapis
1396 2710 1459 2757 non
1477 2696 1524 2757 221
1538 2694 1618 2759 ani-

486 2802 562 2864 mal.
583 2801 662 2883 Ergo
680 2800 759 2881 lupis
776 2819 839 2865 non
853 2804 901 2865 221
918 2800 1091 2866 subeuntia
1096 2819 1110 2880 ;
1133 2799 1159 2864 si
1179 2817 1247 2863 rem
1267 2807 1389 2864 attente
1414 2801 1611 2884 perpendam,

486 2917 628 2989 quatuor
641 2897 799 2973 terminos
818 2907 974 2992 reperies,
996 2906 1151 2972 nimirum
1165 2907 1302 2984 animal,
1318 2907 1415 2988 lapis,
1435 2908 1614 2974 2212122112

485 3024 619 3097 sumpta
646 3013 880 3101 particulariter
907 3015 938 3080 in
971 3014 1099 3101 Majori,
1127 3024 1159 3079 et
1186 3014 1359 3112 2212122112
1386 3015 1614 3082 universaliter

486 3129 617 3204 sumpta
635 3120 668 3186 in
688 3121 898 3187 conclusione
917 3119 981 3208 (1).

528 3233 660 3312 Regula
682 3239 729 3297 3.·
774 3229 898 3294 Medius
917 3229 1067 3296 terminus
1090 3247 1129 3294 nc
1146 3228 1345 3312 ingrediatur
1365 3230 1610 3298 conclusionem.

485 3335 578 3403 Ratio
596 3344 739 3420 patetex
758 3345 873 3402 natura
900 3335 1093 3422 syllogismi.
1123 3337 1196 3403 Non
1216 3343 1329 3400 tamen
1357 3345 1467 3420 peccat
1494 3346 1612 3406 contra

485 3445 569 3509 hanc
588 3445 695 3529 legem
715 3445 774 3509 iste
788 3443 1013 3531 syllogismus:
1031 3443 1143 3508 Omnis
1157 3444 1244 3508 horno
1257 3445 1364 3508 222122
1375 3447 1421 3508 221
1431 3443 1530 3512 horno.
1543 3444 1614 3510 Sed

484 3553 597 3617 Petrus
614 3555 662 3616 221
678 3553 765 3617 homo
782 3555 902 3618 doctus.
919 3552 997 3634 Ergo
1013 3555 1061 3616 221
1076 3551 1173 3616 122222.
1191 3550 1279 3620 Quia
1297 3551 1425 3616 medius
1446 3552 1612 3620 terminus
1647 3572 1651 3581 ’

486 3677 551 3724 non
567 3667 617 3724 221
632 3659 730 3737 homo,
752 3661 810 3725 sed
824 3659 911 3725 homo
928 3661 1047 3724 2122122.

550 3773 682 3849 Regula
709 3775 756 3849 4.·
802 3766 926 3833 Medius
952 3764 1103 3832 terminus
1126 3769 1236 3831 sallem
1264 3770 1357 3832 semel
1386 3769 1613 3836 universaliter

483 3873 680 3940 distributive
693 3877 849 3951 sumatur,
869 3877 998 3955 oportet.

551 3980 703 4065 Alioquin
723 3979 811 4045 enim
832 3981 1030 4065 comparatio
1053 3981 1194 4048 duorum
1214 3990 1437 4077 extremorum
1464 4003 1529 4051 non
1552 3985 1607 4064 nt,

483 4089 534 4153 vel
553 4098 638 4153 certe
658 4097 767 4173 potest
786 4108 852 4154 non
872 4087 953 4166 lieri,
973 4108 1050 4155 cum
1072 4107 1138 4155 uno
1161 4089 1345 4174 eodemque
1365 4090 1485 4174 medio;
1506 4102 1608 4176 atque

516 4302 557 4371 (t)
594 4301 660 4360 Non
670 4315 766 4363 tamen
781 4315 878 4372 peccat
892 4315 992 4360 contra
1006 4302 1081 4360 hanc
1095 4301 1187 4375 legem
1202 4321 1327 4374 sequens
1336 4303 1533 4378 syllogismus:
1548 4305 1608 4364 So-

481 4393 529 4448 lus
544 4393 623 4448 Deus
637 4397 681 4448 est
693 4402 826 4449 22122222.
843 4391 901 4449 ses
914 4392 1037 4449 mundus
1059 4413 1115 4450 non
1129 4402 1172 4450 221
1186 4393 1275 4451 Deus.
1290 4394 1370 4467 Ergo
1390 4415 1447 4452 non
1460 4404 1504 4452 est
1517 4405 1608 4453 22122-

480 4502 545 4537 nus.
562 4481 599 4538 Et
613 4481 687 4539 ratio
706 4493 759 4548 est.
781 4481 850 4552 quia
864 4501 930 4538 cum
947 4481 1040 4551 Major
1054 4480 1092 4540 sit
1106 4481 1266 4554 propositio
1279 4483 1433 4552 exclusiva,
1449 4485 1608 4556 aequivalet

480 4571 595 4628 duabus
608 4571 789 4642 categoricis,
805 4570 835 4628 in
850 4591 974 4642 quarum
995 4571 1085 4630 altera
1100 4571 1243 4630 terminus
1256 4582 1382 4630 oelernus
1402 4572 1609 4634 universaliter

480 4659 616 4720 sumitur.
632 4660 779 4718 Caeterum
795 4661 849 4720 iste
857 4661 1047 4734 syllogismus
1062 4676 1176 4720 nonest
1190 4662 1382 4735 categoricus,
1397 4663 1501 4735 dequo
1514 4663 1606 4723 dum—

480 4763 559 4808 taxat
571 4768 649 4808 nunc
663 4749 821 4819 loquimur.
