3492 5525
545 456 608 539 936
660 440 786 521 Locren
800 456 1029 532 Maron-Lm.
1048 470 1117 531 μ’,
1135 456 1227 518 Drsn.
1244 468 1289 538 4·
1303 452 1380 515 Can.
1401 466 1469 513 ram

498 662 565 729 per
583 642 810 726 exposuimus.
833 640 1063 725 compositum
1084 659 1179 725 porro
1198 659 1239 706 ex
1256 637 1403 723 subjecto
1422 644 1456 701 et
1473 634 1631 720 passione

508 770 575 818 non
597 760 647 817 est
664 769 722 816 ens
742 770 799 835 per
816 746 980 826 accidens,
1005 750 1094 831 quud
1117 768 1136 814 a
1162 747 1302 815 scientiis
1325 744 1526 819 excluditur,
1556 750 1630 805 tum

508 858 584 944 quia
601 859 643 925 de
656 859 710 925 illo
724 858 934 943 potissimum
950 858 1054 944 agitur
1068 856 1101 922 in
1116 856 1197 933 illis,
1213 865 1285 923 turn
1300 854 1376 937 quia
1389 850 1565 937 passiones
1575 858 1634 931 per

505 950 693 1053 sefluunt'a
713 974 828 1034 natura
845 975 1014 1049 tamquam
1034 986 1052 1029 a
1071 984 1130 1031 sua
1149 965 1268 1041 radice,
1287 964 1399 1047 illique
1415 960 1558 1046 proinde
1578 978 1634 1023 ne-

507 1075 648 1143 cessario
662 1074 790 1142 insunt:
808 1089 909 1159 quare
924 1073 1090 1159 passiones
1104 1084 1307 1157 reponuntur
1318 1071 1352 1137 in
1367 1070 1519 1137 secundo
1531 1069 1633 1135 modo

499 1181 634 1257 ¹dicendi
648 1190 708 1265 par
721 1200 766 1248 se.
1179 1244 1180 1249 ,

553 1296 657 1357 Dices
679 1298 730 1355 2.⁰
774 1290 948 1356 lnnumera
975 1268 1052 1356 sunt
1076 1291 1161 1355 entia
1190 1310 1245 1374 per
1271 1290 1438 1364 accidens,
1469 1288 1574 1353 etiam
1604 1289 1635 1353 in

509 1417 610 1465 sensu
629 1418 648 1463 a
667 1399 761 1465 nobis
776 1398 920 1474 intento,
939 1418 1013 1482 quae
1033 1399 1153 1483 passim
1175 1399 1337 1465 novimus.

577 1513 682 1589 Resp.
710 1506 784 1571 dist.
817 1515 946 1587 assert.;
976 1506 1128 1572 novimus
1155 1506 1340 1592 cognitione
1365 1505 1549 1573 scientifica
1580 1524 1638 1589 per

510 1615 844 1689 demonstrationem,
873 1632 958 1696 neg.,·
988 1613 1121 1679 scientia
1149 1615 1267 1699 largius
1297 1624 1447 1697 accepta,
1480 1617 1635 1679 transeat

508 1724 577 1789 Nos
595 1720 682 1787 enim
702 1721 831 1806 agimus
849 1722 890 1786 de
905 1721 1032 1803 objecto
1051 1723 1193 1787 scientiae
1213 1740 1321 1806 presse
1339 1731 1497 1806 acceptae.

553 1835 656 1896 Dices
684 1829 737 1898 3.⁰
784 1828 907 1894 Musica
931 1838 981 1893 est
1006 1830 1046 1894 de
1068 1848 1208 1907 ¹numero
1237 1848 1358 1895 sonoro
1387 1827 1568 1913 tamquam
1597 1830 1639 1893 de

510 1937 674 2022 subjecto;
694 1937 839 2019 itemque
858 1937 1058 2021 perspectiva
1077 1938 1117 2003 de
1145 1939 1229 2026 linea
1246 1938 1380 2013 visuali,
1410 1947 1444 2002 et
1474 1938 1639 2003 medicina

479 2114 484 2123 ,
510 2046 552 2111 de
565 2042 694 2110 animali
709 2055 745 2109 ut
759 2043 906 2111 sanabili.
924 2044 1023 2127 Atqui
1043 2064 1199 2111 numerus
1222 2064 1379 2123 sonorus,
1400 2046 1488 2111 linea
1503 2046 1638 2111 visualis

511 2162 543 2219 et
563 2152 681 2218 animal
700 2152 843 2217 sanabile
862 2160 939 2218 sunt
958 2152 1094 2219 totidem
1114 2154 1200 2219 entia
1220 2172 1275 2237 per
1292 2155 1443 2219 accidens
1459 2150 1526 2241 (t).

577 2268 682 2342 Resp.
704 2260 849 2325 «Musica
863 2278 929 2325 non
945 2260 1126 2325 considerat
1141 2278 1314 2327 numerum
1328 2272 1361 2327 et
1374 2280 1500 2327 sonum
1516 2264 1640 2326 sorma-

418 2434 432 2459 „
511 2370 599 2445 liter,
619 2369 678 2436 sed
696 2367 880 2434 considerat
898 2368 1074 2434 formaliter
1092 2388 1284 2443 numerum,
1305 2382 1337 2437 et
1358 2371 1573 2435 materialiter
1586 2389 1638 2435 so·

512 2494 606 2552 num,
621 2476 804 2541 considerat
812 2476 901 2541 enim
918 2494 1090 2541 numerum
1106 2477 1244 2553 insono,
1259 2494 1317 2542 seu
1330 2496 1434 2543 sonos
1446 2478 1636 2543 secundum

510 2586 601 2669 quod
618 2596 695 2651 sunt
714 2583 896 2649 secundum
921 2601 1095 2649 numerum
1110 2584 1412 2667 proportionabiles.
1434 2585 1473 2649 Et
1487 2586 1639 2651 similiter

512 2693 712 2778 perspectiva
742 2710 807 2757 non
827 2692 1010 2757 considerat
1024 2692 1199 2757 formaliter
1228 2692 1345 2756 lineam
1366 2693 1547 2769 visualem,
1579 2693 1637 2757 sed

502 2803 631 2866 lineam
649 2801 682 2867 in
697 2801 769 2866 visu
783 2810 952 2882 tamquam
977 2800 1111 2888 formale
1134 2801 1331 2884 applicatum
1361 2801 1543 2867 materiali»
1571 2799 1584 2889 (
1611 2801 1634 2884 ).

512 2910 549 2973 Et
572 2909 658 2974 idem
683 2909 806 2974 dicatur
829 2909 869 2972 de
895 2908 1051 2972 Medicina
1070 2925 1144 2991 quae
1163 2908 1305 2974 sanabile
1330 2910 1580 2993 contemplatur
1603 2909 1635 2973 in

511 3015 656 3085 animali.

884 3171 1182 3248 ARTICULUS
1205 3174 1258 3249 V.

552 3307 621 3371 An
644 3305 832 3369 scientia
851 3309 898 3368 ot
915 3306 1065 3386 opinio
1084 3305 1204 3368 oiroa
1222 3305 1342 3369 idem
1360 3305 1597 3386 objectum

631 3412 903 3496 ex2divorsis
922 3413 1103 3476 motivis
1122 3413 1259 3476 simul
1276 3415 1324 3477 in
1348 3413 1511 3478 eodem

793 3520 1023 3585 intollootu
1042 3537 1144 3585 esso
1161 3525 1344 3600 queant.

558 3665 636 3750 267.
685 3665 828 3731 Celebris
846 3677 897 3732 est
923 3665 1008 3730 inter
1032 3673 1180 3731 auctores
1197 3664 1420 3730 controversia
1451 3667 1539 3742 haec,
1561 3684 1634 3748 quae

513 3774 672 3860 originem
699 3773 798 3838 habet
815 3792 857 3838 ex
875 3772 1002 3838 diversa
1028 3781 1062 3837 et
1084 3755 1329 3854 quodammodo
1349 3771 1502 3855 opposita
1521 3782 1634 3837 natura

512 3881 655 3948 scientiae
677 3891 776 3964 atque
804 3879 978 3965 opinionis.
1012 3881 1065 3945 llla
1097 3877 1184 3944 enim
1216 3879 1443 3947 certitudinem
1478 3880 1635 3964 importat

512 3988 855 4071 infallibilitatemque;
877 3989 945 4053 haec
964 4006 1041 4052 vero
1060 3986 1181 4052 incerta
1195 3995 1289 4052 estet
1305 3985 1460 4062 sallibilis,
1477 3987 1635 4070 quemad-

513 4096 650 4164 modum
670 4096 745 4162 alibi
763 4097 919 4180 scriptum
941 4107 1003 4162 est.

579 4204 613 4269 ln
633 4203 761 4287 primis,
783 4213 820 4270 ut
842 4212 949 4270 status
975 4201 1248 4289 quaestionissrite
1268 4201 1481 4287 percipiatur,
1505 4215 1632 4270 certum

513 4320 563 4378 est
581 4311 622 4377 de
640 4302 767 4377 eadem
784 4330 819 4375 re
837 4311 944 4393 deque
962 4311 1078 4376 eodem
1102 4311 1228 4395 objecto
1248 4309 1421 4404 materiali,
1448 4310 1517 4376 dari
1537 4329 1632 4395 posse

512 4419 680 4487 scientiam
700 4427 734 4483 et
751 4418 958 4502 opinionem,
980 4429 1016 4484 ut
1035 4426 1123 4501 patet
1142 4419 1174 4482 in
1193 4417 1353 4494 scientiis,
1374 4419 1408 4482 in
1424 4419 1548 4501 quibus
1564 4421 1632 4504 plu-

547 4657 588 4720 (ι)
623 4652 711 4725 Apud
726 4650 893 4718 Alamanni,
910 4649 1039 4719 loc.'cit.,
1053 4669 1116 4722 arg.
1132 4671 1158 4722 3.

546 4749 588 4810 (a)
627 4743 659 4799 Ρ.
676 4741 852 4811 Alemmani,
866 4741 920 4800 loc.
935 4739 997 4808 cin,
1011 4739 1048 4798 ed
1063 4749 1122 4811 μ’·
