3492 5525
532 456 588 519 302
720 438 846 505 Locren
866 408 1115 505 miron-ursi.
1139 456 1183 527 3.·
1204 443 1284 507 Car.
1320 460 1388 509 ratu

634 662 788 742 Uterque
957 673 1146 726 contulum·
1327 670 1460 734 Neuter

560 761 597 821 Ea
607 763 714 820 Petrus
728 763 823 821 crirra't
837 771 864 821 et
1239 766 1302 826 Nec
1314 769 1422 828 Petrus
1437 778 1538 841 mrrrt.

607 850 723 908 Paulas
736 850 816 909 sedet
1121 850 1169 949 02>
1255 860 1436 919 accilauius
1450 862 1531 920 sedet
1578 899 1602 933 aa

500 1235 524 1311 δυ
499 1155 523 1230 ΒΑ
498 884 525 1151 R’rl-:RNAE

1576 982 1602 1323 ΨΝἩΞΙᾹ-Ἷνῦ
1577 937 1602 976 ss

1121 1252 1169 1352 04!
1298 1256 1397 1318 Alter
1413 1218 1484 1317 non

567 1360 622 1418 Vel
635 1360 741 1417 Petrus
754 1359 859 1416 currit.
1156 1346 1191 1402 ’θ’
1226 1355 1282 1414 Vel
1294 1355 1400 1413 Petrus
1420 1372 1477 1411 raon
1490 1371 1558 1409 caar-

576 1452 628 1509 ‘oai
635 1450 751 1509 Paulas
762 1451 841 1507 sedet
896 1482 1142 1535 SUBCONTMAE
1154 1464 1185 1553 (Ι
1193 1463 1207 1553 )
1244 1445 1293 1514 rit,
1308 1445 1358 1503 uei
1370 1446 1484 1501 Paulus
1494 1460 1551 1499 non

1356 1535 1435 1592 sedet

556 1657 603 1723 De
617 1657 824 1743 oppositione
838 1656 1099 1742 propositionum
1119 1652 1352 1739 exponibilium
1372 1652 1539 1736 disputare
1554 1666 1613 1715 ne-
1732 1648 1733 1687 l

488 1783 581 1832 cesse
596 1783 662 1832 non
679 1775 746 1841 est,
762 1784 839 1832 cum
855 1782 974 1831 omnes
993 1770 1200 1846 exponantur
1214 1781 1271 1847 per
1282 1756 1424 1843 aliquam
1443 1777 1485 1823 ex
1499 1764 1611 1842 aperte

487 1869 707 1960 compositis(
733 1870 760 1960 ).

554 1981 641 2047 ldem
661 1979 713 2046 dic
729 1981 771 2046 de
796 1976 1039 2063 aequipollentia
1061 1985 1093 2043 et
1118 1976 1330 2043 conversione
1346 1972 1609 2061 propositionum
1732 2028 1733 2033 ,

486 2088 761 2173 compositarum,
800 2085 982 2171 dequibus
1015 2082 1174 2169 quidquid
1201 2085 1233 2151 in
1263 2082 1409 2150 medium
1442 2082 1609 2157 afferatur,
1732 2070 1733 2141 j

488 2214 604 2281 parum
624 2213 704 2263 usus
722 2204 824 2281 atque
837 2192 986 2261 utilitatis
1002 2201 1111 2278 potest
1130 2190 1251 2259 habere
1269 2188 1334 2279 (3).

666 2632 1120 2749 DISPUTATIO
1167 2634 1430 2747 TERTIA

595 2899 656 2956 on
690 2869 881 2955 r‘rcnrrn
917 2897 1103 2956 neuris
1138 2896 1495 2956 OPERATIONE.

552 3203 751 3273 Devenimus
768 3204 902 3273 tandem
922 3206 963 3271 ad
983 3207 1185 3290 praecipuum
1210 3205 1348 3272 modum
1372 3203 1494 3272 sciendi
1513 3203 1610 3272 nobi·

485 3314 713 3398 lissimumque
725 3311 982 3378 instrumentum
993 3361 1001 3389 ,
1014 3331 1070 3396 per
1081 3313 1170 3397 quod
1182 3313 1327 3379 humana
1343 3332 1438 3380 mens
1452 3312 1607 3380 omniurn
1732 3331 1733 3362 t

427 3397 545 3505 ‚lisibi
565 3421 737 3488 fabricatur
753 3419 921 3504 opificium
941 3420 1165 3497 scientiarum,
1187 3422 1343 3505 quodque
1364 3439 1485 3488 nomen
1511 3406 1625 3488 sorti·'
1732 3479 1733 3488 ,

484 3532 556 3595 tum
576 3538 624 3595 est
641 3527 803 3595 ratiocinii
832 3528 884 3593 vel
910 3529 1072 3594 discursus
1099 3537 1157 3594 aut
1186 3528 1283 3594 etiam
1309 3529 1606 3612 argumentationis,

484 3655 685 3721 quamquam
704 3637 775 3701 haec
794 3653 859 3701 vox
882 3637 984 3702 soleat
1003 3653 1090 3719 saepe
1108 3637 1260 3720 applicari
1280 3635 1320 3703 ad
1339 3637 1461 3702 oralem
1480 3637 1608 3703 discur-

483 3763 541 3812 sus
558 3741 803 3830 expressionem
826 3742 1088 3827 significandam.
1114 3743 1253 3828 Oportet
1277 3763 1357 3829 ergo
1384 3761 1514 3810 summa
1534 3743 1608 3812 dili·
1732 3765 1733 3816 t

483 3851 591 3937 gentia
611 3859 644 3916 et
657 3849 861 3917 accuratione
876 3851 959 3916 tanti
976 3851 1135 3917 momenti
1150 3851 1375 3917 tractationem
1391 3851 1523 3938 aggredi
1536 3849 1604 3939 (4).
1732 3891 1733 3964 i

484 4025 763 4040 m—

518 4107 559 4169 (1)
596 4101 673 4160 fuse
693 4100 730 4159 de
757 4097 804 4158 his
827 4099 862 4157 Ρ.
878 4097 1020 4170 Casilina,
1044 4100 1249 4160 introductiva
1269 4101 1367 4160 Arist.
1382 4101 1487 4178 Logia.
1503 4101 1559 4177 lib.
1578 4121 1608 4176 a,
1732 4101 1733 4170 i

483 4205 568 4251 tract.
584 4211 611 4260 a,
625 4211 687 4263 cap.
703 4209 731 4249 a.
1562 4211 1566 4221 ·
1732 4239 1733 4244 ,

518 4286 559 4350 (a)
594 4281 688 4351 Vide,
714 4279 740 4339 si
759 4279 855 4350 lubet,
870 4277 962 4339 Tolet.
978 4277 1030 4339 lib.
1046 4299 1071 4352 3,
1087 4299 1150 4352 cap.
1164 4301 1193 4355 9,
1208 4299 1303 4355 acuon
1314 4281 1405 4343 Catil.
1420 4281 1492 4344 ibid.
1511 4282 1561 4343 lib.
1577 4303 1606 4352 a,
1732 4307 1733 4354 ἢ

481 4371 618 4448 append.
633 4389 697 4444 cap.
718 4389 780 4438 aa.

517 4463 559 4534 (ς)
594 4459 697 4519 Videri
711 4471 807 4532 potent
833 4458 871 4517 de
889 4457 935 4518 his
950 4456 1088 4530 Foueeen,
1104 4459 1174 4519 last.
1189 4461 1315 4530 draken,
1332 4459 1381 4522 lib.
1399 4480 1425 4538 3,
1444 4482 1507 4535 cap.
1522 4483 1567 4522 aa.

517 4556 557 4625 (4)
595 4549 639 4610 De
651 4549 716 4618 his,
731 4568 799 4622 quae
813 4559 944 4622 spectant
959 4548 997 4606 ad
1012 4547 1127 4607 tertiam
1149 4551 1255 4610 mentis
1269 4552 1465 4624 operationem
1480 4567 1609 4613 rectam·

481 4661 538 4714 que
551 4640 674 4699 formam
688 4639 850 4706 discursus,
868 4637 929 4712 agit
942 4637 1032 4696 Arist.
1045 4637 1076 4696 iu
1091 4638 1172 4698 libris
1182 4641 1418 4716 Anabuicoram,
1430 4643 1607 4721 Topicomam
1732 4667 1733 4706 t

480 4743 511 4790 ct
523 4731 727 4790 sanctorum.
735 4728 811 4789 Nam
821 4727 852 4789 in
864 4728 1022 4788 Prioribus
1031 4729 1193 4804 analyticis
1201 4731 1264 4805 agit
1272 4731 1310 4792 de
1321 4731 1378 4806 hia,
1393 4751 1460 4805 quae
1471 4747 1607 4808 amarant
