3492 5525
560 472 617 541 550
671 458 798 525 Loorcn
815 460 1047 537 Maron-Lm.
1069 476 1137 536 ψ,
1154 461 1243 525 Drsr.
1262 474 1306 542 3.·
1321 462 1400 525 Cin.
1419 476 1490 525 ew

509 642 617 709 uitam
636 662 771 710 omnem
790 646 1048 712 conservandam
1066 655 1099 711 et
1113 646 1391 729 promovendam,
1412 646 1570 729 majorem
1589 643 1640 709 in-
1736 643 1738 733 ξ

469 734 472 741 ’
516 748 632 817 diderit
649 752 760 819 animo
778 751 976 820 docilitatem
987 761 1028 818 et
1046 753 1314 838 propensionem;
1330 761 1374 819 ¹ut
1387 752 1524 819 aliorum
1539 751 1639 817 dictis

508 856 617 925 tidem
637 858 850 929 adhibeat-id
867 860 1070 944 quodetiam
1089 861 1122 927 in
1136 859 1247 927 aduita
1265 868 1360 926 aetate
1382 859 1639 944 deprehenditur
1736 889 1738 904 ·

516 965 549 1033 in
578 984 617 1033 eo
639 968 817 1035 ,hominum
845 987 982 1055 genere,
1007 970 1081 1053 qui,
1101 987 1177 1036 cum
1196 968 1305 1053 pueris
1323 968 1367 1035 ob
1384 986 1483 1036 suum
1507 975 1636 1033 statum
1736 1031 1737 1034 ,

507 1076 624 1159 magis
644 1076 881 1152 assimilentur,
910 1077 1020 1143 minus
1039 1076 1163 1143 habiles
1187 1077 1343 1151 existunt,
1373 1087 1409 1142 ut
1435 1075 1497 1160 ipsi
1520 1093 1638 1158 perse
1736 1057 1738 1134 ἶ

516 1183 657 1249 habeant
671 1184 795 1268 justam
816 1204 924 1251 rerum
942 1185 1178 1270 cognitionem.

581 1289 742 1359 Caeterum
754 1309 860 1376 neque
870 1293 961 1377 pueri
973 1310 1078 1375 neque
1089 1292 1185 1357 rudes
1194 1291 1295 1357 adulti
1304 1298 1451 1373 unquam
1459 1298 1638 1374 expectant
1736 1361 1737 1364 ,

512 1400 881 1481 generaremconsensum
892 1401 1028 1466 aliorum
1042 1400 1228 1475 hominum,
1245 1399 1441 1476 utcredant,
1457 1399 1515 1464 sed
1534 1398 1638 1465 unius
1736 1395 1737 1476 ζ

515 1514 571 1571 aut
588 1507 736 1583 alterius,
766 1526 866 1590 quem
885 1507 952 1573 fide
977 1508 1117 1593 dignum
1146 1515 1277 1592 putant,
1307 1506 1453 1573 contenti
1479 1514 1558 1573 sunt
1586 1513 1638 1569 te-

514 1612 682 1679 stimonio.
700 1615 815 1698 Neque
830 1615 941 1681 hocin
965 1615 1183 1689 evidentibus,
1198 1614 1257 1680 sed
1279 1613 1312 1679 in
1336 1612 1450 1689 rebus,
1469 1632 1552 1697 quas
1570 1612 1637 1697 ipsi

514 1720 594 1788 scire
624 1731 792 1806 nequeunt
816 1742 873 1807 per
898 1742 946 1791 se.
971 1722 1131 1789 Vidistine
1151 1741 1297 1806 unquam
1316 1739 1474 1806 puerum,
1495 1722 1552 1803 qui
1578 1740 1638 1787 ex·

400 1830 402 1835 ’
513 1837 674 1914 spectaret
692 1830 805 1896 matris
827 1849 1048 1909 consensum,
1079 1840 1116 1896 ut
1132 1841 1222 1897 certo
1239 1830 1436 1895 existimaret
1454 1848 1489 1897 se
1509 1831 1634 1895 famem
1736 1875 1738 1914 ÷

514 1937 591 2023 pati,
606 1938 715 2003 videre
734 1937 875 2003 amicum
894 1955 1005 2013 suum,
1026 1938 1136 2003 dolere
1154 1937 1259 2023 capite
1277 1937 1358 2005 etc?
1431 1977 1434 1985 ,
1736 1920 1738 1962 ³

538 2071 539 2077 ¹
578 2050 635 2111 Ad
648 2050 884 2127 probationem
897 2043 949 2133 β),
964 2046 1097 2126 dist.;in
1110 2045 1229 2121 dubiis,
1241 2049 1357 2119 trans„
1369 2044 1633 2148 incruentibus,
1736 2088 1738 2116 ,

511 2150 661 2232 subdist.,·
675 2153 768 2235 quasi
787 2153 855 2218 sola
876 2171 943 2218 non
966 2152 1130 2219 sufficeret
1147 2153 1325 2230 evidentia,
1346 2170 1432 2236 neg„
1452 2152 1494 2217 ad
1513 2150 1635 2219 meiius
1736 2217 1738 2220 .

512 2259 744 2325 revincendum
765 2259 963 2344 pertinacem
983 2260 1201 2327 adversarium
1219 2278 1306 2327 corre.

525 2406 530 2413 ·
554 2372 663 2448 Obiie.
681 2371 731 2434 5.⁰
777 2366 847 2451 ipsa
864 2366 1008 2433 amentia
1025 2386 1066 2432 ex
1085 2369 1146 2431 hoc
1159 2367 1293 2432 tandem
1308 2349 1524 2452 dignoscitur,
1538 2368 1634 2449 quod
1736 2366 1738 2384 '

511 2473 584 2559 quis
602 2494 621 2539 a
638 2474 806 2541 communi
827 2475 1000 2541 hominum
1019 2493 1118 2541 sensu
1137 2475 1320 2541 abhorreat.

577 2588 681 2665 Resp.
697 2583 771 2651 dist.
792 2592 922 2664 assert.;
937 2602 980 2649 ex
999 2585 1060 2648 hoc
1077 2583 1199 2659 solum,
1215 2600 1298 2665 neg„
1311 2591 1419 2665 potest
1436 2600 1571 2665 quoque
1589 2602 1633 2647 ex

511 2692 572 2756 hoc
589 2688 750 2776 dignosci,
769 2710 854 2757 conc.
877 2690 992 2773 Neque
1010 2690 1097 2755 enim
1116 2690 1354 2759 attendendum
1375 2691 1506 2775 praecise
1524 2699 1576 2756 est
1589 2693 1633 2755 ad

509 2817 723 2864 communem
744 2799 892 2864 ,modum
920 2799 1037 2884 agendi
1065 2808 1120 2863 aut
1144 2798 1321 2875 sentiendi,
1352 2807 1389 2863 ut
1415 2797 1490 2882 quis
1514 2819 1633 2866 amens

503 2905 679 2992 judicetur.
708 2905 834 2972 Sufficit
857 2905 995 2990 experiri
1013 2914 1218 2972 constantem
1237 2905 1271 2972 in
1290 2906 1397 2988 atiquo
1415 2907 1634 2988 perturbatio-

509 3033 585 3079 nem
614 3014 757 3079 idearum
783 3023 815 3079 et
834 3015 1023 3091 verborum,
1044 3014 1292 3096 absentiamque
1319 3002 1504 3080 reneiionis
1530 3026 1632 3100 atque

509 3120 732 3197 advertentiae,
755 3130 790 3188 ut
809 3121 892 3187 illico
912 3119 1021 3204 impos
1038 3122 1091 3187 sui
1109 3129 1316 3205 agnoscatur.

503 3281 505 3286 -
552 3235 660 3312 Objie.
677 3237 728 3299 ⁶.⁰
774 3228 924 3294 Doctrina
951 3239 1068 3295 tenens
1099 3228 1315 3313 aptitudinem
1353 3229 1487 3294 rationis
1513 3230 1632 3297 indivi·
1736 3306 1737 3317 ἵ

408 3415 412 3426 ,
508 3338 612 3404 duaiis
638 3339 679 3403 ad
712 3336 932 3422 assequendas
959 3345 1063 3407 certas
1091 3335 1295 3421 cognitiones
1324 3336 1580 3422 independenter
1611 3360 1632 3403 a

507 3463 670 3513 consensu
689 3447 818 3530 generis
844 3445 991 3521 humani,
1022 3463 1133 3510 revera
1162 3443 1319 3510 rationem
1347 3445 1461 3512 statuit
1481 3443 1628 3529 judicem

508 3554 663 3621 veritatis.
685 3552 786 3636 Atqui
800 3553 862 3618 hoc
880 3554 1026 3637 profecto
1040 3571 1153 3636 sapere
1171 3550 1298 3618 videtur
1314 3551 1438 3635 aliquid
1455 3553 1495 3618 de
1509 3550 1628 3635 spiritu

469 3699 470 3702 =
508 3663 633 3748 privato
647 3661 913 3727 Protestantium.
925 3660 1009 3745 Ergo
1024 3658 1191 3745 rejicienda
1202 3676 1334 3751 prorsus
1344 3668 1394 3724 est
1404 3658 1458 3723 ilia
1467 3658 1627 3725 doctrina.

574 3769 667 3834 Adde
695 3769 784 3852 quod
812 3767 995 3834 secundum
1022 3768 1128 3842 iilam,
1157 3784 1252 3832 mens
1279 3774 1390 3832 nostra
1417 3775 1504 3832 esset
1522 3766 1629 3850 judex
1736 3826 1738 3843 ,

508 3877 667 3952 veritatis,
684 3895 822 3958 eamque
841 3876 1050 3960 produceret3
1070 3874 1162 3956 quod
1176 3874 1354 3939 absurdum
1371 3873 1510 3940 videtur.

573 3992 678 4068 Resp.
694 3990 739 4050 ad
751 3989 920 4066 primum,
933 4001 1001 4066 neg.
1019 3981 1136 4047 Minor.
1152 3980 1241 4056 Quid
1255 3981 1342 4046 enim
1358 3981 1455 4046 habet
1473 3999 1628 4047 commu-

507 4113 548 4158 ne
566 4091 698 4177 spiritus
718 4091 863 4174 privatus
890 4089 1140 4156 Protestantium
1168 4107 1244 4155 cum
1272 4102 1381 4157 nostra
1399 4089 1563 4154 doctrina?
1577 4092 1625 4155 1111

506 4201 538 4268 in
559 4201 656 4266 rebus
673 4199 748 4264 fidei
767 4209 799 4264 et
818 4199 850 4265 in
865 4215 965 4266 sensu
985 4196 1156 4262 Sacramm
1175 4196 1366 4263 Litterarum
1382 4196 1623 4281 investigando,
1736 4202 1737 4205 ’

506 4308 667 4393 propriam
687 4308 845 4392 cujusque
863 4303 1107 4389 inspirationem
1127 4323 1164 4368 ac
1186 4303 1339 4388 placitum
1359 4311 1533 4370 autumant
1549 4322 1626 4370 esse
1736 4330 1738 4415 ὲ

505 4416 725 4500 sequendum,
741 4422 869 4481 semota
884 4411 973 4477 omni
985 4411 1132 4480 Ecclesiae
1142 4410 1343 4493 auctoritate3
1360 4430 1421 4477 nos
1432 4429 1510 4477 vero
1524 4412 1556 4477 in
1566 4431 1626 4478 co-
1736 4420 1737 4441 ¹

505 4521 705 4609 gnitionibus
725 4521 925 4588 naturalibus
943 4537 1040 4604 posse
1059 4519 1288 4586 contendimus
1300 4520 1458 4586 rationem
1474 4528 1622 4586 nostram
1736 4568 1737 4599 ,

506 4629 626 4713 aliquid
643 4631 720 4696 certi
740 4629 881 4712 assequi,
902 4627 999 4693 etiam
1024 4646 1091 4692 non
1109 4626 1219 4693 audita
1236 4635 1428 4694 caeterorum
1448 4626 1622 4694 hominum
1736 4614 1737 4705 ζ

493 4738 676 4804 sententia.
688 4735 772 4812 Quae
783 4736 850 4801 duo
860 4744 931 4801 toto
944 4735 1030 4801 coeio
1044 4735 1176 4811 distare,
1188 4733 1263 4817 quis
1274 4745 1337 4812 est,
1348 4735 1404 4817 qui
1416 4752 1482 4800 non
1492 4734 1625 4800 videat?
1736 4714 1738 4745 ³
