3492 5525
573 376 651 442 1088
684 380 806 445 Lootcs
822 382 1054 455 MnJoh-Lte.
1073 400 1143 461 μ’,
1160 385 1253 449 Drso.
1274 399 1316 469 5.·
1330 384 1407 448 Cae.
1427 400 1497 448 num

597 564 674 629 ltem
694 564 768 632 alibi
786 567 899 642 docet,
928 568 1099 633 absurdum
1126 586 1191 634 esse
1214 569 1309 635 simul
1331 586 1469 653 quarere
1484 567 1646 632 scunhmn

527 674 560 735 et
574 674 700 737 niodum
719 672 841 738 sciendi
859 672 922 761 (t).
944 674 1107 753 Quoniam
1131 696 1212 761 ergo
1230 677 1350 743 modus
1368 674 1490 741 sciendi
1518 686 1568 741 est
1593 674 1647 739 Lo

526 777 616 861 gica,
637 778 665 845 si
685 781 753 846 haec
771 780 903 847 scientia
921 781 975 858 sit,
989 782 1159 849 addiscens
1178 783 1347 869 logicam,
1363 782 1531 849 scientiam
1547 782 1644 847 simul

527 894 560 949 et
575 886 711 953 modum
727 888 846 953 sciendi
866 900 1036 972 quaereret.
1056 890 1165 967 Quare
1180 890 1309 958 videtur
1321 909 1361 956 ex
1375 896 1487 955 mente
1505 888 1645 955 Philoso

527 992 580 1076 phi
602 995 718 1079 logica
738 1014 804 1061 non
824 1014 896 1062 esse
910 997 1056 1064 scientia.

592 1108 697 1185 Resp.
718 1103 860 1187 primum
881 1105 991 1169 locum
1010 1104 1145 1190 intelligi
1164 1124 1260 1189 posse
1277 1106 1318 1170 de
1338 1104 1455 1191 logica
1479 1112 1590 1171 utente
1609 1104 1642 1168 in

526 1210 659 1275 materia
680 1211 804 1294 topica,
826 1222 862 1276 ut
890 1212 1032 1279 indicant
1050 1232 1125 1296 quae
1152 1213 1279 1297 scripsit
1307 1214 1523 1296 Philosophus
1550 1211 1642 1277 initio

524 1316 669 1399 ejusdem
689 1317 795 1401 operis
814 1316 878 1406 (2).
900 1318 1024 1385 Sensus
1042 1328 1152 1386 autem
1172 1321 1304 1386 alterius
1321 1320 1382 1385 loci
1401 1331 1467 1397 est,
1484 1339 1550 1386 non
1569 1338 1641 1384 esse

523 1422 751 1491 addiscendam
772 1426 867 1491 aliam
887 1425 1056 1493 scientiam
1076 1427 1262 1494 distinctam
1282 1429 1380 1495 simul
1393 1446 1481 1493 cum
1508 1428 1639 1512 logica.

566 1536 673 1614 Objic.
696 1530 749 1599 2.⁰
796 1532 906 1600 Sancti
925 1534 1062 1600 Thomas
1081 1545 1130 1601 est
1149 1537 1218 1602 haec
1235 1536 1411 1601 sententia:
1431 1536 1492 1603 Res
1507 1538 1547 1599 de
1570 1535 1642 1617 qui·

521 1638 578 1704 hus
587 1643 634 1704 est
645 1641 773 1724 Logica,
787 1660 851 1707 non
863 1646 1051 1727 queruntur
1062 1644 1106 1707 ud
1118 1646 1363 1727 cognoscendum
1371 1646 1498 1725 propter
1508 1641 1638 1724 seipsas,

519 1748 575 1811 sed
591 1750 628 1811 ul
642 1747 868 1815 adminiculum
886 1752 1043 1834 quoddam
1056 1753 1100 1815 ud
1115 1752 1199 1816 alias
1215 1751 1374 1817 scientias.
1389 1751 1431 1816 Et
1440 1750 1508 1815 ideo
1523 1749 1641 1832 Logico

519 1875 588 1921 non
613 1860 808 1922 continetur
833 1860 899 1923 sub
918 1862 1138 1941 Philosophia
1160 1864 1369 1941 speculative
1392 1862 1490 1941 quasi
1511 1862 1642 1939 princi·

517 1963 604 2042 pelie
622 1983 718 2044 pars,
740 1967 801 2029 sed
826 1968 926 2047 quusi
950 1969 1122 2048 quoddam
1150 1970 1329 2032 reductum
1352 1969 1396 2031 sd
1421 1986 1515 2041 eum,
1534 1977 1640 2046 prout

518 2072 692 2136 ministrat
704 2076 927 2153 speculationi
939 2094 1003 2139 suu
1016 2076 1262 2149 instrumenta,
1276 2078 1405 2139 scilicet
1416 2076 1641 2157 syllogismos

516 2189 551 2242 et
572 2179 788 2244 definitiones
815 2192 849 2245 et
874 2184 941 2245 ulia
965 2185 1185 2261 huiusmodi,
1204 2184 1329 2264 quibus
1352 2185 1388 2247 in
1414 2184 1638 2262 speculativis

516 2286 670 2352 scientiis
683 2289 890 2367 indigemus.
913 2288 1003 2353 unde
1022 2290 1053 2352 el
1072 2289 1242 2353 secundum
1259 2287 1397 2353 Bdetium
1415 2288 1448 2351 iu
1469 2290 1636 2351 comment.

514 2398 609 2472 super
624 2392 777 2474 Porphyr.
798 2411 860 2458 non
880 2396 945 2459 mm
965 2397 1014 2459 est
1027 2394 1179 2471 scientia,
1198 2418 1303 2479 quam
1327 2398 1481 2462 suendae
1503 2398 1638 2459 instru-

514 2512 672 2567 mentum
689 2496 753 2586 (3).

423 2587 426 2599 ¹
579 2612 683 2691 Resp.
710 2608 853 2693 «togica
882 2607 997 2675 dicitur
1024 2610 1142 2675 modus
1170 2618 1203 2674 et
1230 2610 1480 2677 instrumentum
1506 2607 1634 2675 sciendi

511 2713 604 2797 quasi
618 2715 779 2802 objectiva,
801 2734 865 2782 non
879 2716 1079 2802 somoliler,
1100 2718 1167 2803 agit
1186 2718 1273 2784 enim
1293 2728 1459 2801 tamquam
1479 2717 1520 2782 de
1539 2717 1636 2802 obje-

511 2830 564 2885 cto
582 2823 624 2886 de
643 2823 741 2889 modo
760 2824 897 2900 sciendi,
918 2834 951 2890 et
968 2826 1253 2892 deinstrumentis
1273 2825 1458 2892 necessariis
1482 2825 1522 2889 ad
1549 2824 1635 2890 alias

511 2929 676 3006 scientias,
698 2939 735 2996 ut
753 2940 831 2997 sunt
849 2932 1047 3018 syllogismi,
1069 2932 1307 3017 propositiones
1324 2941 1401 2999 etc.:
1418 2944 1451 2998 et
1468 2950 1509 2996 ex
1535 2943 1633 3014 parte

510 3035 751 3122 hujus‘objecti
779 3039 887 3104 diflert
914 3040 955 3104 ab
982 3040 1052 3106 aliis
1079 3040 1221 3106 scientiis
1229 3090 1238 3134 3
1258 3040 1334 3124 quia
1361 3041 1422 3105 illae
1451 3047 1554 3124 agunt
1586 3039 1632 3102 de

510 3144 623 3219 rebus,
645 3145 705 3210 ista
724 3146 764 3211 de
783 3147 884 3212 modo
902 3145 1038 3213 sciendi.
1064 3147 1101 3214 Et
1127 3148 1203 3232 quia
1232 3150 1318 3232 prius
1344 3148 1439 3213 debet
1466 3147 1630 3230 cognosci

509 3252 630 3319 modus
648 3253 770 3320 sciendi
789 3273 889 3337 quam
907 3273 974 3330 reS,
996 3255 1069 3321 ideo
1087 3256 1168 3322 dixit
1187 3255 1393 3332 Aristoteles,
1413 3273 1485 3320 esse
1509 3254 1631 3320 absur-

508 3359 587 3424 dum
614 3370 792 3444 utrumque
812 3361 911 3428 simul
931 3381 1112 3448 quaerere.»

574 3467 638 3534 «Et
656 3468 772 3533 eodem
792 3470 892 3535 modo
910 3469 946 3534 S.
967 3469 1112 3537 Thomas
1134 3469 1232 3545 dixit,
1253 3489 1317 3538 non
1341 3467 1499 3536 contineri
1525 3469 1626 3554 Logi-

506 3591 577 3639 cam
598 3575 813 3662 principaliter
830 3576 893 3644 sub
913 3576 1134 3662 Philosophia,
1155 3579 1231 3661 quia
1259 3596 1324 3643 non
1351 3577 1416 3662 agit
1439 3577 1481 3642 de
1509 3575 1623 3652 rebus,

505 3681 589 3749 sicut
615 3683 683 3760 illa,
705 3683 762 3750 sed
788 3683 829 3749 de
855 3683 955 3750 modo
979 3684 1197 3770 cognoscendi
1221 3704 1289 3763 res,
1310 3684 1398 3768 quod
1420 3692 1470 3750 est
1497 3683 1623 3767 aliquid

505 3789 615 3856 minus
635 3790 878 3876 principale...»
897 3789 950 3879 (4)

574 3898 736 3965 Ceterum
770 3898 844 3964 licet
878 3900 994 3984 logica
1022 3899 1063 3964 sit
1089 3900 1360 3976 instrumentum,
1388 3917 1446 3964 nec
1474 3897 1516 3964 sit
1545 3916 1622 3983 pars

504 4004 685 4091 principalis
704 4005 938 4091 Philosophiae,
960 4025 1026 4072 non
1054 4015 1141 4074 vetat
1168 4006 1343 4090 quominus
1370 4007 1412 4072 sit
1437 4014 1621 4088 utcumque

535 4311 576 4382 (i)
614 4309 678 4369 Lib.
694 4321 745 4379 2.⁰,
757 4309 899 4383 Metalli..
914 4329 977 4381 cap.
993 4331 1019 4382 3,
1031 4322 1100 4368 text.
1115 4329 1220 4370 comm.
1238 4330 1278 4384 ¹5·

537 4405 576 4466 (ο)
613 4399 686 4471 Cep.
706 4421 729 4457 r.
746 4397 808 4456 Clr.
823 4397 967 4469 Lounda,
983 4399 1036 4457 loc.
1050 4399 1099 4458 cit.
1112 4420 1142 4458 n.
1162 4421 1203 4474 ¹4·

535 4495 577 4562 (3)
614 4487 646 4547 S.
662 4489 716 4547 Th.
735 4487 844 4560 Opuse.
860 4489 895 4545 de
912 4489 1018 4547 Triuil.
1034 4497 1137 4563 super,
1153 4489 1247 4559 uses,
1261 4509 1290 4560 q.
1306 4506 1336 4561 5,
1350 4500 1404 4548 ert.
1421 4509 1449 4558 r,
1464 4487 1503 4546 nd
1517 4499 1577 4549 2.¹·

534 4582 576 4652 (4)
611 4575 715 4649 Joann.
730 4598 747 4636 a
760 4575 792 4637 S.
808 4575 925 4647 Thom,
939 4579 1056 4655 Logic„
1071 4578 1189 4637 secund.
1205 4591 1279 4651 port.
1293 4597 1322 4650 q.
1348 4598 1375 4649 1,
1389 4597 1415 4636 n.
1432 4598 1465 4647 2,
1481 4577 1513 4637 in
1534 4598 1613 4652 resp.

498 4671 536 4730 od
554 4679 610 4728 ι.““·
624 4689 738 4744 orgum.
752 4666 814 4726 etr.
828 4666 962 4740 Lossed.‚
978 4668 1091 4730 locuit.
1108 4687 1138 4728 n.
1158 4687 1199 4744 ¹4·
