3492 5525
298 444 414 511 Anrrc.
432 462 492 510 υ·
504 446 676 525 Quonooo
696 465 832 511 exrsrnr
847 447 1066 513 Univensnue
1144 444 1204 528 697

116 632 313 713 obiectivas,
334 633 455 715 quibus'
475 634 626 699 accidunt
645 633 796 700 secunde
819 634 1029 701 intentiones,
1045 632 1183 701 Nomina
1201 630 1246 694 si-

114 738 302 826 gnificantia
314 744 448 808 maturas
459 740 543 823 ipsas
547 741 766 823 proiciantur
774 744 812 807 dc
821 740 1013 816 individuis,
1026 738 1136 807 scribit
1149 736 1247 821 Aqui·

118 866 196 922 nas,
218 866 281 913 non
299 852 405 913 autem
421 848 634 934 signficantia
652 848 856 915 intentioms:
875 848 1019 914 menter
1034 847 1120 913 mim
1135 846 1246 934 estio·

115 974 184 1032 mo‚
205 958 238 1021 ct
253 974 317 1021 non
334 959 381 1022 est
395 956 527 1037 species,
555 955 698 1041 quamvis
725 942 812 1022 ¹horno
829 956 876 1021 sit
890 956 1002 1038 species
1022 952 1086 1041 (ι).
1108 954 1145 1019 Et
1164 952 1244 1019 ratio

115 1074 186 1138 est,
206 1054 282 1146 quia
300 1064 423 1147 species
442 1072 474 1129 et
492 1082 598 1148 genus
617 1071 696 1129 sunt
715 1064 867 1133 secunde
897 1061 1112 1139 intentiones,
1134 1060 1240 1145 expri-

117 1182 281 1255 muntque
297 1178 464 1247 naturam,
483 1190 549 1239 non
569 1180 664 1256 prout
684 1170 808 1247 existit,
827 1180 883 1237 aut
902 1172 1040 1237 existere
1058 1190 1076 1235 a
1092 1178 1182 1253 parte
1196 1171 1242 1235 rei

116 1289 245 1362 potest,
270 1280 328 1345 sed
353 1289 449 1363 prout
467 1279 655 1345 communis
675 1289 707 1344 et
726 1277 937 1362 predicabilis
955 1278 996 1343 de
1016 1278 1182 1362 pluribus;
1208 1284 1242 1342 at

117 1395 244 1455 naturae
263 1387 295 1452 in
314 1386 490 1453 individuis
508 1386 707 1463 existentes,
730 1404 796 1452 non
815 1394 895 1453 sunt
909 1386 1084 1471 ejusmodi.

169 1566 241 1631 ¹70·
291 1548 484 1615 Prorostrlo
514 1547 568 1615 2.⁸
616 1554 823 1616 Universole
845 1562 906 1615 est
939 1561 1062 1615 natura
1090 1550 1239 1630 quaevis,

115 1662 175 1722 vel
188 1659 355 1738 obieetiva
368 1661 455 1722 ratio
467 1669 568 1739 prout
582 1662 739 1723 relucens
754 1660 789 1721 in
803 1660 998 1743 oognitione
1011 1658 1138 1721 mentis
1151 1675 1242 1735 prae-

115 1769 243 1841 cision,
273 1786 341 1847 qun
366 1769 634 1845 apprehenditur
661 1768 739 1830 sine
765 1769 857 1829 notis
885 1765 1178 1829 individuantibus
1201 1782 1241 1825 ac

114 1876 331 1949 differentiis,
348 1894 424 1937 eam
438 1874 693 1954 quomodolibet
710 1884 838 1953 aparte
857 1874 908 1935 rei
921 1872 1237 1950 multiplicantibus.

116 1983 221 2045 Unde
238 1962 353 2046 unitos
366 1984 503 2063 propria
516 1993 652 2046 naturae
668 1983 876 2045 universalis
889 1991 943 2044 est
954 1980 1020 2061 ipsi
1032 1980 1237 2042 extrinseca.

162 2145 341 2207 Probatur.
388 2140 471 2205 Nam
492 2139 675 2206 universale
690 2138 844 2223 importat
860 2146 1008 2204 naturam
1023 2155 1135 2219 unam,
1153 2136 1238 2201 mul·
1305 2160 1395 2205 nerum

114 2247 224 2330 tisque
250 2264 440 2313 communem
466 2264 524 2313 seu
551 2246 850 2322 communicabilem,
871 2246 992 2322 idest,
1022 2252 1169 2310 naturam
1193 2243 1237 2308 ita
1282 2234 1421 2315 '‘¹¹¹⁶?¹.¹¹³³'¹

114 2364 190 2420 actu
211 2353 381 2421 indivisam
411 2362 448 2419 ut
466 2362 577 2419 tamen
595 2353 764 2420 divisibilis
783 2354 824 2420 sit
842 2352 875 2420 in
895 2355 988 2437 plura
1006 2353 1153 2438 ejusdem
1178 2370 1238 2417 no-
1259 2316 1442 2435 „ffiffifen

116 2460 215 2527 minis
233 2460 426 2530 errationis.
448 2460 548 2543 Atqui
567 2462 639 2527 sola
655 2471 768 2527 natura
788 2479 844 2545 per
857 2460 1058 2526 intellectum
1078 2460 1236 2527 abstracta

114 2568 240 2637 a-notis
268 2567 546 2635 individuantibus
569 2588 605 2634 ac
632 2567 839 2645 differentia,
861 2577 958 2652 prout
984 2566 1074 2643 talis,
1103 2576 1153 2633 est
1173 2585 1237 2632 una

113 2678 213 2750 simul
234 2685 266 2742 et
286 2676 398 2743 multis
412 2674 599 2741 communis
618 2694 676 2741 seu
696 2675 958 2762 multiplicabilis.
980 2676 1064 2760 Ergo
1083 2672 1146 2763 (2).

184 2793 300 2854 Minor
319 2766 485 2870 probanda
512 2794 573 2851 est.
597 2784 633 2850 Et
652 2785 683 2850 in
705 2784 817 2868 primis
841 2794 930 2869 patet
953 2782 1161 2869 exsuperius
1182 2785 1239 2849 de·
1331 2825 1335 2832 ·

115 2895 321 2969 monstratis,
342 2902 489 2960 naturam
506 2897 595 2958 extra
612 2893 798 2966 intellectum
813 2892 844 2960 in
861 2894 951 2962 nullo
969 2896 1053 2958 statu
1066 2893 1145 2958 reoli
1158 2911 1238 2977 prae·

114 3003 217 3068 ditem
237 3021 309 3069 esse
335 3001 458 3068 unitate
483 3009 516 3064 et
541 3002 778 3066 communitate
797 3002 836 3066 ad
861 3001 1018 3066 rationem
1048 3000 1238 3066 universalis

114 3109 306 3177 necessaria.
324 3109 531 3175 Probandum
548 3127 626 3193 ergo
642 3117 740 3174 restat
755 3116 892 3184 naturae,
908 3115 1005 3191 prout
1019 3108 1187 3174 abstracte
1205 3116 1238 3173 et

113 3218 270 3284 relucenti
294 3216 326 3282 in
359 3215 546 3302 cognitione
575 3210 757 3300 praecisiva,
786 3214 1003 3282 sufficientem
1030 3215 1137 3281 inesse
1166 3215 1239 3281 uni-

112 3335 217 3392 tatem
236 3335 270 3391 et
289 3323 559 3391 communitatem
579 3331 677 3405 atque
697 3323 912 3408 aptitudinem
932 3323 972 3387 ad
992 3310 1100 3407 pluras

181 3430 215 3520 α)
237 3440 334 3501 lnest
352 3436 527 3498 sufficiens
546 3437 672 3498 unitas.
701 3433 785 3498 Nam
815 3429 863 3497 r.⁰
886 3428 992 3496 unitas
1020 3438 1070 3495 est
1087 3429 1236 3497 indivisio
1343 3472 1347 3482 ·

111 3541 198 3608 entis
216 3541 249 3607 in
271 3541 379 3624 plura,
400 3549 433 3605 et
452 3535 567 3603 divisio
586 3537 766 3620 aquolibet
782 3538 861 3613 alio,
878 3555 982 3602 unum
998 3538 1119 3622 quippe
1134 3539 1236 3622 vulgo

109 3648 266 3716 definitur
284 3645 454 3712 indivisum
473 3645 508 3710 in
530 3663 563 3710 sc
576 3647 609 3710 ct
623 3645 759 3711 divisum
778 3665 797 3710 a
816 3645 953 3730 quolibet
967 3641 1044 3710 aiio.
1069 3643 1138 3724 jam
1157 3664 1235 3710 vero

111 3766 227 3824 natura
245 3755 417 3829 abstracta,
442 3752 475 3818 in
495 3751 608 3837 primis
626 3753 728 3833 diyisa
753 3765 785 3819 et
812 3761 960 3837 separata
986 3761 1037 3820 est
1055 3773 1073 3818 a
1091 3752 1235 3834 qualibet

108 3867 189 3942 alia,
215 3874 293 3950 puta
318 3865 436 3927 natura
462 3861 599 3926 humana
625 3861 665 3926 ab
689 3861 820 3945 equina,
850 3859 991 3936 leonina,
1020 3860 1143 3944 lapidea
1170 3868 1231 3924 etc.

108 3973 234 4040 Deinde
254 3971 326 4036 licet
344 3970 387 4035 sit
405 3989 424 4034 a
442 3975 531 4053 parte
552 3969 595 4035 rei
615 3969 786 4054 multiplex
810 3988 846 4035 ac
870 3968 973 4035 divisa
993 3967 1025 4033 in
1045 3967 1231 4044 individuis,

145 4213 184 4273 (ι)
221 4205 255 4264 S.
270 4204 326 4262 Th.
339 4203 460 4276 Opone,
476 4202 510 4258 de
523 4202 591 4259 Emi.
604 4209 631 4257 et
643 4199 767 4258 essentia
776 4220 838 4273 cap.
848 4219 877 4273 4.
889 4219 964 4257 vero.
981 4199 1032 4256 fin.
1044 4182 1106 4258 clr'.
1120 4199 1230 4272 Opuse.

105 4311 151 4359 2.⁰
168 4299 202 4355 de
219 4295 363 4361 Univers„
381 4311 438 4350 non
453 4291 552 4363 procul
567 4289 604 4346 ab
614 4288 709 4358 initio;
721 4288 869 4360 etOpuso.
883 4290 918 4346 de
930 4297 1157 4363 semurespecm
1167 4292 1231 4348 sin·

105 4388 259 4466 guterium
277 4393 305 4453 et
319 4383 469 4441 intellectu
481 4389 615 4455 respectu
629 4379 852 4448 universalium,
868 4377 899 4436 in
914 4379 980 4437 fine.

145 4477 186 4548 (2)
221 4474 296 4533 Vide
312 4473 454 4539 Loesoda,
464 4471 581 4546 Logic„
597 4481 679 4527 treet.
691 4487 718 4537 a,
729 4465 804 4540 disp.
821 4487 848 4537 2,
861 4487 925 4539 cap.
937 4490 963 4541 3.
975 4468 1105 4538 Rhodes,
1117 4469 1229 4528 Pictos.

106 4569 224 4642 Perip„
239 4565 288 4623 lib.
303 4583 332 4637 4,
347 4563 423 4635 disp.
447 4583 474 4635 3,
488 4572 593 4632 quaest.
616 4580 642 4631 3,
658 4571 726 4616 sect.
741 4577 769 4630 4,
790 4577 910 4630 paragr.
926 4580 950 4628 r;
973 4556 1096 4632 Semery
1112 4557 1229 4618 Trienm.

105 4659 236 4725 Pictos..
253 4671 274 4714 t.
294 4675 319 4712 1.
335 4651 412 4726 disp.
427 4671 454 4720 2,
470 4665 499 4720 q'.
524 4671 552 4722 4,
568 4663 623 4707 art.
639 4669 667 4721 γ,
681 4646 852 4718 Alamanni,
871 4648 982 4707 Summ.
1006 4649 1120 4708 Peritos.
1136 4648 1230 4721 prime

104 4761 202 4824 parte,
217 4768 246 4820 q.
259 4766 287 4818 a,
302 4757 357 4804 ort.
376 4764 399 4801 1.
