3492 5525
365 239 448 303 Cae.
471 257 542 304 num
564 239 616 302 De
637 258 858 304 uunrmnronn
880 239 1036 304 Cannnsu
1143 250 1217 319 1055

134 422 174 489 lis
201 441 266 488 non
296 425 369 489 sine·
391 426 578 491 animorum
603 434 686 491 aestu
714 435 957 500 controversas,
980 424 1148 490 veritatem
1170 440 1258 487 sem·

133 549 192 612 per
223 529 439 598 sincerissime
458 541 659 617 quaerentes,
687 524 903 617 eamdemque
932 531 1067 598 ubilibet
1085 526 1256 615 *repertam

133 635 272 703 libenter
291 642 541 723 amplectantes,
563 659 688 707 errores
714 650 829 706 autem·
851 660 869 707 a
893 658 1104 725 quocumque
1123 638 1257 706 tandem

134 745 333 822 doceantur,
367 746 617 831 diligentissime
648 760 820 824 caventes,
856 749 888 813 in
926 748 1081 813 omnibus
1117 746 1259 827 denique

135 852 299 918 rationum
317 854 449 936 pondus
462 856 585 940 magis,
600 875 699 938 quarn
715 875 837 921 nomen
853 867 1022 920 auctorum
1038 853 1257 933 attendentes.

134 958 347 1042 Quamquam
367 960 400 1025 in
420 963 482 1026 hoc
501 963 656 1028 doctrinae
676 964 802 1028 delectu
822 962 988 1039 iaciendo,
1009 962 1029 1027 ii
1051 960 1258 1046 potissimum

134 1069 328 1133 consulendi
348 1079 441 1145 sunt,
458 1071 514 1153 qui
533 1070 617 1136 inter
635 1070 854 1138 Scholasticos
874 1070 1016 1135 maxime
1036 1070 1257 1142 eminuerunt,

135 1192 171 1237 ac
196 1174 389 1241 nominatim
417 1177 452 1242 S.
480 1178 642 1254 ThomaS,
662 1177 785 1261 illique,
814 1178 871 1262 qui
897 1186 1063 1242 tantorum
1082 1176 1259 1240 Doctorum

136 1281 273 1366 vestigia
300 1293 496 1366 sequentes,
522 1285 702 1351 doctrinam
728 1285 960 1353 Scholasticam
987 1286 1203 1359 illustrarunt,
1224 1302 1260 1347 ac

134 1389 229 1454 novis
247 1392 487 1457 accessionibus
506 1392 756 1475 locupletarunt.
782 1394 886 1458 Crede
907 1394 994 1481 enim
1016 1392 1112 1466 mihi,
1134 1392 1259 1455 nullum

136 1496 294 1563 hactenus
313 1499 466 1564 humanae
485 1498 628 1568 scientiae
648 1511 905 1565 monumentum
925 1498 1101 1565 excitatum
1121 1498 1185 1563 vidi
1205 1507 1261 1563 aut

137 1604 262 1680 verius,
285 1614 341 1671 aut
361 1604 555 1685 ditius,‚aut
573 1606 726 1684 solidiuS,
748 1608 959 1691 numerisque
984 1606 1140 1671 omnibus
1162 1624 1262 1690 gene

138 1711 232 1776 ratim
262 1712 455 1792 absolutius,
485 1733 586 1796 quam
615 1714 814 1781 Scholastica
835 1714 1058 1799 Philosophia,
1079 1715 1172 1798 cujus
1201 1712 1261 1778 nisi

138 1828 267 1884 mentes
286 1822 425 1904 cepisset
443 1820 626 1887 tristissima
646 1823 805 1906 ignoratio
824 1823 874 1890 vel
897 1821 1034 1897 oblivio,
1051 1840 1117 1886 non
1138 1821 1262 1905 potuis-

137 1934 212 1991 sent
231 1928 352 2010 ubique
372 1946 502 2011 serpere
529 1948 566 1993 ac
589 1948 672 2012 pene
700 1930 797 1994 etiam
819 1930 1018 2014 triumphare
1045 1930 1260 1995 recentiorum

138 2052 284 2099 errorum
313 2036 488 2101 levissimae
516 2036 706 2114 inanitates,
740 2038 1022 2121 quemadmodum
1058 2056 1116 2103 nec
1146 2036 1262 2101 durare

138 2142 283 2206 tenebrae
301 2152 427 2225 queunt
447 2143 486 2208 iis
506 2145 537 2209 in
557 2145 653 2221 locis,
674 2164 748 2227 quae
769 2145 965 2211 meridianus
985 2146 1032 2211 sol
1053 2145 1177 2210 lumine
1201 2162 1261 2209 suo
1372 2222 1375 2226 ,

137 2247 291 2325 illustrat,
309 2269 368 2316 nec
385 2251 523 2335 grassari
543 2254 740 2335 vulpeculae,
757 2253 813 2318 ubi
832 2252 967 2338 vigilant
985 2252 1135 2338 generosi
1150 2268 1259 2319 canes.

558 2588 757 2673 CAPUT
788 2588 856 2673 ll.'

402 2809 505 2868 DE
528 2806 987 2872 METHODIGA

298 2971 743 3047 DUBITATIONE
778 2972 1098 3050 CARTESII.

185 3239 262 3306 3¹4¹·
311 3220 438 3304 Duplex
452 3231 501 3287 est
512 3220 686 3297 dubitatio,
704 3222 801 3288 altera
817 3224 925 3300 realis,
943 3226 1041 3288 altera
1052 3222 1261 3310 hypothetica
1315 3239 1427 3286 nuntiato

141 3331 192 3394 vel
216 3329 412 3396 methodica.
434 3328 540 3394 Realis
563 3340 615 3396 est
638 3349 713 3396 vera
733 3331 905 3414 suspensio
930 3333 1028 3397 animi
1048 3331 1088 3396 ad
1109 3340 1259 3397 neutram
1288 3311 1460 3366 ⁶⁰⁹¹⁰¹³²³¹¹³¹

141 3448 265 3521 partem
280 3437 752 3504 contradictionisinclinantis.
770 3437 985 3523 Hypothetica
1004 3440 1053 3505 vel
1075 3440 1260 3505 methodica
1291 3483 1312 3520 a
1324 3455 1464 3533 mmm„

140 3545 289 3611 consistit
311 3545 342 3610 in
365 3563 418 3621 eo,
443 3546 533 3627 quod
553 3564 649 3612 mens
668 3546 821 3628 quamvis
845 3565 911 3612 non
929 3547 1072 3622 dubitet,
1092 3565 1129 3612 se
1147 3557 1258 3613 tamen
1288 3546 1463 3592 'ewaldis

140 3653 236 3737 gerit,
257 3653 350 3735 quasi
370 3671 482 3737 reapse
501 3653 679 3729 dubitaret,
702 3673 821 3739 nempe
848 3653 1043 3738 inquirendo
1064 3665 1097 3720 et
1115 3654 1262 3720 conside-

141 3761 241 3826 rando
272 3761 487 3834 fundamenta
516 3759 558 3826 rei
585 3780 624 3826 eo
654 3770 768 3845 pacto,
798 3779 865 3845 quo
890 3763 997 3828 solent
1025 3762 1081 3838 itti,
1102 3762 1157 3845 qui
1187 3781 1262 3828 vere

139 3868 345 3943 dubitantes,
367 3888 385 3932 e
402 3869 503 3934 dubio
521 3886 583 3934 suo
602 3887 770 3953 emergere
788 3868 940 3953 cupiunt.

206 3974 385 4042 Discrimen
404 3976 541 4059 duplicis
565 3977 663 4061 hujus
686 3976 798 4043 nullibi
823 3977 941 4043 melius
963 3976 1139 4043 innotescit
1159 3995 1261 4060 quam
1320 3991 1444 4038 bracaren

1278 4067 1392 4122 utriusque
1402 4065 1479 4109 decla·

1345 4145 1412 4182 tatur.

140 4083 172 4149 in
196 4083 336 4159 infideli,
363 4081 415 4148 cui
435 4082 583 4150 nondum
604 4083 804 4150 sufficienter
828 4083 995 4169 proposita
1020 4094 1073 4150 est
1092 4084 1261 4160 revelatio,

140 4203 172 4256 et
189 4191 222 4255 in
241 4191 428 4275 Theologo,
448 4191 505 4274 qui
518 4192 639 4276 dogma
652 4192 849 4268 revelatum,
870 4193 959 4276 quod
973 4191 1109 4258 firmiter
1120 4193 1151 4260 in
1166 4192 1264 4258 corde

140 4316 200 4363 suo
221 4299 339 4375 credit,
360 4300 451 4364 omni
471 4309 740 4384 argumentorum
759 4319 880 4385 genere
899 4299 1092 4367 confirmare
1111 4309 1144 4367 et
1164 4300 1267 4366 credi-

139 4405 201 4470 bile
219 4407 351 4471 reddere
379 4407 563 4473 contendit.
584 4407 725 4473 lnfrdelis
747 4408 798 4473 ille
825 4427 940 4476 verum
959 4419 1051 4475 tenet
1071 4408 1211 4475 dubium
1232 4407 1265 4473 in

139 4514 327 4597 cordesuo;
348 4523 381 4580 at
399 4515 588 4600 Theologus
604 4534 669 4582 non
688 4534 765 4584 vere
779 4515 923 4596 dubitat,
952 4534 1046 4584 secus
1059 4517 1148 4612 enirn
1168 4513 1267 4582 haere·
