3492 5525
429 499 547 564 Antic.
575 515 632 564 ia·
653 495 703 562 Du
725 495 932 564 lsuucrrone
1140 499 1194 580 361

111 681 234 766 duplici
245 690 375 750 tantum
386 692 514 752 constat
525 683 979 769 propositione,antecedenti
989 695 1020 753 et
1031 703 1237 770 consequen·
1328 703 1401 739 ¹³⁸·

111 793 150 858 ti.
168 790 205 856 Et
223 791 420 858 antecedens
438 792 571 875 quidem
595 801 645 858 est
668 793 846 877 propositio
864 795 1062 880 copulativa,
1087 794 1238 860 enuntia·

111 899 237 964 tionem
262 897 433 965 conu'nens
460 899 666 984 singulorum
690 901 892 967 interiorum.
914 902 956 970 V.
982 921 1016 987 g.
1045 903 1233 984 Baptr'snacs,

111 1007 318 1093 Confirnutio
336 1017 398 1076 etc.
415 1009 582 1094 cansenmt
594 1009 732 1094 gratiam
749 1027 788 1076 rx
804 1017 893 1092 opere
903 1013 1036 1094 operata.
1053 1011 1136 1094 Ergo
1148 1029 1235 1078 amne

109 1115 349 1180 Sacramentum
364 1116 502 1200 gratiam
517 1119 639 1190 confert
652 1137 693 1182 ex
702 1124 792 1201 opere
803 1123 940 1201 operato.
960 1119 1081 1185 Corvus
1095 1124 1143 1197 Α,
1156 1117 1234 1184 Car·

107 1239 170 1288 arcs
187 1229 235 1298 B,
250 1241 364 1288 coruus
376 1229 420 1300 c,
438 1228 515 1290 aaa
525 1224 625 1308 nigri,
641 1224 781 1310 idemque
793 1225 962 1293 dicendum
975 1227 1072 1292 estde
1090 1225 1231 1310 reliquis.

108 1329 519 1416 Ergaamniscarnum'ger
530 1335 587 1399 est.
603 1331 715 1416 ltaque
734 1333 880 1400 inductio
892 1333 1036 1418 speciem
1050 1329 1232 1418 quamdam

108 1438 210 1504 habet
227 1438 482 1524 enthymematis
498 1438 530 1504 in
550 1440 610 1505 hac
628 1448 762 1506 externa
777 1442 935 1526 arguendi
950 1444 1067 1508 torma.

178 1544 250 1610 Dixi
264 1547 363 1627 prout
374 1547 782 1630 caramanitarpraponiiur,
803 1548 878 1631 quia
898 1549 925 1614 si
940 1549 1141 1633 exprimatur
1159 1565 1234 1634 pro

107 1653 231 1736 positio
249 1651 302 1717 illa
321 1655 372 1718 vel
398 1653 605 1740 principium,
627 1653 714 1721 unde
734 1655 831 1722 robur
850 1655 1016 1723 infallibile
1039 1655 1234 1722 nanciscitur

107 1761 149 1826 ad
170 1768 257 1826 recte
276 1761 552 1838 concludendum,
568 1764 708 1828 sormam
722 1764 902 1846 quamdam
916 1763 1022 1830 induit
1036 1763 1230 1850 syllogismi3

107 1868 394 1951 quemadmodum
424 1869 456 1934 in
481 1868 655 1954 propositis
679 1870 779 1936 modo
807 1871 966 1955 exemplis
985 1872 1096 1937 videre
1122 1879 1184 1946 est,
1206 1869 1233 1937 si

106 1978 194 2044 inter
205 1977 402 2044 antecedens
415 1987 452 2052 ,et
470 1963 676 2062 consequens
694 1979 726 2044 in
747 1979 852 2064 primo
872 1982 1026 2064 exemplo
1045 1975 1130 2045 hanc
1152 1997 1235 2064 prae·

106 2082 247 2150 missam
276 2083 461 2152 interseras:
494 2085 595 2171 Atqui
620 2087 796 2168 Baptismus
831 2085 1034 2175 Confirmatio
1067 2095 1130 2154 etc.
1160 2091 1239 2153 sunt

103 2193 215 2258 omnia
232 2197 441 2276 sacranuata;
454 2191 485 2258 in
506 2195 607 2260 altero
622 2212 700 2259 vero
719 2195 803 2259 hanc
816 2194 926 2260 aliam:
947 2195 1052 2281 Atqui
1061 2213 1175 2262 carnus
1187 2202 1231 2272 Α,

103 2319 222 2366 corvus
240 2307 287 2376 B,
307 2317 420 2367 corveas
438 2307 481 2381 c,
500 2305 534 2367 et
543 2301 669 2388 reliqui,
682 2305 872 2369 suatomaes
887 2303 987 2368 comi.
1193 2313 1196 2318 ’

173 2407 212 2472 Et
227 2409 289 2473 hoc
303 2408 400 2474 etiam
415 2415 509 2493 pacto
522 2409 666 2476 inductio
680 2407 797 2476 dicitur
809 2410 854 2475 ad·
862 2409 1094 2498 syllogismum
1107 2410 1230 2485 reduci.

103 2516 335 2600 Quamquam,
353 2516 378 2582 si
397 2517 481 2582 bene
498 2515 670 2593 observes,
699 2517 842 2594 videbis,
870 2517 1095 2584 inductionem
1115 2519 1159 2584 ita
1185 2537 1234 2583 re-
1291 2520 1297 2528 '

102 2624 260 2702 ductam,
290 2641 362 2690 esse
381 2625 614 2711 syllogismum
640 2625 743 2690 tertiae
773 2625 890 2712 figura
916 2645 994 2693 cum
1022 2625 1232 2694 conclusione

102 2731 250 2821 generali
266 2741 378 2799 contra
398 2734 528 2819 regulas
543 2731 698 2817 speciales
712 2731 797 2800 illius
815 2733 944 2819 ngurae.

173 2840 299 2905 Verum
322 2859 386 2907 non
415 2838 447 2906 in
472 2841 533 2907 hoc
557 2839 719 2924 praecipue
738 2841 865 2907 indoles
896 2842 1024 2927 proprie
1047 2843 1232 2927 reponenda
1336 2858 1375 2890 ···

101 2957 155 3013 est
182 2946 383 3014 inductionis
401 2968 438 3013 ac
462 2948 642 3014 diiierentia
675 2950 824 3035 ejusdem
845 2969 863 3013 a
891 2948 1102 3036 syllogismo,
1122 2950 1231 3016 sedin

102 3073 261 3141 processu
282 3074 319 3121 ac
335 3054 489 3123 relatione
512 3057 595 3122 inter
619 3057 816 3123 antecedens
836 3066 869 3122 et
888 3075 1109 3142 consequens.
1129 3056 1234 3145 Syllo-

101 3163 237 3248 gismus
265 3162 353 3228 enim
374 3164 519 3248 procedit
543 3164 800 3250 asuperioribus
818 3173 850 3230 et
878 3164 1165 3231 universalioribus
1191 3166 1232 3230 ad

99 3272 254 3336 interiora
268 3282 301 3337 et
320 3271 429 3337 minus
448 3270 639 3339 universalia
657 3275 710 3339 vel
723 3271 911 3357 singularia:
928 3272 1070 3356 ideoque
1085 3272 1234 3339 innititur

97 3380 130 3444 in
153 3378 320 3464 principiis
338 3378 430 3444 Dicta
447 3380 486 3444 de
504 3379 590 3445 omni
601 3383 634 3445 et
649 3378 741 3446 Dicto
758 3382 797 3445 de
815 3382 914 3446 nullo.
932 3380 976 3444 At
991 3380 1137 3448 inductio
1151 3399 1229 3447 con·

7 3480 9 3521 ³
99 3486 198 3553 traria
213 3504 350 3571 prorsus
369 3484 493 3553 ratione
512 3488 655 3571 procedit
669 3484 732 3575 (l):
748 3504 849 3570 quare
868 3494 939 3551 tota
957 3488 1029 3573 ejus
1040 3487 1089 3553 vis
1102 3490 1232 3555 conclu·

97 3594 200 3661 dendi
219 3601 286 3660 stat
308 3593 340 3659 in
366 3595 428 3660 hoc
447 3594 616 3679 principio:
642 3594 808 3681 Quidquid
831 3596 1017 3664 enuntiatur
1038 3599 1078 3662 de
1098 3596 1231 3681 singuiis

7 3718 9 3777 ζ
98 3702 308 3789 inferioribus
332 3702 475 3785 completa
500 3698 551 3791 (2)
576 3704 776 3781 enumeratis,
801 3704 1028 3770 emundandum
1047 3706 1092 3770 est
1111 3706 1151 3769 de
1168 3708 1232 3770 tata

7 3802 9 3879 ὲ
96 3806 267 3893 specieaet
286 3826 411 3895 genere,
438 3822 535 3895 prout
551 3812 619 3897 jam
644 3811 889 3895 supradictum
914 3822 975 3878 est.
996 3810 1097 3887 Quod
1123 3831 1229 3895 usque

7 3898 9 3937 i
98 3920 184 3983 adeo
203 3936 320 3984 verum
341 3926 404 3993 est,
427 3926 463 3983 ut
482 3916 569 3984 circa
597 3918 748 4003 eamdem
780 3919 950 3985 materiam
980 3939 1021 3985 ex
1047 3918 1230 4002 iisdemque
1288 3984 1292 3991 .

97 4024 252 4093 terminis
270 4024 402 4113 inverso
422 4024 537 4092 ordine
555 4026 671 4094 cantici
691 4028 820 4112 possint
839 4028 1054 4115 syllogismus
1077 4036 1109 4093 et
1135 4026 1230 4094 indu-

96 4137 178 4201 ctio.
201 4133 249 4198 En
268 4132 438 4217 Exempla:
512 4148 514 4153 ·

97 4364 101 4375 '
131 4348 177 4419 (a)
214 4348 364 4419 Differam
378 4354 473 4405 autem
497 4348 531 4405 ti
540 4348 596 4405 dua
610 4350 688 4407 madi
704 4348 884 4424 (syllogismi
897 4346 1120 4408 demonstrativi
1129 4360 1159 4407 et
1186 4348 1231 4407 in·

93 4438 233 4507 ductivi),
249 4439 320 4510 quia
333 4436 537 4495 demonstratio
552 4440 685 4513 procedit
696 4460 734 4498 ex
745 4440 974 4506 uniuersalibus,
990 4440 1122 4496 inductio
1135 4448 1230 4496 autem

91 4552 129 4588 ex
145 4527 389 4603 particularibus.
413 4525 447 4587 S.
463 4526 568 4585 Thom.
586 4527 636 4585 lib.
656 4540 693 4587 r.·
715 4530 828 4589 Pastor.
848 4530 914 4589 leet.
929 4548 973 4603 30.
989 4526 1052 4586 ctr.
1068 4526 1107 4586 ib.
1120 4528 1185 4586 ieet.
1204 4548 1227 4594 ι,

93 4620 163 4677 Vid.
180 4616 271 4675 etiam
283 4614 374 4674 Arist.
390 4614 441 4673 lib.
459 4636 484 4675 1.
500 4618 614 4675 Poster.
627 4618 777 4693 Analytic,
795 4641 821 4677 c.
841 4639 866 4679 1.
881 4632 911 4677 et
927 4618 969 4676 18.

127 4712 172 4781 (a)
211 4704 347 4779 intellige
356 4705 393 4764 de
408 4706 546 4765 omnibus
568 4706 756 4768 inferioribus
776 4709 838 4768 eive
858 4708 993 4781 explicite
1007 4706 1068 4766 sive
1090 4706 1230 4779 implicite

89 4794 275 4859 enumeratis
292 4792 378 4855 modo
392 4796 450 4869 jam
463 4794 619 4856 declarato.
