3492 5525
569 477 630 560 646
687 476 809 543 Loorcx
822 476 1055 552 Maron-Lis„
1075 490 1144 553 ψ,
1161 476 1254 540 Drso.
1274 488 1318 538 r.⁸
1331 476 1412 538 Cae.
1431 488 1501 536 ψ·

530 663 563 729 in
579 662 666 727 idem
682 662 889 739 incidenter
905 661 1087 748 significata
1104 661 1237 727 suntab
1252 660 1426 727 Aristotele
1442 656 1497 747 (a)
1509 658 1653 725 dicente:
1740 743 1742 752 Ι

527 770 695 854 singulare
720 770 920 853 exponimus,
946 772 1033 856 quod
1047 784 1178 837 nmero
1193 770 1244 834 est
1258 785 1374 844 mum,
1396 766 1583 833 rmivcrsole
1597 784 1659 831 aar·
1740 781 1742 784 ·

528 880 604 957 lem,
623 880 708 965 qvod
724 878 759 945 ἐκ
778 878 825 946 bis
842 874 907 967 (2).

898 1141 1198 1219 ARTICULUS
1227 1142 1274 1217 II.

631 1312 861 1389 Quoenam
884 1281 1036 1377 unitae
1055 1319 1101 1377 ot
1127 1311 1336 1392 aptitudo
1357 1314 1541 1375 naturae

756 1488 758 1492 .
825 1436 1075 1503 universali
1096 1439 1348 1503 conveniat.

579 1636 651 1714 148.
700 1634 746 1700 Ex
765 1635 922 1699 hactenus
944 1634 1118 1718 disputatis
1135 1634 1313 1719 colligitur,
1334 1633 1400 1699 duo
1422 1631 1456 1697 in
1476 1633 1657 1698 universali

529 1758 624 1823 posse
643 1740 855 1817 considerari,
877 1737 1168 1825 materiam'ipsius
1193 1750 1227 1806 et
1252 1741 1408 1807 formam:
1437 1739 1576 1804 materia
1605 1750 1659 1805 est

525 1848 651 1932 quaevis
671 1862 800 1923 natura,
818 1868 892 1931 quae
911 1849 1102 1916 universalis
1121 1848 1252 1925 dicitur,
1270 1850 1374 1914 forma
1392 1866 1471 1913 vero
1491 1847 1562 1932 ipsa
1581 1847 1659 1913 uni·

526 1957 691 2023 versalitas
705 1974 763 2022 seu
781 1956 924 2023 formalis
938 1957 1031 2033 ratio,
1044 1965 1287 2041 propterquam
1301 1963 1414 2022 natura
1430 1955 1480 2031 ιιι,
1500 1975 1540 2021 ac
1554 1974 1659 2022 voca-

525 2071 579 2129 tur
606 2064 809 2130 universalis.
831 2064 878 2129 De
896 2063 967 2148 ipsa
987 2073 1102 2131 natura
1129 2064 1207 2130 nihil
1226 2064 1365 2130 occurrit
1384 2064 1435 2129 hic
1457 2062 1655 2135 dicendum,

525 2172 584 2239 sed
604 2174 707 2237 lorma
728 2172 834 2258 magis
852 2172 960 2238 adbuc
978 2183 1028 2239 est
1046 2172 1248 2237 declaranda.
1278 2171 1435 2237 Consistit
1457 2189 1557 2255 porro
1581 2173 1656 2237 naec

526 2279 558 2345 in
573 2279 721 2357 duobus,
738 2280 769 2346 in
785 2281 908 2359 unitate
924 2291 1064 2355 naturae,
1081 2292 1114 2347 et
1125 2282 1196 2366 ejus
1209 2280 1389 2363 aptitudine
1408 2279 1449 2343 ad
1463 2280 1658 2345 communi·
1740 2329 1742 2334 .

504 2438 506 2445 .
526 2369 686 2455 rationem
706 2396 739 2452 et
758 2386 998 2454 inexistentiam
1020 2388 1052 2452 in
1066 2387 1179 2453 multis
1197 2386 1414 2453 interioribus.
1459 2382 1465 2390 ’

360 2510 382 2553 ur
405 2509 485 2559 aaran,
593 2493 681 2572 Quid
699 2474 750 2561 est
779 2514 859 2579 ergo
878 2494 1006 2560 unitas?
1034 2495 1147 2561 Unitas
1174 2495 1354 2579 generatim
1382 2491 1538 2578 importat
1564 2496 1656 2560 entis
1740 2533 1742 2536 -

527 2604 754 2675 indivisionem
775 2603 807 2668 in
827 2604 953 2686 seipso;
974 2620 1078 2669 unum
1096 2604 1217 2686 quippe
1235 2601 1367 2678 dicitur,
1388 2603 1477 2685 quod
1495 2611 1549 2668 est
1567 2603 1657 2667 indi·

379 2755 431 2785 μου
456 2754 491 2786 a..
527 2711 634 2779 visum
655 2710 686 2776 in
707 2730 742 2777 se
761 2707 825 2798 (3).
851 2711 889 2775 Et
912 2709 1082 2795 multiplex
1101 2708 1329 2796 distinguitur;
1350 2717 1511 2793 quantum
1536 2721 1655 2776 autem

527 2820 567 2885 ad
593 2826 786 2903 praesentenr
805 2819 1060 2886 controversiam
1084 2827 1226 2902 spectat,
1246 2819 1306 2884 alia
1325 2827 1375 2884 est
1403 2818 1511 2884 unitas
1530 2819 1657 2883 indivi-
1740 2848 1742 2885 ε

525 2929 631 2993 dualis
661 2945 718 2992 seu
749 2927 934 3002 mumerr'ca,
963 2927 1024 2990 alia
1054 2926 1230 2991 essentialis
1260 2943 1319 2991 seu
1337 2925 1497 3010 sormalr‘s.
1534 2925 1655 2992 Unitas
1740 2964 1742 3011 ς

526 3033 732 3100 individualis
745 3041 795 3100 est
810 3053 858 3108 ea,
876 3053 941 3117 qua
955 3034 1075 3118 aliquid
1089 3033 1297 3100 constituitur
1311 3052 1415 3099 unum
1435 3051 1577 3098 numero
1594 3053 1655 3100 seu

526 3142 705 3228 singulare,
741 3141 895 3208 nimirum
930 3141 1121 3207 indivisibile
1149 3141 1182 3206 in
1208 3143 1301 3226 plura
1327 3141 1461 3217 similia,
1490 3141 1650 3224 taliaque,

525 3250 621 3332 quale
640 3249 749 3332 ipsum
765 3260 828 3315 est.
846 3249 890 3316 lta
904 3249 1030 3326 Petnrs,
1052 3249 1115 3314 brec
1129 3255 1250 3330 unna,
1270 3249 1456 3335 berchario
1470 3250 1655 3333 singularia

525 3365 620 3434 sunt,
642 3365 739 3440 atque
767 3355 931 3422 individua
952 3357 1121 3438 potiuntur
1139 3357 1279 3433 unitate,
1299 3356 1376 3439 quia
1393 3367 1473 3422 sunt
1499 3357 1654 3440 pluribus

524 3463 840 3531 incommunicabilia
867 3465 1049 3531 secundum
1078 3464 1299 3532 identitatem:
1328 3464 1473 3529 dividere
1500 3483 1654 3549 namque
1740 3456 1742 3459 ’

524 3572 577 3638 illa
596 3571 716 3656 poteris
735 3571 766 3638 in
787 3573 896 3654 plures
922 3581 1030 3656 partes
1053 3574 1210 3650 actuales,
1232 3591 1297 3638 non
1323 3589 1400 3637 vero
1426 3572 1549 3648 ineas,
1571 3591 1656 3655 quae

526 3699 600 3745 vere
612 3679 800 3765 singillatim
816 3678 1004 3763 possideant
1015 3688 1120 3746 totam
1133 3680 1291 3745 rationem
1304 3680 1404 3755 Petri,
1420 3680 1514 3768 bujru
1521 3686 1654 3762 mna,

525 3787 617 3875 liujus
634 3787 790 3852 charlce...
809 3783 873 3873 (4).

593 3893 707 3960 Unitas
728 3893 872 3988 formalis
894 3903 944 3959 est
963 3893 1113 3961 indivisio
1140 3896 1289 3961 essentiae
1316 3913 1375 3961 seu
1399 3906 1523 3963 naturae
1552 3895 1589 3962 in
1615 3915 1655 3963 se

525 4003 608 4086 ipsa.
631 4001 720 4067 Hanc
739 4001 836 4067 babet
862 4021 893 4069 v.
911 4020 946 4086 g.
972 4001 1161 4078 duumuiros,
1180 4003 1381 4079 animalitas,
1397 4013 1430 4068 et
1447 4004 1573 4087 quaevis
1588 4005 1655 4070 alia

526 4108 684 4196 essentiaf,
705 4127 780 4192 quae
799 4118 848 4174 est
867 4127 932 4175 una
947 4128 1064 4193 perse.
1078 4108 1193 4194 Negari
1209 4109 1297 4176 eninr
1314 4112 1439 4194 nequit,
1459 4112 1652 4201 entitatem,

525 4236 624 4301 quam
645 4216 796 4302 exprimit
815 4217 1001 4283 humanitas
1016 4225 1049 4282 et
1067 4216 1260 4294 animalitas,
1274 4218 1371 4283 etiarn
1387 4219 1518 4302 praecisa
1531 4218 1656 4287 indivi-

559 4492 601 4553 (ι)
639 4486 706 4545 Lib.
724 4508 750 4558 3.
767 4485 944 4561 Melaplrys„
958 4506 1020 4558 cap.
1034 4507 1059 4558 3.
1069 4499 1138 4544 text.
1157 4506 1214 4559 14.-

559 4577 600 4646 (a)
638 4575 763 4645 Suam,
779 4574 855 4648 disp.
871 4575 1034 4650 Meraplps.
1050 4593 1087 4649 5..
1102 4590 1174 4635 sect.
1191 4598 1221 4644 1,
1235 4597 1267 4636 n.
1282 4597 1316 4643 a,
1332 4576 1383 4636 ubi
1397 4575 1464 4638 vido
1477 4578 1574 4649 plura.

560 4671 601 4738 (³)
639 4665 683 4724 De
697 4665 895 4738 hisegendum
903 4677 947 4723 est
956 4664 987 4723 in
996 4666 1207 4740 Metoplrysr'ca,
1220 4666 1271 4726 ubi
1281 4666 1401 4727 deestis
1408 4667 1655 4740 proprietatibus.

560 4761 601 4829 (4)
636 4753 712 4814 Vide
731 4753 831 4826 Suet..
845 4753 920 4827 disp.
937 4755 1008 4815 Mel.
1022 4774 1048 4829 ς,
1061 4770 1131 4816 sect.
1146 4777 1170 4827 ι,
1190 4777 1221 4816 n.
1235 4776 1262 4825 a,
1280 4780 1303 4831 3.
