3492 5525
279 460 393 525 Anne.
410 460 472 524 da·
487 456 755 525 Paorosrrrones
768 476 900 523 arenae
914 475 1106 523 coneosrrn
1157 456 1215 539 269

198 646 310 727 ltaque
330 644 540 728 potissimum
559 662 654 729 agere
671 642 769 710 debet
783 644 900 729 logica
920 644 960 708 de
975 642 1106 708 illectivis
1120 649 1152 706 et
1164 640 1256 724 inflia

126 753 231 837 aivis,
246 752 440 819 habentibus
450 751 691 817 connexionem
707 760 740 816 et
753 750 1021 819 consecutionem
1036 748 1253 816 necessariam

128 861 203 927 sive
221 860 442 945 metaphysica
459 859 530 926 sive
540 858 692 945 physica,
705 859 774 924 sive
790 860 906 925 saltem
918 858 1031 924 morali
1048 857 1252 938 necessitate3
1274 885 1462 931 00,d,.10„1;„,

128 969 174 1034 de
187 966 321 1051 reliquis
338 966 427 1032 enim
449 965 527 1032 nihil
545 966 624 1031 certi
644 968 816 1051 praecipere
834 974 958 1049 potest.
1310 959 1417 1043 ‚mtlfflt

202 1073 292 1141 Circa
315 1074 483 1139 materiam
508 1072 703 1140 illativarum
725 1064 1010 1150 conditionalium,
1035 1071 1256 1139 communiter
1296 1044 1353 1077 ‘¹¹⁰⁸
1368 1044 1443 1086 ‘'m''

128 1184 250 1249 docent
270 1179 341 1247 ΑΑ.
357 1200 423 1255 eas,
444 1181 470 1247 si
491 1199 575 1247 verae
589 1182 667 1259 sint,
683 1200 801 1247 omnes
815 1198 888 1247 esse
905 1178 1117 1261 necessarias;
1139 1181 1256 1245 sivero

129 1290 236 1366 tarsae,
247 1286 742 1373 omnesimpossibiles‚nullam
754 1307 831 1354 vero
842 1286 1258 1377 illarumessecontingen-
1325 1318 1329 1333 ·

129 1396 250 1477 tem3id
268 1396 360 1481 quod
371 1403 489 1481 sponte
500 1396 649 1478 sequitur
664 1415 705 1461 ex
720 1406 835 1461 natura
852 1395 965 1462 talium
980 1394 1256 1481 propositionum.

130 1503 219 1569 Nam
244 1503 272 1570 si
290 1503 416 1569 indoles
434 1520 545 1569 earum
568 1513 619 1570 est
647 1504 816 1569 enuntiare
842 1504 1054 1569 necessariam
1081 1501 1258 1567 connexio·

132 1630 212 1677 nem
231 1619 264 1676 et
285 1611 551 1678 consecutionem
571 1610 803 1695 consequentis
826 1612 868 1677 ab
888 1610 1104 1703 antecedenti,
1123 1610 1257 1695 planum

130 1727 198 1797 est,-
220 1719 296 1784 ideo
324 1737 434 1785 veram
463 1738 535 1785 esse
563 1700 822 1804 propositionem
851 1718 1026 1802 ejusmodi,
1053 1716 1129 1801 quia
1152 1727 1259 1800 partes

131 1826 222 1892 illius
240 1826 431 1891 necessitate
449 1826 643 1910 colligantur
657 1826 740 1892 inter
759 1846 806 1901 se,
828 1827 900 1892 ideo
925 1844 1003 1891 vero
1022 1826 1154 1901 salsam,
1182 1821 1260 1908 quia

131 1944 244 2019 partes
262 1933 326 1998 illae
339 1941 522 2018 repugnant
539 1932 698 2015 invicem3
715 1933 741 2000 si
762 1933 850 2000 enirn
867 1951 933 1999 non
949 1940 1180 2019 repugnarent,
1201 1931 1259 1999 sed

133 2058 227 2106 mere
252 2040 472 2107 indifferenter
489 2058 526 2105 se
544 2040 718 2117 haberent,
740 2059 807 2107 non
831 2042 915 2107 ioret
943 2039 1121 2125 propositio
1150 2034 1260 2105 stricte

133 2148 271 2215 illativa.

203 2254 336 2320 Caeterae
354 2274 438 2321 vero·
446 2256 679 2322 conditionales
717 2243 872 2322 nimirum
891 2256 1016 2338 mixtae,
1037 2264 1115 2320 sunt
1132 2252 1260 2319 contin-

131 2370 266 2448 gentes,
281 2371 319 2427 ut
330 2380 484 2446 expresse
497 2364 594 2431 docet
608 2364 798 2430 Dominicus
813 2363 894 2430 Soto
909 2364 949 2429 de
965 2362 1168 2459 pgrmissiva,
1184 2378 1258 2442 quae
1287 2327 1548 2449 lemma
1566 2390 1570 2399 ·

134 2470 170 2535 in
190 2489 231 2535 eo
251 2470 396 2549 «differt,
416 2471 534 2553 inquit,
555 2491 574 2535 a
591 2472 799 2537 conditionali
819 2471 952 2547 illativa,
973 2470 1049 2554 quia
1070 2488 1135 2535 non
1152 2467 1261 2552 requi-

134 2578 220 2643 ritur
249 2577 291 2643 ad
318 2577 487 2644 veritatem
507 2577 722 2663 promissivae,
742 2580 833 2662 quod
850 2579 892 2645 sit
910 2580 997 2645 bona
1014 2576 1258 2660 consequentia,

133 2684 272 2762 scilicet,
299 2686 392 2770 quod
410 2687 607 2752 antecedens
627 2703 693 2752 non
712 2686 813 2770 possit
828 2705 893 2753 esse
920 2704 1035 2754 verurn
1055 2684 1125 2751 sine
1145 2700 1261 2749 conse·

135 2793 272 2877 quenti;
292 2794 350 2859 sed
369 2795 448 2860 satis
465 2803 527 2870 est,
558 2794 647 2878 quod
672 2796 869 2861 antecedens
890 2813 954 2860 non
978 2795 1023 2860 sit
1047 2811 1161 2860 verum
1191 2790 1261 2857 sine

134 2900 398 2984 consequenti...
415 2901 462 2966 lix
476 2920 543 2986 quo
556 2901 704 2985 sequitur
718 2903 836 2987 primo,
849 2903 939 2987 quod
951 2900 1177 2968 conditionalis
1188 2918 1263 2984 pro-

136 3007 555 3094 missivaestcontingens;
567 3019 600 3074 et
617 3009 658 3085 si,
670 3010 939 3093 quandoviceris,
953 3010 1037 3076 dabo
1056 3008 1114 3075 tibi
1126 3008 1260 3084 librum,
1309 3043 1444 3101 „quam
1531 3035 1541 3056 ·

134 3115 226 3181 dicta
239 3116 431 3200 promissiva
445 3117 505 3183 erit
519 3136 611 3194 vera,
628 3118 653 3184 si
667 3137 744 3184 vero
755 3138 820 3184 non
831 3118 993 3193 dederim,
1007 3117 1065 3183 erit
1078 3118 1183 3182 falsa»
1196 3111 1260 3202 (ι).

205 3221 255 3287 De
267 3223 424 3307 qualitate
439 3235 548 3290 autern
564 3226 795 3310 propositionis
808 3226 1055 3300 conditionalis,
1073 3226 1142 3289 haec
1158 3231 1208 3288 est
1218 3241 1264 3286 re·

133 3330 215 3416 gula
228 3331 401 3414 generalis,
418 3351 489 3396 eam
503 3350 633 3417 semper
646 3334 844 3400 censendam
860 3351 933 3400 esse
945 3332 1186 3407 affirmativam,
1203 3329 1263 3398 nisi

135 3437 274 3522 negatio
283 3431 477 3522 ‘praefigatur
493 3438 629 3526 integrae
647 3439 874 3526 enuntiationi;
896 3459 1002 3524 neque
1021 3439 1109 3505 eninr
1130 3439 1170 3504 ad
1181 3435 1265 3522 judi-

133 3545 283 3612 candum
304 3545 345 3613 de
362 3547 517 3628 qualitate
536 3547 820 3623 conditionalium,
852 3547 1030 3615 attenditur
1057 3547 1099 3612 ad
1121 3544 1265 3617 affirma-

134 3653 267 3718 tionem
294 3660 351 3717 aut
378 3653 585 3738 negationem
614 3655 767 3739 partium.
799 3655 850 3720 Sic
877 3653 1071 3720 affirmativa
1100 3662 1150 3720 est
1181 3652 1262 3718 haec:

132 3759 215 3826 Nisi
236 3759 455 3841 poenianuam
472 3761 652 3838 ausaritis,
671 3781 776 3828 omnes
793 3762 938 3829 similiter
950 3761 1095 3845 peribitis
1112 3758 1178 3850 (2);
1198 3761 1266 3826 haec

131 3885 220 3933 vero
233 3867 397 3952 negativa.
412 3867 486 3934 Non
503 3869 535 3934 si
549 3869 696 3938 misarum
703 3872 839 3957 fortuna
858 3871 1006 3937 Sinonem
1017 3849 1130 3955 firixit,
1149 3885 1268 3940 vanum
1325 3901 1328 3907 ·

130 3974 233 4042 eatam
250 3975 486 4060 mendacemque
498 3975 636 4058 improba
642 3977 745 4065 fingat
761 3976 825 4067 (3).
847 3979 941 4045 Plura
953 3980 994 4045 de
1009 3979 1058 4044 tris
1075 3977 1165 4045 dabit
1185 3977 1269 4044 Fon-

131 4101 233 4160 seca,
254 4099 357 4165 quern
377 4082 467 4158 vide,
488 4082 515 4149 si
534 4084 624 4152 lubet
643 4083 708 4173 (4).

168 4389 218 4461 (r)
255 4384 327 4444 Loc.
351 4385 400 4446 cit.
425 4383 488 4444 etr.
512 4385 549 4446 de
575 4399 636 4447 tota
658 4389 713 4447 hac
733 4389 855 4449 materia
883 4390 1023 4460 Loesada,
1044 4391 1114 4450 tasi.
1139 4389 1267 4450 Dialect.

129 4477 398 4550 &annona
416 4494 538 4549 uacuo·
1264 4489 1268 4500 ’

169 4572 217 4632 (2)
256 4565 334 4623 Luc.
348 4585 413 4637 cap.
430 4586 472 4638 13,
490 4587 519 4624 v.
533 4589 559 4639 3.

169 4663 218 4731 (3)
257 4653 361 4726 virgil
375 4654 508 4725 Aeneid„
525 4655 575 4716 lib.
592 4677 620 4728 a,

170 4752 220 4822 (4)
260 4741 339 4805 laist.
355 4745 543 4812 Dialemtib.
559 4767 586 4816 a,
601 4767 664 4821 cap.
681 4766 721 4821 ις.
