3492 5525
565 485 626 549 434
681 465 805 552 Locren
820 463 1052 540 Maron-Lm.
1074 477 1141 541 raa,
1163 461 1257 526 Dran.
1275 475 1318 525 1.·
1331 461 1413 525 Cap,
1430 474 1503 524 num

484 625 488 640 ¹
594 647 652 715 Vis
664 649 764 733 hujus
783 645 981 733 probationis
999 646 1033 712 in
1051 649 1129 722 hoc,
1149 654 1186 710 ut
1201 642 1308 719 vides,
1325 640 1426 719 sistit,
1447 640 1540 724 quod
1558 639 1656 706 intel

528 757 646 832 lectus,
681 766 812 841 accepta
845 748 971 841 sp'ecie,
1008 773 1075 820 non
1111 752 1215 838 possit
1248 771 1314 817 non
1342 757 1575 834 repraesentare
1601 746 1652 822 id,

527 863 620 948 cujus
635 864 734 929 habet
748 863 891 948 speciem
907 871 940 929 et
954 881 1013 946 pro
1026 861 1130 949 gradu
1143 878 1181 925 ac
1195 858 1390 943 perfectione
1403 855 1534 941 speciei:
1553 871 1653 922 secus

528 971 615 1036 enim
649 971 731 1036 loret
767 971 1024 1037 instrumentum
1061 967 1231 1036 vitiosum.
1273 966 1357 1031 Cum
1390 983 1470 1050 ergo
1504 961 1650 1048 simplex

527 1078 741 1161 apprehensio
766 1096 831 1144 non
859 1078 947 1144 aliud
975 1075 1068 1142 saciat
1092 1075 1151 1141 nisi
1182 1077 1410 1159 representare
1438 1090 1526 1147 rem,
1555 1071 1652 1154 cujus

527 1183 633 1269 specie
652 1184 858 1262 informatur,
879 1185 945 1252 salli
964 1181 1110 1269 nequit(
1134 1179 1160 1271 ).

596 1289 646 1356 Ad
674 1311 742 1357 rem
770 1291 895 1358 Auctor
925 1291 1029 1357 Totins
1055 1290 1174 1373 logice
1198 1285 1377 1354 Aristotelis
1399 1287 1554 1353 Samma:
1576 1285 1653 1350 Fal-

527 1417 653 1467 sum...
672 1419 735 1465 non
754 1399 907 1483 inteiligit
920 1399 1092 1464 intellectas
1109 1399 1145 1462 in
1158 1397 1264 1479 prinra
1280 1395 1457 1478 operatione
1476 1411 1552 1468 sara,
1575 1391 1652 1476 quiz

527 1508 577 1571 oei
593 1507 720 1590 attingit
735 1510 885 1574 naturam
901 1507 961 1583 rei,
976 1509 1008 1572 et
1023 1509 1097 1570 tum
1110 1504 1393 1587 intelligitaerum;
1405 1505 1465 1568 aut
1477 1519 1541 1566 non
1555 1500 1654 1564 allin-

525 1615 590 1698 git,
609 1617 642 1680 et
656 1618 729 1680 benc
742 1615 880 1698 ignorat,
896 1618 930 1679 et
943 1633 1006 1678 non
1024 1617 1071 1679 est
1084 1613 1148 1678 sibi
1159 1612 1285 1694 proprie
1301 1610 1487 1694 diffomniias
1499 1608 1548 1674 rei
1559 1607 1654 1673 inlel-

528 1724 613 1788 lecte
634 1725 679 1787 ad
700 1725 847 1788 nalnram
871 1723 954 1804 ejus,
980 1720 1056 1806 quia
1080 1739 1135 1786 nee
1162 1720 1308 1785 talis‘res
1328 1722 1377 1784 est
1396 1717 1568 1792 intellecta,
1595 1718 1654 1780 sed

527 1830 635 1914 aliqam
652 1829 736 1895 alala:
755 1833 786 1894 et
801 1829 871 1894 laea
888 1847 951 1893 non
968 1833 1017 1893 est
1030 1827 1093 1893 sabi
1108 1826 1256 1912 salsitas,
1279 1844 1349 1910 qna
1364 1825 1492 1907 proprie
1507 1823 1656 1905 importat

527 1936 731 2019 deceptionem
748 1939 781 2002 et
791 1955 854 2002 non
872 1935 1086 2019 ignorantiam
1103 1937 1213 2000 solam.
1230 1935 1272 2000 Et
1282 1934 1359 2000 'inde
1371 1935 1429 2010 esi,
1444 1933 1529 2017 qaod
1544 1930 1653 1996 Pbilo·

527 2043 638 2126 sophus
663 2043 753 2109 tertrb
770 2045 809 2108 de
833 2043 954 2108 Anr'ma
972 2041 1065 2119 dr'cii,
1091 2043 1176 2127 quod
1199 2041 1371 2107 intellectam
1394 2037 1653 2121 comprehendens

527 2155 618 2235 quod
635 2155 717 2235 quid
734 2165 800 2230 est,
821 2157 941 2233 semper
952 2153 997 2216 est
1009 2146 1130 2237 verus(
1155 2147 1181 2236 ).

595 2263 724 2325 «Dices
751 2276 848 2342 posse
867 2256 1057 2342 hujusmodi
1081 2265 1189 2323 actum
1214 2262 1446 2339 repraesentare
1474 2272 1561 2329 rem,
1583 2271 1650 2318 non

527 2375 640 2431 tamen
672 2365 756 2430 sicut
784 2374 851 2443 est,
882 2372 915 2430 et
943 2365 1016 2430 ideo
1044 2381 1140 2448 posse
1169 2373 1321 2448 respectu
1354 2362 1473 2446 objecti
1499 2360 1549 2426 sui
1578 2379 1652 2426 esse

529 2473 691 2540 falsum.»

597 2584 880 2663 «Respondeant,
907 2578 940 2644 in
966 2577 1104 2663 simplici
1124 2587 1197 2643 actu
1215 2597 1273 2646 seu
1298 2573 1584 2661 repraesentatione
1602 2575 1655 2640 in-

529 2686 616 2753 volvi
644 2686 912 2773 repugnantiam,
941 2686 1017 2770 quia
1042 2686 1076 2751 in
1101 2687 1164 2751 boc
1183 2687 1285 2750 modo
1311 2683 1564 2769 repraesentandi
1584 2701 1652 2750 non

528 2794 796 2863 attribuituruna
814 2812 865 2861 res
887 2795 998 2872 alteri,
1020 2813 1128 2878 neque
1154 2812 1241 2860 unus
1264 2803 1442 2877 conceptus
1468 2791 1653 2877 abjectivos

529 2903 637 2980 alteri,
656 2902 715 2969 sed
740 2900 930 2986 simpliciter
948 2900 1056 2985 aliqua
1075 2920 1125 2967 res
1148 2910 1408 2985 repraesentatur.
1428 2899 1512 2985 Ergo
1531 2900 1582 2964 vel
1602 2918 1654 2964 re-

529 3017 742 3094 praesentatur
760 3009 855 3076 sicuti
874 3020 941 3085 est,
970 3010 1022 3074 vel
1050 3027 1116 3074 non
1136 3017 1186 3074 est
1203 3008 1268 3083 illa,
1288 3027 1363 3092 quae
1387 3016 1651 3091 repraesentatum

529 3125 562 3182 et
573 3126 810 3200 consequenter
825 3126 985 3201 repugnat
1001 3134 1074 3182 esse
1086 3116 1271 3200 objectum,
1292 3124 1325 3181 et
1344 3134 1409 3181 non
1430 3116 1653 3200 representari

528 3224 623 3291 sicuti
656 3236 719 3293 est.
750 3224 839 3291 Sicut
868 3224 978 3309 imago
1005 3224 1167 3290 sensibilis
1199 3222 1390 3307 simpliciter
1417 3231 1653 3305 repraesentans

529 3350 705 3416 personam
732 3332 891 3415 aliquam,
913 3339 1042 3415 oportet
1061 3340 1097 3396 ut
1118 3338 1326 3416 repraesentet
1343 3331 1450 3407 illam,
1477 3330 1561 3396 sicut
1586 3340 1650 3411 est;

528 3442 578 3507 vel
598 3438 623 3505 si
642 3441 676 3505 in
695 3439 803 3522 aliquo
823 3458 889 3504 non
917 3447 1127 3523 repraesentat
1150 3439 1258 3515 illam,
1278 3438 1364 3505 sicut
1381 3446 1449 3515 est,
1471 3437 1503 3502 in
1523 3455 1651 3503 eonon

528 3554 577 3613 est
596 3548 707 3632 imago
726 3548 814 3631 ejus,
835 3553 868 3610 et
886 3545 959 3612 ideo
985 3564 1049 3611 non
1070 3554 1180 3630 potest
1197 3545 1259 3611 dici
1284 3546 1364 3611 falsa
1388 3546 1499 3630 imago
1522 3545 1652 3629 proprie

528 3655 706 3740 loquendo,
723 3654 782 3720 sed
797 3654 986 3737 imperfecta
1003 3662 1060 3720 aut
1073 3653 1247 3731 diminuta,
1268 3655 1320 3718 vel
1335 3672 1401 3719 non
1417 3653 1540 3738 imago.
1556 3651 1652 3718 Unde

526 3762 658 3847 quando
677 3762 881 3847 appellamus
899 3761 1040 3845 aliquam
1060 3762 1173 3828 salsam
1189 3760 1386 3846 imaginem,
1403 3760 1527 3827 salsitas
1540 3778 1652 3827 revera

526 3869 635 3937 existit
653 3869 685 3935 in
704 3866 933 3946 attributione,
954 3870 1006 3935 vel
1025 3868 1262 3953 compositione
1281 3878 1410 3946 nostra,
1433 3868 1510 3952 quia
1529 3867 1654 3935 scilicet

438 4020 442 4027 -
527 3977 737 4044 attribuimus
755 3976 853 4043 talem
873 3975 1051 4061 imaginem
1071 3977 1118 4051 ei,
1134 3995 1236 4059 quem
1252 3996 1319 4043 non
1336 3984 1564 4063 representat,
1584 3977 1653 4043 exi·

527 4082 700 4151 stimantes
718 4102 790 4151 esse
809 4084 987 4169 imaginem
1006 4085 1089 4169 ejus3
1104 4094 1137 4151 et
1152 4084 1259 4151 itailla
1271 4085 1392 4153 salsitas
1405 4086 1514 4151 solum
1529 4095 1579 4151 est
1592 4083 1654 4150 ob-

522 4192 641 4277 jective
664 4191 696 4257 in
725 4191 908 4268 intellectu,
937 4210 996 4257 seu
1022 4192 1267 4257 denominative
1288 4193 1331 4257 ab
1352 4202 1426 4257 actu
1451 4192 1650 4259 intellectus.

522 4298 650 4365 Eodem
670 4317 749 4384 ergo
767 4299 868 4366 modo
882 4300 1084 4366 censendum
1105 4308 1155 4366 est
1169 4299 1211 4367 de
1224 4298 1427 4386 simplicibus
1440 4301 1652 4385 conceptibus
1736 4351 1737 4354 ,

549 4572 610 4671 .(¹.>.
640 4566 841 4641 Supponenda
855 4566 905 4627 hie
918 4582 999 4640 sunt,
1015 4588 1081 4641 quce
1093 4566 1165 4627 aiibi
1178 4566 1313 4629 dieantur
1325 4568 1363 4629 de
1378 4567 1529 4642 speciebus
1543 4566 1653 4631 intelli·

526 4660 745 4823 miiilbssotius
758 4748 833 4825 Lag.
848 4747 943 4809 Arist.
959 4748 1089 4819 Samma,
1103 4759 1189 4809 tract.
1203 4748 1241 4809 de
1254 4748 1404 4811 Euantiat.
1418 4769 1445 4808 e.
1462 4768 1488 4823 ς.
