3492 5525
245 466 362 529 Anne.
380 478 439 544 ν·
453 462 651 529 DsVacone
665 460 814 540 Tarnim,
831 462 1002 527 Hrsronro
1018 480 1089 526 erc.
1133 455 1192 544 623

100 635 237 723 ritibus,
256 647 342 713 ludis
352 646 488 732 publicis
501 647 656 733 festisque
671 645 787 725 diebus
801 648 998 714 celebretur:
1016 640 1048 734 δ)
1063 646 1091 712 si
1106 643 1138 711 in
1154 644 1234 728 ipsis

100 754 255 831 urbium,
281 752 471 831 fluminum,
494 754 657 821 montium
678 740 886 832 nominibus,
907 752 959 820 sui
982 754 1076 837 quasi
1094 750 1235 837 vestigia

99 862 265 946 impressa
279 862 423 945 reliquit:
445 860 475 949 e)
494 862 635 947 denique
654 862 680 928 si
699 862 878 929 concordet
895 862 992 927 oralis
1009 861 1140 929 traditio
1153 878 1231 927 curn

99 968 230 1054 scriptis
250 968 544 1053 monumentisque
559 970 795 1055 preteritarum
815 977 951 1035 aetatum
972 965 1035 1057 (r).
1055 968 1127 1049 Jam

173 1082 354 1155 Probatur,
375 1076 581 1144 traditionem
611 1076 662 1143 bis
686 1076 926 1147 characteribus
952 1075 1141 1161 insignitam
1162 1092 1235 1141 mo·
1293 1100 1317 1131 ro
1356 1103 1421 1134 urvo

1360 1174 1381 1203 ,ο

101 1184 211 1255 tivum
227 1184 370 1268 prebere
385 1182 556 1250 certissimi
567 1202 736 1250 assensus.

171 1291 297 1358 Etenim
317 1299 443 1357 certum
454 1299 505 1358 est
523 1308 562 1357 ex
577 1291 672 1359 dictis
690 1292 724 1357 in
743 1290 878 1357 articulo
897 1288 1110 1375 praecedenti,
1131 1300 1234 1358 testes

100 1386 314 1465 immediatos
331 1400 420 1465 unde
430 1398 558 1465 traditio
577 1399 761 1478 exorditur,
783 1398 928 1484 potuisse
946 1398 1076 1464 firmam
1097 1408 1236 1464 certam·

100 1526 167 1589 que
181 1506 282 1573 tidem
307 1507 409 1573 iacere
429 1507 517 1592 apud
535 1493 679 1590 aequales
693 1517 725 1574 et
743 1510 881 1575 cdoevos
894 1506 980 1573 illius
995 1505 1230 1591 generationis,

100 1614 127 1679 sl
139 1632 259 1698 nempe
268 1616 372 1697 ampla
386 1616 445 1691 sit,
458 1614 596 1681 illustris
606 1623 638 1679 et
656 1614 821 1701 unr‘y‘ormis
833 1614 977 1683 traditio.
990 1614 1090 1696 Atqui
1105 1622 1233 1678 certum

100 1740 236 1805 quoque
256 1732 306 1789 est
326 1742 363 1788 ac
381 1739 516 1808 prorsus
539 1721 753 1789 indubitabile
773 1721 979 1807 ipsissimum
995 1720 1076 1786 illud
1096 1720 1235 1806 primiti-

100 1848 182 1896 vum
212 1830 442 1897 testimonium
475 1830 516 1895 ad
539 1840 692 1915 posteros
713 1848 771 1913 per
796 1830 891 1914 plura
918 1829 1037 1895 saecula
1064 1830 1230 1913 integrum

99 1944 201 2021 atque
226 1937 439 2003 immutatum
468 1937 645 2005 transmitti
670 1955 780 2021 posse,
809 1938 960 2005 videlicet
979 1937 1006 2003 si
1032 1936 1162 2002 traditio
1187 1935 1231 2002 sit

93 2047 248 2127 perpetua
264 2054 298 2111 et
315 2044 350 2113 in
368 2063 427 2111 sua
442 2046 656 2129 perpetuitate
673 2044 854 2130 uniformis.
875 2044 1003 2131 Ergo...

169 2152 207 2217 Et
226 2171 260 2217 re
274 2152 407 2236 quidem
422 2171 515 2237 vera,
537 2149 642 2237 prima
655 2152 839 2237 generatio,
857 2172 932 2237 quae
948 2170 1097 2218 veracem
1113 2150 1228 2217 habuit

98 2260 383 2344 certissimamque
402 2260 476 2327 tacti
492 2259 659 2337 notitiam,
677 2279 741 2326 non
761 2259 868 2345 potuit
883 2260 1031 2345 decipere
1044 2259 1225 2326 secundam

7 2394 9 2399 ·
98 2369 364 2457 generationem,
377 2368 451 2436 iacti
462 2368 656 2433 memoriam
672 2367 716 2432 illi
730 2367 1022 2433 communicando:
1042 2363 1225 2433 «fuitenim

99 2476 314 2562 impossibilis
332 2475 485 2542 omnium
513 2476 709 2561 conspiratio
732 2477 765 2542 in
789 2476 1018 2553 mendacium,
1048 2492 1153 2559 eaque
1182 2473 1228 2538 ita

99 2595 257 2652 constans
280 2591 313 2649 et
340 2583 530 2659 uniformis,
561 2593 597 2649 ut
631 2582 838 2649 mendacium
867 2584 994 2649 anullo
1021 2582 1225 2649 audientium

99 2694 209 2779 detegi
229 2701 353 2777 posset,
375 2700 432 2758 aut
451 2712 469 2757 a
489 2692 579 2758 nullo
592 2710 724 2770 eorum,
745 2692 802 2776 qui
821 2692 992 2757 veritatem
1011 2697 1162 2767 noverat,
1180 2708 1229 2755 re-

98 2801 251 2887 dargui.»
267 2799 372 2866 Simili
389 2801 489 2865 modo
501 2819 569 2866 non
585 2801 692 2885 potuit
707 2801 805 2865 altera
819 2800 987 2886 generatio
1001 2798 1130 2864 tertiam
1145 2797 1230 2863 deci-

99 2927 190 2993 pere.
213 2907 323 2978 «Ouia
341 2907 540 2992 conspiratio
560 2909 600 2973 ad
619 2906 847 2992 decipiendum
868 2908 900 2973 in
920 2907 958 2973 iis
977 2906 1137 2992 adJunctis
1152 2923 1230 2992 sup·

99 3017 179 3102 poni
196 3016 324 3099 nequit;
346 3015 453 3101 primo
469 3016 601 3099 quidem
622 3015 746 3083 ratione
763 3014 999 3095 multitudinis;
1016 3013 1133 3078 deinde
1153 3031 1231 3079 vero

99 3123 179 3208 quia
200 3124 304 3209 prima
324 3121 495 3210 generatio
514 3123 707 3190 obstitisset.
729 3121 854 3188 Etenim
878 3120 1107 3208 generationes
1126 3119 1232 3187 homi-

103 3251 187 3299 nurn
204 3250 270 3298 non
289 3231 334 3297 ita
352 3229 413 3297 sibi
432 3232 629 3308 succedunt,
652 3241 687 3298 ut
707 3232 806 3300 altera
820 3229 952 3314 penitus
972 3229 1116 3305 sublata,
1134 3229 1233 3297 altera

98 3341 132 3408 in
149 3340 221 3426 ejus
239 3340 349 3406 locum
370 3338 549 3416 subintret,
571 3339 629 3404 sed
644 3339 744 3403 altera
763 3337 853 3404 alteri
872 3336 997 3403 sensim
1015 3336 1230 3412 interseritur,

100 3465 242 3531 seseque
256 3446 300 3512 ita
319 3445 501 3531 excipiunt,
523 3456 560 3512 ut
581 3446 731 3512 homines
750 3443 884 3529 primae,
904 3444 1056 3510 secundae
1076 3426 1113 3509 ac
1129 3443 1233 3508 tertiae

100 3554 324 3642 generationis
342 3554 452 3637 aliquo
472 3566 621 3638 ternpore
640 3553 747 3620 cooevi
766 3553 842 3620 sint.
865 3552 1115 3618 succrescentes
1133 3549 1232 3635 igitur
1315 3595 1327 3615 .

100 3662 208 3729 tertiae
237 3661 457 3747 generationis
473 3663 614 3747 juvenes
633 3678 699 3726 non
719 3679 737 3724 a
758 3659 903 3745 patribus
922 3658 1040 3736 modo,
1061 3657 1120 3724 sed
1141 3669 1174 3722 et
1193 3654 1234 3721 ab

102 3771 174 3836 avis
204 3768 400 3851 edocentur;
435 3768 583 3853 adeoque
620 3768 723 3852 decipi
753 3768 895 3853 amplius
924 3785 942 3831 a
976 3765 1122 3850 patribus
1166 3782 1233 3829 non

102 3885 258 3963 possunt.
278 3875 378 3954 Quod
390 3877 492 3960 siquis
503 3895 657 3963 processu
666 3875 825 3960 temporis
835 3874 986 3958 aliquida
999 3892 1035 3940 se
1049 3872 1229 3939 confictum

102 3987 273 4070 evulgaret
299 3995 469 4068 tamquam
498 4005 517 4050 a
544 3983 678 4050 senibus
706 3991 895 4068 acceptum,
925 3983 977 4048 hic
1002 3981 1087 4048 illico
1118 3987 1235 4065 praeter
1291 4052 1296 4062 ¹

104 4095 249 4176 aequales
268 4111 363 4169 suos,
384 4091 638 4161 contradictores
657 4091 791 4156 haberet
809 4099 841 4156 et
856 4109 954 4156 senes
969 4088 1083 4174 primae
1099 4105 1236 4173 genera-

105 4202 220 4278 tionis,
243 4209 276 4267 et
293 4218 352 4267 eos
370 4218 488 4268 omnes
506 4202 747 4276 adolescentes,
769 4199 826 4284 qui
850 4199 892 4265 ab
907 4196 1097 4265 hominibus
1121 4196 1237 4281 primae

7 4365 8 4390 ,
109 4309 332 4394 generationis
351 4307 456 4376 edocti
476 4319 590 4400 sunt.»

144 4575 185 4647 (r)
221 4573 297 4634 Vide
315 4573 493 4647 Liberatore,
510 4573 693 4635 institution.
714 4575 843 4643 Philas,
859 4587 880 4632 t.
900 4595 924 4643 r,
939 4573 1057 4648 Logia,
1077 4572 1239 4646 Appendix

106 4665 142 4722 de
155 4675 218 4725 arte
232 4665 321 4736 Crat„
338 4685 367 4724 n.
387 4685 447 4739 ¹92,
464 4686 528 4740 pag.
547 4686 610 4740 239,
627 4663 719 4736 Preti,
737 4663 817 4736 18813
831 4663 986 4737 Tongior„
1001 4662 1238 4733 Instit.Plrr'los.,

7 4811 8 4814 ,
107 4769 130 4813 t.
151 4755 314 4832 1,Logt'c.‚
333 4777 365 4816 n.
381 4755 446 4829 644.
