3492 5525
323 986 484 1031 Uniremaliuua

327 1066 476 1113 separatorum

349 1138 454 1173 auctores:

348 1200 461 1269 Platpnici.

557 446 615 511 bba
658 448 785 513 Loorca
797 399 1025 523 MaJon-Lre,
1044 462 1115 525 asu,
1130 447 1222 512 Drse.
1244 460 1290 509 r.⁸
1304 448 1382 511 Cae.
1400 462 1471 511 arm

518 633 688 698 realismus
708 632 802 699 variis
822 631 931 699 modis
948 631 1119 717 expositus
1136 652 1174 698 ac
1190 641 1417 718 propugnatus
1434 631 1498 697 tuit
1521 652 1542 696 a
1569 632 1643 697 suis

517 740 749 823 patronis,ve1
777 740 953 805 asserendo
976 741 1158 808 uniuersale
1180 745 1356 823 separabam
1381 741 1421 806 ab
1445 739 1640 815 indiuiduis,

517 848 569 913 vel
589 846 622 911 in
641 846 707 915 illis
724 848 870 915 existens.

584 955 621 1020 Et
634 954 667 1020 in
689 956 801 1039 primis
819 957 1011 1023 universalis
1031 956 1167 1041 separati
1186 957 1259 1022 duae
1278 955 1490 1041 perhibentur
1507 957 1641 1031 lormae,

517 1063 615 1129 altera
644 1081 717 1147 quae
746 1064 870 1131 Platoni
896 1065 1065 1141 tribuitur,
1097 1066 1195 1130 altera
1218 1064 1459 1148 Ontologorum
1492 1063 1641 1149 propria.

516 1170 607 1235 Plato
622 1172 709 1237 enim
724 1172 839 1239 dicitur
854 1171 1048 1238 universalia
1064 1172 1248 1257 reposuisse
1262 1172 1294 1238 in
1310 1170 1422 1237 formis
1435 1170 1642 1254 quibusdam

517 1276 655 1345 realibus
674 1298 732 1364 per
749 1298 786 1346 se
808 1279 1081 1357 subsistentibus,
1102 1298 1184 1364 quas
1201 1281 1288 1345 ideas
1311 1279 1457 1355 vocarit,
1479 1280 1642 1344 nimirum

505 1378 547 1450 'in
559 1386 680 1453 naturis
696 1404 801 1453 rerum
813 1387 968 1471 separatis
986 1388 1027 1453 ab
1046 1387 1231 1453 individuis.
1248 1386 1436 1452 Secundum
1454 1387 1539 1451 banc
1559 1405 1643 1471 ergo
1732 1403 1733 1406 ’

515 1493 721 1578 opinionem,
743 1495 826 1561 sicut
851 1493 901 1560 hic
921 1496 1008 1579 apud
1033 1513 1095 1560 nos
1120 1497 1263 1561 existunt
1288 1493 1456 1559 individua
1482 1494 1641 1569 muana,

514 1600 642 1684 equina,
665 1601 804 1683 lapidea,
829 1610 990 1684 corporea,
1016 1604 1058 1668 ita
1079 1604 1177 1669 etiam
1205 1603 1314 1669 existit
1331 1602 1364 1667 in
1395 1601 1546 1686 regione,
1582 1621 1645 1668 ne

515 1706 583 1773 scio
602 1725 683 1791 qua,
711 1720 826 1777 natura
845 1710 995 1796 bominis,
1014 1711 1102 1796 equi,
1122 1710 1254 1791 lapidis,
1279 1694 1435 1791 'carpasio
1466 1727 1541 1792 quae
1569 1728 1642 1775 non

466 1846 467 1849 ¹
515 1814 632 1883 habeat
649 1816 749 1883 ullam
776 1818 1024 1884 determinatam
1050 1818 1355 1885 indiuiduationem.
1381 1816 1462 1883 Aliis
1484 1816 1641 1892 vocibus,

514 1924 597 1989 sicut
616 1924 760 1990 existunt
788 1944 838 1991 res
857 1925 1031 1991 individuae
1059 1944 1135 1991 cum
1155 1924 1224 1991 suis
1242 1925 1571 1990 determinationibus
1590 1924 1644 1991 in·

514 2031 748 2107 dividualibus,
769 2030 812 2096 ita
831 2032 929 2098 etiam
958 2044 1047 2099 extra
1066 2030 1135 2118 ip’sa
1162 2033 1329 2100 individua
1346 2033 1491 2098 existunt
1509 2033 1644 2115 species

514 2139 638 2222 absque
657 2139 741 2206 notis
757 2157 793 2203 ac
811 2138 1000 2206 differentiis
1014 2140 1307 2217 individuantibus,
1328 2147 1360 2205 et
1375 2158 1494 2224 genera
1508 2141 1642 2223 absque

513 2230 701 2323 differentiis
720 2246 891 2332 specificis,
906 2266 946 2312 eo
958 2245 1030 2332 ipso
1042 2248 1155 2326 modo,
1167 2266 1236 2331 quo
1249 2246 1479 2332 exprimuntur
1498 2247 1644 2314 vocibus

514 2362 546 2421 et
560 2352 772 2439 conceptibus
789 2355 1036 2423 communibus.
1057 2357 1155 2421 Porro
1172 2355 1340 2421 individua
1352 2354 1427 2421 ideo
1441 2363 1520 2421 sunt
1538 2374 1643 2424 certae

512 2462 683 2547 cujusdam
711 2461 837 2538 classis,
858 2463 975 2546 speciei
993 2464 1044 2527 vel
1062 2463 1205 2547 generis,
1226 2462 1302 2546 quia
1328 2463 1520 2548 participant
1545 2463 1583 2528 in
1605 2482 1643 2529 se

513 2571 652 2640 formam
671 2571 723 2636 vel
742 2578 892 2635 naturam
913 2570 999 2635 illam
1020 2589 1078 2654 per
1099 2590 1136 2636 se
1156 2568 1409 2646 subsistentem,
1429 2579 1508 2654 puta
1526 2570 1644 2636 nana-

512 2662 631 2752 nitntis,
643 2675 832 2763 equinitotis,
843 2677 1095 2759 corporeilalis...
1107 2673 1170 2766 (1);
1180 2678 1383 2764 cognitiones
1394 2686 1504 2743 autem
1514 2689 1643 2744 nostrae

468 2789 471 2794 '
514 2783 712 2850 universales
732 2803 798 2850 non
824 2784 911 2852 aliud
934 2785 1057 2851 habent
1074 2791 1134 2869 pro
1151 2786 1280 2871 objecto
1303 2785 1364 2852 nisi
1385 2787 1525 2852 formans
1549 2787 1640 2871 ejus-

515 2891 619 2967 modi,
641 2909 714 2975 quae
742 2891 877 2975 proinde
900 2891 1169 2960 existimabantur
1188 2913 1206 2956 a
1224 2892 1396 2958 Platonicis
1413 2911 1517 2958 casua
1543 2896 1641 2960 rebus

508 2999 754 3082 particularibus
772 2999 961 3083 cognitionis
986 3004 1017 3065 et
1035 3019 1099 3065 esse
1126 2996 1177 3087 (2)
1201 3009 1363 3084 quatenus
1390 3000 1587 3085 participant
1606 3004 1639 3068 in

514 3127 549 3174 se
568 3107 815 3191 impressionem
835 3108 1014 3190 quamdam
1034 3107 1172 3175 illarum.
1203 3107 1371 3192 Duplicem
1400 3108 1489 3174 enim
1518 3111 1641 3193 praedi·

513 3225 639 3282 ctarum
668 3217 846 3281 formarum
873 3215 1017 3303 typicam
1043 3215 1291 3300 impressionem
1322 3225 1502 3301 posuemnt
1534 3218 1639 3303 hujus

513 3323 675 3408 opinionis
693 3331 885 3399 assertores,
906 3325 1040 3391 alteram
1055 3323 1087 3389 in
1102 3342 1255 3407 corporea
1274 3325 1423 3403 materia,
1444 3325 1583 3391 alteram
1603 3327 1638 3391 in

513 3432 622 3498 animo
643 3441 766 3498 nostro.
786 3430 843 3496 Per
861 3428 1110 3516 impressionem
1126 3433 1304 3498 formamm
1319 3431 1352 3498 in
1371 3432 1507 3498 materia
1520 3452 1639 3501 exsur-
1732 3416 1733 3419 ¹

513 3547 597 3625 gunt
613 3537 902 3617 individuavaria,
918 3540 1000 3606 sicut
1013 3558 1059 3605 ex·
1069 3538 1283 3625 impressione
1298 3539 1393 3625 sigilli
1402 3540 1436 3606 in
1449 3559 1536 3616 cera,
1548 3541 1638 3628 ligu-

481 3713 482 3716 ,
513 3655 625 3714 rantur
652 3647 747 3713 variae
769 3647 946 3731 imagines3
973 3665 1014 3713 ex
1036 3647 1250 3733 impressione
1278 3665 1357 3713 vero
1383 3649 1577 3715 earumdem
1604 3653 1635 3717 in

513 3757 621 3824 anima
638 3755 786 3821 oriuntur
803 3755 1008 3840 cognitiones
1024 3765 1143 3822 nostrae
1159 3753 1224 3843 (3).

307 3885 497 3937 plurumum
579 3863 695 3930 Utrum
715 3872 825 3928 autem
846 3870 1070 3947 portentosam
1091 3865 1173 3928 hanc
1192 3864 1387 3931 sententiam
1417 3883 1494 3932 vere
1511 3867 1638 3933 docue-

300 3956 360 4002 ¹'¹⁸‘⁰
375 3957 498 4002 ''ni'‘mst
513 3973 552 4038 rit
570 3973 676 4046 Plato,
705 3990 745 4036 an
770 3989 847 4036 vero
866 3989 939 4035 eam
959 3971 1116 4055 magistro
1134 3988 1195 4036 suo
1213 3969 1395 4056 appinxerit
1423 3971 1635 4052 Aristoteles,
1732 4054 1733 4057 Ἴ

332 4039 457 4082 separarum

363 4113 436 4145 resera

309 4171 483 4228 propugnaverit.

512 4087 549 4146 ut
577 4077 698 4145 facilius
730 4080 882 4146 refutaret
918 4077 1144 4174 irrideretque,
1178 4080 1230 4143 vel
1271 4080 1434 4147 tenuerint
1459 4079 1635 4160 Platonici,

513 4196 656 4253 mentem
673 4183 864 4254 nobilissimi
879 4184 965 4252 illius
981 4184 1165 4269 Philosophi
1181 4204 1349 4271 perperam
1365 4186 1635 4272 interpretantes,

545 4477 586 4539 (1)
622 4470 699 4529 Vide
712 4455 752 4529 ¹S.
776 4469 844 4538 rh,
863 4491 887 4527 r.
913 4489 941 4542 p.
957 4489 987 4540 q.
1006 4469 1033 4537 6,
1050 4482 1105 4528 ert.
1121 4489 1149 4543 4.
1171 4491 1201 4541 q.
1216 4470 1262 4542 84,
1275 4483 1331 4529 art.
1351 4493 1373 4529 ι.
1389 4489 1417 4545 4,
1435 4492 1461 4544 ςς
1484 4474 1635 4552 Metapin,

510 4563 560 4624 lib.
580 4583 604 4631 r,
618 4562 681 4620 leet.
699 4579 742 4630 ro,
758 4573 787 4618 et
798 4559 866 4617 alibi
878 4577 964 4631 saepe.

545 4651 600 4718 (2)'
623 4649 656 4708 S.
672 4649 789 4718 Thom,
804 4650 839 4706 cie
853 4647 967 4718 Aesim,
983 4648 1034 4708 lib.
1050 4670 1075 4719 r,
1089 4649 1155 4709 lect.
1174 4671 1197 4722 1,
1217 4670 1332 4724 paragr.
1348 4654 1376 4710 d.

545 4744 601 4824 (a),
623 4737 655 4798 S·
670 4738 785 4807 Thon..
807 4759 829 4797 r·
846 4757 875 4810 n·
891 4756 921 4809 q·
935 4739 982 4807 65,
996 4751 1051 4796 art·
1066 4757 1095 4811 43
1106 4757 1137 4811 n·
1152 4759 1197 4813 rs,
1212 4752 1268 4801 art.
1279 4762 1305 4812 a·
1370 4813 1375 4822 ,
1452 4749 1455 4752 ’
