3492 5525
570 490 627 575 598
686 492 811 557 Loorca
825 477 1056 565 Maron-lae.
1076 470 1404 571 1.i2·,u1s1›.4.·cn.
1424 502 1493 551 ran

593 680 698 759 Resp.
718 674 794 741 dail.
815 684 899 755 ant.;
919 674 1018 757 idque
1037 671 1111 739 iecit
1129 672 1209 739 ratio
1229 686 1267 738 ex
1291 670 1396 739 abusu
1409 690 1448 736 ac
1463 669 1655 737 temeritate

528 788 561 847 et
579 780 706 849 violatis
724 780 879 868 legitima
896 779 1149 848 ratiocinationis
1166 780 1308 865 legibus,
1327 798 1432 861 conc.,·
1449 768 1561 855 secus,
1576 796 1652 861 neg.

592 894 754 959 incubis.
770 886 834 955 Sed
852 906 962 955 nonne
977 887 1096 973 passim
1115 887 1148 954 in
1167 887 1287 955 scholis
1302 885 1381 953 ratio
1396 897 1428 953 et
1443 882 1651 952 ratiocinium

527 995 560 1059 in
585 994 729 1063 diversas
761 997 933 1081 opiniones
962 997 1004 1062 de
1033 995 1148 1061 eadem
1178 1013 1211 1061 re
1233 994 1450 1079 philosophos
1479 991 1653 1059 scindunt?

527 1101 578 1168 An
598 1121 676 1188 ergo
695 1111 728 1169 et
745 1102 790 1171 illi
815 1103 905 1169 abuti
930 1103 1055 1169 ratione
1079 1100 1207 1169 dicendi
1225 1114 1321 1179 sunt,
1340 1104 1499 1187 legesque
1522 1100 1652 1167 ratioci-

527 1210 624 1277 nandi
643 1210 782 1287 violare.
803 1212 1077 1295 quotiescumque
1095 1209 1183 1277 varie
1202 1208 1404 1297 opinantur?

559 1378 567 1397 ,
592 1323 697 1402 Resp.
717 1319 794 1387 dist.
815 1327 988 1385 assertum.
1010 1318 1044 1383 ld
1064 1318 1185 1403 passim
1205 1317 1313 1384 evenit
1342 1317 1375 1383 in
1403 1316 1526 1383 scholis
1552 1314 1587 1381 in
1617 1332 1653 1379 re

525 1422 687 1503 evidenti,
707 1444 792 1511 nag.;
810 1426 843 1492 in
862 1427 1002 1494 obscura
1019 1435 1053 1490 et
1070 1425 1208 1501 incerta,
1227 1444 1315 1494 conc.

570 1537 677 1615 Objic.
699 1548 750 1615 4.⁰
796 1535 891 1600 Mens
909 1542 1020 1599 nostra
1037 1532 1203 1599 mutabilis
1222 1541 1273 1598 est
1290 1531 1322 1598 in
1342 1532 1473 1618 judiciis
1496 1549 1533 1595 ac
1554 1530 1652 1597 ratio·

525 1637 617 1704 ciniis
643 1640 730 1717 suis,
752 1651 788 1708 ut
814 1649 1020 1725 compertum
1049 1640 1204 1706 omnibus
1231 1640 1430 1723 experientia
1457 1648 1520 1705 est.
1549 1635 1651 1719 Atqui

527 1746 726 1813 mutabilitas
751 1747 914 1833 ejusmodi
941 1748 1075 1813 evidens
1099 1754 1333 1832 argumentum
1361 1758 1413 1814 est
1437 1744 1649 1813 lallibilitatis.

568 1860 698 1938 ›Reap
718 1854 793 1923 dist.
814 1854 928 1941 Major.
956 1854 1061 1921 Simili
1088 1856 1206 1921 modo:
1227 1854 1260 1921 in
1288 1873 1321 1919 re
1343 1862 1431 1921 certa
1455 1862 1556 1939 atque
1583 1853 1652 1917 evi-

526 1960 633 2045 denti,
653 1980 742 2045 neg.,·
760 1963 792 2027 in
813 1962 977 2038 obscuris,
997 1965 1099 2027 trans.

592 2074 756 2137 lactabis.
778 2068 879 2153 Atqui
898 2069 995 2134 etiam
1024 2071 1057 2135 in
1086 2068 1292 2136 evidentibus
1317 2066 1422 2154 decipi
1451 2068 1532 2134 ratio
1560 2068 1652 2133 lacile

526 2181 646 2258 potest.
666 2176 803 2242 Nullum
822 2177 945 2261 quippe
964 2186 1016 2243 est
1033 2177 1117 2242 adeo
1134 2177 1271 2243 evidens
1291 2176 1500 2260 principium,
1522 2195 1565 2241 ex
1582 2194 1651 2259 quo

401 2358 405 2367 .
524 2282 751 2349 conclusiones
766 2284 908 2351 invicem
927 2293 1115 2370 pugnantes
1132 2291 1297 2367 nequeant
1311 2283 1459 2349 derivari.
1475 2284 1602 2369 Ergo...

591 2396 696 2474 Resp.
716 2410 790 2476 neg.
810 2390 943 2470 Minor„
959 2410 995 2457 ac
1011 2391 1236 2476 probationem
1252 2393 1323 2476 ejus
1336 2390 1492 2475 distinguo
1496 2412 1511 2474 ,·
1521 2402 1652 2457 servata

525 2494 671 2582 legitima
690 2499 809 2576 forma,
830 2518 920 2582 neg.,·
939 2517 1005 2565 non
1024 2508 1167 2575 servata,
1189 2502 1291 2564 nans.

592 2604 637 2671 Ex
662 2623 741 2671 vero
765 2605 853 2673 enim
882 2624 948 2672 non
976 2605 1124 2690 sequitur
1149 2606 1210 2672 nisi
1230 2624 1346 2671 verum
1366 2606 1398 2672 in
1419 2606 1505 2673 bona
1532 2625 1653 2675 conse-
1738 2697 1739 2702 ἵ

525 2708 690 2801 quentia(
715 2710 740 2802 ).

592 2826 700 2903 Objic.
721 2819 774 2889 §.⁰
822 2822 1084 2889 Rationumana
1108 2821 1308 2906 quandoque
1333 2821 1571 2906 lallitur.‚Ergo
1596 2825 1650 2887 vel

524 2928 694 3012 cognoscit
721 2946 756 2993 se
784 2928 847 2993 lalli
876 2930 928 2994 vel
956 2948 1035 2994 non.
1057 2929 1092 2995 Si
1109 2930 1294 3014 cognoscit,
1315 2908 1485 3012 nunquam
1505 2930 1646 3005 falletur,

526 3054 601 3101 nam
620 3027 762 3118 errorem
783 3053 882 3103 suum
902 3038 1060 3122 agnoscit.
1082 3035 1114 3101 Si
1132 3055 1210 3102 vero
1230 3055 1296 3101 non
1319 3038 1505 3122 cognoscit,
1527 3037 1650 3102 timen-

525 3142 604 3209 dum
619 3161 749 3226 semper
767 3143 811 3208 illi
830 3143 909 3222 erit,
932 3131 1074 3209 ne'lorte
1093 3143 1247 3228 ignorans
1264 3144 1456 3228 decipiatur.

591 3257 694 3334 Reep.
714 3249 793 3318 dist.
813 3250 997 3338 conseqtln
1012 3249 1121 3316 dubiis
1138 3258 1237 3334 atque
1254 3250 1509 3328 inevidentibus,
1530 3254 1650 3334 trans„-

524 3357 556 3423 in
575 3357 668 3423 certis
686 3365 787 3441 atque
803 3357 1025 3436 evidentibus,
1045 3377 1117 3442 neg.

592 3464 807 3548 Consequens
825 3465 985 3551 oppositae
1012 3465 1320 3550 argumentationis,
1342 3465 1403 3531 nisi
1431 3466 1493 3532 sub
1521 3467 1584 3532 lrac
1600 3468 1650 3533 di-

523 3572 694 3639 stinctione
721 3573 862 3659 benigne
881 3574 1022 3640 velimus
1048 3573 1251 3657 interpretari
1279 3590 1406 3648 revera,
1429 3573 1527 3640 latius
1558 3584 1647 3660 patel

523 3699 624 3764 quam
644 3681 852 3747 antecedens.
869 3680 902 3746 ln
918 3682 1130 3746 antecedente
1144 3681 1232 3746 enim
1247 3682 1440 3757 assumitur,
1461 3682 1552 3765 quod
1568 3682 1649 3750 ratio

524 3789 681 3854 interdum
700 3788 835 3865 lallitur,
856 3798 889 3853 et
908 3789 940 3854 in
959 3788 1171 3872 consequenti
1185 3788 1405 3867 concluditur,
1422 3790 1513 3872 quod
1530 3798 1651 3873 semper

516 3895 669 3974 ‚timenda
687 3893 809 3962 salsitas
828 3895 882 3962 sit.
910 3894 1071 3962 Nimirum
1093 3897 1173 3962 ratio
1191 3895 1225 3961 in
1248 3895 1455 3963 evidentibus
1474 3907 1507 3963 et
1524 3906 1577 3964 est
1599 3899 1649 3964 in·

524 4002 677 4080 lallibilis,
703 4011 736 4068 et
761 4004 947 4088 cognoscit,
968 4002 1028 4068 'vel
1055 4021 1255 4087 cognoscere
1278 4013 1389 4088 potest
1413 4021 1451 4070 se
1479 4022 1545 4070 non
1570 4007 1646 4072 lali.

523 4109 685 4176 Dilemma
703 4127 782 4195 ergo
801 4109 1105 4176 Lamennaisianum
1125 4119 1211 4176 stare
1237 4109 1350 4194 nequit
1370 4111 1431 4177 nisi
1458 4112 1491 4178 in
1513 4113 1648 4178 materia

523 4217 717 4295 inevidenti,
738 4217 771 4282 in
786 4237 852 4302 qua
871 4235 966 4283 mens
979 4236 1091 4282 secura
1115 4235 1181 4283 non
1200 4229 1251 4283 est
1269 4218 1310 4283 de
1330 4219 1483 4295 veritate,
1508 4221 1648 4304 ideoque

392 4357 397 4368 ·
523 4325 653 4392 nonnisi
671 4343 747 4391 cum
771 4323 943 4390 tormidine
962 4324 1108 4390 salsitatis
1126 4324 1215 4392 ducit
1237 4325 1496 4394 conclusionem.
1522 4325 1649 4402 Quam·
1733 4376 1734 4379 ,

522 4450 622 4517 quam
638 4431 726 4498 enim
744 4450 943 4517 cognoscere
963 4432 1067 4516 possit
1082 4432 1208 4499 nullum
1224 4451 1295 4498 esse
1310 4433 1343 4498 in
1362 4433 1512 4500 discursu
1532 4434 1648 4501 vitium
1733 4454 1734 4473 ¹

521 4540 744 4615 dialecticum,
762 4541 901 4624 ideoque
920 4539 1101 4624 periculum
1121 4541 1236 4607 erroris
1261 4540 1390 4607 nullum
1415 4541 1591 4608 imminere
1609 4561 1649 4608 ex

558 4777 598 4837 ir>
634 4769 710 4830 Vide
723 4769 755 4829 in
769 4771 873 4846 Logic.
895 4769 1001 4830 Minor.
1022 4789 1083 4842 reg.
1106 4781 1163 4827 r.··
1181 4769 1265 4830 bonet
1280 4769 1507 4844 consequentia,
1528 4791 1561 4832 n.
1589 4794 1651 4848 ¹⁴4·
