3492 5525
343 450 462 518 Anarc.
488 467 548 515 ψ
569 450 780 529 Quoruntrsx
802 472 852 516 srr
874 472 995 517 sronun
1134 468 1188 533 1¹5

73 610 170 675 canis
195 612 332 682 herum
353 619 502 687 comitari
526 620 653 695 solitus,
676 619 830 687 eumdem
850 638 937 703 pone
956 628 1149 701 sequentem
1174 619 1230 682 de-

74 715 225 808 signat(
254 720 286 809 ).

147 826 244 894 ilinc
262 832 363 898 facile
376 834 555 901 concludes
578 854 650 901 eam
665 853 736 901 esse
752 835 946 902 naturalium
962 834 1134 919 signorum
1155 850 1229 918 pro-
1255 853 1315 908 oure
1329 856 1429 905 arnan

79 935 276 1016 pietatem,
295 950 334 1005 ut
349 960 481 1027 semper
500 950 533 1007 et
548 941 670 1025 ubique
684 943 770 1008 idem
786 942 989 1026 significent3
1011 950 1126 1008 natura
1140 938 1227 1005 enim
1251 925 1432 1059 Ἥᾙῗω

81 1063 205 1110 rerum
221 1048 347 1113 eadem
367 1058 418 1116 est
432 1050 519 1134 apud
534 1068 650 1117 omnes
672 1068 731 1116 nec
753 1058 899 1116 mutatur
917 1058 1105 1134 temporum
1120 1047 1226 1115 ssuxu.
1287 1068 1293 1077 ’
1394 1035 1400 1046 ’

83 1150 199 1219 Secus
214 1173 300 1219 vero
314 1156 493 1222 dicendum
510 1166 557 1222 est
577 1158 617 1222 de
633 1158 763 1240 reliquis
776 1158 890 1241 signis.

160 1264 331 1327 Praeterea
346 1265 480 1347 signum
502 1284 560 1347 pro
583 1266 767 1331 diversitate
790 1263 1009 1349 potentiarum
1032 1263 1229 1348 cognosciti-
1248 1283 1431 1348 &nubilemque

89 1388 219 1435 aarum
239 1372 365 1455 duplex
380 1384 446 1448 est,
459 1372 603 1437 sensibile
614 1383 712 1456 atque
722 1371 911 1437 insensibile.
929 1371 1087 1437 Sensibile
1102 1370 1227 1436 definiri
1277 1360 1405 1409 ''Mihi'‘

90 1486 214 1562 potest
231 1497 310 1543 cum
335 1478 369 1545 S.
397 1479 602 1564 Augustino:
632 1498 682 1545 res
704 1482 819 1562 preter
835 1479 979 1561 speer'em,
1000 1498 1094 1564 quarn
1117 1478 1231 1563 ingerit

89 1586 259 1663 sensiam,
276 1586 556 1671 cantarazium
572 1586 735 1671 sefaciens
753 1586 787 1651 in
801 1586 1005 1670 cognitionem
1026 1587 1145 1652 uenire.
1174 1585 1226 1651 Sic

91 1712 269 1777 purpurea
283 1694 385 1760 vestis
403 1694 606 1761 Cardinalem
624 1693 762 1773 nuntiat,
791 1694 1034 1798 sumusignem
1052 1694 1147 1761 mitra
1159 1694 1227 1777 epi-

91 1801 272 1884 scopalem
295 1800 503 1887 dignitatem.
526 1802 664 1889 Signum
685 1802 870 1869 insensibile
890 1813 957 1879 est,
979 1803 1069 1886 quod
1087 1803 1158 1867 solo
1178 1801 1226 1866 in-

91 1910 237 1974 tellectu
252 1908 372 1993 percipi
393 1918 522 1993 potest:
548 1912 661 1994 quales
681 1924 758 1977 sunt
784 1930 817 1975 v.
841 1930 877 1995 g.
900 1908 1082 1994 spirituales
1105 1908 1247 1974 mentis‘¹

91 2028 216 2092 actuS,
238 2018 416 2101 exquibus
435 2016 505 2101 ipsa
523 2036 617 2085 suam
642 2017 949 2085 immaterialitatem
972 2016 1155 2103 cognoscit.
1181 2014 1226 2079 lta

92 2124 204 2187 etiam
229 2142 271 2188 ex
298 2125 531 2210 theologorum
560 2126 706 2192 doctrina
733 2128 898 2191 character
925 2122 1168 2191 sacramentalis
1193 2132 1225 2188 et

95 2231 226 2295 locutio
241 2233 434 2315 angelorum
446 2232 540 2317 signa
553 2244 631 2299 sunt
643 2232 841 2299 insensibilia
856 2229 868 2319 (
894 2231 920 2318 ).

171 2338 318 2421 Denique
334 2341 458 2406 ratione
472 2360 552 2406 usus
566 2340 691 2433 divides
711 2341 841 2425 signum
868 2340 899 2405 in
917 2348 996 2421 pure
1018 2338 1225 2423 rnonp‘estetr'-
1244 2362 1429 2412 nauseantium

96 2464 178 2509 tum
191 2459 222 2511 et
240 2448 463 2528 suppositivam
482 2467 539 2513 seu
562 2449 746 2513 doctrinale.
765 2451 846 2513 Pure
871 2447 1149 2513 manifestativum
1176 2457 1225 2512 est
1239 2438 1439 2491 “⁸⁰ll⁰⁸⁵¹³l¹¹¹¹¹·

99 2554 194 2635 quod
217 2556 324 2619 solum
351 2556 485 2620 inservit
512 2555 551 2619 ad
575 2574 643 2620 rem
675 2555 964 2631 manifestandam,
994 2554 1075 2637 quin
1104 2572 1163 2638 pro
1187 2574 1225 2618 ea

101 2661 329 2728 substituatur.
357 2662 554 2747 Exemplum
580 2664 680 2728 habes
703 2662 737 2729 in
762 2682 929 2748 campanae
957 2664 1085 2739 sonitu,
1117 2664 1222 2739 sumo,

105 2777 249 2853 sceptro,
275 2771 412 2854 aliisque
439 2771 636 2848 innumeris
672 2791 747 2855 quae
775 2775 817 2838 ita
843 2791 912 2836 rem
948 2771 1150 2856 significant,
1190 2780 1227 2836 ut

108 2877 146 2938 ad
176 2879 298 2943 nullum
328 2897 425 2944 usum
451 2877 557 2944 eidem
578 2879 829 2946 substituantur.
857 2879 880 2942 E
904 2880 1073 2962 contrario
1089 2880 1223 2963 signum

112 3105 384 3118 ψ.-

140 3201 181 3272 (ι)
216 3199 293 3259 Sunt
304 3201 355 3272 qui
370 3199 456 3274 signa
466 3201 568 3259 haecex
579 3200 790 3259 consuetudine
804 3200 840 3258 ad
852 3199 1007 3258 arbitraria
1020 3199 1066 3258 rel
1081 3198 1226 3257 naturalia

106 3309 238 3347 revocare
258 3291 360 3374 velint,
376 3303 466 3361 atque
480 3291 520 3348 ita
534 3303 742 3361 consequenter
761 3287 840 3360 loqui
852 3289 959 3348 debent
973 3287 1029 3356 itti,
1045 3287 1096 3360 qui
1111 3288 1148 3346 ad
1164 3308 1228 3360 pro·

107 3380 164 3450 prii
170 3380 392 3453 signirationcm
408 3381 562 3453 requirunt
573 3381 700 3452 aliquam
716 3379 777 3438 sire
786 3401 819 3438 ex
829 3393 949 3448 natura,
961 3380 1021 3437 sive
1032 3378 1227 3439 exhominum

108 3471 224 3540 placito,
239 3470 456 3530 institutionem
473 3483 561 3542 atque
581 3469 795 3528 ordinationem
822 3470 860 3527 ad
883 3469 1124 3542 significandum,
1154 3469 1229 3527 sicut

108 3562 203 3628 docet,
215 3575 247 3618 ut
259 3575 376 3618 caeteros
389 3562 539 3628 omittam,
554 3560 638 3628 Joan.
654 3581 671 3617 a
686 3558 722 3618 S.
735 3559 791 3616 Th.
808 3559 861 3617 loc.
876 3560 924 3616 cit.
937 3573 991 3617 art.
1004 3560 1031 3616 6.
1048 3558 1228 3617 Controver-

108 3650 150 3706 sia
164 3651 223 3706 haee
236 3649 315 3722 parvi
331 3650 458 3722 profecto
471 3665 515 3707 cst
528 3649 681 3719 momenti3
692 3649 741 3706 sed
755 3649 784 3706 in
794 3648 891 3706 allatis
902 3648 1042 3720 exemplis
1055 3649 1099 3706 vis
1113 3647 1228 3720 signifi-

109 3740 191 3797 candi
208 3759 264 3798 non
284 3740 400 3798 videtur
422 3741 526 3798 saltem
541 3739 707 3798 immediate
724 3739 848 3798 deriuari
863 3759 898 3796 ex
914 3755 1020 3798 natura
1038 3738 1229 3796 hominumve

113 3830 218 3901 placito.
231 3829 266 3886 V.
282 3829 414 3887 Lossada
427 3831 482 3887 loc.
497 3828 545 3886 cit.
562 3849 592 3887 n.
607 3850 648 3902 ¹3·
668 3829 765 3902 14-18.

146 3920 182 3988 (al
215 3919 292 3977 Cave
305 3931 406 3977 autem
421 3937 459 3976 ne
474 3917 636 3976 confundas
649 3918 823 3977 divisionem
844 3919 920 3977 hanc
934 3939 1000 3976 cum
1025 3917 1074 3975 illa
1095 3917 1153 3976 alia
1176 3937 1229 3990 per

115 4029 190 4082 quam
208 4009 324 4082 signum
346 4007 474 4080 dispesci
502 4020 596 4079 potest
617 4007 647 4066 in
666 4015 832 4081 corporeum
856 4023 887 4066 et
905 4010 1118 4082 incorporeum.
1139 4007 1226 4066 Ratio

116 4099 179 4156 enim
188 4099 311 4172 corporei
320 4111 373 4156 aut
383 4097 546 4169 incorporei
557 4097 588 4156 in
602 4097 688 4171 signo
700 4098 841 4168 repetitur
854 4118 889 4155 ex
912 4097 1034 4171 physica
1047 4096 1141 4170 ipsius
1157 4117 1226 4155 con-

118 4189 207 4248 ditione
222 4185 440 4248 materialitatis
455 4199 506 4244 aut
524 4186 800 4256 inmaterialitatis3
820 4185 896 4245 ratio
920 4206 989 4246 vero
1013 4186 1160 4245 sensibilis
1176 4199 1227 4244 aut

120 4277 272 4337 insensibilis
286 4277 459 4336 desumitur
472 4297 506 4334 cx
520 4289 652 4348 respectu
670 4273 747 4350 signi
762 4275 798 4334 ad
813 4274 973 4348 potentiam
996 4297 1014 4333 a
1034 4295 1093 4346 qua
1111 4295 1225 4348 cogno-

115 4367 193 4440 saitur¹
204 4383 232 4428 et
244 4369 309 4427 lieri
326 4367 403 4426 bene
417 4379 524 4439 potest,
540 4378 574 4424 ut
585 4365 703 4437 aliquod
719 4364 837 4438 signum
849 4365 880 4424 in
889 4385 920 4423 se
930 4365 1224 4437 materialequiddam

122 4459 180 4518 aitac
198 4478 390 4532 corporeum.
412 4477 472 4515 non
487 4476 555 4515 vero
580 4454 731 4526 sensibile,
756 4452 780 4513 si
803 4447 942 4513 nimirum
966 4454 1074 4527 percipi
1096 4477 1114 4514 a
1134 4474 1223 4514 sensu

123 4550 201 4624 inuit.
214 4547 263 4610 Sic
270 4547 412 4623 cognitio
431 4545 583 4604 sensibilis
598 4558 645 4604 est
665 4545 783 4618 signum
795 4545 916 4603 formale
929 4557 959 4603 et
968 4565 1154 4618 corporeum,
1173 4565 1226 4604 scu

123 4641 244 4712 materiale,
269 4651 381 4712 utpote
402 4651 489 4695 actus
509 4635 635 4694 humani
651 4635 821 4714 compositi3
834 4633 904 4694 ¹nem
923 4647 970 4694 est
988 4648 1087 4694 autem
1105 4634 1226 4708 signum

121 4728 227 4805 tensibile,
242 4751 317 4792 cum
333 4725 483 4802 cognosci
498 4725 529 4785 ila
543 4726 639 4799 seipso
653 4747 669 4784 a
683 4725 819 4786 sensibus
828 4725 950 4784 minime
964 4725 1067 4801 possit.
