3492 5525
615 474 690 521 trra
724 458 847 523 booten
861 456 1096 533 Maron-Lm.
1113 474 1186 535 2³¹⁸,
1203 458 1296 523 Drse.
1312 462 1365 521 o.·
1382 456 1474 518 Cae.
1490 470 1557 517 a.-

572 640 805 728 Henaton),
830 642 963 710 Rhodes
983 640 1050 731 (2),
1071 642 1207 731 Semery
1228 640 1298 732 (3),
1324 640 1488 710 tossada
1507 640 1557 729 (4)
1571 644 1640 727 tire

571 759 660 819 etex
677 751 827 820 Scotistis
842 752 993 819 Mastrius
1011 748 1063 839 (5)
1082 761 1115 819 et
1134 750 1198 819 alii.

400 944 501 1000 ermen.
614 916 691 1001 338.
739 913 946 983 Pnoeostuo.
993 920 1108 983 Voces
1125 936 1196 983 non
1214 928 1299 983 sunt
1315 919 1509 997 objectum
1530 919 1647 983 ditem

567 1044 629 1109 per
647 1044 686 1091 se
702 1028 959 1091 consideratum
971 1044 993 1089 a
1005 1027 1144 1106 Logica.

386 1176 523 1293 “mm
612 1189 715 1251 Prob.
739 1189 787 1251 1.⁰
831 1182 912 1249 iilud
931 1192 982 1249 est
999 1183 1164 1269 objectum
1184 1182 1304 1249 directe
1323 1193 1359 1251 et
1385 1200 1451 1267 per
1470 1200 1507 1247 se
1524 1185 1647 1249 consite:-

484 1278 490 1292 '
566 1298 639 1357 tum
659 1310 677 1356 a
696 1290 831 1377 Logica,
848 1290 938 1375 quod
953 1290 1072 1357 directe
1089 1298 1123 1355 et
1141 1310 1181 1357 ex
1196 1290 1349 1358 instituto
1369 1289 1492 1375 dirigit
1504 1292 1578 1373 ipse.
1591 1294 1650 1373 ize!

568 1418 667 1466 voces
689 1417 756 1465 non
775 1399 895 1465 directe
921 1406 954 1465 et
972 1397 1121 1465 instituto
1144 1398 1268 1481 dirigit,
1290 1399 1349 1465 sed
1375 1400 1496 1464 solum
1522 1416 1562 1463 er
1579 1420 1645 1467 cerse-

567 1506 698 1591 quenti,
719 1515 753 1573 et
767 1526 807 1573 ex
826 1506 968 1590 quadam
988 1506 1405 1591 concomitantia.,Ergo...

633 1620 749 1683 Minor
771 1614 937 1699 probatur.
957 1614 1040 1680 Nam
1060 1614 1180 1679 directe
1199 1622 1231 1678 et
1250 1633 1291 1679 ex
1310 1614 1475 1679 instituto
1493 1614 1592 1698 Logica
1604 1617 1650 1681 ize-r

566 1722 616 1808 git
634 1729 826 1807 conceptus.
840 1719 939 1805 Atqui
958 1740 997 1786 eo
1010 1723 1093 1806 ipso,
1106 1722 1196 1806 quod
1208 1722 1269 1787 hos
1278 1720 1412 1805 dirigit,
1427 1721 1554 1786 directae
1562 1742 1642 1804 quere

568 1838 702 1895 manent
721 1848 835 1907 voces,
856 1837 1017 1914 quantum
1036 1830 1118 1895 ultra
1139 1829 1399 1895 Grammaticam
1416 1845 1504 1913 opus
1518 1840 1572 1903 est,
1584 1832 1640 1913 siet}-

566 1938 641 2004 dem
657 1936 830 2004 artificium
845 1938 955 2002 vocale
973 1936 1138 2003 obtinetur
1152 1938 1193 2002 ad
1208 1956 1359 2003 normam
1381 1937 1511 2001 artificii
1529 1941 1650 2009 menate,

531 2081 535 2098 ι
567 2027 693 2123 «Unde,
712 2044 880 2130 quitatem
900 2064 1051 2110 normam
1067 2065 1107 2111 ex
1124 2046 1240 2130 Logica
1252 2046 1363 2111 didicit
1378 2048 1533 2119 formare,
1545 2048 1639 2125 etreipst

563 2156 699 2230 format,
727 2171 767 2217 eo
795 2154 884 2238 ipso,
914 2152 992 2237 quin
1021 2152 1173 2239 Logicam
1207 2154 1317 2219 denuo
1340 2154 1513 2228 consulat,
1541 2152 1639 2217 tacitine

564 2260 717 2328 formabit
734 2268 974 2344 consequenter
992 2260 1163 2327 artificium
1178 2263 1303 2337 vocale,
1320 2262 1348 2327 si
1362 2280 1466 2327 voces
1478 2262 1638 2343 conceptue

563 2369 784 2454 exprimendis
796 2377 906 2453 aptas,
921 2377 953 2435 et
968 2389 1040 2435 eam
1054 2369 1217 2454 syntaxim
1237 2368 1464 2435 Grammatico
1481 2369 1513 2434 in
1530 2380 1633 2451 prompt

562 2488 739 2563 suggerat,
765 2487 862 2561 prout
884 2477 993 2542 debet.
1025 2477 1098 2543 ideo
1121 2484 1157 2541 ut
1183 2477 1303 2561 passim
1330 2476 1493 2552 dicimus,
1520 2477 1567 2559 qui
1585 2487 1635 2537 reete

562 2584 719 2669 concipit,
739 2592 773 2649 et
787 2582 907 2649 vitiose
921 2583 1081 2666 loquitur,
1099 2585 1150 2648 vel
1168 2582 1427 2649 Grammaticam
1449 2584 1556 2657 nescit,
1572 2568 1650 2647 venri

563 2691 769 2777 prudentiam
789 2699 898 2776 peccat
917 2692 1002 2756 ultro
1025 2691 1173 2759 volens.»
1199 2692 1282 2777 Ergo
1301 2711 1401 2758 voces
1423 2711 1489 2757 non
1506 2691 1599 2755 directe
1616 2701 1633 2750 er

563 2821 604 2868 ex
618 2799 768 2866 instituto
782 2799 892 2886 dirigit
905 2799 1033 2886 Logica.
1050 2801 1324 2883 Quandoquidem
1349 2802 1439 2866 nulla
1461 2809 1630 2879 estusque

562 2910 681 2975 directe
699 2917 732 2974 et
750 2928 790 2974 ex
809 2908 959 2974 instituto
977 2908 1084 2993 dirigit
1104 2907 1199 2985 iliud,
1227 2908 1315 2991 quod
1331 2909 1401 2996 jam
1429 2907 1650 2974 sufficientern

562 3017 682 3103 regulis
694 3017 756 3082 alio
772 3016 924 3102 primario
938 3016 1148 3083 tendentibus
1173 3018 1356 3101 regulatum
1376 3017 1491 3104 {adest
1514 3023 1627 3097 quantun

562 3125 701 3210 indiget,
722 3132 755 3190 et
774 3125 845 3211 ejus
863 3123 1034 3190 artificium
1054 3125 1199 3208 postulat
1217 3121 1281 3213 (6).

606 3238 708 3301 Prob.
729 3231 782 3300 2.⁰
830 3231 1012 3298 Artificium
1032 3232 1186 3318 Logicum
1207 3233 1334 3317 proprie
1352 3244 1405 3299 est
1430 3234 1462 3297 in
1483 3225 1627 3314 operationi

560 3343 623 3408 bus
649 3341 782 3416 mentis,
798 3357 865 3407 non
885 3359 962 3406 vero
984 3341 1018 3405 in
1037 3338 1184 3410 vocibus.
1207 3341 1289 3425 Ergo
1308 3359 1407 3408 voces
1428 3357 1500 3405 nom
1517 3345 1577 3402 sunt
1589 3334 1623 3398 ob

555 3451 679 3537 jectum
699 3449 818 3515 directe
837 3467 874 3513 ac
893 3466 950 3533 per
968 3465 1003 3514 se
1021 3468 1039 3513 a
1059 3447 1175 3533 Logica
1191 3447 1444 3516 consideratum.

627 3563 729 3627 Prob.
767 3566 872 3622 antec.
906 3554 942 3642 α)
973 3555 1171 3621 Auctoritate
1204 3557 1385 3623 Aristotelis
1417 3557 1460 3623 sic
1488 3549 1619 3619 scribentis:

558 3665 787 3732 Demonstrabo
805 3683 867 3729 non
892 3664 926 3728 in
948 3664 1105 3741 oratione,
1126 3683 1195 3749 qua
1211 3667 1257 3729 ert
1272 3668 1380 3740 extra,
1401 3666 1454 3730 sed
1468 3663 1499 3728 in
1515 3657 1620 3724 matur.

556 3791 628 3858 quta
648 3776 698 3839 est
718 3773 752 3838 in
771 3775 888 3848 mente,
908 3772 1065 3849 consistit,
1084 3771 1333 3858 quondoquidem
1360 3789 1454 3858 neque
1476 3761 1619 3836 rutenio

556 3881 591 3948 in
607 3881 665 3948 itta
682 3881 849 3947 consistere
861 3879 986 3946 videtur
1003 3877 1068 3969 (7).

559 4129 811 4144 ffl-

589 4228 649 4289 i1)'
666 4223 754 4298 Log„
769 4221 846 4295 disp.
864 4243 889 4292 r,
906 4242 936 4280 n.
952 4241 995 4279 aa.

589 4317 631 4381 (a)
666 4313 782 4371 Ptitos.
795 4312 907 4388 perita..
921 4310 970 4370 tib.
990 4333 1014 4382 r,
1028 4310 1104 4384 disp.
1123 4333 1147 4382 ι,
1163 4333 1192 4385 q.
1212 4334 1235 4382 ι,
1251 4325 1318 4371 sect.
1333 4333 1365 4382 2,
1382 4328 1520 4385 patager.

587 4407 629 4476 (3)
668 4402 788 4461 Trionis.
804 4402 918 4461 Philus.
932 4400 988 4460 vol.
1011 4423 1034 4472 1,
1050 4401 1128 4475 disp.
1147 4423 1171 4472 1,
1186 4423 1215 4475 q.
1228 4423 1258 4472 2,
1272 4415 1327 4462 art.
1344 4424 1371 4475 3.

587 4497 629 4564 (4)
666 4491 798 4552 Loncit.
814 4511 844 4550 u.
862 4513 888 4565 3.

586 4581 629 4654 (ς)
663 4582 753 4659 Lep,
768 4595 872 4654 quaest.
888 4601 1009 4654 prooem.
1025 4593 1081 4640 art.
1097 4603 1130 4656 3,
1147 4602 1177 4641 n.
1194 4603 1237 4653 ῃ.

585 4673 628 4744 (6)
664 4671 727 4732 cir.
742 4671 883 4740 Lossada,
900 4671 952 4730 loc.
968 4670 1028 4741 cit,
1045 4693 1074 4731 n.
1089 4673 1117 4744 8,
1133 4691 1167 4732 ex
1178 4671 1325 4732 Suarezio.

585 4766 626 4834 (7)
663 4759 727 4822 Lib.
746 4763 924 4831 1.·Poster.,
944 4781 1006 4834 cap.
1025 4761 1054 4822 8.
