3492 5525
553 471 611 556 284
740 474 867 537 Loorca
888 470 1138 537 Minore-Dise.
1164 482 1207 535 a.·
1228 470 1307 535 Car.
1333 484 1405 553 qen

514 674 604 733 mur,
625 658 666 723 ad
689 656 910 723 enormandas
934 653 1198 723 contradictorias
1218 654 1303 721 hanc
1327 654 1528 722 tutissimam
1549 656 1634 721 nabe

514 784 580 850 prae
594 765 698 831 oculis
716 763 964 831 Dialecticorum
979 780 1148 831 normam:
1162 770 1241 830 Non
1260 774 1316 830 est
1326 766 1453 830 melius
1464 768 1635 831 convadi-

512 894 609 950 eere,
625 894 730 956 quarn
747 876 779 941 si
795 878 859 957 toti
876 875 1102 956 propositioni
1118 883 1341 954 praeponatur
1358 875 1506 953 negatio,
1521 868 1555 935 id
1569 878 1632 945 est,

513 1000 580 1047 non
599 980 717 1047 melius
737 979 984 1055 contradicitur,
1004 996 1105 1064 quam
1124 978 1151 1045 si
1170 978 1378 1045 affirmationi
1396 978 1529 1064 negatio
1553 996 1636 1062 prae-

514 1098 657 1173 ponatur
672 1085 738 1176 (l).
1616 1126 1620 1135 ·

579 1196 675 1263 Plura
690 1195 732 1261 de
750 1195 802 1261 his
819 1195 946 1261 dabunt
966 1194 1109 1263 Lossada
1126 1191 1195 1281 (a),
1213 1194 1347 1279 Arriaga
1364 1190 1439 1281 (3),
1460 1191 1551 1279 Mayr
1568 1188 1619 1279 (4)

513 1303 643 1380 etalii,
673 1303 760 1388 apud
792 1321 878 1385 quos
911 1304 1020 1387 plures
1049 1300 1147 1368 tricas
1180 1318 1353 1386 expensas,
1375 1302 1553 1386 pluresque
1574 1302 1634 1366 hac

514 1410 557 1477 de
575 1429 609 1477 re
623 1410 824 1495 quaestiones
837 1410 1007 1486 enodatas,
1027 1410 1121 1487 vide,
1142 1410 1168 1475 si
1187 1419 1294 1476 vacat.

867 1672 1204 1765 ARTICULUS
1226 1674 1282 1749 II.

600 1868 607 1877 ¹
656 1845 729 1909 De
750 1842 1089 1925 aequipollentia
1114 1830 1495 1931 propositionum.

589 2074 664 2144 ¹3¹·
711 2056 822 2125 Multis
841 2056 949 2123 modis
963 2067 1102 2142 possunt
1112 2075 1183 2124 esso
1197 2056 1455 2141 aequipollentes‚
1473 2072 1531 2121 seu
1549 2055 1638 2121 idem

375 2206 436 2262 Quid
457 2242 465 2253 ,
516 2166 748 2253 significantes,
769 2165 842 2231 duae
862 2165 1099 2250 propositiones
1114 2166 1237 2231 ratione
1252 2164 1460 2250 potissimum
1478 2162 1636 2230 materie.

316 2278 488 2338 aequipollentis.
518 2274 561 2340 At
578 2274 631 2339 hic
649 2272 837 2358 explicanda
855 2273 946 2338 venit
966 2273 1109 2339 formalis
1122 2272 1379 2357 aequipollentia,
1395 2290 1471 2356 quae
1489 2270 1568 2337 nihil
1588 2280 1640 2336 est

515 2382 619 2458 aliud,
640 2398 741 2464 quam
760 2379 898 2445 duarum
918 2380 1179 2465 propositionum
1198 2380 1275 2445 alias
1295 2379 1519 2463 oppositarum
1538 2378 1642 2473 aequi-

517 2489 657 2556 valentia
673 2488 706 2554 in
725 2505 836 2553 sensu.
1405 2490 1410 2499 '

583 2596 777 2663 Redduntur
807 2595 1054 2679 aequipollentes
1090 2596 1164 2662 duae
1205 2594 1365 2680 oppositae
1402 2593 1642 2680 propositiones

348 2742 464 2804 Quomodo
519 2703 697 2772 ministerio
716 2702 880 2790 particulae
899 2722 981 2781 non,
1001 2722 1075 2788 quae
1095 2703 1167 2770 ideo
1190 2702 1306 2770 dicitur
1325 2701 1527 2789 maignantr‘s
1548 2704 1644 2768 nouo
1728 2714 1729 2723 ¹

358 2889 364 2900 ,
391 2816 420 2862 *d
452 2886 457 2898 ,
518 2831 580 2889 rae,
601 2813 676 2896 quia
694 2811 805 2877 omnia
823 2811 856 2876 in
876 2813 1065 2896 oppositum
1085 2811 1256 2887 immutat,
1276 2829 1496 2895 quaecumque
1516 2818 1591 2895 post
1605 2828 1643 2875 se

304 2888 497 3005 ‘qssffiifflm
519 2920 659 2995 invenit,
684 2927 722 2984 ut
744 2918 770 2985 si
795 2920 922 3003 copulae
947 2937 1005 2984 seu
1030 2920 1131 2985 verbo
1157 2918 1361 3005 praefigatur,
1383 2917 1593 3002 qualitatem,
1613 2919 1643 2982 si

382 3031 433 3110 ὼε
519 3047 597 3095 vero
616 3027 778 3111 subjecto,
799 3035 832 3092 et
850 3027 1067 3109 quantitatem
1087 3036 1119 3093 et
1138 3027 1328 3110 qualitatem
1347 3025 1449 3110 ipsius
1467 3025 1581 3092 variet.

325 3110 485 3228 “fimf
586 3134 719 3219 Regulae
741 3135 782 3200 ad
809 3135 990 3200 reddendas
1015 3134 1262 3220 aequipollentes
1287 3135 1370 3200 duas
1399 3131 1645 3219 propositiones
1727 3199 1728 3210 ,

520 3245 582 3311 hoc
600 3260 696 3308 versu
717 3240 944 3308 continentur:

320 3423 492 3478 “mmm
587 3438 685 3505 PRAE
710 3395 912 3632 o)ontraiiic.‚
945 3436 1051 3504 POST
1071 3391 1213 3518 eontra,
1244 3391 1343 3506 eltis
1367 3397 1562 3513 postolis
1585 3461 1646 3508 su-

518 3552 665 3614 baltern-
686 3545 722 3631 (5

391 3759 430 3801 pro
587 3735 667 3794 Prae
693 3726 882 3802 contradic„
918 3724 1079 3810 significat
1111 3727 1151 3792 ad
1183 3725 1367 3794 efficiendas
1398 3725 1646 3812 aequipollentes
1726 3728 1727 3789 l

316 3815 496 3867 ‘⁰¹¹¹“d³⁶⁸⁰‘⁵²⁸’
520 3835 602 3902 duas
627 3832 905 3910 contrada'ctorias,
935 3833 1144 3930 negationem
1173 3834 1434 3920 praemittendam
1458 3853 1530 3902 esse
1550 3835 1646 3920 signo

522 4043 775 4058 ψ

557 4141 598 4205 (ι)
634 4135 834 4194 Nihilominus
848 4135 949 4208 regula
959 4135 1025 4193 'haec
1039 4137 1237 4209 exceptionem
1252 4138 1363 4211 petitur
1380 4138 1411 4198 in
1431 4138 1647 4212 exponibilibus

521 4247 557 4285 ex
570 4225 729 4285 multorum
741 4223 903 4294 sententis,
919 4239 952 4283 ut
966 4225 1102 4297 superius
1117 4225 1256 4284 vidimus.
1725 4246 1726 4313 )

448 4323 452 4332 ’
558 4320 598 4382 (a)
635 4317 763 4375 Disiect.
778 4315 823 4372 vel
838 4315 996 4385 Sammaei,
1012 4314 1088 4388 disp.
1103 4337 1135 4390 7,
1150 4337 1213 4389 cap.
1231 4337 1264 4383 a,
1279 4337 1305 4390 3.

557 4410 599 4479 (3)
633 4405 792 4475 Summrri„
807 4404 884 4476 disp.
899 4425 929 4474 a,
946 4417 1016 4463 sset.
1031 4424 1060 4478 4.

557 4496 599 4568 (4)
634 4496 717 4553 Phil.
734 4497 836 4568 Perip.
852 4495 935 4552 Pars.
955 4515 983 4564 ι,
998 4494 1076 4567 disp.
1093 4495 1184 4566 unic..
1200 4511 1304 4570 quest.
1319 4517 1353 4568 a,
1369 4512 1425 4558 art.
1442 4519 1474 4572 3.
1489 4517 1518 4572 4.

559 4589 600 4656 (5)
638 4585 695 4642 Pro
709 4583 921 4643 subcontrariis
935 4603 995 4642 non
1014 4585 1109 4644 solent
1122 4585 1186 4644 dari
1205 4588 1313 4662 regulae
1328 4585 1563 4662 aequipollentiae,
1578 4588 1648 4662 quia

522 4672 702 4733 duriuscule
724 4673 828 4732 fierent
849 4672 997 4744 nimisque
1024 4675 1230 4748 negationibus
1249 4677 1402 4750 implicato
1423 4677 1645 4751 propositiones.

523 4761 600 4821 Vide
614 4761 756 4834 Losssda‚
773 4763 827 4823 loc.
842 4761 904 4830 cit,
920 4781 984 4835 esp.
998 4781 1028 4835 4,
1045 4784 1075 4823 ιι.
1093 4785 1108 4837 3
1125 4763 1176 4824 fio.
