3492 5525
208 1110 1136 1414 touton—urion.

180 1723 265 1793 Cum
291 1723 368 1792 finis
399 1723 524 1810 Logicae
552 1723 595 1790 sit
626 1740 759 1790 normas
786 1732 872 1790 recte
899 1722 1081 1790 disserendi
1107 1721 1234 1788 tradere
1269 1735 1359 1824 swa
1374 1747 1401 1780 o
1422 1695 1501 1762 ‘¹³⁰‘
1517 1696 1568 1821 ⁰7

110 1842 330 1916 mentemque
348 1833 381 1898 in
401 1831 615 1915 assequendis
638 1830 783 1897 scientiis
805 1829 944 1916 dirigere
962 1849 1000 1896 ac
1014 1833 1149 1915 juvare;
1168 1830 1237 1897 duo
1265 1880 1299 1966 ι.
1322 1851 1365 1953 4
1392 1816 1534 1950 ‘w‘

110 1959 235 2026 genera
252 1938 474 2024 quaestionum
500 1939 669 2006 tractanda
688 1947 767 2006 sunt
790 1937 916 2024 logicae
939 1937 1070 2024 Majori:
1096 1939 1235 2004 alterum
1377 1960 1379 1964 ⁴

111 2065 242 2124 earum,
258 2065 332 2131 quae
345 2047 559 2114 abstrusiores
573 2046 813 2115 controversias
826 2045 1015 2130 expediant,
1028 2046 1069 2112 ad
1085 2057 1235 2114 naturam

111 2163 148 2222 et
162 2155 324 2222 elementa
339 2155 507 2222 discursus
520 2173 557 2220 ac
570 2153 712 2224 scientiae
728 2149 944 2238 pertinentes3
958 2154 1094 2220 alterum
1108 2171 1233 2231 earum,
1267 2123 1324 2204 θ’
1426 2181 1437 2234 p

111 2281 191 2347 quae
210 2261 387 2346 respiciunt
405 2262 661 2366 existentiamhet
679 2237 1022 2362 criteriffrtitudinis
1040 2279 1099 2328 seu
1115 2263 1234 2338 media,
1270 2235 1386 2383 τῖ’]
1412 2307 1464 2360 η,

113 2389 175 2456 per
193 2389 268 2455 quae
286 2370 455 2436 veritatem
474 2379 563 2436 certo
581 2369 712 2454 assequi
730 2369 763 2434 in
782 2369 892 2435 studio
906 2369 1113 2436 scientiarum
1133 2369 1239 2454 possi·
1307 2323 1318 2448 ¹
1346 2350 1366 2374 ⁹

113 2497 206 2546 mus.
228 2479 371 2545 Primum
396 2479 532 2554 horum,
557 2480 727 2562 quomodo
750 2479 783 2544 in
809 2478 1014 2545 scientiarum
1039 2487 1072 2543 et
1095 2479 1237 2545 veritatis

112 2586 319 2653 assecutione
350 2586 593 2671 procedendum
619 2586 678 2662 sit,
708 2585 929 2661 demonstrat,
954 2587 1163 2670 completque
1185 2606 1235 2663 ea,

110 2711 191 2778 quae
219 2693 252 2759 in
280 2691 395 2760 Minori
419 2693 536 2780 Logica
562 2701 696 2762 tractata
728 2701 822 2776 sunt;
852 2695 989 2760 alterum
1018 2711 1098 2760 vero
1131 2693 1236 2779 ipsam

111 2801 258 2869 seientia
276 2800 523 2886 possibilitatem
543 2810 668 2868 tuetur.
685 2800 753 2869 Nisi
773 2802 861 2867 enirir
877 2802 995 2892 veritas
1007 2812 1096 2869 certo
1110 2822 1129 2867 a
1143 2802 1238 2869 nobis

112 2908 274 2993 possideri
292 2908 413 2993 possit,
434 2908 494 2976 nisi
514 2907 688 2975 infallibilia
704 2908 929 2994 cognitionum
945 2902 1236 2994 'comparandarum
1266 2891 1269 2901 ¹

112 3019 334 3084 instrumenta
352 3026 544 3101 suppetant,
564 3017 753 3100 criteriaque
777 3026 846 3083 tuta
866 3036 980 3083 verum
995 3038 1015 3083 a
1028 3019 1110 3084 salso
1124 3017 1238 3083 distin-

110 3124 257 3211 guendi,
290 3132 399 3191 actum
432 3134 482 3190 est
504 3126 574 3211 jam
607 3124 647 3190 de
681 3124 838 3201 scientiis,
866 3144 904 3190 ac
926 3127 1044 3192 frustra
1069 3125 1101 3191 in
1124 3144 1236 3190 earum

112 3232 226 3299 studio
253 3241 386 3317 tempus
417 3241 575 3299 teramus.
608 3232 646 3297 Et
674 3250 877 3317 quamquam
905 3232 1028 3316 antiqui
1052 3231 1237 3317 Philosophi

113 3342 183 3406 iere
208 3338 337 3407 nonnisi
360 3338 476 3424 prioris
502 3339 632 3425 generis
661 3338 859 3422 questiones
882 3340 916 3405 in
948 3337 1064 3425 Logica
1094 3340 1240 3424 disputa-

112 3450 212 3522 bant,
234 3446 329 3514 nobis
346 3456 457 3513 tamen
476 3456 608 3533 propter
625 3454 812 3531 temporum
836 3446 1076 3525 conditionem,
1105 3458 1240 3514 ceteras
1332 3456 1335 3460 ’

6 3614 8 3631 ,
113 3556 269 3623 omittere
293 3555 466 3621 nonlicet.
496 3554 529 3619 ln
553 3572 620 3637 quo
642 3555 739 3620 etiam
763 3572 976 3621 communem
992 3556 1061 3640 jam
1081 3554 1239 3622 recentio-

6 3672 9 3707 ··
114 3682 192 3730 rum
210 3663 252 3729 de
272 3681 305 3729 re
325 3661 428 3748 logica
447 3660 642 3746 scriptorum
662 3662 934 3729 consuetudinem
953 3664 1141 3747 sequimur,
1156 3681 1240 3746 quo-

114 3791 193 3840 rum
212 3770 361 3838 nonnulli
379 3788 421 3835 ex
438 3771 501 3837 hoc
518 3770 739 3853 questionum
758 3789 890 3855 genere,
910 3770 1062 3856 Logicam
1082 3771 1237 3857 Maiorem

115 3888 278 3948 vocarunt
299 3879 458 3955 criticam,
482 3878 559 3963 quia
580 3896 700 3963 nempe
727 3880 928 3963 quaestiones
949 3878 1037 3956 istae,
1063 3880 1095 3945 in
1119 3879 1239 3963 quibus

114 3988 268 4075 aptitudo
286 3986 356 4072 ipsa
369 3994 403 4053 et
417 3986 566 4053 habilitas
581 3986 765 4053 mediorum
782 3994 815 4053 et
830 3986 1031 4054 criteriorum
1044 3987 1240 4073 cognitionis

64 4100 82 4195 ς’
114 4098 157 4163 ad
184 4095 341 4181 twinam
365 4103 548 4171 revocatur,
572 4094 689 4160 critice
712 4112 823 4161 revera
846 4104 937 4163 sunt.
964 4095 1102 4163 Duobus
1128 4094 1240 4178 itaque

78 4214 84 4229 ·
116 4204 237 4291 Logica
256 4204 357 4289 Major
380 4200 468 4269 libris
486 4202 692 4285 absolvetur;
716 4219 858 4287 quorum
884 4204 1009 4288 primus
1031 4204 1073 4272 de
1091 4202 1238 4279 criteriis,

115 4315 200 4384 alter
217 4311 260 4378 de
278 4319 393 4379 natura
410 4318 444 4377 et
462 4308 632 4377 elementis
651 4309 818 4377 discursus
836 4318 870 4376 et
888 4308 1031 4379 scientie
1048 4308 1239 4409 disputabit.
1311 4310 1317 4321 ‘
