3492 5525
559 414 620 499 486
673 415 800 481 Locren
814 417 1045 491 Maron-Lm.
1064 420 1238 495 1.⁰⁸,l)rsr›.
1257 431 1301 482 2.·
1316 419 1395 482 Can.
1414 425 1485 481 aaut

518 618 607 675 sum,
627 599 659 666 si
670 600 786 683 fallor.
813 598 899 681 er‘rz
923 618 998 684 ergo
1018 618 1104 677 sun,
1132 601 1164 665 ri
1180 602 1300 686 fallor,
1328 603 1477 686 quonrodo
1500 614 1550 666 rne
1572 618 1647 667 esse

518 710 630 787 fallor,
651 709 776 792 quando
793 712 911 773 certum
927 711 988 784 est,
1007 727 1055 775 nre
1068 726 1150 785 esse,
1165 707 1353 795 sifullori(
1377 707 1403 798 ).

585 816 626 909 γ)
658 814 723 891 Qui
755 826 854 903 negat
884 817 953 883 dari
984 817 1233 895 certitudinem,
1265 829 1322 885 aut
1353 816 1427 884 sciri
1454 815 1644 899 quidquam

516 942 634 1010 ·posse;
657 925 708 991 vel
727 924 786 991 scit
805 924 884 1007 quid
899 926 942 993 sit
960 925 1137 1002 certitudo,
1148 933 1191 990 ¹et
1200 925 1287 1007 quid
1305 924 1348 991 sit
1366 926 1467 1000 scire,
1482 925 1533 990 vel
1554 941 1643 988 non.

519 1033 552 1099 Sl
574 1033 692 1104 nescit,
713 1033 885 1115 quomodo
904 1041 1002 1118 negat
1019 1031 1086 1098 dari
1105 1032 1155 1109 id,
1175 1034 1266 1116 quod
1281 1023 1455 1098 nesciti'Si
1473 1032 1548 1107 scit,
1565 1032 1645 1115 jam

514 1140 640 1225 aliquid
659 1140 834 1216 habemus,
854 1140 944 1223 quod
963 1141 1005 1207 sit
1021 1152 1165 1217 certum,
1186 1153 1219 1207 et
1236 1142 1367 1208 sciatur.

586 1249 732 1339 itemque
757 1247 812 1331 qui
842 1247 921 1313 nihil
946 1246 1018 1313 sciri
1047 1267 1145 1332 posse
1170 1248 1231 1325 ait,
1252 1250 1303 1314 vel
1322 1249 1363 1314 de
1385 1247 1541 1313 omnibus
1563 1264 1646 1313 esse

518 1355 754 1432 dubitandum,
785 1374 826 1421 ne
855 1355 887 1421 in
919 1374 1062 1420 errorem
1086 1356 1220 1431 incidat,
1255 1355 1352 1423 debet
1378 1356 1458 1421 scire
1485 1354 1574 1437 quid·
1595 1354 1646 1419 sit

518 1464 668 1539 scientia,
688 1462 767 1546 quid
786 1463 828 1529 sit
846 1461 1001 1536 dubium,
1017 1462 1096 1545 quid
1116 1463 1291 1539 certitudo,
1307 1462 1387 1545 quid
1404 1462 1536 1538 veritas,
1554 1462 1644 1545 quid

519 1572 655 1647 salsitas,
686 1578 718 1635 et
746 1570 777 1635 in
806 1588 874 1653 quo
899 1572 967 1636 haec
989 1569 1263 1661 discriminentur.
1294 1571 1377 1654 Ergo
1399 1570 1480 1637 dum
1501 1569 1580 1635 nihil
1600 1589 1643 1637 se

518 1680 599 1745 scire
617 1658 802 1763 p'rofrtetur,
823 1680 926 1743 multa
945 1697 980 1744 se
995 1678 1076 1743 scire
1094 1679 1238 1744 ostendit
1255 1675 1447 1764 scepticus(
1473 1674 1498 1765 ).

584 1780 621 1872 δ)
639 1784 806 1871 Scepticus
823 1783 868 1850 ait
885 1785 1093 1851 facultatibus
1116 1785 1348 1871 cognoscitivis
1374 1785 1544 1851 fidendum
1573 1787 1644 1850 mi-

518 1896 606 1959 nime
634 1910 719 1961 esse.
747 1892 847 1975 Atqui
875 1892 1019 1976 idipsum
1049 1895 1215 1959 undenam
1246 1893 1325 1969 scit,
1355 1892 1415 1966 nisi
1448 1912 1505 1977 per
1534 1911 1640 1959 usum

517 2002 707 2067 facultatum
727 2000 881 2067 suarum?
904 1998 988 2085 Ergo
1007 2001 1085 2066 dum
1102 2001 1317 2067 diffidendum
1337 2018 1410 2066 esse
1428 2000 1642 2067 facultatibus

517 2110 646 2185 asserit,
668 2108 736 2191 ipse
756 2108 825 2173 Adit
844 2106 973 2173 illarum
994 2107 1195 2175 testimonio.

582 2215 616 2304 ε)
635 2215 804 2299 Scepticus
824 2217 876 2281 vel
895 2216 992 2283 habet
1010 2206 1152 2299 aliquam
1172 2219 1349 2305 rationem,
1374 2219 1407 2283 in
1435 2235 1502 2302 qua
1523 2215 1640 2283 fulciat

515 2343 613 2393 suum
632 2332 793 2411 systema,
815 2325 866 2389 vel
896 2342 974 2388 non.
996 2323 1029 2389 Si
1055 2343 1122 2390 non
1144 2326 1262 2403 habet,
1282 2313 1464 2393 audiendus
1482 2343 1548 2390 non
1567 2336 1639 2391 est.

514 2432 546 2499 Si
566 2451 643 2497 vero
663 2432 778 2507 habet,
793 2432 861 2517 jam
881 2430 933 2495 illa
953 2431 1071 2499 veritas
1087 2434 1295 2514 cognoscitur
1311 2431 1376 2521 (3).

581 2545 682 2607 Prob.
714 2538 766 2605 ι’
788 2537 975 2605 Absurdum
1004 2548 1054 2605 est
1081 2540 1160 2605 illud
1187 2550 1349 2626 systema,
1369 2541 1459 2623 quod
1476 2541 1574 2605 docet
1602 2542 1640 2606 id

514 2646 728 2732 abjiciendum
749 2664 835 2729 esse,
857 2647 948 2729 quod
968 2646 1153 2713 naturaliter
1168 2648 1260 2733 abjici
1281 2648 1406 2732 nequit.
1423 2646 1522 2730 Atqui
1538 2648 1642 2714 certi·

512 2755 594 2822 tudo
614 2754 799 2822 naturaliter
817 2754 909 2841 abjici
929 2773 994 2821 non
1015 2765 1139 2839 potest,
1161 2766 1198 2822 ut
1221 2755 1252 2821 in
1274 2754 1468 2840 praecedenti
1483 2755 1641 2840 proposi-

512 2865 601 2930 tione
620 2870 790 2929 ostensum
807 2871 869 2928 est.
891 2863 1018 2947 Ergo...
1454 2929 1458 2936 ,

579 2976 680 3037 Proh.
702 2968 755 3038 ³.⁰
778 2969 886 3034 llomo
904 2971 1050 3054 appetitu
1077 2970 1213 3038 naturali
1231 2971 1375 3037 veritatis
1392 2973 1638 3056 cognoscendae

512 3087 668 3163 perpetuo
688 3086 833 3162 urgetur.
863 3077 965 3161 Atqui
991 3097 1124 3163 prorsus
1150 3086 1311 3164 repugnat
1331 3078 1481 3164 ineptum
1508 3079 1638 3163 aliquid

547 3276 587 3338 (ι)
624 3271 657 3330 S.
674 3275 812 3345 August,
830 3272 873 3328 De
887 3272 982 3330 Cion.
999 3273 1071 3341 uei,
1088 3273 1137 3330 lib.
1157 3293 1198 3342 rr,
1219 3293 1283 3344 cap,
1300 3274 1344 3332 26.

547 3363 587 3433 (ι)
624 3362 692 3419 Non
706 3363 800 3418 solum
814 3363 865 3433 qui
879 3363 961 3418 dicit:
976 3369 1051 3427 Scio,
1063 3371 1091 3418 et
1103 3383 1203 3420 verum
1217 3363 1304 3431 dicit,
1317 3383 1432 3419 necesse
1440 3371 1498 3430 est,
1512 3372 1545 3418 ut
1559 3367 1638 3436 quid

511 3455 551 3510 sit
565 3453 655 3520 scr're,
671 3452 746 3508 sciat
755 3475 764 3518 ,·
778 3451 828 3508 sed
842 3453 931 3508 etiam
947 3453 998 3524 qui
1010 3453 1095 3508 dicit:
1109 3451 1231 3520 Neecio,
1247 3451 1332 3524 idque
1341 3451 1471 3524 fidenter
1487 3461 1516 3508 et
1528 3473 1637 3510 venam

512 3543 601 3611 dicit,
617 3550 644 3598 et
658 3542 714 3598 scr't
729 3561 826 3598 verum
838 3559 869 3597 se
885 3542 997 3608 dicere,
1011 3541 1068 3597 scit
1082 3542 1180 3612 ntique
1194 3541 1264 3613 quid
1276 3542 1317 3598 sit
1330 3542 1425 3608 scire,
1439 3543 1510 3614 quio
1523 3551 1553 3598 et
1564 3543 1637 3600 dis-

512 3634 605 3690 cernr't
619 3633 760 3689 insciente
774 3633 964 3697 nescientem,
986 3650 1051 3688 cnm
1069 3631 1217 3687 veraciter
1233 3649 1265 3687 se
1276 3632 1394 3688 intuens
1408 3631 1496 3688 dicit.-
1512 3637 1635 3690 Nescio:

511 3723 548 3780 Et
562 3742 625 3779 cunr
641 3723 673 3778 id
686 3741 719 3778 se
731 3721 788 3778 scit
800 3739 901 3778 verrent
915 3720 1025 3788 dicere,
1040 3720 1115 3776 unde
1127 3721 1233 3787 sciret,
1253 3721 1283 3776 si
1301 3721 1370 3792 quid
1382 3720 1426 3777 sit
1438 3721 1516 3778 scire
1534 3724 1635 3778 nesci·
1733 3732 1734 3735 ’

511 3821 571 3870 ret?
586 3808 617 3867 S.
636 3813 775 3884 August„
789 3812 823 3867 de
841 3809 960 3878 Trinir,
976 3807 1026 3866 lib.
1041 3828 1083 3876 10,
1098 3828 1160 3880 cap.
1173 3830 1197 3876 r,
1213 3829 1243 3866 n.
1253 3831 1280 3882 3.
1290 3808 1352 3868 Cir.
1364 3808 1472 3868 Contra
1486 3812 1634 3880 academ,
1665 3854 1676 3876 ,

509 3900 559 3959 lib.
576 3922 603 3972 3,
618 3921 681 3971 cap.
701 3918 747 3971 14,
764 3919 793 3956 n.
811 3919 856 3970 32,
870 3911 902 3954 et
916 3897 965 3956 lib.
981 3919 1009 3967 a,
1023 3917 1089 3970 cap.
1105 3918 1154 3967 ra,
1169 3918 1201 3956 n.
1214 3919 1258 3972 ²7·

562 3989 603 4048 lta
618 3989 704 4048 etiam
720 3988 884 4056 Lucretius,
904 3985 955 4044 lib.
970 4008 997 4060 4:

632 4079 760 4152 Denique
775 4079 820 4136 nil
833 4078 905 4134 sciri
917 4079 947 4134 si
959 4077 1022 4150 qur‘s
1031 4085 1132 4151 putat,
1147 4079 1178 4133 id
1190 4099 1299 4152 quoque
1310 4081 1413 4148 nescit,

630 4173 680 4227 An
694 4170 768 4226 sciri
781 4170 891 4242 possit,
905 4186 969 4224 cum
983 4186 1014 4224 se
1028 4169 1075 4224 nit
1086 4169 1296 4238 sciresarerur.

629 4260 716 4317 Hunc
729 4260 827 4332 igitur
841 4265 944 4314 contro
958 4257 1037 4313 nr'tar
1050 4259 1219 4315 contendere
1229 4277 1358 4327 causant,

630 4349 692 4430 Qui
704 4347 798 4420 capite
812 4349 879 4420 ipse
891 4366 946 4404 suo
961 4347 1071 4404 insistit
1088 4349 1220 4422 vestigia
1233 4358 1318 4408 retro.

628 4439 666 4496 Et
680 4448 776 4495 tamen
790 4437 866 4494 hunc
880 4455 989 4510 quoque
1003 4437 1057 4494 ubi
1069 4437 1222 4495 concedam
1230 4440 1310 4495 scire
1315 4463 1326 4506 ,·
1337 4447 1371 4498 at
1380 4439 1511 4513 idipsum

628 4529 749 4608 Quoero,
764 4545 828 4584 curn
843 4528 878 4581 in
892 4527 978 4582 rebus
990 4547 1091 4584 veram
1104 4527 1151 4584 nil
1161 4526 1272 4585 uiderit
1283 4537 1361 4597 ente,

631 4619 712 4678 Unde
725 4618 815 4683 scint,
832 4617 902 4689 quid
916 4617 994 4673 scire
1007 4625 1036 4673 et
1048 4617 1164 4674 nescire
1175 4617 1321 4675 uicissim.

536 4707 578 4779 (3)
614 4705 691 4764 Vide
700 4703 733 4763 S.
743 4707 885 4778 August„
895 4706 930 4763 de
940 4705 1060 4774 Trinit,
1073 4705 1124 4766 lib.
1137 4723 1215 4779 15,e.
1230 4726 1273 4765 ra.
1283 4705 1378 4767 Clem.
1389 4707 1629 4773 AlaStrornAE.
