3492 5525
578 477 639 562 958
699 477 822 545 Lootca
836 480 1064 553 Maron-Lm.
1082 494 1151 557 μ’,
1168 478 1255 544 Drsr».
1269 492 1314 563 4¹
1328 480 1406 545 en».
1423 496 1499 545 υ·

541 662 651 746 ptibus
664 662 878 739 abstractivis,
891 662 994 729 immo
1003 671 1035 729 et
1045 662 1228 746 analogicis,
1240 663 1381 729 contenti
1393 680 1468 729 esse
1482 662 1652 737 debemrs,

539 778 573 836 et
590 770 631 837 ad
645 770 889 837 assentiendum
912 770 958 838 uti
978 788 1157 855 possumus
1177 770 1301 837 motivo
1316 769 1538 847 auctoritatis,
1562 770 1657 854 potis

538 876 660 943 simum
679 876 706 944 sl
725 878 767 945 sit
785 877 838 943 illa
856 875 1041 944 infallibilis.

603 984 698 1052 Ratio
717 1004 794 1051 vero
816 994 883 1061 est,
904 984 979 1067 quia
998 984 1023 1050 si
1043 984 1131 1050 Deus
1155 980 1460 1059 revelatinlluendo
1486 982 1521 1049 in
1550 984 1654 1068 ipsum

536 1200 645 1265 nando
654 1200 723 1285 jam
734 1200 872 1276 habitas,
889 1198 1012 1269 facilius
1027 1198 1227 1284 intelligitur,
1244 1199 1334 1283 quod
1349 1198 1452 1283 possit
1466 1200 1575 1265 homo
1590 1218 1655 1283 per·

534 1305 656 1390 cipere,
671 1324 746 1391 quae
762 1308 853 1392 prius
867 1325 934 1374 non
951 1306 1113 1393 capiebat,
1135 1324 1234 1390 quam
1253 1306 1343 1391 quod
1358 1307 1445 1373 rudis
1460 1324 1523 1391 per
1539 1308 1654 1373 doctri·

535 1432 611 1480 nam
627 1414 771 1500 magistri
786 1413 904 1482 erudiri
919 1415 1033 1499 possit.
1051 1414 1205 1500 Magister
1218 1412 1305 1479 enim
1323 1432 1381 1479 nec
1394 1412 1533 1480 inlluere
1550 1424 1655 1499 potest

533 1522 565 1587 in
585 1523 697 1588 lumen
716 1523 932 1589 intellectuale
949 1520 1112 1608 discipuli,
1135 1534 1171 1589 ut
1189 1522 1268 1587 illud
1288 1522 1460 1599 confortet,
1481 1532 1653 1607 augeatre.

533 1646 593 1695 nec
620 1630 747 1715 proprie
773 1628 933 1715 imprimit
955 1648 1057 1696 novas
1083 1629 1225 1714 species,
1242 1630 1299 1695 sed
1321 1638 1450 1695 tantum
1472 1631 1653 1695 extrinsece

534 1738 686 1821 proponit
703 1737 829 1823 objecta
847 1756 922 1804 cum
947 1748 1024 1823 apto
1042 1736 1171 1813 ordine,
1198 1746 1234 1803 ut
1257 1738 1309 1802 ille
1333 1737 1499 1803 abstrahat
1518 1736 1653 1822 species,

531 1844 650 1927 quibus
668 1846 842 1931 intelligat;
864 1847 916 1912 vel
932 1845 1029 1911 etiam
1045 1846 1140 1931 juvat
1154 1846 1313 1931 exemplis
1328 1842 1551 1911 sensibilibus.
1569 1844 1653 1910 Deus

531 1961 640 2017 autem
660 1954 767 2018 multo
786 1954 860 2038 plus
874 1951 1001 2019 efficere
1020 1953 1122 2033 valet,
1140 1961 1172 2017 et
1186 1952 1388 2019 infundendo
1408 1970 1513 2020 novas
1527 1954 1653 2037 species

532 2067 565 2124 et
600 2059 757 2126 elevando
794 2068 892 2144 atque
928 2060 1101 2127 intrinsece
1137 2058 1344 2126 immutando
1386 2058 1653 2144 perficiendoque

532 2166 645 2232 lumen
664 2165 880 2256 intellectus(
905 2167 930 2255 ).

366 2300 469 2362 erysimi
577 2271 652 2359 276.
700 2282 780 2360 Jarn
793 2280 956 2360 probatur
970 2281 1179 2350 metandum,
1194 2278 1279 2360 qaod
1290 2282 1395 2357 nempe
1404 2275 1554 2357 mysteriis
1568 2278 1653 2342 nullo

316 2376 595 2493 “jljdffif‘alio
620 2384 710 2448 modo
739 2383 805 2448 nisi
827 2391 886 2466 per
910 2383 1126 2449 revelationem
1148 2382 1290 2467 cognosci
1309 2382 1444 2466 possint.
1474 2382 1653 2467 loquimur

364 2530 477 2575 mm„
532 2490 619 2555 enim
639 2491 679 2555 de
707 2490 768 2556 hac
796 2490 879 2566 vira,
901 2510 976 2558 nam
996 2491 1028 2557 in
1054 2491 1152 2555 altera
1178 2490 1260 2568 vita,
1277 2490 1363 2557 Beati
1382 2489 1527 2557 videndo
1546 2490 1648 2557 Deum

295 2622 300 2631 ·
362 2591 470 2645 W·
532 2598 639 2663 multo
664 2598 837 2681 perfectius
865 2598 1051 2683 intelligunt
1070 2596 1240 2684 mysteria,
1270 2616 1370 2682 quam
1396 2616 1457 2664 nos
1485 2600 1649 2683 possimus

530 2704 582 2772 hic
600 2723 658 2790 per
667 2705 780 2772 sidem.
795 2707 828 2773 ln
843 2707 902 2773 hac
912 2714 1021 2773 autem
1038 2705 1102 2773 vita
1118 2724 1182 2772 non
1198 2714 1247 2772 est
1264 2704 1345 2773 alius
1365 2706 1504 2783 modus,
1526 2706 1602 2791 quia
1624 2708 1647 2773 si

530 2815 681 2900 mysteria
710 2824 865 2900 superant
894 2825 1026 2899 captum
1056 2815 1214 2891 hominis,
1243 2822 1368 2880 certum
1397 2825 1449 2880 est
1481 2816 1645 2881 neminem
1721 2899 1722 2906 ἵ

528 2940 626 3006 posse
651 2922 703 2988 illa
722 2921 900 3008 intelligere
919 2940 977 3004 per
1000 2913 1163 3007 seipsum,
1189 2923 1256 2988 sive
1282 2939 1475 3006 persensus
1501 2924 1574 2988 sive
1592 2941 1646 3006 ope

529 3029 696 3098 ratiocinii.
717 3029 752 3096 Si
780 3038 890 3096 autem
918 3029 1031 3114 nequit
1059 3030 1285 3115 perseipsum
1315 3027 1497 3116 intelligere
1528 3030 1646 3116 indiget

528 3136 716 3222 magisterio
734 3137 881 3214 alterius,
897 3157 916 3202 a
934 3155 1001 3220 quo
1019 3137 1209 3220 edoceatur;
1231 3155 1290 3204 nec
1308 3154 1387 3203 vero
1405 3139 1484 3204 satis
1510 3149 1562 3205 est
1582 3159 1646 3203 ma·

526 3244 695 3329 gislerium
711 3245 842 3311 alterius
856 3244 1016 3321 hominis,
1033 3244 1109 3328 quia
1130 3263 1228 3311 nemo
1241 3254 1291 3311 est
1309 3243 1394 3311 inter
1407 3246 1579 3322 homines,
1593 3247 1645 3330 qui

528 3350 681 3438 mysteria
701 3370 757 3437 per
779 3351 925 3435 seipsum
945 3351 1091 3418 invenire
1119 3352 1278 3437 potuerit,
1306 3353 1470 3437 siquidem
1494 3353 1647 3438 simplici·
1720 3407 1721 3418 ,

525 3470 576 3525 ter
605 3469 639 3526 et
663 3459 812 3526 absolute
839 3468 971 3544 captum
1001 3459 1183 3526 humanum
1212 3461 1461 3530 transcendunt.
1487 3459 1573 3547 Ergo
1601 3481 1647 3526 re·
1720 3445 1721 3448 ¹

525 3567 722 3635 currendum
742 3567 852 3634 estad
871 3566 1095 3654 magisterium
1115 3567 1172 3634 Del
1196 3569 1248 3634 vel
1271 3565 1462 3634 immediate
1486 3587 1505 3633 a
1525 3569 1643 3653 seipso.

525 3678 576 3742 vel
597 3676 712 3742 mediis
731 3675 855 3760 angelis
873 3672 1053 3741 exercitum
1073 3691 1135 3758 ope
1155 3675 1369 3743 revelationis.

591 3785 767 3867 Postquam
787 3791 897 3849 autem
918 3782 1005 3848 Deus
1028 3783 1129 3847 semel
1155 3780 1211 3847 uni
1230 3782 1353 3848 homini
1377 3783 1571 3870 mysterium
1590 3783 1646 3848 ali-

524 3893 614 3976 quod
629 3889 834 3976 revelaverit,
855 3889 1004 3975 potestis
1026 3889 1096 3955 aliis
1115 3907 1248 3974 quoque
1267 3889 1455 3957 hominibus
1473 3891 1553 3958 illud
1570 3911 1645 3975 pro-
1719 3917 1720 3990 r

525 4017 657 4085 ponere.
678 3999 717 4064 Et
742 3996 787 4062 ita
813 3997 935 4062 lactum
964 4004 1030 4073 est,
1052 4005 1089 4062 ut
1117 3994 1305 4082 mysteriaa
1335 4001 1405 4064 lleo
1424 3998 1593 4084 Prophetis
1612 4009 1642 4064 et

524 4106 691 4193 Apostolis
709 4106 865 4182 revelata,
888 4123 944 4189 per
958 4103 1165 4170 traditionem
1181 4103 1222 4169 ab
1241 4104 1310 4171 aliis
1326 4106 1367 4170 ad
1382 4105 1463 4172 alios
1480 4105 1640 4178 homines,

523 4213 565 4282 ab
582 4215 652 4281 aliis
669 4214 711 4279 ad
724 4212 801 4279 alias
820 4213 968 4278 nationes
985 4211 1290 4296 generationesque,
1312 4222 1577 4298 propagarentur.

368 4359 457 4406 0⁶13„
592 4323 755 4390 Celerum
775 4321 819 4386 ob
836 4319 955 4403 triplex
973 4320 1238 4386 emolumentum
1257 4319 1354 4386 docet
1378 4321 1643 4406 Angelicuscon·

340 4431 477 4514 “vdfffiul
523 4429 801 4497 venientissimam
817 4445 888 4494 esse
909 4424 1034 4492 homini
1054 4427 1284 4493 revelationem
1300 4427 1475 4496 veritatum
1489 4443 1642 4514 superna-

368 4501 455 4549 Μ’
522 4537 693 4605 turalium:
721 4533 756 4623 e)
785 4534 827 4609 ad
854 4531 1012 4600 veriorem
1042 4531 1099 4598 Dei
1132 4533 1385 4618 divinorumque
1421 4537 1638 4622 cognitionem

536 1090 647 1157 lumen
667 1092 900 1170 intellectuale,
925 1093 975 1159 vel
999 1091 1207 1158 immittendo
1226 1108 1327 1158 novas
1344 1090 1470 1177 species
1495 1101 1555 1157 aut
1575 1092 1656 1157 ordi·
1710 1090 1723 1495 1

524 4709 802 4726 κ--Π

556 4774 597 4840 (ι)
632 4767 710 4829 Vide
720 4765 755 4829 8.
768 4766 886 4838 Thoar..
901 4783 930 4824 a.
944 4781 971 4824 a.
987 4781 1018 4837 q.
1036 4781 1096 4840 173,
1124 4783 1151 4825 a.
1166 4783 1199 4836 a,
1213 4761 1308 4826 initio.
