3492 5525
555 472 616 557 988
664 476 786 541 Locren
801 476 1029 551 Meron-Lm.
1042 488 1120 553 'a.¹¹·‚
1136 478 1229 541 Drsn.
1246 490 1290 561 4.·
1307 476 1387 541 Car.
1405 490 1475 557 quw

517 660 664 737 babitus,
681 669 714 727 et
733 660 780 728 sic
796 660 918 747 singuli
938 661 1071 746 quidem
1087 660 1138 745 isti
1157 662 1306 746 partiales
1324 660 1454 727 habitus
1472 660 1629 745 simplices

517 769 550 835 ln
568 787 604 835 se
621 776 716 844 sunt,
737 778 769 835 at
788 788 868 835 vero
887 770 1015 837 illorum
1034 770 1230 854 complexus
1258 768 1397 854 simplex
1415 786 1490 835 esse
1508 771 1628 852 nequit.

517 876 612 941 Unde
640 874 747 942 diitert
774 878 845 945 baec
873 877 1021 943 doctrina
1048 877 1272 961 maximopere
1299 876 1550 961 apraecedenti,
1569 897 1630 944 non

516 985 624 1049 solum
652 992 751 1069 prout
778 984 956 1069 explicatur
983 1002 1001 1049 a
1028 984 1150 1065 joanne
1175 1004 1194 1049 a
1221 984 1257 1050 S.
1288 984 1433 1061 thoma,
1454 985 1512 1049 sed
1538 985 1630 1050 etiam
1721 994 1722 1063 j

517 1100 615 1177 prout
633 1092 847 1176 explicatura
870 1092 989 1160 Rublo.
1019 1090 1104 1168 Qtia
1132 1091 1164 1157 in
1193 1090 1353 1159 sententia
1376 1093 1475 1175 hujus
1498 1093 1634 1159 auctoris

517 1200 648 1266 habitus
671 1199 815 1266 scientiae
840 1208 891 1265 est
916 1200 1031 1267 unicus
1056 1209 1089 1265 et
1116 1200 1222 1284 specie
1250 1210 1282 1265 et
1310 1218 1465 1276 numero,
1487 1203 1634 1283 quamvls
1720 1228 1722 1243 ⁴

518 1296 697 1392 integretur
714 1315 748 1372 et
765 1308 923 1373 coalescat
941 1326 983 1375 ex
1001 1306 1148 1392 pluribus
1168 1306 1312 1391 partibus
1323 1309 1543 1385 extensionis,
1558 1310 1635 1375 sicut
1721 1286 1722 1331 ³

517 1414 682 1498 quantitas
699 1436 733 1480 v.
754 1435 788 1500 g.
808 1413 954 1499 cujusvis
972 1414 1116 1499 corporis
1135 1423 1185 1480 est
1205 1414 1338 1481 unicum
1354 1414 1504 1483 accidens
1518 1416 1634 1501 proprii
1721 1416 1722 1421 ’

517 1521 670 1608 subjecti,
691 1522 766 1590 licet
786 1524 894 1607 plures
916 1524 1154 1607 complectatur
1171 1522 1203 1587 in
1229 1540 1264 1589 se
1290 1533 1398 1605 partes
1422 1524 1633 1591 extensionis.

517 1630 561 1698 Α(
581 1649 659 1695 vero
686 1630 868 1696 secundum
898 1631 979 1695 hanc
1005 1632 1137 1696 alteram
1166 1631 1381 1706 sententiam,
1413 1650 1473 1715 pro
1502 1633 1635 1717 singulis

517 1735 780 1803 conclusionibus
804 1738 923 1803 dantur
948 1738 1077 1803 habitus
1096 1745 1128 1803 et
1148 1755 1286 1803 numero
1312 1748 1343 1803 et
1365 1740 1473 1822 specie
1498 1740 1584 1804 inter
1605 1759 1635 1805 se
1721 1806 1722 1809 ,

516 1844 674 1917 distincti.
689 1843 772 1910 sicut
785 1845 1032 1929 distinguuntur
1044 1845 1122 1930 ipsae
1136 1844 1378 1921 conclusiones,
1396 1864 1498 1929 quare
1511 1848 1635 1913 babitus

517 1952 660 2020 scientia·
678 1951 788 2017 totalis
808 1970 874 2017 non
893 1960 944 2018 est
962 1970 1049 2017 unus
1068 1971 1126 2035 per
1143 1971 1196 2027 se,
1213 1954 1270 2019 sed
1290 1970 1377 2018 unus
1395 1955 1572 2021 dumtaxat
1585 1974 1637 2039 per

517 2059 683 2137 accidens,
700 2076 775 2125 cum
796 2059 944 2143 partiales
965 2060 1007 2126 illi
1026 2058 1155 2125 habitus
1173 2058 1375 2147 singularum
1396 2061 1506 2146 specie
1525 2062 1637 2129 distin-

517 2176 641 2233 ctarum
665 2166 985 2233 demonstrationum
1012 2166 1328 2252 conclusionumque
1352 2186 1417 2233 non
1441 2181 1638 2236 connectam

518 2282 572 2340 tur
589 2276 673 2341 inter
691 2293 727 2340 se
746 2274 898 2361 physice,
920 2275 977 2340 sed
997 2277 1100 2341 solam
1121 2275 1261 2341 habeant
1280 2276 1438 2342 unitatem
1465 2276 1591 2343 ordinis
1608 2288 1637 2341 et

518 2381 794 2449 subordinationis
813 2381 937 2448 ratione
963 2383 1059 2448 unius
1083 2382 1192 2448 totalis
1215 2382 1334 2467 objecti
1363 2384 1528 2460 formalis,
1550 2386 1636 2469 qnod

518 2508 636 2556 omnes
655 2491 841 2575 respiciunt.
1001 2468 1009 2483 ’
1381 2564 1390 2579 ἡ

304 2620 505 2668 petronacem:
585 2598 674 2663 llanc
692 2598 879 2682 opinionem
897 2606 1077 2680 sequuntur
1097 2616 1162 2663 non
1182 2597 1273 2681 pauci
1290 2617 1348 2663 nec
1368 2598 1534 2684 ignobiles
1553 2600 1636 2665 Tho·

341 2696 464 2743 ’ΜΨ
520 2707 642 2784 mistae,
664 2716 699 2773 ut
723 2704 854 2772 Socinas
873 2702 938 2794 (ι),
960 2714 993 2770 et
1018 2702 1186 2770 Comedus
1204 2702 1267 2793 (2),
1295 2707 1469 2791 caeterique
1491 2708 1633 2773 habitum

518 2815 767 2880 intellectualem
787 2813 820 2879 in
839 2814 1009 2898 speciebus
1033 2812 1285 2897 intelligibilibus
1310 2823 1520 2897 reponentes
1544 2816 1634 2881 item
1720 2875 1721 2884 .

518 2941 583 3006 que
604 2921 794 2987 Nominales
819 2929 853 2987 et
879 2920 1028 2986 Scotistae
1057 2919 1276 2986 communiter
1305 2918 1368 3010 (3);
1400 2929 1500 2988 etex
1530 2933 1633 2989 nostra

519 3029 679 3095 Societate
696 3028 732 3093 P.
764 3028 884 3094 Suarez
914 3025 978 3115 (4),
999 3028 1141 3094 Fonseca
1160 3023 1384 3114 (5l‚'Toletus
1403 3025 1471 3116 (6),
1506 3029 1635 3096 Conim-

518 3137 682 3204 bricenses
699 3132 764 3223 (7),
785 3135 905 3202 Melina
923 3133 988 3222 (8),
1010 3133 1171 3218 Georgius
1190 3133 1321 3202 Rhodes
1339 3133 1403 3223 (9),
1426 3138 1544 3204 Petrus
1559 3137 1635 3203 llur·

454 3305 458 3311 .
517 3245 594 3310 tado
630 3241 716 3330 (ιο),
756 3242 942 3308 Franciscus
976 3241 1095 3307 Soarez
1133 3242 1291 3308 lusitanus
1327 3241 1413 3332 (ιι),
1454 3244 1635 3310 ludovicus

519 3348 760 3440 Lossada(12),
778 3351 913 3419 Amicus
931 3347 1018 3438 (13),
1040 3347 1278 3436 Arriaga(14),
1298 3350 1429 3435 aliique.

554 3609 594 3670 (1)
632 3603 773 3677 Metnffln,
789 3600 878 3670 lib.6¹
892 3620 921 3671 q.
937 3621 965 3673 9.

552 3694 595 3766 (2)
630 3693 664 3751 ln
681 3713 704 3750 ι.
720 3712 747 3761 2,
763 3711 792 3762 q.
809 3709 853 3763 54,
868 3711 895 3746 a.
910 3709 937 3762 4,
953 3689 1031 3760 apud
1047 3687 1281 3762 Complutenees‚
1298 3689 1351 3747 loc.
1367 3690 1431 3761 cit,
1449 3713 1480 3750 n.
1497 3713 1546 3764 4ι.

553 3785 597 3859 (2)
632 3781 718 3854 Apud
737 3779 904 3848 Mestrium,
918 3778 993 3850 disp.
1011 3800 1052 3848 ι2,
1066 3799 1097 3852 q.
1111 3799 1136 3845 2,
1153 3801 1180 3836 a.
1197 3797 1224 3847 2,
1244 3799 1273 3836 n.
1288 3780 1334 3852 67.

554 3875 596 3945 (4)
632 3872 715 3943 Diep.
738 3871 870 3944 Metaplr.
885 3889 930 3942 44,
947 3880 1015 3928 eect.
1036 3890 1076 3936 ιι,
1093 3889 1122 3928 ιι.
1142 3889 1173 3926 ι2
1189 3887 1271 3942 seqq.

553 3963 595 4031 (ς)
632 3961 698 4019 Lib.
713 3960 756 4018 6.⁰
771 3960 910 4032 Metaplr„
924 3979 948 4015 c.
968 3978 992 4020 ι,
1006 3978 1033 4028 q.
1051 3979 1076 4015 2.

555 4053 596 4121 (6)
632 4052 720 4126 Lnga,
736 4051 781 4108 De
791 4048 955 4105 Dialectica
970 4050 1002 4103 in
1013 4049 1164 4116 communi,
1179 4068 1208 4120 q.
1225 4070 1250 4122 3.

554 4147 594 4214 (7)
632 4140 768 4207 Dialeon,
784 4138 833 4195 lib.
856 4145 892 4193 r.⁰
906 4137 1033 4205 Poster.¹
1049 4159 1074 4194 c.
1087 4158 1131 4208 23,
1149 4151 1252 4210 quaest.
1270 4138 1346 4196 unic.
1360 4160 1387 4198 a.
1400 4159 1429 4197 2.

555 4231 597 4301 (8)
633 4229 666 4286 ln
685 4249 708 4286 1.
724 4247 753 4300 p.
769 4247 800 4298 q.
819 4225 1053 4297 r‚e.3‚disp.3.

556 4325 597 4392 (9)
634 4319 749 4376 Peiros.
764 4318 872 4391 pomp,
888 4315 937 4372 lib.
954 4333 981 4384 2,
996 4314 1071 4386 disp.
1092 4315 1133 4386 18,
1146 4337 1176 4388 q.
1189 4337 1219 4390 4,
1237 4330 1308 4376 sect.
1326 4339 1356 4389 3,
1373 4339 1494 4394 paragr.
1513 4345 1540 4396 3.

556 4414 615 4475 (ιο)
645 4407 696 4488 ‚De
707 4407 821 4473 Arnim,
835 4405 912 4477 disp.
931 4404 972 4474 ι6,
984 4418 1052 4463 sect.
1068 4425 1096 4475 4.

557 4503 615 4564 (ιι)
651 4497 695 4554 De
708 4496 820 4564 Anien„
835 4506 919 4553 tract.
941 4516 968 4566 7,
984 4493 1060 4566 disp.
1077 4514 1103 4563 2,
1118 4507 1188 4552 sect.
1203 4494 1231 4566 6,
1245 4516 1361 4570 paragr.
1378 4517 1405 4556 2.

557 4590 615 4653 (ι2)
651 4586 767 4662 Logia,
779 4598 861 4643 treet.
881 4604 891 4639 1
908 4590 1037 4655 prorem„
1051 4582 1126 4655 disp.
1146 4604 1169 4650 ι,
1185 4605 1245 4656 cap.
1265 4603 1290 4656 5.

558 4681 616 4749 (ις)
651 4676 769 4749 Logia,
785 4685 871 4732 treet.
886 4693 928 4746 ²7·
945 4671 1022 4743 disp.
1037 4691 1065 4744 4,
1082 4693 1110 4745 q.
1132 4693 1155 4742 ι,
1171 4673 1241 4732 dub.
1258 4695 1283 4746 3.
1368 4683 1377 4698 ⁰

558 4771 617 4838 (ι4)
652 4765 770 4842 Logia,
786 4763 862 4836 disp.
881 4785 909 4833 ι,
924 4774 994 4821 eect.
1009 4781 1036 4821 2.
