3492 5525
330 466 445 531 Anne.
471 481 529 547 3³¹·
551 464 758 531 Socvunrua
779 484 1043 535 uranicutmass
1142 467 1210 550 vb77

105 650 350 735 ‚cognitionem
375 650 460 717 liunt
484 669 549 719 una
571 650 722 734 quaedam
748 659 879 727 natura,
904 662 937 719 et
963 654 1032 719 naec
1053 658 1106 717 est
1133 660 1250 717 natura

120 757 336 837 universalis,
352 765 389 825 ut
405 748 509 825 lusiu's
522 756 749 825 declarabitur.
766 757 841 825 ldeo
854 759 1019 842 ejusmodi
1032 766 1160 836 natura,
1176 778 1251 843 quae

119 883 194 931 una
211 866 394 951 eademque
417 874 468 933 est
491 866 599 933 solum
624 864 657 930 in
681 866 860 943 intellectu,
881 874 915 934 et
934 866 1106 951 multiplex
1124 885 1144 931 a
1161 874 1251 951 parte

121 972 191 1049 rei,
212 981 321 1057 potest
339 973 422 1039 bene
441 972 600 1058 oppositis
618 972 840 1040 accidentibus
858 972 959 1051 affici,
980 983 1079 1059 prout
1097 974 1129 1041 in
1146 972 1253 1042 diver·

120 1078 173 1147 sis
191 1080 343 1167 subjectis
363 1080 519 1165 reperitur
533 1077 598 1168 (r).

173 1194 249 1270 Obj.
271 1188 323 1273 7.⁰
371 1190 544 1275 Repugnat
559 1188 680 1272 aliquid
694 1206 766 1255 esse
782 1190 887 1255 unum
902 1188 1002 1257 simul
1022 1194 1097 1255 ac'tu
1118 1198 1152 1255 et
1167 1190 1253 1255 mul·

121 1303 178 1369 ta,
198 1304 285 1361 esset
303 1295 390 1362 enim
410 1295 508 1362 simul
529 1313 635 1362 unum
655 1303 687 1361 et
706 1314 772 1361 non
794 1314 912 1365 unum.
933 1294 1035 1379 Atqui
1054 1296 1249 1373 universale,

122 1422 170 1469 ex
190 1404 337 1488 praejacta
366 1404 515 1479 notione,
546 1412 596 1469 est
626 1421 731 1470 unum
757 1411 829 1470 actu
860 1412 894 1470 et
923 1414 997 1471 actu
1027 1404 1143 1490 multa.
1167 1404 1251 1471 llam
1292 1492 1297 1499 .

124 1512 161 1577 id
179 1511 268 1593 quod
287 1518 360 1577 actu
385 1509 602 1577 identificatur
621 1528 698 1577 cum
719 1510 848 1587 multis,
869 1521 922 1577 est
946 1520 1019 1577 actu
1047 1513 1165 1577 multa.
1186 1509 1252 1576 Sed

125 1618 209 1686 illud
231 1618 321 1701 quod
340 1626 449 1703 potest
472 1628 546 1685 actu
567 1617 731 1703 praedicari
750 1618 791 1684 de
807 1618 936 1696 multis,
958 1626 1031 1683 actu
1053 1617 1253 1683 indentistca·

125 1726 276 1794 turcum
297 1726 476 1813 illislirgo,
489 1726 578 1809 quod
597 1733 705 1810 potest
725 1726 889 1809 praedicari
910 1724 951 1791 de
970 1725 1096 1801 multis,
1109 1734 1159 1791 est
1177 1736 1251 1793 actu

127 1834 249 1899 multa:
267 1852 303 1899 ac
317 1830 450 1917 proinde
465 1833 647 1899 universale
662 1842 713 1899 est
726 1850 830 1899 unum
846 1840 921 1899 actu
934 1840 968 1898 et
981 1843 1056 1899 actu
1068 1833 1172 1925 multa
1186 1828 1249 1920 (2).

197 1948 301 2025 Resp.
323 1941 406 2007 Dr'st.
438 1943 551 2026 Major.
584 1940 759 2025 Repugnat
781 1940 903 2024 aliquid
931 1958 1003 2007 esse
1032 1958 1135 2006 unum
1154 1940 1252 2005 simul

125 2034 222 2126 actu',
235 2057 268 2114 et
286 2057 360 2115 actu
381 2050 501 2126 multa,
516 2048 700 2114 secundum
721 2048 935 2125 idem,conc.,
947 2048 1128 2115 secundum
1148 2047 1253 2114 diver*

125 2174 179 2232 sa,
205 2174 275 2239 neg.

198 2262 405 2339 Contradist„
417 2262 468 2327 vel
484 2262 582 2328 etiam
597 2280 675 2347 nego
693 2262 882 2345 simpliciter
899 2260 1017 2327 Minor.
1032 2261 1069 2328 Et
1084 2280 1161 2345 nego
1175 2279 1254 2327 con-

126 2389 203 2454 seq.
223 2371 306 2437 Nam
326 2370 525 2447 universale,
547 2379 584 2437 ut
603 2372 671 2455 jam
691 2369 918 2463 declarabitur,
944 2378 995 2435 est
1019 2386 1124 2436 unum
1150 2370 1182 2435 in
1205 2369 1255 2436 in-

125 2478 279 2552 tellectu,
312 2485 345 2542 et
372 2478 475 2542 multa
502 2466 685 2544 secundum
715 2496 801 2559 rem;
823 2496 936 2560 quare,
965 2495 1043 2543 curn
1072 2476 1254 2543 universale

127 2584 307 2651 formaliter
327 2602 393 2650 non
412 2582 455 2649 sit
473 2583 533 2649 nisi
549 2584 581 2649 in
601 2583 783 2663 intellectu,
805 2592 879 2650 actu
894 2592 944 2651 est
960 2602 1082 2661 unum,
1102 2592 1135 2649 et
1152 2585 1255 2650 multa

126 2694 164 2760 in
184 2690 340 2777 potentia.

176 2806 252 2883 obj.
282 2807 333 2866 8.⁰
379 2800 552 2885 Repugnat
579 2808 688 2867 totum
708 2797 811 2883 quod,
831 2799 874 2865 sit
893 2798 1053 2866 divisibile
1085 2799 1117 2865 in
1146 2799 1251 2883 plura,

127 2926 206 2991 quae
225 2906 291 2973 sint
318 2906 489 2990 adaequate
507 2906 594 2972 idem
624 2898 799 2981 cumillis,
827 2925 922 2973 secus
948 2907 1037 2973 enim
1061 2915 1167 2973 totum
1188 2925 1254 2973 non

129 3017 214 3080 foret
234 3015 339 3098 majus
358 3031 417 3078 sua
436 3022 539 3098 parte.
567 3013 668 3098 Atqui
695 3014 875 3080 universale
893 3023 944 3079 est
966 3023 1076 3080 totum
1096 3013 1254 3079 divisibile

128 3123 165 3188 in
185 3122 293 3207 plures
308 3130 431 3205 partes,
449 3140 523 3204 quae
538 3120 604 3186 sint
618 3120 786 3204 adaequate
801 3121 889 3186 idem
903 3139 980 3186 cum
998 3129 1087 3188 toto:
1104 3130 1155 3187 est
1166 3120 1254 3186 enim

130 3247 238 3296 unum
258 3236 371 3312 aptum
392 3228 499 3296 inesse
518 3227 631 3294 multis
649 3227 831 3294 secundum
851 3235 955 3293 totam
974 3245 1067 3294 suam
1094 3228 1257 3315 significa·

130 3337 268 3404 tionem.
286 3336 411 3420 Ergo...
433 3333 496 3423 (3).

200 3451 304 3528 Resp.
324 3443 400 3509 dist.
429 3443 545 3528 Major.
571 3443 745 3527 Repugnat
763 3449 890 3515 totum,
916 3443 1006 3524 quod
1029 3441 1071 3508 sit
1096 3441 1255 3509 divisibile
1293 3527 1297 3537 1

131 3553 167 3618 in
187 3552 278 3636 plura
292 3550 458 3626 inferiora,
480 3569 554 3634 quae
573 3549 639 3616 sint
655 3548 824 3632 adaequate
843 3547 931 3614 idem
947 3566 1024 3614 cum
1049 3549 1120 3625 illo,
1140 3568 1257 3615 secun·

132 3661 214 3725 dum
234 3658 324 3742 quod
339 3658 417 3724 illud
436 3665 487 3723 est
505 3667 614 3723 totum
631 3665 777 3741 respectu
795 3655 940 3731 illarum,
959 3677 1061 3734 conc„
1075 3657 1165 3724 aliter
1182 3675 1253 3741 neg.

202 3765 239 3830 Et
257 3765 439 3830 contraditi.
457 3763 592 3840 Minor..
609 3783 681 3848 neg.
697 3781 832 3847 conseq.

203 3871 390 3938 Universale
410 3879 518 3955 potest
536 3870 730 3937 considerari
758 3878 791 3935 et
818 3869 1003 3936 secundum
1019 3888 1114 3934 suam
1138 3879 1257 3936 exten·

134 3981 262 4048 sionem
278 3986 311 4044 et
325 3979 507 4046 secundum
521 3997 614 4044 suarn
630 3977 847 4043 actualitatem
864 3977 916 4042 vel
930 3977 1256 4060 comprehensionem

136 4097 306 4169 notarum3
328 4096 378 4154 est
396 4096 506 4152 autem
526 4095 634 4154 totum
651 4085 825 4170 potentiale
840 4085 903 4150 sub
918 4083 1024 4168 primo
1040 4095 1203 4167 respectu,
1224 4092 1257 4148 et

134 4197 182 4262 sic
213 4212 279 4259 non
313 4194 481 4277 adaquate
518 4192 734 4261 identificatur
768 4210 844 4258 cum
873 4190 1011 4274 singulis
1040 4189 1255 4270 inferioribus,

9 4361 11 4366 .
135 4309 253 4386 utpote
272 4319 359 4384 quae,
376 4300 564 4386 singillatim
585 4311 726 4384 accepta,
742 4318 806 4365 non
820 4298 1014 4364 exhauriunt
1033 4299 1256 4367 extensionem

172 4485 213 4547 (v)
252 4477 327 4536 Vide
341 4476 438 4536 dehis
455 4476 620 4546 Conimbr„
638 4497 666 4549 q.
685 4497 709 4546 ι,
726 4497 753 4534 e.
769 4496 797 4546 a,
817 4474 949 4548 aliosque
961 4489 1024 4534 tum
1039 4474 1179 4547 antiquos
1193 4488 1257 4536 tum

135 4566 320 4628 recentiores.

173 4663 213 4725 (ε)
250 4657 337 4730 Apud
352 4651 483 4728 Rhodes,
499 4657 613 4717 Ptine.
626 4657 734 4732 persp..
749 4654 799 4716 lib.
815 4675 843 4730 4,
858 4654 940 4728 disp.
956 4676 982 4726 3,
998 4675 1027 4728 q.
1045 4676 1072 4726 3,
1087 4668 1156 4716 sect.
1171 4673 1199 4713 a.

174 4752 214 4818 (3)
251 4746 338 4820 Apud
354 4747 480 4814 Rhodes,
497 4746 568 4806 ibid.
