3492 5525
563 481 623 568 436
676 483 803 547 Lomcr
817 481 1052 556 Maron-Lm.
1070 495 1139 558 rau,
1155 480 1249 546 Drsn
1264 495 1305 546 1.·
1320 481 1401 545 Car.
1418 498 1489 546 aum

525 684 590 733 non
611 666 652 735 sit
670 668 909 752 compositum:
925 685 1025 750 quare
1039 685 1103 732 nan
1120 667 1268 750 attingere
1281 669 1380 732 mente
1393 666 1462 750 ipsa
1473 666 1642 748 simplicia,

523 779 569 839 est
585 789 622 840 ea
635 775 759 858 penitus
781 775 925 859 ignorare
942 771 1007 862 (r).
1028 775 1137 857 ltaque
1155 773 1430 858 apprehensiones
1454 773 1644 859 hujusmodi

421 873 423 879 ’
525 901 590 948 non
609 891 688 948 sunt
705 901 838 968 mpaces
865 882 1014 948 falsitatis
1037 882 1183 948 secundo
1203 882 1273 947 loco
1301 889 1513 958 enumeratae,
1540 900 1641 964 quam
1734 944 1735 965 ζ

523 989 959 1076 subeunt'apprehensiones
973 990 1134 1054 rationum
1154 990 1414 1074 complexarum;
1435 989 1494 1054 sed
1512 996 1642 1056 tanturn

525 1098 613 1162 talsae
634 1115 705 1162 esse
724 1106 863 1181 possunt
882 1116 938 1182 per
957 1097 1105 1162 accidens
1124 1096 1232 1180 primo
1246 1097 1360 1173 modo,
1378 1115 1497 1179 nempe
1512 1095 1645 1161 relative

525 1224 560 1269 ac
581 1222 639 1288 per
656 1204 802 1269 ordinem
823 1205 863 1270 ad
878 1204 1018 1287 aliquid,
1039 1206 1133 1290 cujus
1153 1222 1219 1269 non
1238 1215 1289 1272 est
1308 1205 1380 1270 talis
1394 1204 1475 1269 ratio
1488 1204 1642 1287 simplex,

525 1312 807 1396 quemadmodum
834 1312 954 1378 diserte
981 1319 1071 1377 notat
1100 1309 1276 1396 Angelicus
1303 1309 1368 1398 (2).
1401 1311 1439 1377 Et
1458 1313 1520 1377 hoc
1544 1313 1645 1376 modo

525 1419 623 1484 etiam
643 1437 775 1496 sensus,
800 1428 980 1501 utcumque
1003 1407 1247 1503 apprehendant
1260 1418 1518 1502 simplicissimas
1529 1436 1647 1501 corpo

526 1545 598 1592 rum
622 1527 805 1610 qualitates
830 1526 995 1592 interdum
1023 1524 1176 1592 dicuntur
1203 1526 1267 1591 falli
1298 1544 1355 1610 per
1376 1525 1539 1600 accidens,
1568 1527 1645 1609 quia

527 1652 645 1718 nempe
676 1634 758 1711 illas,
790 1633 1092 1719 repraesentationes
1124 1651 1191 1698 non
1230 1635 1371 1701 referunt
1396 1634 1437 1700 ad
1476 1634 1645 1718 proprium

526 1741 725 1827 subjectum.

594 1847 779 1914 Doctrinam
808 1849 892 1913 hanc
911 1850 1009 1931 paulo
1033 1846 1124 1912 aliter
1144 1857 1315 1932 exponunt
1335 1848 1546 1926 recentiores,
1566 1865 1645 1913 cum

356 1951 380 1981 ⁶²
407 1951 427 1980 ¹⁰
454 1949 484 1980 '¹²'
526 1953 671 2022 scribunt
693 1954 857 2038 tripliciter
887 1973 983 2038 posse
1010 1954 1190 2038 simplicem
1217 1957 1508 2039 apprehensionem
1531 1956 1645 2020 salsam

526 2081 616 2128 esse:
639 2059 678 2148 a)
696 2063 825 2128 relative
842 2081 901 2128 seu
914 2061 1141 2144 comparative:
1163 2060 1203 2149 β)
1216 2063 1458 2129 accasmnalitcr
1473 2064 1525 2127 vel
1542 2062 1649 2144 dispo

525 2169 632 2235 sitive:
650 2166 691 2262 γ)
709 2169 974 2252 prasuppasitiae.
1000 2169 1140 2236 Relatr’ve
1160 2187 1219 2236 seu
1242 2169 1464 2252 comparative,
1489 2169 1646 2235 nimirum

526 2288 675 2362 respectu
691 2276 807 2362 objecti
826 2295 893 2343 non
909 2275 976 2342 sui:
998 2276 1045 2342 sic
1067 2289 1244 2360 conceptus
1263 2277 1385 2343 animal
1396 2278 1568 2353 rationale,
1588 2279 1646 2361 qui

527 2384 718 2450 verissimus
738 2391 787 2449 est
802 2384 834 2449 in
854 2402 907 2462 se,
928 2397 1015 2450 esset
1030 2384 1108 2448 ialsa
1126 2385 1342 2468 apprehensio
1354 2384 1442 2449 asini
1453 2385 1503 2450 vel
1514 2387 1649 2468 planta,·

527 2491 598 2557 idea
617 2493 737 2568 etiam,
757 2509 857 2575 quam
879 2490 974 2557 multi
989 2492 1165 2556 enormant
1184 2491 1353 2558 audientes
1371 2510 1486 2558 vocem
1507 2493 1647 2570 tiberias,

526 2607 577 2664 est
603 2599 674 2665 idea
702 2617 777 2665 vera
808 2599 943 2665 lieentiae
965 2606 998 2664 et
1021 2600 1099 2664 talsa
1122 2597 1293 2681 libertatis3
1323 2607 1356 2664 et
1374 2599 1531 2684 prodigus
1550 2600 1648 2666 habet

528 2725 614 2792 saepe
628 2706 734 2773 ideam
754 2688 997 2793 generositatis,
1013 2725 1088 2790 quae
1103 2724 1169 2773 non
1189 2708 1285 2772 refert
1301 2706 1568 2793 generositatem,
1589 2708 1648 2774 sed

527 2814 801 2899 prodigalitatem.

595 2920 843 2989 Occasianaiiter
851 2931 961 2989 autem
973 2931 1021 2988 est
1031 2924 1110 2988 laisa
1125 2924 1265 3006 simplex
1274 2924 1502 3007 apprehensio,
1513 2924 1648 3005 quando

527 3029 651 3113 praebet
668 3028 893 3107 occasionem,
919 3039 955 3095 ut
977 3029 1096 3096 eaonde
1117 3032 1234 3096 salsum
1254 3030 1415 3115 iudicium
1441 3032 1646 3107 efformetur,

527 3137 758 3222 conjungendo
776 3138 859 3204 duas
878 3137 1037 3213 rationes,
1057 3155 1131 3220 quae
1154 3158 1173 3203 a
1196 3146 1286 3222 parte
1310 3137 1354 3203 rei
1382 3157 1447 3203 non
1467 3146 1545 3204 sunt
1568 3158 1649 3204 con·

524 3244 660 3329 junctae.
682 3244 751 3309 Hoc
769 3246 869 3311 modo
889 3245 1006 3329 aliquis
1029 3246 1126 3312 simul
1146 3245 1393 3330 apprehendens
1410 3246 1535 3311 animal
1548 3248 1649 3312 ratio-

527 3353 600 3417 nale
618 3364 650 3418 et
668 3355 860 3437 quadrupes,
886 3353 994 3420 induci
1018 3363 1129 3438 posset
1152 3354 1192 3418 ad
1214 3353 1274 3419 has
1297 3353 1439 3420 rationes
1459 3355 1540 3420 salso
1557 3373 1649 3419 oom-

529 3462 716 3543 ponendas;
741 3472 774 3529 et
797 3460 912 3527 videns
936 3480 1064 3526 remum
1088 3462 1121 3526 in
1140 3480 1225 3545 aqua
1243 3480 1408 3539 mersum,
1426 3460 1590 3528 inducitur
1607 3463 1647 3527 ad

524 3566 738 3652 judicandum
758 3570 896 3634 tractum
916 3570 1007 3634 illum
1026 3586 1111 3636 esse.

593 3673 703 3741 Tertio
717 3675 858 3759 denique
863 3676 1119 3760 proenappasitioe
1131 3676 1210 3743 falsa
1222 3695 1295 3743 esse
1310 3685 1418 3761 potest
1430 3677 1649 3763 apprehensio

528 3782 669 3866 simplex
682 3782 805 3849 ratione
821 3783 889 3851 taisi
902 3784 1169 3871 alicujusjudicii,
1184 3787 1274 3869 quod
1286 3785 1521 3869 praesupponit:
1531 3804 1650 3869 quem·

528 3889 709 3956 admodum
736 3891 793 3973 qui
814 3894 896 3959 salso
921 3892 1078 3977 judicavit
1098 3892 1204 3958 Deum
1225 3910 1420 3976 corporeum
1444 3910 1530 3970 esse,
1555 3894 1648 3959 illum

528 3996 588 4063 sibi
605 3999 704 4064 talem
726 4008 937 4084 representat
955 4001 1051 4065 etiam
1068 4016 1125 4083 per
1140 3998 1324 4083 simplicem
1339 4000 1647 4084 apprehensionem,

527 4122 602 4189 quae
621 4106 755 4189 proinde
774 4108 854 4174 laisa
881 4107 944 4174 dici
969 4115 1094 4192 potest,
1120 4106 1244 4174 ratione
1268 4106 1389 4174 scilieet
1412 4106 1499 4175 illius
1521 4108 1648 4194 judicii,

528 4211 618 4295 quod
637 4211 814 4298 praecessit.

563 4483 604 4545 (r)
641 4478 674 4537 S.
699 4480 803 4538 Thom.
834 4479 899 4538 Lib.
923 4488 965 4553 9?
992 4482 1159 4558 Metaphys.
1186 4482 1251 4543 leet.
1275 4503 1321 4555 rr,
1349 4500 1504 4555 peragam
1520 4480 1586 4545 ch.
1615 4492 1653 4545 r.‘

527 4564 656 4627 distinct.
677 4586 719 4641 19,
734 4582 838 4640 quaeat.
858 4587 883 4643 ς,
899 4584 955 4630 art.
970 4591 995 4637 r,
1010 4568 1048 4629 ad
1071 4580 1132 4645 7.¹·

563 4660 604 4723 (a)
640 4654 706 4717 Lib.
721 4678 750 4731 9,
767 4656 898 4734 Metapa.
918 4658 972 4719 loe.
992 4658 1041 4719 cit.
