3492 5525
193 128 230 194 Et
250 128 377 194 videtur
396 126 575 212 Angelicus
594 128 713 193 Doctor
727 128 816 192 haud
831 127 969 193 obscure
988 126 1133 200 innuisse
1148 126 1246 212 hujus

124 234 359 320 propositionis
382 236 550 305 veritatem
575 234 607 301 in
630 234 692 300 illis
714 234 837 300 verbis:
858 235 979 300 Inest...
1008 232 1177 319 unicuique
1196 234 1248 298 ho-
1290 299 1294 309 ,

126 343 208 407 mirri
228 344 384 426 quoddam
408 326 601 425 principium
620 342 772 417 scientia,
800 341 922 407 scilicet
946 343 1050 406 lumen
1076 342 1247 407 intellectus

126 450 264 533 agentis,
287 457 347 532 per
362 453 447 533 quod
462 436 692 533 cognoscuntur
714 449 818 514 statim
839 468 859 513 a
881 448 1036 531 principio
1059 448 1249 515 naturaliter

127 560 271 641 quadam
288 557 481 622 universalia
493 557 654 639 principia
671 557 810 622 omnivm
826 556 1042 649 serendarum.
1057 558 1137 622 Cum
1150 561 1253 622 aulem

128 665 245 749 aliquis
264 665 443 753 hujusmodi
459 665 653 730 universalia
667 663 826 745 principia
844 650 984 745 applicat
998 650 1043 729 ad
1059 663 1166 748 aliqua
1178 670 1256 746 par·

130 771 296 848 tr'calarr'a,
315 790 447 855 quoram
464 772 693 856 memoriamqet
704 771 951 853 experimentum
963 778 1023 853 per
1036 790 1161 837 sensum
1173 771 1257 837 acci-

127 880 191 963 pil,
208 887 266 961 per
283 880 494 945 inventionem
514 878 676 961 propriam
700 876 843 962 adquirit
863 878 1025 945 scientiam
1044 898 1168 958 eorum,
1187 897 1257 962 qua

129 987 300 1063 ruscielral,
331 1007 371 1051 ex
395 987 478 1051 nolis
506 990 551 1051 ad
578 987 686 1069 ignota
714 988 883 1067 procedens
914 984 978 1073 (i).
1012 985 1058 1051 En
1087 988 1257 1070 quomodo

131 1093 166 1160 S.
187 1094 331 1161 Thomas
349 1096 390 1158 ad
400 1078 657 1177 'comparandam
674 1092 842 1159 scientiam
862 1113 903 1161 ex
923 1094 1051 1178 propria
1070 1093 1258 1159 inventione

132 1201 211 1266 nihil
231 1201 319 1269 aliud
334 1200 466 1284 requirit
485 1210 600 1284 praeter
620 1201 764 1267 naturale
782 1202 895 1267 lumen
914 1199 1097 1269 intellectus
1111 1202 1255 1285 agentis

133 1308 277 1401 facientis
294 1326 492 1393 cognoscere
511 1306 682 1392 principia,
703 1317 736 1372 et
756 1308 949 1403 memoriam
970 1318 1026 1375 aut
1038 1326 1169 1384 sensus,
1186 1328 1262 1392 pro-

133 1425 294 1500 ponentes
315 1416 483 1481 materiam
505 1414 751 1498 particularem,
772 1415 932 1499 adquam
960 1416 1117 1509 applicata
1143 1416 1260 1499 princi-

134 1524 188 1607 pia
205 1522 257 1587 illa
276 1522 446 1589 scientiam
460 1522 615 1607 gignunt.

181 1702 258 1771 320.
306 1683 500 1749 Piloroslrto
528 1702 575 1749 2.·
621 1688 747 1767 Logica
774 1660 912 1750 videtur
939 1690 1062 1751 saltem
1087 1690 1263 1751 moraliter

134 1796 332 1858 necessaria
355 1797 398 1857 ad
425 1806 573 1857 caeteras
599 1796 761 1858 scientias
790 1796 826 1857 in
852 1804 945 1858 statu
973 1777 1129 1887 perfecto
1148 1797 1264 1875 acqui*

135 1903 274 1966 tendas.

205 2062 250 2125 lta
269 2060 435 2146 Sylvester
454 2058 557 2124 Mauri
575 2057 640 2146 (2),
662 2060 826 2127 Antonius
844 2062 938 2147 Mayr
957 2058 1022 2148 (3),
1044 2060 1177 2154 Pontius
1195 2056 1260 2148 (4),
1341 2080 1420 2137 aare

137 2169 267 2251 aliique;
280 2179 312 2232 et
322 2166 409 2231 idern
424 2166 521 2232 etiam
537 2167 715 2232 admittunt
729 2178 877 2233 auctores
893 2170 1005 2252 primae
1021 2187 1057 2233 ac
1072 2168 1174 2236 tertiae
1189 2187 1265 2234 sen·
1278 2154 1480 2271 Ξζζξιξῗὲζξζζ

137 2274 391 2357 ῖεηῑίε;ἰῐηιηο
415 2274 510 2339 etiam
542 2274 640 2357 aliqui
667 2276 783 2340 saltem
813 2275 939 2358 patroni
968 2276 1118 2341 secundae
1137 2274 1268 2367 opinio·¹
1327 2295 1433 2339 ..renuas

140 2384 190 2448 nis
208 2381 272 2468 (5).
294 2382 436 2466 intellige
457 2391 565 2447 autem
586 2393 708 2447 statum
723 2384 904 2465 perfectum
925 2402 989 2447 non
1006 2382 1166 2459 absolute,
1189 2403 1263 2448 narn
1292 2366 1467 2493 P‘Lsffissaffim

140 2490 239 2556 etiam
254 2508 329 2555 cum
346 2488 462 2574 Logica
481 2488 681 2573 impossibile
699 2499 750 2555 est
769 2490 894 2555 homini
909 2490 1044 2556 omnino
1059 2492 1198 2575 perfecte
1215 2509 1265 2556 as·

141 2600 235 2681 sequi
246 2597 395 2663 scientias
409 2598 442 2662 in
458 2599 516 2663 hac
531 2598 610 2675 vita,
627 2599 686 2663 sed
698 2598 842 2674 relative,
856 2617 976 2683 nempe
992 2599 1175 2666 secundum
1193 2618 1264 2663 earn

143 2706 371 2791 perfectionem
387 2715 420 2771 et
433 2698 684 2790 plenitudinem,
704 2725 803 2789 quarn
818 2708 925 2773 solent
941 2704 1081 2772 nancisci
1097 2705 1262 2783 homines,

143 2815 200 2898 qui
214 2815 315 2898 'periti
334 2815 495 2880 habentur
510 2812 730 2880 scientiarum.
1010 2814 1015 2823 '

212 2929 381 2991 Probatur
400 2923 521 3005 itaque.
540 2923 586 3000 ld,
605 2922 675 2986 sine
689 2939 757 3007 quo
772 2940 858 3006 aegre
878 2922 1071 2999 admodum,
1086 2942 1123 2988 ac
1138 2921 1267 2988 nonnisi

144 3017 307 3098 rarissime
335 3030 456 3114 aliquid
483 3029 678 3107 obtinetur,
697 3039 747 3095 est
775 3031 938 3096 moraliter
968 3005 1295 3107 necessarium‚·ut'

142 3147 273 3206 constat
299 3157 341 3204 ex
373 3137 544 3222 praemisso
570 3147 730 3220 conceptu
758 3139 889 3203 moralis
918 3137 1133 3206 necessitatis.
1162 3138 1263 3222 Atqui

143 3249 213 3314 sine
232 3247 348 3332 Logica
368 3245 528 3311 artificiali
551 3256 718 3328 nequeunt
737 3244 806 3310 aliae
820 3246 964 3312 scientiae
983 3246 1182 3331 comparari,
1203 3248 1266 3312 sal·

143 3369 213 3424 tem
231 3373 320 3445 saepe
339 3363 394 3419 aut
414 3353 484 3419 sine
503 3353 645 3417 maxima
664 3353 866 3418 difficultate.
889 3353 1015 3439 Erga...
1050 3435 1054 3446 μ

209 3469 326 3530 Minor
343 3449 472 3528 constat
491 3480 532 3526 ex
557 3461 777 3526 imbecillitate
795 3461 916 3546 ingenii
940 3461 1094 3543 humani;
1127 3461 1203 3527 nam
1234 3459 1268 3527 in

143 3572 270 3655 integra
288 3568 423 3636 scientia
454 3570 565 3634 muttae
594 3578 766 3635 occurrunt
792 3567 1000 3636 definitiones
1027 3589 1064 3636 ac
1090 3569 1270 3636 divisiones

179 3792 219 3853 (r)
260 3806 283 3842 r.
300 3805 328 3855 p.
345 3802 374 3854 q.
393 3804 458 3856 117,
473 3803 498 3840 a.
519 3781 729 3853 1.corp.,Clr.
750 3784 785 3839 de
802 3781 907 3852 Verit„
925 3803 956 3854 q.
977 3803 1021 3852 rr,
1037 3803 1064 3841 a.
1084 3803 1108 3853 r,
1123 3802 1215 3855 corpr,
1231 3793 1272 3844 a·

143 3878 246 3936 Contr.
267 3874 363 3942 Geni„
379 3893 440 3944 cap.
455 3890 505 3945 75,
521 3871 571 3929 fin.

180 3971 221 4032 (a)
257 3963 407 4044 Quaestion
421 3962 544 4036 philos,
560 3973 631 4018 tom.
650 3981 674 4029 1,
691 3975 794 4032 quaest.
811 3981 855 4034 24.

178 4055 220 4124 (3)
256 4053 381 4127 Pierios„
393 4052 532 4126 peripat,
548 4049 646 4122 prim,
662 4065 749 4120 part,
761 4071 790 4110 n.
805 4052 869 4109 260.

180 4147 222 4215 (4)
239 4161 243 4168 ‘
259 4142 328 4200 Loc.
344 4141 393 4199 cit.

181 4237 221 4305 (5)
259 4230 321 4290 Cl‘r.
339 4229 481 4306 Lossada,
496 4229 550 4299 loc.
564 4229 629 4300 cit,
644 4249 675 4288 u.
689 4247 735 4303 44.
