3492 5525
562 464 623 532 qao
678 449 801 515 Locren
813 447 1046 524 MnJon-Lru.
1064 463 1134 523 ψ,
1151 448 1245 513 Drse.
1261 448 1403 531 4.⁸Car³.
1422 464 1487 512 ram

522 637 581 720 qui
599 644 722 721 negant
738 654 812 701 earn
831 634 995 701 reflectere
1017 634 1051 701 in
1071 632 1254 719 premissas
1279 631 1343 722 (l).
1370 632 1443 711 Qua
1466 634 1562 699 dere
1588 650 1642 697 su-

525 744 636 829 perius
653 743 796 830 egimus.

350 883 468 940 onmium
591 852 749 919 Praeterea
766 851 920 918 dividitur
941 850 1107 936 objectum
1132 852 1266 916 lormale
1291 852 1324 917 in
1343 851 1480 934 formale
1501 852 1589 933 quud
1612 860 1643 914 et

333 952 493 1071 Til?
512 960 650 1046 amb
667 978 729 1045 que
745 960 797 1025 vel
814 960 873 1025 sub
890 976 962 1044 auo.
979 957 1061 1033 Quae
1080 958 1195 1025 ervisio
1213 958 1255 1024 ab
1272 958 1342 1024 arus
1360 956 1422 1023 ano
1440 958 1541 1035 mono
1559 958 1643 1023 soret

359 1038 465 1153 “TW
524 1066 687 1151 explicari.
707 1066 882 1152 Objectum
902 1068 1038 1133 formale
1060 1084 1138 1151 pao,
1164 1067 1253 1150 quod
1281 1076 1416 1132 vocatur
1438 1065 1537 1131 etiam
1562 1066 1642 1129 ratio

200 1223 205 1242 ,
310 1166 510 1215 ”“’““Ῑ“’““““·
523 1174 669 1241 formalis
686 1176 747 1241 neb
760 1194 840 1261 qaae,
860 1182 912 1241 est
928 1174 1115 1241 communis
1128 1174 1182 1240 illa
1206 1174 1299 1249 ratio,
1326 1174 1358 1239 vi
1379 1174 1473 1258 cujus
1498 1173 1644 1239 redditur

350 1240 475 1366 '⁹4:2⁸⁵
524 1282 689 1367 objectum
708 1281 889 1368 attingibile
908 1301 965 1366 per
983 1293 1075 1348 actus
1091 1282 1226 1367 alicujus
1243 1278 1397 1365 potentiae
1415 1282 1465 1345 vel
1484 1280 1642 1353 scientiae,

524 1408 562 1456 ec
581 1390 716 1475 proinde
734 1390 961 1472 complectitur
979 1388 1087 1471 aliquo
1106 1389 1207 1453 modo
1224 1389 1286 1455 sub
1304 1407 1340 1453 se
1358 1386 1515 1471 quidquid
1532 1395 1645 1470 poten-
1709 1382 1710 1467 l

525 1496 570 1563 tia
588 1496 641 1562 illa
660 1499 712 1563 vel
730 1496 867 1563 scientia
885 1496 1014 1579 respicit
1029 1497 1081 1562 vel
1104 1494 1245 1581 attingit.
1275 1497 1320 1561 lta
1344 1494 1496 1579 potentiae
1520 1494 1646 1559 intelle-

525 1604 620 1671 ctivae
639 1605 805 1684 obiectum
824 1604 960 1670 formale
974 1620 1057 1687 quo,
1080 1605 1132 1669 vel
1151 1603 1232 1670 ratio
1250 1603 1395 1669 formalis
1409 1603 1471 1669 sub
1486 1621 1572 1687 qua,
1598 1614 1645 1667 est

520 1712 606 1779 ratio
633 1711 700 1778 veri
727 1710 1033 1786 transcendentalis,
1067 1711 1143 1793 quia
1172 1711 1249 1777 nihil
1276 1710 1437 1796 attingere
1462 1710 1646 1776 intellectus

526 1827 651 1905 potest,
671 1819 761 1901 quod
779 1835 845 1885 non
868 1817 911 1883 sit
934 1818 1259 1885 transcendentaliter
1280 1836 1413 1894 verum,
1440 1836 1499 1884 seu
1527 1818 1644 1883 veritas

525 1926 818 1995 transcendentalis
836 1924 941 1992 reddit
959 1924 1156 2010 attingibile,
1172 1924 1331 2009 quidquid
1349 1926 1534 1991 intellectus
1552 1927 1648 1991 attin-

525 2035 589 2120 git:
612 2034 757 2117 itemque
776 2032 856 2099 ratio
869 2033 1013 2099 formalis
1029 2032 1088 2097 sub
1105 2050 1167 2117 qua
1177 2043 1324 2116 respectu
1339 2033 1516 2099 voluntatis
1531 2034 1648 2098 aerbo

527 2141 629 2218 nitas,
654 2142 706 2207 vel
725 2141 850 2207 bonum
871 2148 908 2205 ut
927 2140 989 2220 sic3
1010 2149 1041 2205 et
1061 2140 1166 2217 color,
1188 2152 1336 2223 respectu
1356 2140 1461 2220 visus3
1483 2149 1516 2205 et
1530 2158 1644 2215 sonus,
1710 2220 1711 2225 Ἰ

527 2258 675 2334 respectu
694 2248 839 2328 auditus;
862 2256 895 2312 et
914 2247 1094 2332 quantitas,
1116 2255 1264 2329 respectu
1284 2246 1484 2321 Matheseos,
1511 2258 1577 2313 etc.

593 2356 770 2442 Objectum
799 2356 936 2421 formale
967 2356 1066 2439 quod,
1100 2372 1158 2420 seu
1190 2353 1270 2419 ratio
1302 2354 1446 2420 formalis
1472 2372 1567 2437 quae,
1600 2366 1647 2420 est

526 2465 693 2550 objectum
720 2463 799 2529 illud
824 2462 984 2546 peculiare
1009 2462 1071 2527 sub
1093 2462 1235 2545 generali
1260 2446 1465 2527 ralione'sub
1487 2478 1550 2547 qua
1572 2482 1647 2529 con·

526 2581 673 2647 tentum,
704 2570 796 2653 quod
825 2587 980 2653 expresse
1008 2567 1177 2653 attingitur
1213 2568 1253 2633 ab
1285 2570 1395 2651 aliquo
1422 2577 1514 2650 actu;
1543 2571 1595 2633 vel
1622 2568 1646 2635 si

527 2678 634 2745 mavis
652 2686 703 2745 est
721 2677 865 2743 conditio
885 2676 950 2751 illa,
967 2676 999 2742 in
1012 2677 1141 2763 objecto
1157 2677 1439 2760 praesupponenda
1454 2678 1645 2749 necessario,

526 2798 563 2853 ut
578 2786 692 2871 attingi
707 2806 725 2850 a
740 2787 884 2869 potentia
908 2785 960 2852 vel
976 2785 1088 2851 habitu
1103 2785 1155 2851 vel
1170 2795 1242 2850 actu
1262 2785 1372 2868 aliquo
1391 2785 1510 2869 possit;
1530 2785 1575 2850 ita
1590 2787 1646 2850 hoc

528 2913 643 2962 verum
663 2894 838 2978 peculiare,
862 2893 953 2976 quod
977 2890 1028 2958 liic
1055 2901 1087 2957 et
1107 2909 1193 2957 nunc
1219 2892 1431 2976 apprehendit
1454 2893 1644 2966 intellectus,

527 3010 578 3069 est
605 3002 686 3068 ratio
711 2999 859 3066 'formalis
887 3019 957 3085 qaae
981 3000 1081 3084 hujus
1107 3007 1216 3080 actus3
1237 2999 1384 3084 itemque
1411 3000 1540 3085 singula
1565 3001 1645 3066 bona
1711 3039 1712 3104 q

442 3194 447 3203 ι
528 3107 718 3194 peculiaria,
739 3127 815 3191 quae
832 3118 967 3192 propter
986 3125 1021 3173 se
1044 3107 1096 3172 vel
1123 3126 1164 3172 ex
1186 3107 1323 3190 propriis
1346 3107 1469 3174 meritis
1492 3115 1647 3192 appetun-

527 3228 582 3284 tur
600 3237 619 3282 a
637 3218 807 3282 voluntate
826 3234 884 3299 per
902 3233 981 3281 suos
999 3222 1107 3289 actus,
1124 3222 1202 3280 sunt
1214 3214 1352 3282 totidem
1374 3217 1514 3281 rationes
1531 3215 1647 3282 forma
1711 3261 1712 3308 3

528 3327 575 3392 les
594 3323 805 3404 eorumdem;
826 3335 859 3390 et
888 3323 1003 3388 albedo
1026 3329 1217 3405 eaeteraeque
1239 3323 1385 3388 coiomm
1407 3321 1548 3407 species,
1578 3342 1646 3406 quae
1711 3387 1712 3400 ,

529 3451 587 3517 per
605 3431 755 3517 singulos
772 3440 865 3498 actus
883 3431 1017 3498 visionis
1037 3431 1260 3514 attinguntur,
1281 3438 1359 3497 sunt
1382 3430 1534 3496 formales
1558 3433 1647 3496 ratio

530 3557 590 3606 nes
606 3557 688 3624 quae.

598 3648 684 3713 Cum
709 3646 832 3711 ratione
858 3645 985 3711 formali
1015 3646 1073 3712 sub
1100 3663 1163 3731 qua
1189 3646 1331 3712 cohaeret
1357 3663 1413 3722 ea,
1442 3663 1517 3731 quae
1545 3649 1646 3714 vocari

363 3827 391 3858 m
418 3757 468 3856 ’ἵζ’
530 3758 615 3822 solet
633 3755 713 3820 ratio
722 3753 951 3840 fornaalissa'ma
968 3755 1027 3819 sub
1044 3773 1119 3838 qua,
1137 3771 1196 3818 nec
1208 3753 1314 3818 differt
1329 3773 1347 3818 a
1363 3753 1477 3837 priori,
1495 3754 1555 3822 nisi
1574 3775 1647 3839 qua-

530 3871 628 3928 tenus
638 3861 728 3928 addit
742 3867 934 3945 expressum
952 3869 1136 3944 respectum
1154 3860 1195 3925 ad
1206 3859 1385 3944 potentiam
1406 3863 1457 3927 vel
1472 3862 1645 3936 scientiam.

529 3989 631 4054 aqua
655 3969 836 4053 attingitur.
861 3967 913 4033 Sic
940 3967 1134 4052 intelligibile
1161 3979 1211 4035 est
1235 3968 1315 4034 ratio
1338 3969 1565 4036 formalissima
1590 3971 1646 4036 sub

529 4095 596 4162 qua
611 4087 759 4160 respectu
773 4076 972 4151 intellectus,
994 4086 1026 4142 et
1044 4075 1176 4141 amabile
1195 4084 1344 4160 respectu
1363 4076 1557 4154 voluntatis,
1577 4077 1648 4142 ulsi-

530 4181 591 4252 bile
609 4193 757 4269 respectu
776 4185 879 4260 visus,
899 4183 1036 4250 audibile
1057 4194 1205 4268 respectu
1221 4184 1369 4261 auditus,
1384 4183 1492 4252 scibile
1505 4197 1645 4270 respectu

530 4293 690 4369 scientia,
708 4292 865 4376 dirigibile
883 4301 1031 4376 respectu
1051 4300 1155 4358 actus.
1175 4293 1302 4374 Nempe
1321 4291 1401 4357 ratio
1425 4292 1645 4360 formalissima

531 4410 582 4468 est
601 4402 680 4467 ratio
701 4399 846 4465 formalis
864 4398 926 4465 sub
945 4417 1010 4483 qua
1027 4409 1172 4483 sumpta,
1193 4416 1259 4464 non
1279 4401 1462 4465 secundum
1482 4401 1646 4468 intrinseca

531 4527 592 4576 sua
610 4508 798 4592 praedicata,
819 4507 878 4572 sed
898 4525 954 4590 per
972 4504 1272 4572 denominationem
1288 4506 1329 4572 ad
1344 4508 1539 4590 potentiam.
1560 4510 1646 4574 ullu·

565 4743 606 4806 (r)
642 4738 786 4805 Losseda,
801 4738 890 4815 [ομ
905 4748 989 4796 tract.
1007 4757 1035 4807 r,
1051 4735 1126 4809 disp.
1145 4755 1173 4807 r,
1189 4755 1253 4808 cap,
1268 4755 1300 4806 a,
1317 4755 1348 4795 n.
1363 4759 1391 4810 9.
