3492 5525
549 454 586 517 rb
945 456 1172 521 luraooucrro

503 656 696 715 romanum,
711 640 813 707 totius
835 639 990 723 Europae,
1005 648 1105 722 atque
1118 640 1200 706 adeo
1214 638 1318 706 totius
1328 639 1417 705 orbis
1430 640 1545 705 effecta
1556 648 1621 705 est.

503 746 626 831 «Apud
651 746 783 813 Graecos
800 747 896 831 primi
918 746 1034 813 famosi
1053 748 1087 812 in
1110 747 1262 823 scientia,
1281 746 1390 830 inquit
1408 746 1445 814 S.
1464 746 1622 822 Thomas,

303 877 477 934 emma
503 856 635 922 suerunt
649 854 782 938 quidem
797 863 904 939 poene
917 855 1063 938 theologi,
1076 855 1123 921 sic
1134 855 1230 931 dicti,
1249 855 1340 939 quod
1354 856 1395 919 de
1417 854 1536 920 divinis
1554 874 1624 919 car-

504 962 593 1027 mina
619 962 789 1030 iaciebant.
823 962 967 1029 Fuerunt
989 972 1100 1027 autem
1122 971 1204 1039 tres,
1226 962 1397 1047 Orpheus,
1422 962 1569 1029 Musaeus
1590 971 1623 1027 et

504 1070 618 1147 Linus,
634 1089 776 1155 quorum
797 1070 951 1155 Orpheus
973 1070 1128 1136 famosior
1149 1072 1222 1137 tuit.
1238 1070 1383 1137 Fuerunt
1404 1080 1516 1136 autem
1537 1080 1623 1136 tem·

503 1197 597 1262 pore,
613 1196 681 1262 quo
698 1178 828 1259 ludices
851 1188 943 1245 erant
964 1178 998 1243 in
1012 1180 1136 1262 populo
1153 1177 1362 1257 ludaeorum»
1384 1175 1450 1266 (1).
1469 1177 1623 1262 Orpheus

500 1286 675 1353 duodecim
702 1286 828 1352 circiter
855 1287 983 1352 saeculis
1016 1286 1184 1352 Christum
1208 1286 1387 1352 Dominum
1421 1287 1624 1370 praecessisse

335 1403 442 1449 tom
498 1394 652 1462 creditur.
669 1394 737 1460 iios
750 1395 853 1460 secuti
867 1401 947 1460 sunt
962 1394 1145 1471 Homerus,
1162 1394 1300 1479 insignis
1313 1402 1411 1479 poeta
1425 1391 1529 1480 (rooo
1542 1413 1621 1461 ann.

499 1521 530 1565 a.
561 1499 635 1589 C.);
660 1513 694 1567 et
719 1501 882 1567 Hesiodus
900 1500 984 1588 (800
999 1520 1079 1569 ann.
1103 1522 1135 1569 a.
1163 1499 1220 1589 C.)
1242 1503 1299 1585 qui
1322 1503 1427 1567 multa
1448 1501 1490 1566 de
1509 1514 1625 1567 natura

498 1608 636 1674 deorum
653 1628 829 1693 rerumque
847 1609 973 1695 origine
985 1609 1119 1690 cecinit3
1144 1618 1178 1673 et
1190 1621 1319 1693 septem
1339 1610 1383 1675 illi
1397 1610 1457 1675 viri
1480 1609 1537 1693 qui
1559 1609 1621 1674 Sa-

312 1740 458 1799 sprmsa-
492 1717 613 1799 pienlas
625 1715 702 1782 dicti
720 1727 815 1795 sunt,
837 1716 948 1782 Thales
965 1716 1125 1794 Milesius,
1142 1718 1301 1793 Pittacas,
1323 1718 1420 1783 Solon
1443 1717 1625 1783 Athenien·

344 1816 426 1873 W
498 1826 558 1901 sis,
576 1824 690 1891 Chilon
704 1826 977 1901 Lacedemonius,
992 1824 1169 1890 Parrbnder
1178 1823 1369 1891 Corinthius
1381 1821 1439 1912 (2)
1454 1825 1624 1892 Cleobulus
1735 1886 1737 1892 .

497 1930 633 2017 Lydius,
649 1933 725 1998 Bias
746 1931 929 1999 Prienensis
949 1929 1014 2020 (3).
1040 1933 1210 2000 Thaletem
1234 1942 1331 1998 vocat
1353 1931 1546 1998 Aristoteles
1572 1931 1623 2017 (4)
1735 1968 1737 1973 ·

497 2038 676 2123 principem
696 2038 913 2123 Philosophiae
934 2039 1159 2125 speculativae,
1180 2038 1274 2123 quia,
1299 2050 1336 2106 ut
1350 2040 1462 2108 scribit
1483 2039 1518 2107 S.
1534 2040 1624 2106 Tho-
1735 2082 1737 2091 ·

497 2165 587 2223 maS,
608 2146 720 2216 «inter
730 2156 858 2233 septem
869 2146 1057 2232 SapienteS,
1073 2148 1131 2231 qui
1146 2159 1221 2231 post
1233 2149 1409 2234 theologos
1424 2158 1539 2232 poetas
1553 2149 1625 2213 fue·

496 2264 589 2331 runt,
608 2254 679 2339 ipse
693 2257 783 2321 solus
797 2254 838 2319 ad
852 2254 1104 2321 considerandas
1123 2274 1231 2321 rerum
1246 2274 1362 2323 causas
1380 2274 1417 2321 se
1435 2257 1621 2333 transtulit,

496 2362 565 2428 aliis
587 2362 789 2447 sapientibus
810 2362 894 2428 circa
924 2365 1057 2429 moralia
1079 2361 1354 2450 occupatiss(5).
1379 2362 1501 2429 Floruit
1524 2384 1623 2449 porro

499 2471 640 2537 «Thales
656 2470 800 2538 Milesius
814 2482 963 2555 tempore
986 2472 1117 2538 Romuli
1142 2481 1175 2537 et
1190 2473 1277 2556 apud
1292 2470 1447 2538 Hebraeos
1470 2482 1623 2557 tempore

497 2580 606 2645 Achaz
621 2580 705 2664 regis
719 2580 812 2645 lsrael
826 2577 891 2667 (6).
906 2579 1064 2656 Pittacus,
1078 2580 1165 2663 apud
1180 2580 1337 2645 Hebraeos
1350 2592 1509 2665 regnante
1521 2580 1624 2647 Sede-

496 2687 543 2753 cia
559 2697 591 2752 et
605 2688 693 2772 apud
705 2684 872 2753 Romanos
883 2687 1058 2771 Tarquinio
1073 2687 1180 2753 Pn'sco
1194 2685 1267 2775 (7):
1283 2689 1336 2753 alii
1349 2689 1539 2773 quinque...
1553 2690 1625 2755 iue-

498 2805 573 2862 runt
592 2814 710 2861 omnes
725 2803 873 2880 tempore
887 2795 1090 2882 babylonicae
1106 2797 1330 2881 captivitatis»
1345 2792 1414 2884 (8).

282 2925 334 2972 rm
344 2936 418 2973 ‚ram
428 2925 482 2972 ran
563 2903 647 2968 Vera
659 2912 769 2970 tamen
783 2903 916 2970 historia
925 2905 1142 2988 Philosophiae
1155 2923 1272 2990 graecae
1281 2905 1314 2971 in
1325 2914 1391 2971 tres
1401 2905 1500 2972 dividi
1511 2915 1622 2991 potest

295 2999 467 3116 '‘ffiffi
496 3019 626 3089 aetates,
643 3031 724 3094 quas
736 3006 859 3088 dicere,
885 3014 912 3078 si
937 3013 1059 3096 placet,
1085 3023 1180 3097 potes
1202 3015 1456 3090 adooscembm,
1483 3014 1623 3080 virilita-

495 3123 554 3184 om
573 3139 610 3184 ac
628 3125 809 3185 seneclutem
827 3121 992 3187 hellenicae
1006 3119 1181 3205 Sapientiae
1198 3118 1262 3207 (9).
1280 3122 1387 3187 Prima
1405 3131 1484 3188 aetas
1499 3141 1518 3186 a
1535 3123 1623 3188 Tha-

495 3227 557 3292 lete
571 3228 612 3292 ad
626 3226 791 3294 Socratem
807 3228 946 3294 excurrit
959 3225 1016 3315 (ab
1029 3247 1117 3294 anno
1132 3225 1199 3295 600
1218 3229 1261 3294 ad
1273 3245 1340 3309 4οο
1351 3229 1476 3295 circiter
1497 3249 1528 3295 a.
1548 3227 1619 3315 C.);

494 3337 592 3400 altera
612 3333 775 3401 aSocrate
791 3354 897 3419 usque
917 3337 957 3400 ad
973 3336 1239 3421 propagationem
1266 3355 1382 3420 graecae
1403 3337 1624 3420 Philosophiae

493 3442 576 3506 inter
590 3444 757 3508 Romanos
768 3441 822 3530 (ab
837 3462 925 3508 anno
935 3459 1001 3525 4οο
1010 3444 1050 3510 ad
1063 3441 1108 3507 60
1120 3464 1149 3511 a.
1166 3441 1238 3531 C.):
1250 3443 1345 3510 tertia
1355 3445 1500 3528 denique
1511 3461 1622 3530 usque
1735 3466 1737 3491 τ

492 3549 533 3613 ad
547 3549 647 3614 finem
662 3551 782 3616 scholae
797 3551 1030 3635 philosophicae
1050 3550 1272 3626 Atheniensis,
1292 3560 1451 3637 regnante
1464 3550 1624 3634 Justinia-

530 3853 572 3922 (r)
610 3852 642 3910 S.
658 3853 762 3912 Thom.
779 3853 829 3910 tib.
848 3873 871 3910 r.
888 3853 1020 3926 hletaplr.
1036 3853 1101 3911 lect.
1116 3872 1134 3926 4
1148 3873 1264 3924 paragr.
1277 3875 1308 3926 g.

528 3946 569 4008 (a)
606 3941 686 4000 Sunt
707 3942 759 4013 qui
782 3942 844 4000 loco
865 3941 1018 4000 Periandri
1041 3943 1130 4014 huius
1152 3956 1321 4002 recenseant
1342 3942 1420 4003 inter
1437 3965 1454 4018 7
1474 3945 1626 4018 sapientes

492 4031 687 4089 Anacharsim
702 4030 844 4104 Scytham
859 4044 911 4089 aut
924 4032 1122 4106 Epimenidem
1138 4031 1319 4090 Cretensem.

528 4124 569 4192 (3)
605 4119 667 4178 Cir.
676 4120 879 4179 Theodoretus
889 4119 954 4179 Ser.
965 4121 1025 4178 ade
1034 4123 1173 4180 curandis
1183 4121 1281 4180 Groec.
1291 4124 1439 4192 affection.
1448 4147 1458 4190 ,·
1468 4121 1502 4182 S.
1513 4123 1622 4190 Thom¹

491 4210 543 4268 lib.
562 4230 586 4266 r.
603 4210 733 4283 Meteplr.
750 4210 814 4268 leet.
828 4229 847 4282 4
861 4229 960 4284 parag.
976 4230 1002 4268 e.

527 4302 569 4372 (4)
606 4297 672 4356 Lib.
692 4299 859 4373 1.Metapb.
876 4320 939 4371 cap.
955 4322 980 4373 3.

528 4393 570 4460 (5)
608 4388 640 4446 S.
657 4389 762 4448 Thom.
779 4388 832 4448 loc.
851 4409 945 4461 nuper
958 4387 1008 4448 cit.

527 4481 568 4546 (6)
605 4477 668 4537 Csr.
685 4477 717 4537 S.
732 4480 860 4552 August.
877 4479 927 4536 lib.
946 4479 979 4536 18
992 4481 1028 4537 de
1042 4479 1135 4538 Ciuil.
1150 4480 1218 4538 Dei.
1233 4499 1298 4552 cap.
1315 4501 1360 4554 24.

527 4573 567 4641 (7)
604 4569 668 4627 etr.
685 4568 718 4627 S.
734 4571 860 4642 August.
878 4590 925 4642 op.
940 4571 990 4628 cit.
1007 4589 1032 4626 c.
1048 4588 1093 4643 25·
1386 4554 1390 4578 ¹

527 4659 576 4726 (8)
613 4658 646 4718 5,
661 4659 767 4718 Thom.
783 4661 836 4718 loc.
852 4679 948 4732 nuper
961 4659 1028 4731 cit,
1044 4658 1078 4719 S.
1092 4661 1221 4734 August.
1236 4661 1291 4720 loc.
1304 4659 1354 4719 cit.
1439 4651 1443 4655 ’

526 4749 567 4824 (9)
604 4748 667 4810 Csr.
683 4749 876 4810 Tennemann
891 4749 949 4823 Op.
963 4749 1012 4809 cit.
1029 4769 1145 4824 paragr.
1160 4749 1207 4809 80.
