3492 5525
348 500 463 563 Anne.
482 515 540 583 3³³·
556 498 807 563 Pnonnrerxres
820 516 1052 563 cunrrrunrms
1158 512 1216 578 493

991 602 1256 615 -—-—-——-

137 680 349 749 inlallibilem.
370 679 509 757 Quodsi
529 682 572 748 ob
591 682 754 748 delectum
771 682 941 748 evidentiae
960 699 1026 747 non
1045 677 1186 746 sufficiat
1201 696 1258 762 per

136 788 282 873 seipsum
301 790 342 855 ad
361 790 623 872 extorquendum
653 807 827 856 assensum
857 789 898 855 ab
917 789 1100 869 intellectu3
1121 794 1258 853 atcerte

138 905 294 972 meretur,
315 906 353 962 ut
371 898 523 963 voluntas
541 898 704 965 delectum
726 896 818 964 illum
837 898 989 982 suppleat
999 894 1191 979 imperando
1204 893 1259 959 rir-

138 1004 319 1069 missimam
340 1004 573 1071 adbaesionem:
595 1016 627 1071 et
646 998 671 1071 si
691 1007 845 1071 voluntas
862 1005 896 1070 id
919 1023 985 1070 non
1010 1004 1119 1079 saciat,
1134 1002 1259 1086 impru-

136 1111 251 1177 denter
269 1120 366 1195 atque
385 1112 556 1179 inhoneste
571 1121 656 1198 aget.
678 1112 804 1179 Etenim
824 1112 958 1178 evidens
975 1119 1039 1188 est,
1059 1110 1258 1191 ubicumque

138 1218 408 1304 irrefragabilibus
426 1222 631 1305 argumentis
658 1220 861 1287 convincitur
883 1219 1056 1286 existentia
1074 1218 1192 1284 divinae
1210 1235 1261 1282 re·

140 1327 327 1403 velationis,
345 1329 553 1395 ‘voluntatem
582 1347 681 1412 posse
710 1348 746 1394 ac
769 1328 887 1393 debere
909 1328 1086 1412 imperare,
1115 1336 1152 1393 ut
1170 1326 1258 1391 illam

138 1433 321 1501 intellectus
348 1440 476 1512 teneat,
501 1446 533 1504 et
566 1445 698 1520 Propter
721 1435 807 1501 illam
837 1435 935 1502 etiam
961 1433 1086 1500 veritati
1112 1434 1260 1501 revelatae

138 1543 333 1608 assentiatur
350 1544 523 1619 credendo,
545 1543 620 1627 quia
638 1543 670 1608 id
684 1542 784 1628 exigit
802 1543 1000 1627 obsequium
1016 1540 1084 1607 Deo
1104 1538 1258 1608 revelanti

137 1649 300 1718 debitum.
999 1665 1002 1674 ’

206 1756 364 1842 Apposite
383 1757 419 1822 S.
439 1758 599 1825 Thomas:
628 1758 783 1825 Voluntas
804 1758 993 1823 determinat
1010 1756 1198 1823 intellectum
1217 1755 1263 1821 ad

136 1864 277 1949 aliquia,
297 1866 380 1949 quod
396 1884 493 1951 neque
506 1873 565 1949 per
582 1865 715 1949 seipsum
732 1865 873 1941 muemr,
889 1884 988 1950 neque
1000 1866 1045 1930 ad
1057 1883 1110 1941 ea,
1126 1882 1195 1948 quie
1202 1870 1262 1946 per

135 1990 169 2036 se
186 1956 480 2049 enumerentur
486 1980 576 2055 posse
587 1973 775 2039 determinat
785 1990 826 2038 ex
840 1973 913 2050 boe,
929 1974 1013 2057 qaod
1023 1972 1157 2055 dignum
1169 1978 1261 2053 repu-

137 2082 188 2144 tat
199 2079 264 2145 iltis
280 2098 344 2146 esse
359 2080 721 2167 adbaermdumpropler
730 2080 869 2165 aliquam
882 2081 1052 2157 rationem,
1067 2098 1129 2164 qua
1148 2079 1261 2144 benum

137 2187 263 2251 videtur
279 2187 325 2265 ei,
345 2188 397 2253 r'llr'
414 2188 462 2253 rei
477 2186 651 2254 adherere:
670 2188 811 2273 quamuis
829 2188 888 2254 illa
906 2188 988 2254 ratio
1008 2189 1053 2252 ad
1072 2188 1260 2252 intellectum

136 2294 407 2360 determinandum
425 2313 487 2361 non
511 2294 646 2379 sufficiat
657 2300 785 2378 propter
812 2294 1050 2360 imbecillitatem
1074 2294 1257 2369 intellectus,

136 2401 264 2487 quinon
282 2402 368 2467 ardet
378 2409 437 2485 per
453 2421 485 2468 se
502 2404 569 2480 hoc,
588 2402 643 2467 eui
658 2403 890 2469 assentiendum
907 2402 988 2468 ratio
998 2402 1144 2490 judicat,
1166 2419 1260 2485 neque

136 2510 239 2592 rpsrrm
256 2511 300 2574 ad
311 2509 472 2593 principia
482 2518 542 2593 per
559 2529 592 2576 se
611 2514 683 2576 nota
701 2512 852 2577 resolvere
869 2512 971 2575 valet:
989 2514 1021 2575 et
1039 2509 1094 2575 troc
1110 2508 1261 2574 assentire

132 2617 262 2700 proprie
279 2614 584 2705 uocaturcredere(
610 2615 636 2706 ).

207 2725 290 2792 Nota
308 2734 417 2791 autem
436 2724 535 2804 bene,
557 2726 589 2792 in
609 2726 768 2813 ejusmodi
789 2743 926 2794 assensu
949 2724 1024 2792 fidei
1042 2729 1125 2792 certo
1143 2733 1176 2790 et
1194 2723 1261 2789 ine·
1309 2769 1322 2797 n
1348 2769 1384 2800 c„
1414 2771 1457 2800 Η,

136 2834 275 2911 videnti,
292 2835 522 2916 quoeredimns
537 2834 656 2917 aliquid
667 2844 798 2918 propter
810 2833 1042 2900 revelationem
1054 2833 1128 2910 Dei,
1147 2834 1261 2898 deesse
1353 2829 1380 2838 ''
1397 2843 1416 2872 ²

137 2941 271 3024 quidem
290 2941 479 3006 evidentiam
491 2941 649 3018 veritatis,
665 2943 722 3007 sed
741 2943 856 3008 adesse
872 2940 1058 3007 evidentiam
1070 2941 1261 3007 eredibilita·
1321 2913 1354 3012 ,Ξ
1373 2913 1428 3011 ’ῃῖ

138 3049 191 3114 tr's.
213 3047 309 3114 Deest
327 3048 487 3115 evidentia
502 3049 654 3131 veritatis,
669 3059 744 3116 tum
760 3049 837 3133 quia
856 3069 919 3128 res,
941 3068 1016 3133 quae
1034 3048 1174 3116 creditur
1192 3066 1260 3114 non
1335 3039 1366 3083 ‘¹³
1399 3039 1417 3082 ἰ·

138 3155 331 3241 perspicitur
350 3157 381 3222 in
405 3176 440 3223 se
467 3175 573 3240 neque
591 3156 778 3222 immediata
799 3175 906 3241 neque
925 3155 1067 3224 mediata
1082 3156 1258 3234 evidentia,

137 3275 211 3331 tum
223 3261 298 3349 quia
308 3263 406 3330 etiam
418 3264 579 3330 motivum
596 3273 727 3350 propter
739 3264 829 3348 quod
843 3265 1001 3342 creditur,
1016 3263 1168 3330 revelatio
1186 3263 1257 3340 Dei,

139 3381 270 3436 nonest
288 3371 421 3437 evidens
432 3372 576 3457 proprie,
589 3371 662 3438 licet
672 3370 942 3459 irrefragabilibus
953 3371 1157 3457 argumentis
1173 3379 1261 3436 certo

139 3481 399 3562 demonstretur:
421 3497 520 3562 quare
545 3480 662 3545 veritas
681 3479 765 3564 ipsa,
791 3498 866 3563 quae
888 3481 1045 3556 creditur,
1065 3487 1152 3545 caret
1172 3477 1206 3543 in
1226 3497 1262 3544 se

138 3587 232 3652 omni
260 3586 441 3663 evidentia,
476 3587 544 3653 sive
572 3586 745 3653 intrinseca
784 3588 854 3654 sive
890 3587 1087 3669 extrinseca;
1117 3596 1150 3652 et
1188 3586 1262 3651 ideo

28 3706 33 3717 '
139 3693 286 3760 formalis
314 3703 406 3760 actus
435 3693 510 3761 fidei
545 3695 704 3760 obscurus
732 3703 765 3761 et
802 3694 973 3762 inevidens
1001 3705 1068 3771 est,
1093 3695 1168 3760 licet
1195 3711 1263 3758 cer·

138 3802 300 3869 tissimus.

208 3909 310 3975 Adest
330 3903 438 3976 autem
457 3908 613 3976 evidenlm
626 3909 860 3988 credibilitatis,
878 3910 954 3994 quia
972 3910 1106 3977 evidens
1124 3919 1174 3974 est
1185 3908 1265 3974 veri·
1321 3933 1431 3979 aarum

140 4025 261 4094 tatem,
279 4035 336 4101 pro
355 4017 662 4102 quaamplectenda
675 4017 791 4085 militat
810 4027 1041 4104 argumentum
1054 4019 1099 4086 ita
1117 4015 1264 4103 proposi·
1300 4005 1449 4120 αἶ’ζάῗζζζζὴ

139 4135 213 4190 tum
244 4143 282 4190 ac
309 4125 588 4204 demonstratum,
621 4125 704 4192 sieut
730 4127 923 4210 proponitur
953 4145 991 4192 ac
1019 4127 1264 4192 demonstratur
1450 4105 1457 4121 ’

139 4231 312 4300 existentia
325 4231 443 4300 divinae
454 4232 658 4300 revelationis
672 4252 713 4299 ex
724 4233 840 4320 signis,
853 4253 928 4317 quae
943 4243 1061 4300 vocant
1072 4230 1265 4299 eredibilita-

139 4340 196 4418 tis,
206 4347 296 4424 posse
314 4360 350 4408 ac
365 4341 472 4406 debere
484 4340 583 4418 credi,
604 4359 662 4407 seu
679 4341 858 4408 credibilem
870 4345 902 4408 et
911 4343 1098 4408 credendam
1111 4359 1185 4408 esse
1198 4337 1262 4429 (2).

175 4593 217 4656 (ι)
254 4588 287 4647 S.
300 4589 356 4650 Th.
373 4599 412 4662 3.·
425 4590 494 4650 dist.
517 4610 567 4664 23,
583 4610 612 4662 q.
633 4611 665 4660 a,
685 4609 753 4661 aa,
774 4591 852 4651 solut
875 4613 898 4648 r.
922 4589 983 4650 Cl'r.
1006 4591 1042 4649 de
1059 4591 1150 4650 Verit.
1166 4611 1196 4664 q.
1222 4610 1264 4666 14,

138 4691 196 4738 art.
216 4699 245 4749 ις
264 4701 287 4738 ι.
305 4699 330 4738 a.
347 4699 375 4752 q.
396 4701 425 4753 9,
442 4701 470 4739 a.
493 4699 516 4738 t.
945 4703 948 4706 ·

175 4773 217 4835 (2)
254 4767 317 4829 Cir.
331 4768 364 4828 S.
377 4769 433 4828 Th.
451 4791 476 4834 ι.
491 4769 599 4830 Contra
614 4769 730 4830 Gentes.
746 4791 808 4843 eap.
819 4771 847 4828 6.
