3492 5525
279 447 396 514 Arene.
413 461 475 535 4¹²·
489 449 540 514 De
551 467 657 518 causa
673 450 876 518 errrcrsnr'r:
890 453 1143 522 Unrvensauun
1176 475 1233 543 7²>

215 631 254 699 lit
272 630 420 701 similiter
433 633 509 700 dist.
530 653 665 719 conseq.
686 637 770 704 Nam
790 637 971 706 universale
990 639 1178 709 absolutum
1196 662 1274 710 con-

148 739 292 810 stituitur
306 759 364 826 per
376 742 456 819 hoc,
472 742 562 826 quod
579 743 621 810 sit
637 742 759 828 aliquid
778 753 892 830 aptum
907 747 1015 814 inesse
1028 747 1192 832 pluribus,
1213 770 1272 817 nec

148 867 282 918 necesse
308 864 374 927 est,
407 850 497 934 quod
525 861 743 935 cognoscatur
762 863 860 937 prout
884 853 965 932 tale,
998 853 1058 924 nisi
1087 876 1145 941 per
1172 857 1271 925 alium

146 965 269 1027 actum.
286 956 379 1024 Unde
398 976 512 1024 verum
533 976 599 1024 non
622 967 671 1026 est
688 959 871 1044 generatim
890 960 1013 1038 dicere,
1033 963 1124 1047 quod
1142 963 1273 1032 univer·

146 1067 214 1134 sale
231 1084 296 1132 non
320 1063 417 1134 habet
442 1066 529 1131 aliud
548 1083 621 1132 esse
640 1084 741 1150 quam
761 1068 931 1153 cognosci.
953 1069 1023 1135 lloc
1050 1071 1137 1138 enim
1161 1074 1269 1139 solum

146 1184 195 1241 est
214 1193 330 1240 verum
345 1174 386 1240 de
401 1172 652 1240 universalitatis
671 1174 844 1251 relatione,
862 1176 913 1240 vel
928 1177 970 1242 de
985 1177 1160 1244 universali
1179 1179 1271 1244 relle-

145 1301 185 1350 xe
200 1283 331 1368 cognito
359 1290 457 1366 prout
478 1281 545 1348 tali.
573 1281 684 1366 ltaque
711 1301 778 1348 non
806 1291 892 1350 recte
920 1283 1074 1352 asseritur
1100 1305 1271 1372 compara-

143 1391 269 1458 tionem
296 1389 511 1456 necessariam
540 1407 613 1456 esse
639 1389 680 1455 ad
706 1389 891 1456 universale
907 1390 984 1460 ‚veri
1016 1391 1159 1460 nominis
1186 1395 1271 1461 obti-
1314 1417 1319 1427 ¹

147 1499 306 1566 nendum.

190 1612 297 1690 Objie.
325 1606 378 1675 3.⁰
426 1605 629 1681 Universum,
660 1617 756 1689 prout
785 1604 864 1682 tale,
895 1606 1083 1673 relationem
1112 1609 1267 1694 implicat.

145 1717 241 1801 Ergo,
258 1723 356 1801 prout
370 1715 432 1780 tale
447 1733 483 1779 ac
499 1713 687 1787 formaliter,
704 1712 857 1780 constitui
873 1713 986 1797 nequit
1001 1716 1124 1799 absque
1137 1736 1269 1802 compa-

145 1824 280 1892 tatione.
1038 1849 1041 1854 ·

213 1930 420 1997 Antecedens
440 1937 529 2013 patet
548 1947 589 2020 ex
605 1928 674 2011 ipsa
688 1927 878 1994 delinitione
893 1929 1098 2007 universalis,
1115 1932 1206 2015 quod
1218 1942 1267 1999 est

143 2057 241 2106 unum
261 2039 295 2103 in
314 2036 424 2103 multu
442 2038 529 2102 etde
547 2035 671 2111 multis,
693 2037 743 2100 vel
764 2055 862 2102 unum
879 2040 985 2118 apicem
1000 2037 1096 2103 inesse
1108 2039 1265 2128 pluribus.

209 2145 410 2230 Respndist.
427 2152 531 2210 antec.
549 2143 735 2210 Universale
752 2142 928 2209 formaliter
943 2146 1006 2210 tale
1024 2145 1169 2230 implicat
1189 2149 1269 2213 rela-

143 2253 268 2322 tionem
288 2251 603 2320 transcendentalem
623 2259 657 2316 et
674 2251 857 2317 secundum
877 2250 956 2327 dici,
978 2256 1094 2331 tranas,
1116 2255 1268 2340 praedica·

145 2363 323 2428 mentalem
339 2373 371 2427 et
387 2359 569 2450 secundum
585 2376 674 2434 esse,
685 2358 834 2436 subdist„
851 2371 888 2426 ut
898 2359 941 2425 sit
951 2362 1265 2439 vereconstitutum,

143 2489 231 2555 neg..
253 2481 289 2538 ut
308 2489 327 2533 a
346 2468 440 2534 nobis
459 2467 653 2551 explicetur,
673 2485 759 2532 conc.

210 2579 262 2644 Ad
282 2577 377 2664 prob.
399 2587 503 2642 antec.
524 2593 595 2658 neg.
615 2589 750 2658 conseq.
775 2575 858 2642 Nam
889 2575 951 2641 illae
970 2575 1178 2644 definitiones
1198 2596 1264 2644 non

141 2687 309 2772 implicant
339 2684 397 2751 nisi
417 2685 457 2749 ad
485 2701 654 2749 summum
679 2682 866 2750 relationem
895 2685 1212 2752 transcendentalem
1232 2696 1265 2753 et

82 2812 86 2819 ·
140 2795 325 2861 secundum
345 2792 419 2859 dici.
448 2791 558 2857 Unum
579 2790 700 2876 quippe
724 2791 759 2855 in
778 2791 950 2857 muttisest
968 2793 1167 2869 universale,
1187 2794 1264 2877 quia

141 2922 160 2967 a
180 2910 271 2986 parte
290 2900 334 2966 rei
355 2899 526 2984 multiplex
540 2906 606 2973 est,
627 2905 660 2962 et
677 2897 830 2983 cognosci
845 2906 953 2981 potest
972 2907 1009 2964 ut
1028 2899 1276 2967 identificatum·

141 3028 218 3075 curn
239 3008 368 3084 multis,
389 3027 425 3073 ac
443 3005 643 3090 praedicabile
658 3005 699 3070 de
718 3004 850 3070 iisdem:
868 3024 973 3073 unum
993 3015 1103 3078 auten
1118 3008 1159 3073 de
1179 3011 1265 3075 mul-

141 3120 200 3195 tis,
222 3117 297 3201 quia
317 3124 367 3182 est
385 3115 583 3180 abstractum
604 3130 640 3177 ac
659 3111 829 3196 praecisum
849 3133 867 3178 a
887 3114 962 3179 reali
982 3113 1217 3198 multiplicitate
1230 3126 1264 3181 et

140 3226 292 3293 varietate
311 3221 511 3291 individuali.
543 3219 685 3298 Quodsi
706 3238 746 3286 ex
774 3222 835 3287 hoc
853 3223 964 3288 solum
991 3221 1174 3288 universale
1202 3224 1265 3289 irn-

141 3341 283 3419 portaret
307 3330 496 3397 relationem
517 3327 851 3412 praedicamentalem,
877 3329 1059 3395 universale
1078 3348 1189 3396 revera
1208 3334 1263 3399 lta-

139 3443 229 3509 beret
246 3439 437 3508 relationem
459 3437 578 3502 realem
595 3454 661 3501 non
676 3454 753 3501 vero
774 3437 875 3503 solius
895 3436 1039 3502 rationis.
1061 3435 1145 3502 Nam
1170 3440 1262 3505 realis

139 3559 190 3617 est
208 3550 260 3616 illa
274 3547 402 3623 relatio,
423 3563 497 3629 quae
516 3544 609 3613 adest
628 3552 804 3626 antequam
824 3552 1051 3629 cognoscatur.

182 3663 291 3741 objtc,
320 3664 371 3739 4.·’
417 3652 545 3718 Omnes
568 3650 766 3717 universales
794 3648 931 3734 species,
957 3658 1036 3735 puta
1060 3669 1171 3735 genus,
1195 3660 1262 3736 spe·

136 3768 200 3833 cies
226 3774 303 3840 etc,
326 3752 610 3846 'comparationem
644 3777 681 3823 ac
714 3756 902 3823 relationem
935 3758 1120 3825 involvunt.
1157 3759 1260 3845 Atqui

136 3875 226 3959 quod
239 3887 415 3939 commune
430 3878 480 3934 est
494 3865 648 3933 omnibus
663 3865 832 3949 speciebus
850 3866 984 3951 alicujus
999 3865 1153 3943 notionis,
1172 3867 1203 3934 id
1215 3869 1259 3935 illi

135 3980 316 4069 generatim
335 3974 545 4045 tribuendum
562 3982 627 4041 est.
642 3972 725 4059 Ergo
739 3973 808 4058 ipsa
822 3973 902 4038 ratio
920 3972 1110 4041 universalis
1128 3995 1261 4061 genera·

135 4090 196 4156 tim
217 4089 360 4172 inspecta
375 4082 564 4171 relationem
579 4080 759 4147 secundum
775 4096 848 4146 esse
862 4080 1029 4165 importet,
1046 4100 1179 4149 necesse
1194 4092 1255 4149 est.

201 4203 305 4279 Resp.
333 4193 464 4258 concedo
481 4198 601 4265 totum,
622 4189 679 4254 sed
697 4206 768 4272 neg.
789 4206 923 4271 conseq.
948 4186 1033 4264 Quia
1050 4189 1166 4257 divisio
1189 4192 1258 4256 lraec

136 4300 329 4373 universalis
357 4300 390 4366 in
416 4296 563 4381 quinque
592 4294 804 4379 praedicabilia
822 4278 972 4378 'pertinet
1003 4296 1044 4362 ad
1079 4296 1257 4364 universale

137 4410 370 4496 respectivum,
391 4422 457 4471 non
477 4421 554 4469 vero
573 4403 613 4468 ad
632 4401 831 4469 absolutum.
846 4401 932 4469 Nihil
951 4402 1038 4469 enim
1051 4412 1151 4482 vetat,
1169 4425 1259 4471 eam·

136 4524 213 4587 dem
230 4528 378 4584 naturam
396 4514 445 4578 vel
461 4510 617 4576 rationem
634 4508 863 4585 universalem,
881 4510 968 4575 nulla
979 4510 1059 4577 lacta
1075 4512 1257 4581 mutatione

138 4632 172 4695 in
209 4627 358 4693 absoluta
387 4622 457 4706 ejus
484 4617 628 4702 entitate,
659 4616 725 4681 fieri
754 4616 965 4701 multiplicem
996 4627 1028 4683 et
1051 4616 1172 4684 variam
1206 4638 1258 4685 se·

136 4735 281 4803 cundum
309 4730 480 4801 rationem,
509 4732 604 4808 prout
631 4720 852 4789 consideratur
880 4730 1027 4809 respectu
1054 4724 1255 4792 diversorum
