3492 5525
577 484 650 563 'ooo
711 486 837 551 Locren
852 486 1084 562 Maron-Lm.
1103 502 1160 565 2¹¹⁸,
1176 488 1267 555 Drsa.
1283 502 1330 572 4.·
1345 488 1423 552 Car.
1444 504 1515 552 ram

550 674 617 738 sola
625 672 1595 758 mmmoaaopusfaciratiquaaintettectumessepracaaum
1615 672 1672 762 (r).

551 780 651 863 Atqui
679 798 745 845 non
777 778 914 845 habetur
943 779 1091 847 extensio
1119 780 1301 846 intellectus
1329 781 1538 866 hujusmodi,
1563 782 1625 849 nisi
1643 801 1672 849 se

550 888 701 955 extendat
720 888 870 953 adactus
889 886 1023 953 aliarum
1044 887 1276 973 potentiarum.
1298 888 1423 974 Ergo...

615 1000 720 1079 Reep.
739 1013 811 1079 neg.
832 993 965 1072 Minor,
987 994 1063 1081 quia
1081 996 1264 1063 intellectus
1287 995 1432 1082 dirigens
1456 1016 1493 1063 ac
1520 1000 1668 1083 regulans

549 1120 585 1169 se
602 1102 748 1169 extendit
766 1103 806 1169 ad
824 1106 929 1169 actum
947 1106 1140 1189 regulatum;
1159 1122 1254 1171 secus
1281 1112 1380 1187 atque
1398 1105 1512 1172 accidit
1541 1108 1575 1172 in
1602 1125 1668 1189 spe

448 1200 451 1205 ’
548 1210 686 1277 culativa
704 1210 906 1295 cognitione,
928 1229 1003 1295 quae
1029 1229 1117 1277 mere
1145 1210 1229 1277 sistit
1257 1211 1290 1277 in
1309 1212 1564 1297 contemplanda
1592 1216 1666 1278 veri-

548 1325 615 1384 tate
642 1318 763 1401 aliqua,
794 1338 854 1384 nec
881 1316 1061 1403 praescribit
1089 1320 1218 1404 regulas
1246 1338 1303 1403 pro
1331 1320 1508 1387 directione
1532 1322 1663 1386 aliorum

549 1433 696 1492 actuum.

591 1539 695 1604 Dices
713 1539 765 1600 2.⁰
810 1532 929 1599 Omnis
944 1541 1034 1599 actus
1049 1534 1233 1601 intellectus
1247 1542 1297 1601 est
1310 1535 1488 1619 speculatio
1502 1538 1660 1620 quaedam.

549 1640 648 1725 Atqui
667 1641 843 1726 speculatio
861 1650 948 1706 certe
968 1660 1033 1727 non
1052 1648 1102 1707 est
1122 1643 1244 1726 praxis,
1265 1652 1480 1727 opponuntur
1497 1645 1585 1711 enim
1602 1646 1661 1709 hec

548 1749 634 1815 inter
650 1766 697 1816 se.

614 1864 720 1941 Reep.
739 1856 814 1923 dr’st.
835 1857 964 1941 Major„
987 1856 1096 1923 omnis
1115 1865 1207 1923 actus
1225 1857 1406 1924 intellectus
1424 1868 1473 1924 est
1492 1861 1659 1945 speculatio

548 1963 718 2049 quaedam,
738 1962 773 2028 id
799 1971 866 2039 est,
897 1964 1006 2029 omnis
1031 1974 1123 2030 actus
1150 1964 1333 2030 intellectus
1359 1974 1408 2031 est
1435 1967 1658 2052 contemplatio

550 2070 693 2138 veritatis
725 2073 777 2136 vel
811 2071 1055 2154 repraesentatio
1082 2071 1217 2157 alicujus
1245 2072 1376 2157 objecti,
1407 2093 1511 2149 conc„
1541 2076 1572 2141 id
1600 2086 1654 2147 est,

549 2179 658 2245 omnis
676 2188 769 2245 actus
787 2178 972 2246 intellectus
998 2188 1049 2246 est
1079 2197 1159 2264 pura
1185 2180 1417 2263 contemplatio
1445 2182 1585 2249 veritatis
1611 2184 1655 2247 vel

549 2285 789 2371 repraesentatio
801 2286 852 2352 sui
866 2286 984 2371 objecti
999 2306 1083 2371 neg„
1101 2304 1196 2353 secus
1210 2285 1296 2353 enim
1310 2288 1398 2353 nulla
1411 2288 1544 2355 daretur
1556 2290 1655 2374 cogni·

548 2395 595 2462 tio
607 2393 756 2479 practica.
773 2394 883 2476 ltaque
899 2394 1018 2460 dantur
1031 2393 1249 2479 cognitiones,
1266 2414 1340 2478 quae
1351 2397 1653 2480 praeterquamquod

547 2502 716 2568 veritatem
743 2500 886 2584 aliquam
914 2502 1193 2584 contemplentur,
1223 2492 1379 2587 dirigunt¹
1395 2502 1495 2569 etiam
1526 2503 1650 2587 aliquam

548 2610 786 2694 operationem;
808 2618 840 2674 et
866 2607 941 2674 talis
959 2616 1008 2673 est
1034 2609 1143 2675 omnis
1172 2608 1315 2693 cognitio
1342 2609 1494 2693 practica.
1529 2611 1649 2695 ldeoque
1719 2646 1720 2651 κ

548 2719 650 2804 major
677 2716 730 2782 illa
759 2714 957 2801 propositio,
980 2714 1040 2786 nisi
1066 2716 1128 2783 sub
1154 2716 1212 2782 hac
1230 2716 1438 2784 distinctione
1455 2717 1646 2805 intelligatur.

546 2827 652 2912 ipsam
671 2825 863 2891 divisionem
884 2824 1080 2910 cognitionis
1107 2825 1140 2890 in
1170 2824 1340 2908 practicam
1374 2833 1407 2890 et
1434 2829 1647 2911 speculativam

547 2933 751 3019 pessumdat.
778 2931 844 2998 Sed
870 2930 1042 2998 veniamus
1067 2931 1107 2998 ad
1135 2933 1296 2998 minorem
1322 2933 1440 3020 objecti
1471 2935 1645 3022 syllogismi.
1718 3011 1719 3028 χ

612 3047 762 3123 Disting.
784 3038 901 3124 pariter
919 3038 1036 3104 Minor.
1058 3037 1242 3122 Speculatio
1269 3048 1355 3105 certe
1387 3059 1453 3106 non
1482 3051 1532 3107 est
1558 3039 1646 3126 praxis
1718 3031 1719 3034 '

547 3157 693 3233 respectu
717 3148 815 3213 unius
841 3145 1056 3230 ejusdemque
1079 3165 1181 3224 corta,
1203 3155 1351 3231 respectu
1370 3146 1571 3215 diversorum
1588 3167 1644 3230 neg.

546 3256 634 3335 Quid
645 3255 734 3321 enim
749 3261 838 3322 vetat
851 3262 961 3320 actum
979 3253 1179 3330 intellectus,
1196 3255 1253 3338 qui
1267 3255 1309 3321 sit
1324 3257 1503 3339 speculatio
1518 3266 1644 3340 respectu
1717 3297 1718 3331 ,

547 3364 597 3430 sui
616 3363 734 3450 objecti
752 3381 790 3427 ac
804 3361 965 3436 veritatis,
983 3379 1083 3445 quarn
1100 3364 1355 3446 contemplatur,
1375 3363 1532 3430 rationem
1547 3365 1645 3430 habere

547 3472 655 3558 praxis
675 3477 821 3553 respectu
840 3470 972 3535 alterius
991 3477 1083 3535 actus
1101 3470 1248 3554 ejusdem
1269 3470 1471 3547 intellectus,
1492 3491 1644 3555 perquem

548 3579 712 3665 regulatus
730 3597 766 3642 ac
785 3576 927 3642 directus
947 3575 1026 3642 tuit?
1043 3578 1127 3642 Nam
1146 3575 1172 3642 si
1191 3587 1283 3644 actus
1300 3578 1480 3645 voluntatis
1508 3591 1562 3646 aut
1584 3580 1647 3642 alte·
1716 3569 1717 3625 l

542 3687 614 3753 ¹rius
632 3684 802 3770 potentiae,
824 3702 891 3750 non
910 3685 954 3750 ob
973 3681 1072 3759 aliud,
1094 3682 1154 3750 nisi
1173 3683 1250 3767 quia
1266 3683 1415 3769 dirigitur
1432 3705 1470 3752 ac
1489 3686 1644 3772 regulatur,

548 3802 584 3859 ut
607 3802 694 3858 recte
718 3801 920 3868 exerceatur,
952 3792 1058 3876 praxis
1077 3799 1143 3866 est,
1176 3791 1352 3859 fatentibus
1376 3792 1577 3874 adversariis;
1601 3811 1646 3858 cur

549 3919 614 3968 non
633 3900 693 3966 erit
708 3900 814 3984 praxis
832 3906 924 3965 actus
951 3900 1150 3974 intellectus,
1178 3900 1205 3966 si
1224 3899 1264 3965 ab
1292 3901 1354 3966 alio
1378 3902 1567 3983 praecedenti
1585 3918 1643 3966 nor·

549 4027 637 4074 mam
657 4006 806 4090 accipiat,
828 4015 865 4073 ut
884 4015 959 4090 apte
978 4006 1136 4091 ponatur?

616 4117 725 4199 ltaque
754 4132 821 4180 non
851 4133 989 4199 possum
1019 4133 1085 4179 non
1114 4113 1237 4188 mirari,
1257 4115 1345 4197 quod
1364 4115 1573 4199 gravissimus
1593 4115 1638 4184 vir,

549 4223 738 4289 Dominicus
761 4220 879 4298 Sotus,
906 4221 961 4304 qui
981 4221 1218 4305 precedentem
1238 4220 1325 4286 Scoti
1353 4222 1513 4288 rationem
1532 4223 1639 4288 inanem
1713 4285 1714 4332 1

549 4337 719 4416 putaverat
753 4327 818 4417 (2),
853 4330 938 4395 itanc
971 4330 1104 4395 alteram
1138 4329 1243 4415 magis
1275 4347 1347 4395 esse
1372 4329 1639 4396 commendandam
1713 4349 1714 4372 t

550 4439 726 4524 putaverit,
748 4457 789 4503 ex
812 4455 916 4521 eaque
941 4437 1084 4521 probari,
1114 4437 1203 4519 quod
1231 4435 1346 4522 logica
1373 4455 1439 4502 non
1466 4437 1509 4503 sit
1535 4433 1640 4503 scientia
1713 4419 1714 4505 l

584 4695 625 4756 (r)
662 4688 695 4747 S.
713 4689 830 4758 Thom.¹
846 4688 880 4744 de
898 4687 1040 4756 Veritate,
1055 4705 1085 4757 q.
1106 4705 1138 4758 14
1152 4699 1207 4746 art.
1224 4707 1251 4760 4.

586 4778 626 4842 tat
662 4777 778 4855 Logia,
793 4788 897 4850 quaest.
913 4796 941 4849 4.
957 4785 1071 4852 proaem,
1088 4795 1204 4850 paragr.
1216 4775 1312 4850 tertio,
1325 4775 1451 4837 Tandem
1462 4778 1610 4838 notandam.
