3492 5525
547 454 607 523 350
737 440 863 507 Luorcn
883 424 1134 527 illinon-Disce.
1160 452 1202 521 3.·
1224 440 1303 503 Cae.
1329 454 1399 521 pum

504 624 660 690 cendum.
672 623 753 690 lllud
767 625 811 692 ita
824 622 1007 702 conficitur,
1025 633 1061 690 ut
1075 641 1281 706 consequens
1296 623 1427 708 Majoris
1441 628 1632 689 assumatur
1734 636 1735 699 g

504 730 537 797 in
557 730 673 798 Minori
690 750 747 815 pro
761 733 972 799 antecedente
991 750 1049 798 seu
1065 730 1269 807 conditione,
1284 731 1372 795 unde
1384 728 1471 797 aliud
1488 728 1631 813 pendeat
1734 782 1735 789 .

379 828 383 836 ’
502 839 779 917 conditionatum,
800 859 837 905 ac
855 839 988 905 tandem
1014 838 1179 906 conclusio
1197 837 1358 919 confletur
1371 856 1417 902 ex
1440 835 1629 902 conditione
1734 826 1735 843 ¹

504 947 633 1031 Majoris
659 959 692 1013 et
710 947 933 1015 conditionato
956 946 1102 1013 Minoris.
1129 945 1323 1029 Exemplum
1340 943 1491 1009 dedimus
1509 960 1626 1027 supra:

503 1054 620 1137 Accipe
639 1055 742 1121 aliud:
755 1054 793 1121 Si
810 1055 904 1120 bruta
920 1055 1057 1121 dotorem
1072 1054 1222 1137 fugiunt,
1237 1054 1375 1119 dolorem
1392 1050 1542 1117 sentiunt.
1564 1051 1630 1116 Sed

500 1162 532 1227 si
550 1162 687 1228 dotorem
713 1162 866 1239 sentiunt,
887 1182 951 1229 non
973 1165 1052 1227 sunt
1069 1168 1154 1243 pura
1180 1163 1350 1227 autmnatc.
1379 1159 1458 1243 Ergo
1483 1159 1514 1224 si
1534 1159 1629 1225 bruta
1734 1144 1735 1231 J

500 1271 637 1335 dotorem
645 1269 796 1353 fugiunt,
812 1288 876 1335 non
888 1273 966 1335 sunt
973 1277 1055 1352 pura
1074 1272 1244 1335 autonntd.
1333 1316 1336 1325 .
1734 1272 1735 1361 j

287 1408 485 1469 „„,„„„„„
567 1375 666 1443 Porro
684 1376 920 1443 demonstratio
949 1374 1138 1463 hujusmodi
1164 1374 1432 1462 syllogismorum
1461 1372 1574 1440 nititur
1591 1372 1625 1439 in

499 1483 560 1549 hac
575 1485 688 1569 regula
705 1484 1014 1569 consequentiarum
1042 1482 1191 1569 superius
1216 1483 1367 1568 probata:
1395 1482 1560 1566 Quidquid
1576 1500 1627 1547 se·
1734 1474 1735 1539 l

497 1592 607 1677 quitur
631 1610 672 1659 en
697 1592 912 1677 consequenti,
948 1592 1089 1676 sequitur
1108 1591 1211 1684 etiam
1240 1610 1280 1656 ex
1305 1589 1508 1657 antecedenti.
1539 1588 1625 1655 llinc

497 1701 635 1767 enatum
654 1700 750 1765 illud:
772 1700 920 1766 Conditio
936 1699 1123 1766 conditionis
1140 1702 1188 1764 est
1201 1698 1337 1765 corrditio
1354 1685 1571 1763 conditionali.

556 1810 678 1875 'Posset
692 1819 827 1895 quoque
843 1808 905 1873 alio
920 1808 1019 1873 modo
1043 1806 1088 1873 sic
1101 1805 1244 1872 construi
1264 1804 1494 1892 syllogismus,
1511 1815 1549 1871 ut
1566 1803 1628 1869 Mi-

498 1933 558 1982 nor
567 1925 654 1982 esset
668 1914 913 1993 conditionalis,
929 1917 1023 2000 cujus
1037 1915 1233 1980 antecedens
1248 1918 1334 1979 esset
1348 1912 1482 1996 aliquid,
1499 1931 1540 1979 ex
1554 1930 1624 1996 quo

495 2032 714 2107 consequatur
732 2024 929 2089 antecedens
942 2021 1089 2109 Majoris,
1111 2030 1143 2087 et
1157 2020 1322 2087 conclusio
1335 2028 1423 2087 esset
1436 2020 1497 2085 alia
1509 2020 1625 2087 condi·
1734 2062 1735 2091 r

496 2129 636 2209 donatis,
656 2132 752 2215 cujus
777 2131 974 2199 antecedens
993 2140 1080 2198 esset
1104 2128 1192 2194 idern
1211 2128 1362 2210 Minoris3
1387 2135 1424 2192 ut
1449 2126 1562 2193 accidit
1586 2128 1623 2193 in

495 2240 557 2305 hoc
576 2240 743 2323 exemplo:
763 2238 803 2305 Si
822 2238 1020 2316 estanimal,
1040 2240 1088 2303 est
1107 2236 1228 2305 vivens.
1248 2234 1312 2301 Sed
1339 2234 1370 2301 si
1389 2238 1437 2300 est
1453 2234 1551 2309 bonu,
1576 2239 1628 2299 est

493 2346 626 2413 animat.
645 2348 724 2431 Ergo
736 2346 767 2411 si
778 2349 825 2411 cst
835 2346 939 2424 homo,
955 2348 1004 2411 est
1016 2346 1137 2411 vivens.

562 2454 656 2523 Ratio
674 2469 753 2521 vero
771 2463 822 2521 est
836 2455 950 2519 eadem
966 2455 1018 2519 lex
1031 2450 1288 2536 consequentia.

561 2560 605 2630 Ut
621 2563 728 2639 vides,
750 2564 812 2628 hoc
830 2564 969 2628 alterum
1001 2580 1107 2647 genus
1132 2558 1400 2626 conditionalium
1422 2557 1619 2625 affinitatem

493 2670 671 2755 quamdam
685 2678 794 2737 servat
807 2689 883 2736 cum
898 2669 1011 2745 Sorite,
1032 2670 1073 2737 de
1092 2687 1160 2753 quo
1180 2684 1274 2749 mox;
1297 2684 1356 2733 nec
1372 2666 1510 2733 liberum
1526 2684 1621 2750 pror-

492 2797 551 2846 sus
569 2788 619 2846 est
637 2778 784 2857 fallaciis,
807 2796 883 2862 quae
907 2778 1044 2862 irrepere
1061 2779 1145 2844 elam
1175 2784 1331 2862 possunt,
1358 2776 1439 2842 dum
1458 2775 1529 2840 aliae
1547 2775 1621 2842 aliis

491 2887 702 2953 innectuntur
720 2886 976 2970 consequentiae.
996 2887 1115 2970 Magna
1133 2903 1212 2971 ergo
1231 2882 1417 2950 adhibenda
1435 2891 1486 2950 est
1509 2883 1620 2950 cautio

491 2995 648 3062 adversus
667 2995 804 3062 latentes
827 3011 945 3060 omnes
972 2991 1247 3077 aequivocationes
1269 2999 1471 3075 caeterasque
1503 2971 1637 3074 sophi-‘

490 3111 616 3170 starum
632 3102 774 3168 fraudes.

745 3260 764 3351 ᾗ
788 3261 1096 3330 ll.-qu.ocrsnus
1119 3273 1350 3339 ulSJuucrlthS.
1458 3299 1462 3308 ·

343 3450 403 3508 oure
540 3423 612 3508 164.
660 3424 715 3492 Est
735 3424 804 3500 ille,
829 3425 885 3508 qui
913 3443 953 3490 ex
982 3421 1094 3508 majori
1123 3421 1345 3506 propositione
1367 3421 1562 3506 disjunctiva
1579 3433 1615 3490 et

298 3519 452 3581 ‘mill‘fim
490 3533 620 3609 minori,
635 3533 825 3600 continente
841 3551 941 3598 unam
958 3539 1083 3617 partem
1093 3527 1334 3614 disjunctionis,
1348 3529 1505 3613 reliquam
1515 3528 1616 3596 insert

488 3641 522 3708 in
540 3641 763 3708 conclusione.
779 3639 991 3724 Exemplum:
1012 3639 1125 3704 Petrus
1144 3641 1203 3704 aut
1220 3636 1366 3722 quiescit,
1385 3639 1613 3703 autmooetur.

487 3750 551 3817 Sed
567 3769 631 3816 non
648 3751 799 3818 movetur.
820 3748 898 3832 Erjo
911 3746 1052 3832 quiescit.
1073 3745 1117 3810 At
1136 3745 1210 3812 licet
1228 3743 1406 3829 propositio
1425 3744 1528 3830 major
1545 3744 1615 3810 dis-

483 3858 632 3943 junctiva
646 3864 755 3942 potest
769 3873 841 3923 esse
855 3855 945 3921 etde
964 3853 1180 3939 disjunctione
1197 3853 1359 3918 affirmata
1373 3851 1461 3918 etde
1476 3863 1611 3937 negata,

486 3966 592 4032 solam
620 3966 759 4049 primam
783 3962 835 4030 hic
863 3959 1119 4047 explicabimus,
1145 3979 1222 4027 narn
1250 3960 1350 4027 altera
1374 3966 1490 4044 utpote
1510 3959 1613 4027 nimis

486 4074 627 4142 obscura
645 4081 678 4138 et
696 4072 879 4156 implicata,
901 4069 1011 4137 minus
1030 4068 1128 4136 etiam
1148 4067 1296 4154 usurpari
1311 4069 1409 4134 solet.

333 4198 419 4258 nuptu
553 4180 698 4266 Duplicis
714 4180 843 4266 generis
860 4197 934 4246 esse
953 4185 1078 4263 potest,
1105 4186 1202 4263 prout
1228 4177 1331 4262 Major
1354 4176 1396 4242 sit
1413 4172 1612 4260 disjunctiva

278 4271 464 4330 ‘fffl‘m‘ww
485 4290 595 4359 stricte
608 4289 695 4356 dicta
708 4288 761 4353 vel
779 4304 888 4355 secus.
907 4286 1101 4370 Exemplum
1115 4283 1223 4370 primi:
1240 4283 1301 4350 Vct
1311 4282 1378 4350 dics
1391 4285 1514 4360 cst,ch
1528 4301 1610 4354 nox.

484 4399 550 4467 Sed
563 4396 632 4464 dies
648 4415 712 4469 nou
728 4399 785 4462 est.
801 4395 881 4479 Ergo
898 4397 947 4460 cst
957 4411 1034 4460 nox.
1050 4391 1247 4476 Exemplum
1262 4390 1407 4458 alterius:
1424 4389 1484 4458 Vct
1493 4390 1612 4458 Petrtu

484 4506 537 4572 vet
547 4505 669 4571 Paulus
681 4503 819 4570 mcdr'cus
834 4501 1032 4570 dutosimus
1044 4503 1103 4568 est:
1122 4499 1224 4584 Atqu
1234 4499 1348 4566 Petrus
1360 4517 1425 4566 non
1436 4500 1495 4574 est,
1509 4498 1613 4564 nedi-

484 4631 541 4680 cus
556 4611 765 4679 dutr'ssinm.
780 4611 860 4695 Ergo
875 4610 1010 4678 Pauus.
1026 4607 1123 4674 Nulla
1140 4607 1229 4673 enlm
1248 4614 1298 4672 est
1316 4605 1481 4692 oppositio
1499 4605 1532 4672 in
1552 4624 1607 4682 eo,

417 4707 439 4798 ἲ
484 4721 576 4812 quod
603 4728 743 4804 uterque
768 4718 869 4787 simul
888 4717 932 4786 sit
949 4714 1096 4784 medicus
1115 4713 1342 4782 doctissimus:
1368 4731 1470 4797 quare
1486 4729 1609 4785 sensus

1009 4792 1283 4822 m*

1163 4893 1358 4970 ffffwths
