3492 5525
559 440 619 528 478
660 444 785 511 Loorcx
799 446 1027 522 Minoa-Lm.
1048 448 1224 524 1.⁸·‚l)1sr›.
1243 462 1291 511 a·
1305 448 1384 513 Can.
1401 464 1476 511 am

519 635 608 715 quod
637 634 725 700 Deus
755 654 819 699 non
849 644 955 719 patret
983 636 1193 711 miraculum,
1215 636 1292 719 quia
1317 654 1521 719 quamquam
1549 636 1644 719 leges

519 741 662 826 physica
678 741 719 806 de
738 760 773 807 se
793 742 1017 809 determinatae
1030 752 1108 809 sunt
1127 743 1308 808 necessario
1327 743 1366 809 ad
1387 761 1512 819 unum,
1532 742 1643 806 adbuc

384 924 391 937 ⁹
517 855 627 912 tamen
665 848 822 933 suspendi
852 860 991 933 possunt
1019 851 1180 916 absolute.
1209 848 1297 915 idem
1325 849 1376 914 dic
1403 870 1422 914 a
1446 846 1569 914 fortiori
1594 848 1642 912 de

518 955 642 1019 motivo
675 956 805 1021 moralis
836 956 1054 1034 certitudinis,
1089 957 1180 1041 quod
1211 956 1310 1021 etiam
1338 957 1463 1040 absque
1482 956 1642 1021 miramio

518 1070 641 1145 potest,
663 1062 737 1131 licet
759 1062 951 1141 dificillime,
973 1065 1123 1131 delicere.

885 1348 1185 1423 ARTICULUS
1206 1348 1255 1422 Π.

549 1516 616 1580 De
631 1516 872 1579 existentia
887 1515 1173 1579 certitudinis
1189 1518 1351 1579 eontra
1362 1514 1612 1595 Sceptioos.

337 1700 465 1815 egessi
563 1726 615 1794 51.
663 1708 807 1793 Antiqua
843 1708 903 1775 luit
930 1728 967 1775 ac
995 1710 1130 1777 celebris
1156 1709 1272 1775 divisio
1302 1710 1573 1794 philosophorum
1602 1713 1638 1779 in

445 1788 456 1815 ι
513 1817 699 1901 amieos
717 1826 750 1883 et
767 1818 926 1901 scepticos.
947 1816 1129 1902 Dogmatici
1149 1816 1390 1885 contendebant
1407 1818 1559 1885 omnium
1584 1840 1641 1885 re·

514 1944 586 1995 turn
615 1934 736 1991 certant
764 1925 986 2010 cognitionem
1015 1926 1196 2010 comparari
1222 1925 1488 2010 posse;·sceptici
1518 1946 1598 1993 vero
1617 1949 1639 1993 e

511 2050 671 2100 converso
686 2034 806 2100 nullius
822 2034 865 2099 rei
878 2032 1094 2099 admittebant
1103 2032 1282 2100 scientiam.
1294 2032 1635 2118 Vtitetaerqtdbrudam,

511 2141 617 2227 inquit
631 2142 804 2225 Angelicus
822 2138 887 2229 (t),
909 2142 993 2225 quod
1012 2135 1132 2207 nullius
1150 2139 1199 2205 rei
1220 2140 1266 2205 sit
1277 2141 1420 2207 scientia.
1439 2141 1639 2222 Quibusdam

510 2252 613 2314 aubm
630 2248 765 2325 videtur,
780 2250 864 2333 quod
885 2250 932 2313 sit
947 2248 1090 2323 seientia,
1109 2252 1142 2314 et
1155 2250 1240 2332 quod
1258 2248 1399 2313 omnium
1413 2249 1515 2329 possit
1528 2248 1640 2315 baberi

510 2356 639 2423 scanne
645 2364 703 2439 per
715 2357 1018 2422 demonstrationem.
1033 2358 1186 2425 Neutrum
1199 2360 1302 2420 autem
1310 2356 1442 2421 uterum
1452 2360 1501 2420 est
1509 2374 1636 2422 verum.

578 2464 625 2529 De
652 2464 912 2549 dogmaticorum
947 2481 1055 2529 errore
1083 2463 1160 2528 nihil
1190 2472 1241 2529 est
1271 2480 1403 2529 necesse
1431 2464 1484 2529 bic
1512 2464 1636 2546 dicere3

511 2588 614 2639 unum
625 2572 796 2638 dumtaxat
809 2572 1069 2648 notabo,contra
1080 2571 1315 2636 nonnullorum
1325 2571 1518 2648 calumnias,
1531 2570 1641 2637 Scho-
1744 2627 1745 2632 ,

510 2680 638 2749 lasticos
665 2700 701 2745 ac
729 2679 957 2766 peripateticos
981 2680 1078 2766 longe
1108 2678 1252 2745 abluisse
1279 2678 1321 2744 ab
1348 2678 1408 2744 illa·
1423 2678 1563 2756 insania,
1597 2690 1639 2747 ut

509 2789 597 2855 tacite
613 2807 669 2875 per
688 2807 723 2854 se
741 2787 882 2871 quisque
900 2786 1019 2873 poterit
1034 2787 1126 2864 scire,
1148 2787 1174 2852 si
1191 2799 1339 2854 veterum
1354 2788 1484 2854 illorum
1503 2787 1640 2872 sapien-

508 2897 590 2962 tium
610 2895 778 2964 volumina
793 2896 870 2961 velit
895 2895 1058 2980 paulisper
1073 2891 1242 2982 tractare(
1270 2892 1294 2981 ).

575 3004 684 3087 ltaque
703 3003 869 3089 agendum
886 3002 979 3068 nobis
994 3003 1044 3066 bic
1057 3009 1107 3067 est
1121 3003 1333 3068 solummodo
1347 3003 1389 3067 de
1408 3002 1633 3086 scepticismo.

315 3126 349 3157 κε
376 3129 473 3159 ιωωυ·
575 3110 784 3194 Quamquam
812 3109 996 3174 incredibile
1019 3108 1168 3175 videatur
1185 3109 1325 3175 existere
1348 3111 1497 3194 potuisse
1524 3110 1640 3176 Philo·

507 3220 642 3303 sophus,
663 3219 718 3302 qui
738 3235 872 3283 omnem
892 3215 1119 3283 certitudinem
1135 3235 1171 3282 ac
1190 3217 1360 3283 scientiam
1380 3218 1503 3301 eripere
1520 3220 1637 3303 generi

508 3327 652 3392 humano
672 3326 867 3402 niterentur,
891 3343 956 3391 non
975 3325 1148 3391 defuerunt
1171 3325 1385 3391 nihilominus
1409 3325 1451 3391 ab
1473 3326 1639 3410 antiquis·

507 3432 590 3498 sima
609 3441 715 3509 aetate,
736 3433 792 3516 qui
813 3441 1040 3517 portentosum
1060 3433 1148 3498 bunc
1163 3451 1306 3518 errorem
1325 3431 1441 3498 acriter
1462 3433 1639 3517 pertinaci-

377 3573 397 3602 η
413 3575 433 3612 ο;
507 3551 620 3625 terque
640 3552 896 3626 propugnarent,
916 3540 1042 3621 sceptici
1059 3539 1214 3605 nimirum
1237 3548 1271 3604 et
1288 3539 1473 3608 mmai.

573 3649 796 3734 Scepticorum
838 3648 990 3732 princeps
1026 3655 1058 3710 et
1090 3646 1327 3731 antesignanus
1365 3648 1503 3714 babetur
1540 3648 1638 3716 eleus

506 3753 640 3842 Pyrrho,
663 3756 805 3841 primum
821 3756 937 3840 pictor,
953 3754 1027 3818 dein
1042 3771 1154 3818 comes
1172 3754 1346 3819 Alexandri
1366 3754 1479 3841 Magni
1492 3757 1526 3822 in
1538 3757 1638 3823 belii-

505 3879 542 3928 ca
560 3864 766 3948 expeditione
784 3860 847 3951 (3).
870 3863 929 3927 llic
942 3862 1017 3927 bina
1041 3861 1093 3926 illa
1112 3861 1265 3946 principia
1280 3861 1424 3929 Socratis
1442 3865 1631 3949 amplexus:

506 4035 771 4050 fl———n-

540 4117 580 4180 (r)
618 4111 682 4170 Lib.
699 4121 739 4170 a·
751 4113 911 4170 Posterior.
928 4111 992 4169 lect.
1006 4131 1033 4183 7.
1045 4108 1122 4168 Vide
1136 4109 1270 4172 Lactant.
1284 4112 1438 4184 Firmium,
1450 4114 1634 4173 Divinarum

503 4199 610 4270 instit„
625 4203 674 4260 lib.
694 4223 719 4276 3,
735 4223 797 4276 cap.
813 4203 841 4260 6.

538 4293 579 4356 (a)
616 4290 677 4350 Cir.
691 4290 723 4350 8.
739 4292 868 4350 Thomas
878 4289 949 4348 ibid.
963 4309 1029 4348 eum
1042 4288 1217 4358 Aristotele,
1234 4287 1369 4350 lactant.
1382 4291 1523 4352 Firmian.
1537 4293 1577 4353 ib.

538 4385 579 4452 (3)
615 4379 690 4438 Vide
705 4379 839 4453 superius
861 4380 938 4438 dieta
961 4378 992 4437 in
1007 4379 1269 4437 introductebnaad
1287 4381 1370 4439 univ.
1386 4382 1517 4452 Pliten,
1534 4405 1566 4442 n.
1581 4405 1633 4458 aq.

504 4467 621 4528 Semina
631 4483 728 4528 tamen
740 4469 922 4542 Scepticismi
932 4468 1033 4540 jecisse
1045 4467 1182 4526 videntur
1192 4467 1359 4528 Heraclitus
1373 4469 1633 4543 Ephesinusffifr.

503 4555 536 4616 S.
552 4557 607 4617 Th.
632 4579 654 4616 r.
672 4579 699 4631 p.
714 4579 743 4630 q.
759 4559 805 4632 84,
821 4581 847 4617 a.
869 4563 918 4628 a),
933 4571 962 4616 et
974 4557 1150 4629 Protagoras
1165 4556 1345 4616 Abderensis
1366 4559 1442 4627 (etr.
1459 4561 1578 4622 balmas
1600 4583 1635 4626 et

503 4646 591 4708 Card.
601 4645 744 4706 Gonzalez
756 4663 784 4708 et
796 4647 987 4706 Tennemann
1002 4647 1033 4704 in
1047 4647 1110 4704 suis
1124 4644 1261 4704 Historiis
1277 4643 1542 4722 Philosophiam
1554 4652 1637 4714 Gor·
1737 4682 1738 4731 p

502 4739 565 4814 gias
575 4737 737 4797 Leontinus
750 4738 808 4810 (ap.
821 4733 913 4796 Gonz.
928 4736 1012 4804 ibid.)
1737 4742 1738 4753 ¹
