3492 5525
583 471 642 553 336
771 469 898 537 moron
918 470 1167 537 Minore-Distu
1184 470 1236 553 ‘3.·
1257 468 1337 534 Cur.
1361 486 1435 533 μ’

540 660 699 729 strantur,
721 664 758 721 ut
774 654 972 723 videbimus.
988 653 1069 721 «2⁰
1081 652 1158 738 quia
1171 661 1222 721 est
1239 652 1515 720 sufficientissima
1528 652 1571 719 ad
1591 672 1668 737 pro-

539 759 664 827 bandus
681 780 799 829 omnes
815 762 1057 839 conclusiones,
1074 760 1282 846 particulares
1296 769 1329 829 et
1345 759 1562 836 universales,
1578 759 1668 825 affir-

541 868 678 935 mativas
696 878 730 935 et
748 871 933 956 negativas,
953 889 1029 937 cum
1045 870 1188 937 secunda
1200 869 1305 955 ligura
1317 888 1384 935 non
1404 868 1508 953 possit
1526 867 1666 953 probare

539 976 640 1041 ullam
659 975 909 1055 affirmativam,
929 976 1023 1045 tertia
1042 995 1108 1043 non
1129 976 1233 1061 possit
1251 976 1389 1062 probare
1414 976 1514 1041 ullam
1533 975 1667 1041 univer-

538 1083 687 1159 satem.»
704 1085 989 1168 quemadmodum
1010 1092 1099 1170 patet
1126 1104 1167 1151 ex
1194 1085 1265 1151 sola
1292 1084 1527 1151 versiculorum
1553 1081 1667 1167 inspe-

538 1189 658 1256 ctione.
679 1201 757 1279 «39
775 1194 852 1275 quia
870 1192 969 1259 habet
984 1194 1161 1277 perfectam
1181 1190 1411 1259 rectitudinem
1427 1200 1461 1257 et
1479 1190 1666 1256 naturalita-

538 1309 607 1365 tem
627 1299 719 1366 ineo
737 1300 897 1378 termino,
917 1300 973 1383 qui
992 1318 1059 1367 non
1077 1308 1186 1384 potest
1203 1318 1360 1383 occupare
1378 1298 1529 1365 eamdem
1548 1296 1663 1365 sedem

538 1405 571 1472 in
590 1406 810 1490 praemissis»
830 1426 933 1493 quam
947 1408 1046 1473 habet
1065 1408 1097 1474 in
1112 1407 1332 1475 conclusione.
1353 1412 1432 1488 «4⁰
1443 1405 1518 1490 quia
1533 1404 1663 1471 medius

537 1514 715 1592 terminus,
731 1514 830 1581 etiam
850 1515 1031 1600 positione,
1058 1522 1109 1583 est
1130 1515 1259 1582 medius
1278 1513 1362 1581 inter
1376 1516 1484 1599 majus
1501 1521 1534 1579 et
1552 1513 1665 1595 minus

537 1631 740 1703 extremum3
761 1632 811 1689 est
830 1622 918 1689 enim
934 1640 1001 1688 uno
1015 1632 1165 1689 extremo
1181 1623 1304 1698 minor,
1324 1622 1400 1705 quia
1419 1620 1464 1687 illi
1477 1620 1661 1707 subiicitur,

537 1738 570 1794 et
587 1736 639 1794 est
656 1729 757 1796 altero
776 1731 895 1815 major,
915 1729 994 1813 quia
1012 1730 1053 1796 de
1072 1731 1127 1796 illo
1146 1730 1363 1815 praedicaturo
1384 1726 1450 1817 (r).
1475 1727 1562 1795 Nihil
1581 1746 1663 1813 ergo

538 1834 657 1902 mirum
675 1836 703 1902 si
722 1836 825 1921 prima
840 1836 946 1923 ligura
964 1838 1007 1904 sit
1024 1838 1123 1903 etiam
1142 1836 1293 1903 omnium
1314 1835 1592 1921 frequentissima.

602 1943 818 2013 «Secundum
837 1946 947 2011 locum
966 1944 1093 2013 obtinet
1111 1945 1255 2012 secunda
1284 1943 1409 2029 figura,
1428 1962 1502 2027 quae
1526 1950 1663 2027 praestat

535 2051 639 2118 tertiae
659 2052 820 2138 praecipue
838 2071 880 2119 ex
903 2072 960 2131 eo,
981 2052 1057 2136 quia
1084 2049 1224 2137 possunt
1243 2070 1301 2135 per
1318 2052 1405 2118 illam
1434 2048 1562 2134 probari
1579 2068 1663 2117 con-

534 2159 698 2227 clusiones
718 2160 934 2239 universales,
954 2172 1054 2245 atque
1077 2160 1158 2227 adeo
1182 2159 1384 2237 scientifice,
1404 2177 1481 2225 cum
1510 2176 1568 2242 per
1595 2169 1665 2225 ter-

524 2266 614 2334 tiam
647 2267 826 2352 probentur
857 2270 937 2335 solae
974 2268 1196 2352 particulares,
1236 2286 1311 2352 quae
1342 2286 1408 2333 non
1441 2273 1520 2333 sunt
1552 2265 1663 2331 scien-

535 2374 668 2441 tincae.»

602 2481 774 2549 «Tertium
794 2483 903 2549 locum
922 2482 1050 2549 obtinet
1067 2483 1160 2549 tertia
1183 2480 1303 2568 figura:
1325 2492 1479 2565 quartum
1504 2480 1662 2548 videntur

535 2608 691 2675 occupare
707 2590 796 2657 modi
810 2590 956 2657 indirecti
970 2586 1105 2677 (primae
1118 2589 1233 2675 srgurae
1242 2588 1268 2677 ),
1281 2590 1358 2675 quia
1377 2608 1443 2657 non
1457 2591 1663 2659 concludunt
1730 2678 1731 2681 Ἴ

536 2716 689 2783 perse.»
1730 2688 1731 2691 ’

603 2806 675 2872 «Ex
695 2806 802 2873 modis
829 2805 1083 2891 perfectissimus
1113 2815 1164 2872 est
1188 2806 1347 2883 Barbara,
1374 2823 1450 2872 nam
1470 2805 1550 2874 nulli
1572 2807 1663 2874 cedit

535 2913 713 2990 evidentia,
743 2925 776 2981 et
801 2933 917 2981 omnes
944 2913 1043 2980 vincit
1072 2913 1258 2998 praestantia
1290 2912 1526 2991 conclusionis,
1556 2933 1660 2998 quam

535 3022 663 3107 probat.
683 3020 879 3089 Universalis
905 3022 992 3088 enim
1020 3019 1214 3088 affirmativa
1239 3029 1289 3086 est
1316 3022 1483 3088 conclusio
1512 3021 1661 3088 maxime
1729 3003 1730 3040 ¹

534 3128 724 3210 scientifica3
745 3130 885 3213 ideoque
904 3147 1021 3194 omnes
1038 3127 1197 3204 seientiae,
1209 3147 1246 3194 ac
1257 3127 1435 3213 praesertim
1448 3130 1662 3196 mathemati-

534 3255 597 3313 cae,
609 3237 675 3302 lere
685 3255 816 3322 semper
827 3243 1097 3322 argumentantur
1115 3235 1148 3302 in
1166 3237 1323 3303 Barbara.
1336 3236 1400 3303 Sed
1419 3237 1505 3303 sicut
1523 3235 1660 3303 univer-

453 3406 457 3411 .
533 3345 609 3412 salis
622 3343 814 3412 affirmativa
828 3355 879 3412 est
893 3343 1141 3429 perfectissima,
1163 3345 1206 3411 ita
1225 3355 1275 3413 est
1293 3343 1482 3411 difficillima
1501 3343 1657 3429 probatu,
1728 3326 1729 3347 ¹

533 3471 610 3520 cum
639 3453 793 3537 probetur
824 3471 883 3537 per
912 3451 1046 3519 unicum
1076 3452 1232 3528 modum,
1265 3449 1414 3518 lacillima
1441 3450 1656 3536 impugnato,

532 3580 608 3628 cum
635 3561 846 3648 impugnetur
873 3578 931 3644 per
964 3577 1083 3626 omnes
1115 3560 1232 3628 modos
1260 3557 1447 3645 negativos,
1486 3558 1542 3643 qui
1574 3570 1657 3627 sunt
1727 3595 1728 3653 l

509 3668 728 3734 tredecim.»
1052 3755 1055 3762 Ι

600 3775 796 3843 «Secundus
813 3783 865 3842 est
883 3773 1043 3854 Celarent,
1070 3775 1128 3860 qui
1151 3775 1267 3860 probat
1283 3773 1461 3841 clarissime
1488 3773 1661 3842 universa·

533 3885 598 3950 lem
615 3883 817 3968 negativam,
838 3901 913 3968 quae
932 3884 1114 3952 secundum
1141 3884 1251 3951 locum
1278 3881 1405 3949 obtinet
1422 3882 1507 3948 inter
1524 3885 1660 3950 conclu·
1726 3921 1727 3958 r

533 3992 644 4059 siones
662 3991 870 4059 scientificus:
892 3999 925 4056 et
944 3993 1017 4058 huic
1044 3989 1159 4058 affines
1177 3999 1255 4059 sunt
1274 3989 1447 4058 Cameslrcs
1464 4000 1497 4082 et
1526 3988 1656 4058 Cesare.

534 4099 710 4167 Conclusio
726 4096 917 4166 universalis
937 4097 1087 4185 negativa
1110 4099 1265 4184 probatur
1282 4117 1340 4183 per
1358 4109 1499 4183 quatuor
1517 4099 1655 4176 modos,
1725 4175 1726 4194 χ

533 4208 751 4294 impugnatur
769 4225 826 4290 per
844 4225 962 4273 omnes
980 4206 1229 4274 affirmaturos.»
1725 4201 1726 4214 ³

602 4314 756 4384 «Tertius
781 4321 833 4381 est
858 4313 972 4392 Darii,
999 4313 1142 4400 probans
1160 4313 1385 4399 particularem
1409 4315 1654 4396 affirmativam,

534 4441 609 4508 quae
629 4419 756 4507 probari
784 4430 895 4506 potest
921 4439 980 4489 sex
1017 4421 1123 4488 modis
1151 4430 1184 4488 et
1211 4422 1396 4508 impugnari
1426 4441 1483 4509 per
1512 4431 1657 4508 quatuor
1724 4495 1725 4512 χ

533 4530 766 4598 concludentes
785 4527 1010 4598 universaliter
1029 4529 1216 4616 negative.»
1724 4513 1725 4568 l

537 4701 789 4721 m

568 4765 610 4835 (r)
647 4765 682 4824 Ρ.
698 4761 828 4837 Sylvcet.
843 4759 956 4833 Mauri,
970 4759 1113 4822 Summui.
1128 4779 1192 4834 cop.
1209 4779 1252 4837 55.
