3492 5525
560 496 618 560 242
749 476 875 542 Locren
895 475 1142 540 Minoe-Drsr.
1166 489 1209 538 2.'
1231 475 1311 538 Cre.
1346 489 1415 538 hum

520 675 603 732 sam,
623 677 657 726 v.
676 677 712 743 g.
730 658 785 726 Sic
800 676 856 723 vos
872 675 935 723 non
949 657 1050 724 vatris:
1068 657 1292 737 Limrdocim
1310 655 1348 724 Si
1364 673 1416 739 ego
1432 656 1535 720 Deum
1547 673 1635 720 enra-

412 789 418 800 ·
518 782 599 844 rem‚·
615 764 670 830 ttte
685 775 737 848 ego
761 765 818 850 ani
832 768 1030 850 quondam...
1050 763 1190 830 Perfecta
1208 771 1259 829 est
1275 782 1350 847 quae
1369 779 1503 829 sensum
1530 761 1635 826 reddit

519 873 719 954 completum
750 891 787 937 ac
813 874 1007 956 perfectum,
1037 880 1089 937 ut:
1118 872 1217 937 Homo
1243 873 1292 936 est
1312 870 1436 936 emineat
1464 869 1634 936 rationale:

518 979 630 1043 Petrru
646 979 762 1060 currit·
778 980 831 1044 vir
847 979 989 1045 obediens
1007 981 1149 1063 loquetur
1164 977 1324 1043 vutorras.

319 1116 492 1162 pmomh
586 1085 726 1150 Perfecta
743 1085 959 1152 subdividitur
977 1086 1009 1151 in
1028 1085 1254 1152 enuntiativam
1266 1093 1299 1149 et
1317 1102 1378 1148 non
1395 1083 1632 1150 enuntiativam.

345 1185 472 1245 rmmtffi·
520 1191 632 1257 Oratio
650 1193 848 1259 enuntiativa
865 1211 924 1259 seu
942 1193 1115 1259 enuntiatio
1134 1201 1195 1268 est,
1221 1210 1294 1274 quae
1312 1210 1426 1257 verum
1445 1192 1496 1256 vel
1517 1192 1634 1256 salsum

519 1297 689 1382 significat.
720 1299 775 1364 Ut:
805 1301 919 1366 Petrus
940 1303 986 1366 est
1005 1301 1125 1382 dorice·
1143 1299 1217 1366 vitis
1232 1299 1302 1383 sert
1326 1297 1546 1364 suavissimum
1566 1297 1637 1373 frn-

517 1408 613 1473 ctnm.
627 1405 701 1471 Non
719 1407 918 1473 enuntiativa
933 1415 998 1481 est,
1014 1425 1088 1489 quae
1108 1425 1222 1472 verum
1245 1407 1295 1470 vel
1314 1406 1432 1472 falsum
1457 1423 1522 1470 non
1541 1405 1638 1488 signi-

518 1511 603 1578 ficat:
617 1519 651 1577 et
664 1513 879 1579 subdividitur
892 1514 925 1578 in
939 1514 1123 1588 vocativam,
1139 1513 1401 1596 interrogativum,
1417 1512 1458 1576 ad
1472 1530 1570 1594 quam
1585 1530 1636 1575 re·

518 1627 651 1684 vocatur
668 1639 709 1684 ex
725 1620 766 1686 D.
778 1619 904 1687 Thomu
922 1621 1108 1696 dubitativa,
1124 1620 1340 1702 imperativam
1353 1628 1386 1683 et
1396 1619 1634 1700 deprecativam,

518 1726 677 1809 adquam
697 1745 737 1791 ex
755 1727 870 1793 eodem
890 1727 1044 1810 angelico
1063 1727 1169 1792 reduci
1190 1735 1297 1810 potest
1310 1726 1459 1807 optativa.
1474 1725 1638 1790 Vocativae

518 1833 561 1897 sit
578 1834 778 1916 exemptum:
796 1834 827 1900 0
846 1853 899 1900 ros
916 1853 1036 1910 omnes,
1056 1833 1113 1918 qui
1129 1833 1272 1899 transitis
1286 1841 1344 1915 per
1361 1834 1446 1898 viam
1462 1829 1526 1918 (1).
1543 1832 1638 1898 inter·

518 1939 682 2023 rogativae:
696 1941 844 2017 Domine,
858 1941 936 2025 quid
948 1959 996 2006 me
1009 1941 1190 2026 disfacere?
1199 1937 1263 2026 (2);
1277 1940 1483 2024 imperativo:
1499 1942 1632 2026 Lauare,

516 2046 590 2111 veni
606 2046 700 2130 sores
725 2045 790 2133 (3);
820 2047 1041 2131 deprecartvae:
1067 2048 1216 2114 Miserere
1242 2047 1313 2122 mei,
1344 2049 1442 2124 Deus,
1466 2049 1638 2112 secundam

517 2171 665 2236 magnom
681 2152 927 2220 misericordiam
945 2159 1031 2220 daem
1046 2152 1110 2241 (4);
1124 2154 1286 2238 optativae:
1311 2154 1440 2220 Utinam
1456 2154 1640 2236 dirigantur

517 2261 577 2324 vio
594 2279 670 2326 nuce
694 2263 738 2326 ad
759 2262 976 2328 custodiendas
994 2261 1232 2348 justpicatrones
1250 2265 1320 2326 treas
1344 2258 1407 2346 (5);
1435 2261 1635 2326 dubitativae:

517 2367 566 2433 Ne
573 2368 659 2452 sorte
670 2369 951 2453 peccaverintsitii
963 2369 1023 2434 mei
1039 2364 1103 2454 (6).

584 2473 678 2540 Ratio
696 2475 794 2559 hujus
821 2475 990 2542 divisionis
1017 2476 1084 2541 heec
1111 2475 1254 2540 redditur
1281 2474 1321 2539 ab
1345 2473 1519 2557 Aquinate:
1551 2473 1637 2556 Quia

518 2581 690 2647 intettectns
706 2583 759 2646 oet
774 2584 856 2648 ratio
872 2601 936 2648 non
954 2585 1054 2648 sotum
1076 2583 1211 2664 concepit
1229 2581 1264 2646 in
1281 2581 1380 2664 seipso
1397 2583 1557 2648 veritatem
1574 2584 1634 2658 rei,

517 2691 572 2754 sed
590 2691 622 2754 et
635 2691 679 2754 ad
695 2689 764 2770 ores
780 2688 913 2773 officium
925 2689 1061 2773 pertinet
1075 2692 1243 2756 seeundum
1265 2707 1363 2756 suum.
1378 2694 1553 2771 conceptum
1569 2691 1638 2754 atta
1732 2780 1733 2783 Ἴ

517 2796 650 2880 dingere
662 2802 696 2863 et
708 2798 875 2878 ordinare;
894 2798 962 2863 ideo
978 2816 1098 2863 neeesse
1106 2796 1192 2881 suit,
1205 2800 1288 2882 quod
1304 2798 1389 2863 sieut
1398 2805 1456 2878 per
1467 2796 1639 2862 enuntiati·
1732 2784 1733 2797 ¹

517 2922 590 2968 vam
599 2905 769 2970 oratorem
778 2904 973 2989 significatur
986 2906 1049 2986 ipse
1060 2904 1170 2969 mentis
1181 2908 1358 2987 conceptus,
1376 2905 1420 2969 ita
1433 2904 1527 2969 etiam
1537 2910 1642 2969 essent

456 3009 632 3125 Uatiena
648 3012 721 3076 atine
737 3011 892 3077 orationes
911 2994 1275 3109 signisr'aantes[ordinem
1292 3012 1439 3088 rationis,
1467 3015 1639 3077 secundum

456 3064 604 3201 2⁵¹quem
617 3118 684 3183 atria
700 3102 896 3203 diriguntufi
914 3118 1074 3203 Dirigitur
1084 3122 1187 3185 auum
1201 3137 1240 3184 ex
1257 3120 1378 3185 ratione
1391 3120 1487 3185 unius
1504 3119 1640 3185 hominis

515 3224 600 3289 otius
613 3225 701 3289 tomo
712 3227 756 3290 ad
773 3226 853 3291 tria:
868 3224 972 3307 primo
988 3226 1111 3310 quedem
1123 3228 1168 3291 ad
1183 3228 1402 3291 attendendum
1414 3230 1528 3304 mente,
1548 3232 1579 3293 et
1593 3233 1641 3293 at

516 3330 570 3397 boc
581 3332 715 3413 pertinet
723 3333 864 3397 vocativa
877 3333 991 3399 oratio:
1001 3334 1134 3397 secundo
1144 3335 1187 3397 ad
1198 3335 1443 3413 respondendnm
1453 3352 1535 3413 voce,
1551 3339 1583 3399 et
1592 3340 1640 3399 ad

516 3439 571 3503 troc
580 3439 717 3520 pertinet
730 3439 972 3522 interrogativas
986 3438 1076 3505 tertia
1089 3442 1133 3505 ad
1144 3441 1352 3523 emqnnrdnm
1369 3441 1404 3505 in
1421 3448 1529 3523 opere,
1548 3446 1580 3509 et
1592 3448 1640 3509 ad

516 3546 570 3610 troc
578 3546 729 3627 pertimt,
739 3552 891 3632 qnantum
904 3548 948 3612 ad
963 3546 1139 3631 inpriores,
1154 3546 1254 3614 oratio
1272 3547 1470 3629 imperativa,
1485 3553 1639 3633 quandem

513 3656 615 3719 enum
627 3656 671 3718 ad
682 3654 870 3735 superiores,
882 3654 981 3719 oratio
989 3653 1181 3735 deprecativa
1191 3705 1199 3730 ,
1211 3656 1254 3719 ad
1264 3672 1357 3739 qrrom
1368 3656 1528 3723 reducitur
1536 3660 1640 3725 oratio

514 3760 667 3840 optativa,
686 3762 761 3844 qur'u
779 3764 919 3843 respectu
931 3760 1099 3842 superioris
1118 3762 1204 3825 homo
1216 3779 1280 3825 nore
1296 3762 1385 3827 babet
1397 3762 1461 3827 vim
1475 3765 1637 3845 mmmm,

515 3867 580 3932 nisi
587 3873 647 3949 per
658 3868 884 3949 expressionem
896 3868 949 3933 sni
960 3868 1119 3935 desiderii.
1133 3867 1219 3951 Quia
1232 3868 1327 3953 igitur
1339 3870 1407 3935 istae
1419 3874 1552 3954 qnamor
1564 3891 1641 3939 ora-

515 3973 609 4039 tionis
620 3974 734 4056 speeies
744 3994 807 4040 non
820 3974 1008 4059 significant
1018 3974 1119 4057 ipsum
1131 3980 1308 4057 conceptum
1322 3977 1510 4056 intellectus,
1526 3979 1561 4044 in
1575 3998 1641 4064 quo

513 4083 562 4145 est
575 4098 684 4145 verum
704 4083 755 4146 vet
761 4081 899 4166 sotrum,
920 4084 976 4147 sed
987 4084 1150 4166 quemdam
1167 4085 1310 4152 ordinem
1323 4088 1366 4151 ud
1383 4088 1437 4153 troc
1451 4106 1641 4174 consequen·
1728 4106 1729 4109 ’

549 4298 590 4359 (ι)
627 4294 754 4354 Hierem.
773 4296 911 4355 Threnor.
926 4318 988 4371 cop.
1008 4321 1136 4371 1‚v.1a.

549 4383 591 4453 (η)
626 4384 979 4458 nct.Ap0st.c.0‚v.6.

548 4477 589 4543 (3)
625 4470 899 4546 Evang.10ann.e.
919 4500 960 4548 rr,
976 4500 1004 4539 v.
1023 4500 1068 4554 43.

549 4566 590 4631 (4)
627 4560 888 4638 Psalm.5o‚v.r.

548 4654 589 4721 (5)
627 4648 736 4710 Psalm.
758 4654 861 4725 118‚v.
879 4674 906 4731 5.

548 4739 591 4811 (6)
625 4738 690 4809 Job.
706 4762 731 4800 e.
751 4764 774 4801 1.
791 4763 820 4803 v.
837 4762 865 4819 ς.
