3492 5525
328 424 447 487 Anrrc.
473 420 1050 504 3.1¹⁸Socvunrunorarrcucrares
1150 439 1209 503 707

194 606 298 682 Reep.
319 600 392 665 dist.
418 600 531 686 Major.
547 598 667 667 Saltem
688 590 991 678 fundamentaliter,
1010 621 1111 687 conc,
1131 602 1251 667 forma-

123 706 214 784 liter,
233 708 381 790 subdist.;
401 708 462 776 nisi
480 710 543 773 tale
556 708 615 783 sit,
636 718 672 773 ut
690 710 731 775 ab
750 710 820 793 ipsa
838 708 907 775 freti
926 709 1061 785 debeat,
1076 728 1180 788 conc„
1200 729 1252 776 se-

122 833 202 889 cus,
223 834 293 898 neg.

194 922 352 988 Minorem
385 942 518 1015 quoque
545 924 716 1009 distinguo.
747 924 936 993 Universale
965 924 1251 991 fundamentaliter

123 1047 184 1095 seu
205 1030 425 1109 materialiter,
446 1049 547 1105 conc„
569 1032 748 1099 universale
763 1032 941 1098 formaliter
956 1040 988 1097 et
1003 1039 1166 1115 quatenus
1180 1034 1253 1100 uni-

124 1139 266 1215 versale,
282 1137 430 1218 subdist.,·
442 1147 492 1204 est
506 1139 669 1223 objectum
689 1140 778 1224 quod
798 1138 836 1203 frt
854 1139 925 1224 ipsa
938 1138 1122 1206 intellectus
1137 1160 1251 1225 opera·

125 1245 234 1320 tione,
249 1263 350 1321 conc„
371 1246 461 1329 quod
475 1246 698 1331 cognoscitur,
715 1248 833 1314 iterum
848 1248 941 1328 dist.,·
955 1265 1012 1331 per
1026 1256 1134 1313 actum
1150 1249 1251 1313 direc-

125 1360 219 1428 tum,
239 1370 325 1436 neg„
345 1371 402 1436 per
417 1352 590 1429 reflexum,
611 1372 698 1419 conc.
1073 1425 1077 1429 Α

196 1459 267 1525 Duo
288 1478 430 1545 namque
444 1469 521 1527 sunt
540 1461 573 1525 in
593 1461 784 1537 universali,
803 1470 918 1527 natura
931 1461 1018 1545 ipsa,
1038 1480 1129 1544 quae,
1151 1460 1252 1527 instar

127 1568 273 1634 materiae
292 1567 377 1633 circa
394 1586 504 1652 quam,
535 1568 686 1652 praecedit
713 1578 823 1638 actum
840 1567 1006 1653 'potentiae
1032 1568 1248 1646 intellectiva,

126 1684 162 1741 et
180 1677 285 1739 forma
303 1675 569 1753 universalitatis,
591 1695 665 1759 quae
684 1694 768 1761 opus
783 1678 902 1743 mentis
920 1688 982 1743 est.
1011 1676 1104 1743 Unde
1123 1677 1252 1744 univer·

125 1764 194 1847 sale
209 1782 384 1849 formaliter
399 1783 658 1860 consideratum,
679 1802 738 1850 seu
759 1792 856 1867 prout
874 1786 954 1861 tale,
975 1784 1014 1849 frt
1031 1786 1072 1850 ab
1086 1784 1251 1850 intellectu

125 1908 186 1974 per
196 1892 417 1975 operationem
428 1891 582 1956 directam
598 1900 631 1956 et
644 1890 861 1976 praecisivam,
878 1900 915 1956 ut
927 1912 1007 1959 mox
1021 1892 1251 1958 declarandum

126 2006 196 2073 est,
208 2018 244 2063 ac
253 1998 370 2063 deinde
381 2000 534 2083 cognosci
545 1998 643 2064 etiam
655 2010 764 2084 potest
776 2018 833 2085 per
844 2008 955 2066 actum
965 1999 1065 2065 alium
1079 2000 1254 2078 reflexum,¹

125 2126 196 2193 quo
216 2124 310 2172 mens
324 2108 564 2190 contemplatur
583 2126 666 2191 opus
682 2126 794 2183 suum,
812 2108 967 2174 nimirum
991 2118 1140 2177 naturam
1157 2117 1253 2192 prout

126 2215 336 2280 abstractam.

175 2326 336 2390 loetabie.
384 2322 586 2400 intellectus,
604 2330 640 2387 ut
654 2323 780 2405 quaevis
793 2323 854 2389 alia
869 2324 1004 2389 facultas
1017 2322 1249 2399 intentionalis,

128 2430 208 2496 nihil
236 2428 333 2495 efficit
356 2429 437 2493 circa
468 2430 633 2514 objectum
664 2447 781 2505 suum,
808 2450 867 2496 nec
893 2431 1028 2514 proinde
1047 2439 1156 2515 potest
1174 2430 1252 2497 illud

84 2520 95 2541 ⁸
127 2540 321 2613 immutare,
338 2555 414 2603 cum
434 2546 588 2620 operetur
607 2536 837 2605 immanenter.
860 2537 924 2603 Sed
941 2550 1054 2607 natura
1069 2550 1119 2606 est
1138 2539 1252 2622 singu·

127 2645 205 2711 laris
224 2654 298 2709 ante
318 2645 480 2710 actionem
504 2643 601 2709 illius.
624 2643 708 2729 Ergo
724 2643 898 2730 singularis
917 2664 1051 2729 quoque
1072 2645 1253 2711 remanebit

127 2763 207 2839 post
229 2744 418 2820 intellectus=
441 2750 683 2836 operationem,
713 2764 811 2836 atque
837 2754 919 2821 adeo
950 2755 1041 2822 nefas
1069 2763 1120 2821 est
1147 2753 1252 2821 dicere

128 2861 312 2928 universale
327 2859 395 2924 lieri
414 2860 455 2925 ab
474 2859 654 2926 intellectu.

198 2975 303 3052 Resp.
327 2967 401 3034 dist.
429 2967 542 3052 Major.
562 2967 647 3034 Nihil
668 2967 859 3054 physicum,
882 2969 965 3034 reale
983 2979 1082 3052 atque
1102 2967 1253 3034 intrinse-

127 3097 225 3153 cum,
242 3095 343 3152 conc„
361 3073 572 3141 intentionale
591 3081 688 3156 atque
708 3075 944 3152 extrinsecum,
960 3095 1032 3160 neg.
1048 3072 1131 3142 Nam
1148 3077 1252 3142 forma

128 3181 381 3251 universalitatis
398 3182 432 3247 in
456 3189 571 3247 natura
595 3193 731 3248 nonest
750 3183 810 3248 nisi
839 3202 929 3249 mera
956 3183 1180 3250 denominatio
1198 3203 1254 3250 ex·

126 3293 282 3361 trinseca.
304 3291 348 3357 lta
367 3290 464 3356 etiam
492 3307 511 3353 a
534 3289 676 3366 visione,
702 3309 775 3373 quae
800 3289 878 3356 nihil
905 3291 997 3375 ponit
1020 3293 1201 3358 extrinsece
1219 3291 1253 3357 in

128 3400 275 3485 objecto,
297 3397 402 3483 paries
421 3403 557 3463 vocatur
576 3397 678 3463 visus.
699 3395 823 3474 Quare,
846 3398 920 3465 licet
939 3408 1054 3466 natura
1072 3417 1202 3482 semper
1219 3399 1252 3464 in

128 3527 168 3575 se
187 3504 358 3592 singularis
377 3513 562 3580 remaneat,
590 3504 628 3569 m
650 3513 761 3570 tamen
785 3505 995 3583 universalis,
1026 3517 1122 3592 prout
1147 3506 1253 3572 estin

128 3617 310 3684 intellectu.

178 3729 286 3806 Oblic.
309 3729 358 3788 2.⁰
404 3719 438 3785 Si
459 3728 572 3786 natura
590 3720 682 3786 fieret
708 3739 773 3786 una
799 3739 855 3805 per
881 3722 1104 3806 operationem
1127 3718 1255 3786 intelle-

127 3840 221 3907 ctus,
250 3836 441 3913 sequeretur
457 3827 564 3906 illam,
586 3835 683 3911 prout
708 3828 876 3913 cognitam
895 3848 954 3914 per
971 3827 1142 3896 distinctos
1160 3836 1254 3894 actus

128 3939 336 4006 diversorum
369 3935 560 4012 hominum,
596 3935 663 4001 fore
702 3935 930 4020 multiplicem.
965 3935 999 4002 ld
1030 3955 1109 4002 vero
1142 3935 1256 4004 absur-

128 4048 214 4113 dum
233 4055 296 4112 est.

200 4153 302 4237 Major
329 4159 429 4235 patet.
459 4149 544 4228 Quia
569 4150 780 4235 multiplicata
812 4153 918 4217 forma
946 4149 1045 4219 dante
1078 4149 1253 4230 unitatem,

131 4279 265 4328 necesse
283 4269 345 4336 est,
366 4258 434 4343 ipsa
453 4275 588 4342 quoque
607 4259 713 4324 unitas
730 4258 973 4342 multiplicetur.
988 4261 1057 4340 lam
1072 4277 1149 4324 vero
1156 4259 1255 4344 juxta

133 4387 196 4435 nos
214 4367 322 4435 unitas
342 4365 532 4433 universalis
552 4365 698 4449 procedit
716 4385 756 4433 ex
772 4385 823 4444 eo,
838 4368 928 4449 quod
941 4367 1113 4450 multiplex
1128 4367 1257 4433 realiter

131 4488 249 4542 natura
266 4474 362 4540 unico
382 4472 507 4539 formali
531 4481 691 4557 conceptu
719 4472 979 4558 aprehendatur,
1004 4473 1144 4558 praecisis
1163 4474 1257 4538 difle-

132 4583 262 4661 remiis,
279 4601 336 4668 per
354 4599 435 4665 quas
454 4599 472 4645 a
489 4589 580 4664 parte
599 4579 643 4646 tei
657 4580 872 4647 diversificata
888 4581 1058 4666 reperitur.
1075 4581 1159 4667 Ergo
1173 4581 1257 4648 sicu't

132 4689 346 4778 multiplicata
374 4689 498 4756 unitate
526 4684 731 4767 individuali,
758 4688 991 4777 multiplicatur
1011 4700 1124 4757 natura
1142 4689 1258 4756 indivi-
