3492 5525
206 469 324 534 Aurio.
341 484 401 535 iit·
414 468 537 536 Uitori
550 488 650 533 nitrio
665 488 801 534 nourrii
814 486 1024 535 scissorium
1036 487 1107 533 noo.
1129 467 1196 551 967¹

106 654 353 722 revelationem
378 658 557 737 acciperet,
582 666 621 720 rit
646 655 770 736 nempe'
792 660 843 721 sic
868 658 912 723 ab
933 660 1095 723 omnibus
1116 657 1226 731 tacite,

105 775 200 831 certe
217 784 257 829 iic
277 766 353 830 sine
371 783 489 830 errore
505 774 648 846 possent
667 767 839 845 cognosci.

172 976 268 1057 Juvat
287 974 542 1062 propositionem
563 976 698 1060 probare
718 976 896 1043 rationibus
909 974 1094 1060 verbisque,
1109 973 1229 1059 quibus
1290 1006 1332 1055 v,
1333 1009 1395 1055 ,...

110 1085 285 1169 Angelicus
305 1084 424 1150 Doctor
447 1084 589 1152 ostendit
616 1082 726 1149 divina
747 1084 935 1150 naturaiiter
957 1083 1086 1169 cognita
1111 1100 1230 1150 conve·
1252 1095 1283 1196 t:
1281 1094 1341 1197 :¹¹⁶³
1313 1080 1423 1126 ””””

107 1184 237 1258 nienter'
252 1192 442 1258 horninibus
462 1191 623 1257 credenda
643 1192 826 1275 proponi.
1253 1162 1434 1277 ,22⁹2ss

173 1298 425 1384 Sequerentur...
460 1297 523 1364 tria
553 1293 821 1373 inconvenientia,
854 1298 886 1363 si
911 1299 1087 1387 hujusmodi
1113 1236 1303 1409 ueritas?u
1288 1294 1390 1338 ”’·”

104 1409 295 1473 solummodo
312 1407 431 1473 rationi
449 1406 638 1491 inquirenda
652 1407 893 1490 relinqueretur.
1253 1364 1378 1481 ¹⁶²¹,ss
1409 1380 1435 1411 ω

175 1522 298 1582 Unum
322 1528 392 1596 est,
422 1516 506 1599 qnod
523 1514 636 1595 paucis
658 1513 832 1578 horninibus
855 1514 917 1579 Dei
938 1514 1074 1597 cognitio
1101 1514 1226 1579 inesset.

105 1625 139 1689 A
145 1623 260 1707 fructu
278 1623 361 1687 enini
379 1621 557 1687 straliosce
543 1620 770 1704 inquisitionis,
786 1621 903 1705 quiesi
917 1620 1059 1686 veritatis
1077 1620 1227 1699 inventio,

101 1730 236 1814 plurimi
259 1729 473 1810 impediuntur
501 1728 589 1803 ribus
606 1730 645 1791 de
662 1728 778 1793 causis.
804 1728 943 1811 Quidam
963 1728 1115 1812 siquidem
1136 1729 1230 1809 impe-

104 1839 239 1904 diuntur
268 1840 393 1920 propter
421 1834 641 1917 complexionis
670 1835 953 1917 indispositioirem,
987 1854 1026 1901 ex
1051 1854 1113 1919 quo
1140 1835 1232 1901 mulli

106 1946 298 2011 naturaliter
316 1948 394 2008 sunt
412 1941 589 2023 indispositi
606 1944 650 2007 ad
671 1943 843 2009 sciendum.
863 1944 954 2011 Unde
967 1945 1055 2007 nullo
1068 1943 1172 2007 studio
1187 1946 1231 2007 ad

106 2056 169 2119 licea
178 2054 358 2136 pertingere
366 2057 507 2135 possent,
524 2054 722 2115 utsummum
731 2052 864 2132 gradum
882 2050 1026 2116 humana
1045 2049 1231 2134 cognitionis

105 2163 311 2246 attingerent,
339 2160 396 2245 qui
420 2159 455 2223 in
486 2159 693 2243 cognoscendo
719 2159 785 2249 Deo
814 2158 967 2223 consistit.
991 2143 1132 2241 ¹Quidam
1156 2176 1230 2223 vero

106 2270 322 2351 impediuntur
338 2267 514 2332 necessitate
532 2266 582 2332 rei
588 2266 777 2351 familiaris.
807 2266 939 2347 Oportet
957 2265 1040 2330 enini
1060 2284 1125 2331 esse
1148 2266 1231 2331 inter

105 2377 244 2443 homines
272 2375 412 2461 alipius,
444 2373 501 2459 qui
527 2373 744 2454 temporalibus
774 2372 1038 2439 administrandis
1064 2374 1227 2448 insistant,

104 2485 161 2569 qui
196 2488 316 2549 tantum
348 2487 464 2565 teinpus
499 2482 534 2545 in
562 2481 624 2545 otio
653 2480 897 2562 contemplativa
927 2481 1141 2565 inquisitionis
1167 2500 1229 2545 non

100 2595 232 2673 possent
249 2592 432 2673 expendere,
453 2592 490 2654 ut
509 2592 552 2652 ad
571 2590 726 2653 suminuiii
738 2588 908 2675 fastigium
929 2588 1073 2654 buniam
1096 2588 1229 2674 inquisi-

107 2700 201 2767 tionis
221 2699 448 2782 pertingerent,
472 2695 596 2780 scilicet
622 2696 684 2762 Dei
711 2695 928 2780 cognitionem.
965 2696 1102 2778 Quidam
1125 2700 1229 2762 autem

106 2808 317 2890 impediuntur
332 2806 469 2888 pigritia.
490 2805 547 2869 Aa
566 2805 766 2887 cognitionem
785 2803 865 2895 enini
887 2822 1009 2880 eorum,
1031 2823 1099 2888 quie
1112 2808 1150 2870 de
1164 2807 1230 2872 Deo

104 2916 188 2981 ratio
210 2916 396 2998 investigare
414 2916 526 2996 potest,
547 2915 646 2978 multa
663 2922 912 2996 praecognoscere
928 2915 1058 2994 oportet,
1078 2931 1149 2977 cum
1158 2912 1230 2998 sere

105 3024 200 3090 totius
218 3021 420 3103 Philosophia
439 3019 647 3086 consideratio
673 3021 717 3084 ad
735 3019 798 3084 Dei
827 3019 1034 3102 cognitionem
1052 3021 1227 3085 ordinatior.

105 3133 238 3213 Propter
257 3131 340 3215 quod
361 3127 589 3210 Metaphysica,
616 3126 795 3212 quocirca
819 3125 930 3192 divino
953 3131 1118 3205 versatur,
1148 3129 1231 3192 inter

104 3237 308 3320 Philosophia
320 3239 427 3318 partes
441 3235 552 3300 ultima
566 3238 707 3300 remanet
721 3234 921 3300 addiscenda.
936 3234 990 3301 Sic
1006 3253 1080 3318 ergo
1094 3235 1232 3301 nonnisi
1268 3263 1271 3270 ·

105 3366 177 3412 cum
196 3363 309 3429 niagno
333 3344 438 3409 labore
454 3343 554 3408 studii
578 3345 623 3407 ad
646 3343 804 3423 predicta
833 3342 976 3407 veritato
998 3342 1229 3427 inquisitionem

98 3453 265 3536 pervenire
276 3454 395 3533 potest:
409 3469 500 3535 quein
519 3450 642 3535 quidem
656 3450 791 3514 laborem
804 3448 903 3531 pauci
919 3449 1024 3514 subire
1047 3451 1160 3516 volunt
1171 3457 1229 3533 pro

105 3580 209 3627 amore
239 3559 393 3635 scientio,
422 3555 515 3635 cujus
539 3562 641 3624 tomen
672 3556 824 3622 mentitus
860 3557 1020 3623 hominum
1053 3560 1229 3624 naturalem
1328 3603 1330 3607 -

107 3672 193 3736 Deus
213 3668 349 3733 inseruit
367 3667 548 3749 appetitum.
1174 3753 1176 3758 Ι

172 3781 368 3845 Secundum
390 3778 639 3841 inconveniens
661 3782 727 3848 est,
752 3775 836 3856 quod
859 3773 910 3839 illi
930 3773 987 3858 qui
1007 3775 1051 3838 ad
1070 3773 1230 3856 predicto

105 3884 249 3949 oeritoti's
276 3881 506 3966 inquisitionem
533 3883 586 3944 riel
605 3879 815 3944 inventionem
838 3881 1053 3960 pervenirent,
1082 3881 1139 3944 vix
1159 3885 1233 3963 post

106 3995 232 4075 tongum
256 3994 374 4072 tempus
391 3989 619 4071 pertingerent,
646 3990 712 4051 tum
734 3989 865 4069 propter
888 3987 1067 4075 hujusmodi
1088 3988 1230 4054 veritatis

102 4098 363 4182 profunditatem,
382 4097 426 4160 ad
442 4113 536 4179 quam
552 4095 733 4189 capientem
747 4102 806 4175 per
826 4095 921 4170 niani¹
933 4095 1067 4160 rationis
1084 4115 1148 4160 non
1166 4095 1233 4161 nisi

104 4211 176 4287 post
191 4207 319 4288 longum
335 4203 518 4268 exercitium
534 4203 707 4266 intellectus
729 4203 883 4267 liuniauus
904 4201 1032 4268 i'iloncus
1053 4203 1229 4286 invenitur;

109 4312 288 4378 tumetium
305 4315 434 4394 propter
459 4311 576 4384 multa,
604 4328 674 4393 quie
691 4310 946 4393 proeexiguntur,
970 4313 1009 4376 ut
1027 4311 1146 4376 dictum
1170 4315 1228 4392 esl;

109 4427 173 4486 luni
186 4423 313 4501 propter
331 4419 404 4494 hoc,
420 4419 507 4501 'quod
524 4420 655 4499 tempore
669 4417 860 4503 juventutis,
887 4419 963 4482 duni
986 4417 1121 4484 diversis
1139 4419 1230 4484 moti·

108 4531 164 4594 biis
173 4527 356 4610 passionum
369 4524 635 4610 aiiimafluclual,
651 4543 714 4588 non
728 4527 857 4606 estopta
869 4526 914 4589 ad
928 4528 991 4590 toni
1004 4528 1077 4591 altre
1088 4527 1230 4594 vertutis

107 4634 328 4719 cognitionem,
347 4633 403 4697 sed
420 4632 455 4697 in
472 4631 655 4724 quiescendo
661 4632 707 4716 fit
720 4634 860 4712 prudens
877 4635 910 4696 et
924 4633 1041 4710 sciens,
1062 4638 1100 4700 ut
1109 4633 1230 4702 dicitur

108 4744 142 4808 iii
151 4742 206 4827 7.⁰
215 4736 521 4826 physicorumpext.
533 4737 664 4806 Comrii.
678 4736 1051 4825 20).Remaneretigitur,
1062 4741 1230 4808 hununum
