3492 5525
1446 34 1706 155 Ὗ

553 472 613 543 820
653 476 777 544 Loordn
791 472 1018 555 hinton-Lis.
1037 490 1107 559 alu,
1122 478 1215 546 ὓπερ.
1234 490 1283 565 3.⁸
1296 480 1376 547 Can.
1397 494 1466 546 nm

498 668 716 747 -respondeo,
733 662 856 748 species
874 665 982 731 solum
1004 683 1196 732 concurrere
1219 666 1259 732 ad
1278 664 1502 753 cognitionem
1520 668 1647 732 torma·

514 772 579 837 lem
599 770 650 837 sui
676 770 811 856 objecti;
831 771 1000 839 conclusio
1018 791 1096 839 vero
1116 792 1183 839 non
1201 782 1253 841 est
1271 775 1438 859 objectum
1456 772 1643 858 specierum

515 877 777 963 praemissarum,
797 878 856 945 sed
874 878 955 964 ipsae
977 880 1169 964 premissae.
1189 880 1314 948 Verum
1336 882 1377 947 de
1401 881 1452 948 his
1474 864 1643 967 agendum

514 995 566 1053 est
584 982 617 1051 in
637 983 866 1073 Psychologia.

585 1094 618 1158 ln
633 1092 833 1159 contrarium
849 1095 1030 1161 afferuntur
1043 1097 1113 1161 haec
1126 1104 1332 1181 argumenta.

557 1216 634 1284 ²¹7·
682 1208 767 1285 Arg.
791 1212 865 1268 ω’*
911 1202 1033 1269 Paritas
1053 1204 1267 1288 cognitionis,
1289 1222 1364 1287 quae
1382 1204 1492 1269 solum
1510 1202 1645 1268 directi-

512 1326 554 1374 ve
569 1308 730 1374 concurrit
758 1310 799 1374 ad
826 1319 937 1375 actum
957 1312 1152 1386 voluntatis,
1183 1329 1250 1377 non
1278 1330 1356 1377 vero
1384 1328 1442 1395 per
1469 1310 1640 1398 physicam

511 1416 753 1493 causalitatem,
785 1416 933 1500 itemque
964 1416 1083 1502 paritas
1114 1418 1382 1502 apprehensionis
1411 1417 1553 1485 suasivae
1583 1436 1643 1483 seu

512 1522 687 1599 evidentis,
709 1542 800 1609 quae,
820 1524 895 1589 licet
908 1525 1120 1601 determinet,
1141 1536 1174 1591 et
1193 1526 1372 1592 necessaria
1389 1544 1524 1609 quoque
1540 1524 1583 1591 sit
1602 1526 1642 1588 ad

508 1628 738 1715 judicandum,
760 1648 827 1697 non
846 1642 959 1698 causat
977 1632 1125 1697 effective
1139 1632 1317 1718 judicium.

487 1774 491 1783 ·
579 1744 755 1805 Praeterea
773 1738 911 1804 intentio
930 1738 1023 1816 tinis,
1045 1738 1119 1805 iicet
1136 1748 1352 1807 connectatur
1377 1758 1453 1806 cum
1482 1740 1641 1807 electione

513 1844 716 1920 mediorum,
732 1863 797 1911 non
812 1853 925 1912 causat
938 1846 1026 1911 illam
1041 1845 1191 1932 physice,
1208 1848 1264 1913 sed
1276 1846 1440 1913 moraliter
1452 1845 1639 1923 dumtaxat,

513 1950 634 2037 nempe
663 1950 848 2018 inclinando
879 1954 1097 2018 voluntatem.
1131 1952 1215 2038 Ergo
1244 1954 1363 2036 pariter
1391 1951 1568 2019 dicendum
1599 1954 1641 2019 de

512 2077 649 2126 assensu
667 2059 910 2144 praemissarum
930 2071 1081 2145 respectu
1100 2058 1319 2126 conclusionis
1336 2058 1401 2146 (r).

579 2173 684 2251 Reep.
705 2185 777 2251 neg.
804 2165 1009 2252 paritatatem
1027 2166 1071 2233 ob
1090 2185 1144 2242 ea,
1165 2184 1240 2250 quae
1259 2166 1292 2233 in
1320 2166 1423 2252 prima
1449 2166 1641 2250 probatione

513 2282 623 2341 notata
642 2283 732 2341 sunt.
749 2272 913 2339 Ceterum
932 2274 1101 2340 conclusio
1116 2274 1223 2358 magis
1236 2273 1433 2357 dependeta
1449 2274 1639 2357 premissis.

511 2400 612 2465 quarn
633 2381 791 2467 judicium
812 2381 853 2447 ab
872 2382 1131 2466 apprehensione
1148 2380 1383 2458 terminorum,
1404 2392 1438 2448 et
1456 2381 1534 2465 quia
1558 2400 1643 2465 prae-

512 2488 622 2555 missae
642 2488 778 2572 pervim
793 2488 948 2554 illatiuam
967 2489 1140 2555 conferunt
1158 2487 1198 2552 ad
1217 2488 1483 2564 conclusionem,
1509 2496 1544 2553 et
1561 2488 1641 2571 quia

511 2597 677 2663 conclusio
696 2595 901 2681 specificatur
923 2614 980 2679 per
1005 2594 1207 2679 praemissas,
1224 2605 1261 2661 ut
1276 2598 1344 2681 jam
1368 2596 1577 2676 notavimus3
1599 2596 1642 2662 si-

511 2704 645 2788 quidem
665 2702 830 2788 conclusio
857 2703 898 2770 de
925 2703 1040 2770 iisdem
1066 2702 1216 2770 terminis
1243 2722 1280 2769 ac
1304 2703 1484 2771 decadem
1504 2703 1641 2770 materia
1730 2764 1732 2767 .

511 2822 619 2898 potest
637 2811 787 2896 specifice
805 2809 918 2877 variari
937 2829 996 2895 pro
1014 2811 1166 2878 varietate
1186 2812 1427 2895 praemissarum
1442 2820 1500 2876 aut
1521 2810 1641 2896 princi-

511 2919 659 3006 piorum,
676 2937 716 2986 ex
734 2919 855 3004 quibus
869 2920 1125 2988 demonstretur.

524 3055 533 3078 ·
554 3036 639 3111 Arg.
661 3039 737 3095 ψ
786 3026 1033 3114 Approximatio
1052 3025 1138 3111 ignis
1153 3026 1194 3092 ad
1209 3026 1336 3112 lignum
1355 3044 1421 3092 non
1434 3035 1545 3092 causat
1560 3028 1639 3091 elie

509 3136 594 3203 ctive
612 3137 753 3202 calorem
785 3134 817 3201 in
848 3136 949 3220 ligno.
981 3134 1080 3218 Atqui
1104 3136 1279 3218 praemissae
1307 3143 1385 3200 sunt
1412 3134 1636 3200 intentionalis

509 3241 748 3328 approximatio
768 3241 882 3308 motivi
901 3241 941 3307 ad
954 3241 1156 3307 inferendam
1178 3238 1452 3329 conclusionem(
1478 3237 1503 3328 ).

576 3356 681 3434 Resp.
701 3367 773 3433 neg.
787 3349 905 3415 Minor.
926 3347 1029 3426 Quid,
1046 3366 1176 3432 quaeso,
1198 3347 1413 3433 responderes
1429 3349 1490 3422 illi,
1511 3348 1569 3431 qui
1593 3350 1638 3414 oh

509 3455 615 3522 simile
645 3466 877 3541 argumentum
906 3465 1037 3540 negaret
1067 3454 1237 3542 physicam
1263 3455 1483 3521 causalitatem
1516 3456 1633 3540 speciei
1722 3454 1724 3535 ,'

509 3563 676 3648 impresse
703 3563 735 3629 in
761 3563 1004 3649 cognitionem?
1025 3562 1169 3648 Negares
1197 3565 1342 3647 protecto
1370 3564 1555 3647 paritatem.
1593 3563 1637 3628 At
1722 3538 1723 3559 ¹

509 3671 730 3736 causalitatem
761 3671 933 3757 physicam
966 3668 1085 3754 speciei
1116 3687 1182 3735 non
1215 3670 1307 3736 aliter
1336 3688 1452 3754 posses
1481 3669 1634 3755 probare,

509 3795 609 3861 quam
630 3777 832 3863 argumentis
849 3777 1010 3844 similibus
1029 3777 1142 3861 primae
1166 3785 1287 3842 nostrae
1309 3777 1522 3862 probationis.
1551 3777 1637 3863 Ergo

509 3884 600 3969 quod
617 3884 659 3950 de
677 3885 785 3970 specie
803 3883 1074 3951 communissime
1093 3884 1228 3960 dicitur,
1244 3883 1419 3951 dicendum
1439 3901 1575 3969 quoque
1590 3888 1640 3952 vi·

509 3992 605 4059 detur
618 3991 659 4058 de
675 4009 809 4058 assensu
825 3991 1086 4075 praemissarum,
1101 4009 1160 4058 seu
1178 3991 1220 4057 de
1238 3991 1430 4059 formalibus
1444 3992 1636 4076 praemissis.

553 4107 637 4184 Arg.
659 4109 737 4168 ψ
783 4099 905 4183 Nequit
919 4114 1007 4166 unus
1022 4109 1113 4165 actus
1128 4099 1233 4166 vitalis
1251 4100 1352 4166 alium
1368 4106 1479 4165 actum
1496 4100 1638 4167 vitatem

509 4207 688 4291 producere
703 4205 736 4272 in
751 4208 865 4273 eadem
885 4207 1043 4301 potentia:
1059 4205 1203 4290 alioquin
1223 4202 1304 4274 vi'sio
1319 4206 1493 4282 visionem,
1509 4209 1639 4276 auditio

508 4314 712 4382 auditionem
733 4326 859 4400 pareret
877 4310 942 4403 (3).

542 4587 582 4652 (ι)
620 4581 694 4641 Vide
708 4581 785 4655 apud
800 4580 944 4649 Loesada,
961 4581 1076 4658 Logic„
1091 4595 1173 4643 tract.
1188 4581 1221 4652 6,
1236 4580 1312 4655 disp.
1330 4604 1356 4652 t,
1369 4604 1432 4656 cap.
1446 4603 1476 4655 ι,
1491 4603 1523 4644 u.
1537 4600 1566 4661 ς.

541 4677 582 4739 (a)
618 4669 706 4745 Apud
720 4669 849 4732 Losaada
866 4671 904 4730 ib.
1238 4687 1245 4699 '

540 4765 583 4836 (3)
619 4759 749 4822 tdtbid.
