3492 5525
566 482 625 564 366
754 480 881 546 Loercs
902 480 1153 546 Mruon—Dtse.
1177 494 1220 564 3.·
1242 479 1322 544 Cae.
1343 494 1419 564 ,μω

518 667 621 751 seems
647 668 699 731 vel
731 669 909 743 truncatus,
930 667 1008 749 quia
1025 674 1113 731 caret
1130 667 1228 732 altera
1258 669 1511 750 praemissarum.
1532 667 1652 733 Exem-

526 774 616 856 plum
638 755 720 838 esto:
741 775 840 839 Homo
857 776 906 839 est
918 774 1050 839 animal.
1071 775 1150 857 Ergo
1162 777 1211 839 est
1225 775 1345 840 vivens.
1361 775 1423 840 Ubi
1437 775 1508 840 haec
1521 775 1652 840 deside·

525 889 613 946 ratur
630 900 667 946 ac
684 881 880 948 subauditur
894 883 997 967 major
1015 881 1323 966 propositi0:‚‚0mne
1335 883 1458 947 animi
1469 886 1515 947 cst
1525 882 1650 948 vivens.

525 986 558 1053 ln
578 989 640 1054 hoc
659 988 721 1053 alio
739 989 905 1073 exemplo:
927 988 1041 1055 Omnis
1057 988 1159 1056 oirtrcs
1180 994 1227 1055 est
1246 989 1403 1056 ambitis.
1423 989 1501 1073 Ergo
1516 988 1651 1077 justitae

523 1097 573 1160 est
588 1095 750 1170 amandis,
771 1103 894 1163 tacetur
909 1095 1032 1163 minor:
1043 1095 1176 1178 lustitia
1193 1100 1242 1162 est
1252 1097 1366 1164 virtus.

500 1183 511 1195 ⁸
593 1201 776 1287 Usurpatur
793 1222 872 1288 ergo
891 1205 960 1270 haec
983 1205 1277 1288 argumentationis
1301 1208 1422 1283 forma,
1449 1225 1526 1273 cum
1548 1206 1652 1271 altera

525 1310 768 1394 premissorum
787 1321 879 1379 tanta
895 1311 1017 1396 gaudet
1036 1300 1279 1398 perspicuitate,
1301 1322 1337 1379 ut
1355 1331 1559 1397 quamquam
1579 1332 1651 1378 non
1732 1388 1733 1391 Ἴ

524 1418 725 1502 exprimatur‘
742 1418 866 1494 verbis,
887 1419 978 1484 iacile
1002 1428 1115 1484 tamen
1134 1419 1245 1486 animo
1262 1421 1495 1496 subaudiatur,
1514 1421 1652 1486 conclu·

524 1523 638 1607 sioque
663 1527 741 1591 satis
769 1537 880 1611 aperte
904 1526 986 1591 lluat
1012 1545 1053 1591 ex
1078 1528 1176 1592 altera
1200 1529 1368 1612 praemisse
1393 1524 1456 1616 (1).
1478 1527 1546 1593 Nec
1563 1546 1647 1593 sane

503 1632 652 1721 3ditiicile
671 1643 721 1699 est
738 1651 939 1718 cognoscere
958 1643 1031 1700 utra
1049 1635 1291 1718 praemissarum
1316 1637 1441 1702 omissa
1459 1636 1566 1702 luerit.
1585 1636 1650 1700 Vel

523 1738 611 1806 enim
631 1741 788 1824 reperitur
806 1759 893 1808 unus
907 1737 1024 1825 aliquis
1038 1741 1192 1826 idemque
1208 1744 1368 1809 terminus
1387 1745 1419 1808 ln
1436 1743 1652 1809 antecedente

522 1859 556 1915 et
574 1857 813 1932 consequente,
833 1850 886 1914 vel
905 1851 1027 1916 nullus.
1047 1849 1080 1914 Si
1100 1851 1227 1935 nullus,
1252 1851 1385 1934 signum
1409 1860 1460 1917 est
1487 1848 1650 1916 omissam

523 1956 780 2040 propositionem
795 1957 878 2023 iuise
890 1957 1032 2040 aliquam
1045 1958 1202 2042 Majorem
1218 1957 1482 2045 hypotheticam,
1499 1966 1536 2022 ut
1553 1976 1653 2043 appa-

523 2071 572 2128 ret
597 2062 631 2128 in
657 2064 720 2129 hoc
737 2066 903 2149 exemplo:
923 2066 980 2131 Sol
996 2067 1087 2134 lucet.
1107 2065 1187 2149 Ergo
1199 2066 1267 2130 dies
1284 2070 1347 2147 est;
1359 2067 1451 2132 deest
1469 2066 1557 2131 enim
1577 2068 1652 2132 haec

524 2169 638 2254 Major:
652 2171 689 2238 Si
699 2173 747 2237 sol
757 2173 853 2248 lucet,
868 2171 936 2238 dies
947 2176 1003 2236 est.
1018 2174 1097 2237 ltem
1109 2171 1142 2237 in
1155 2173 1229 2238 hoc:
1243 2174 1355 2238 Petrus
1366 2174 1465 2239 servit
1474 2151 1554 2239 De’o.
1566 2175 1652 2258 Ergo

522 2295 586 2343 non
603 2280 702 2343 servit
716 2297 909 2346 mamneonce.
931 2279 965 2344 Si
984 2287 1093 2344 autem
1114 2297 1201 2345 unus
1218 2278 1335 2363 aliquis
1349 2282 1509 2347 terminus
1529 2282 1652 2346 identi-

522 2403 579 2452 cus
599 2387 756 2470 reperitur
774 2389 806 2452 in
826 2387 1036 2452 antecedente
1056 2396 1089 2451 et
1106 2397 1347 2471 consequente,
1375 2390 1467 2454 deest
1494 2390 1547 2454 illa
1570 2407 1652 2471 pro-

523 2493 640 2577 positio
665 2495 861 2578 categorica,
890 2493 923 2558 in
948 2513 1014 2578 qua
1031 2503 1217 2560 extremum
1247 2497 1385 2560 alterurn
1412 2497 1651 2579 consequentis

520 2618 597 2666 cum
619 2602 728 2666 medio
748 2602 1005 2685 comparandum
1026 2601 1123 2667 suiset
1141 2602 1173 2668 ln
1192 2605 1281 2686 justo
1299 2604 1507 2689 syllogismo.

326 2718 490 2779 Consequentia
588 2708 713 2776 Docent
731 2719 858 2777 veteres
878 2709 1001 2795 Logici,
1018 2710 1274 2796 enthymematis
1289 2711 1559 2795 consequentiam
1576 2729 1649 2779 non
1732 2752 1733 2762 κ

321 2791 495 2909 :ssfflffi
524 2834 597 2881 esse
615 2819 804 2895 formalem,
824 2819 884 2884 scd
903 2818 1120 2893 materialem,
1143 2819 1202 2884 nisi
1222 2821 1302 2885 torte
1321 2820 1511 2886 conficiatur
1528 2822 1654 2907 enthy-

523 2942 633 2991 mema
652 2927 819 3011 arguendo
844 2945 863 2990 a
888 2946 1044 2993 conversa
1070 2927 1111 2991 ad
1130 2939 1393 3003 convertentem,
1420 2929 1651 2995 asubalterna

521 3032 562 3097 ad
589 3032 867 3099 subalternantem
894 3034 1005 3099 aliisve
1032 3033 1194 3100 similibus
1221 3035 1344 3112 modis,
1367 3036 1425 3118 qui
1454 3054 1586 3120 semper
1612 3050 1650 3105 et

522 3140 645 3225 ubique
664 3142 695 3207 vl
715 3144 827 3207 lormae
847 3150 934 3208 recte
954 3143 1167 3226 concludunt.
1189 3143 1283 3209 Ratio
1300 3152 1413 3210 autem
1432 3156 1499 3229 est,
1519 3143 1597 3228 quia
1619 3147 1650 3213 si

522 3266 588 3312 non
615 3249 827 3316 subaudiatur
850 3250 1042 3334 propositio,
1068 3268 1143 3333 quae
1169 3250 1337 3328 reticetur,
1366 3253 1494 3318 nullum
1521 3255 1648 3339 enthy-

522 3374 632 3421 mema
644 3356 825 3434 concludit,
847 3358 906 3425 nisi
926 3356 1051 3424 ratione
1069 3359 1213 3423 materiae
1231 3377 1289 3424 seu
1306 3358 1519 3426 connexionis
1537 3372 1646 3425 extre·

522 3482 654 3530 morum
674 3462 878 3553 objectivae(
904 3461 929 3552 ).

587 3572 624 3637 Et
645 3590 685 3638 ex
711 3572 767 3643 his
789 3574 866 3639 satis
890 3572 1080 3658 intelligitur
1103 3573 1278 3639 discrimen
1306 3573 1390 3640 inter
1407 3573 1647 3662 syllogismum

519 3690 554 3745 et
584 3681 814 3767 enthymema;
844 3680 992 3747 consistit
1019 3700 1139 3765 nempe
1163 3682 1197 3748 in
1222 3700 1282 3757 eo,
1309 3683 1400 3766 quod
1427 3683 1649 3769 enthymema

520 3786 649 3854 duabus
668 3788 839 3857 dumtaxat
852 3797 982 3853 constet
1000 3789 1290 3873 propositionibus.

585 3894 670 3961 Novi
686 3896 769 3961 hanc
787 3896 984 3963 sententiam
1009 3916 1028 3961 a
1046 3896 1226 3963 clarissimo
1246 3897 1401 3981 cajetano
1424 3894 1648 3967 Sanseverino

518 4003 688 4069 absurdam
706 4004 828 4082 vocari,
851 4003 924 4069 licet
937 4006 1074 4071 fateatur
1085 4023 1298 4092 communem
1319 4005 1467 4075 lereesse
1487 4007 1646 4073 omniurn

556 4215 597 4277 (1)
634 4210 701 4269 ideo
712 4230 770 4269 non
779 4209 888 4268 desunt
894 4210 945 4281 qui
953 4222 1070 4282 etymon
1083 4209 1163 4268 vocis
1174 4209 1306 4269 derircnt
1314 4198 1389 4269 eheu
1397 4198 1481 4295 θὺμῳ
1492 4211 1646 4283 inanimo,

520 4308 604 4378 quasi
618 4308 880 4381 sitargumentatio
889 4306 1000 4379 aliquid
1016 4307 1115 4365 animo
1130 4308 1265 4366 reticens.
1279 4308 1321 4367 Ee
1338 4328 1407 4389 serp
1425 4306 1565 4368 derivatio
1578 4329 1648 4371 non

520 4397 614 4467 placet
628 4398 661 4455 P.
680 4398 766 4456 Petro
781 4398 804 4455 F
805 4416 911 4457 onseea
921 4397 985 4462 (loc.
1007 4416 1080 4468 nup.
1094 4395 1172 4466 cit),
1188 4410 1217 4455 ct
1230 4398 1375 4457 contrarie
1389 4398 1505 4458 videtur
1519 4398 1647 4469 Quinti·

519 4491 597 4549 lieno
610 4500 638 4545 et
654 4486 763 4547 Boetio.

555 4581 597 4650 (2)
635 4576 709 4635 Vide
723 4576 865 4644 Loseede,
887 4575 1032 4636 Summul.
1054 4576 1130 4649 disp.
1144 4577 1176 4647 8,
1189 4597 1244 4649 cep
1254 4597 1284 4647 ι,
1300 4597 1330 4637 n.
1344 4598 1383 4649 2.;
1402 4576 1596 4648 Conimbric.,
1611 4579 1646 4641 in

519 4668 569 4728 lib.
589 4680 634 4727 u·
647 4668 737 4727 Prior
749 4667 934 4741 Auelvlicor.
949 4687 1011 4739 cap.
1030 4686 1053 4735 r,
1070 4688 1101 4739 q.
1115 4688 1147 4737 π,
1162 4680 1218 4726 ert.
1235 4687 1274 4740 3.;
1288 4666 1373 4737 Joen.
1397 4666 1480 4740 Bapt.
1500 4668 1644 4741 Ptolom„

518 4752 624 4835 Lopt‘c.
641 4756 690 4817 lib.
705 4778 738 4830 4,
755 4758 830 4817 thes.
849 4777 872 4815 ι.
947 4813 952 4825 ,
1205 4756 1208 4763 “
