<?xml version="1.0" encoding="UTF-8"?>
<!DOCTYPE html PUBLIC "-//W3C//DTD XHTML 1.0 Transitional//EN"
    "http://www.w3.org/TR/xhtml1/DTD/xhtml1-transitional.dtd">
<html xmlns="http://www.w3.org/1999/xhtml" xml:lang="en" lang="en">
 <head>
  <title>
</title>
<meta http-equiv="Content-Type" content="text/html;charset=utf-8" />
  <meta name='ocr-system' content='tesseract 3.04.00' />
  <meta name='ocr-capabilities' content='ocr_page ocr_carea ocr_par ocr_line ocrx_word'/>
</head>
<body>
  <div class='ocr_page' id='page_1' title='image "./institutionesph00urrgoog/institutionesph00urrgoog_0173.png"; bbox 0 0 3492 5525; ppageno 0'>
   <div class='ocr_carea' id='block_1_1' title="bbox 304 511 1282 613">
    <p class='ocr_par' dir='ltr' id='par_1_1' title="bbox 304 511 1282 613">
     <span class='ocr_line' id='line_1_1' title="bbox 304 511 1282 613; baseline 0 -20"><span class='ocrx_word' id='word_1_1' title='bbox 304 525 421 593; x_wconf 79' lang='lat' dir='ltr'><strong>Anne.</strong></span> <span class='ocrx_word' id='word_1_2' title='bbox 438 529 606 612; x_wconf 62' lang='lat' dir='ltr'><strong>pudure</strong></span> <span class='ocrx_word' id='word_1_3' title='bbox 622 533 1049 600; x_wconf 76' lang='lat' dir='ltr'><strong>orvrsrou&#39;ssrnnnruonuu</strong></span> <span class='ocrx_word' id='word_1_4' title='bbox 1143 543 1196 613; x_wconf 80' lang='lat'><strong>151</strong></span> <span class='ocrx_word' id='word_1_5' title='bbox 1280 511 1282 515; x_wconf 65' lang='grc'><strong>’</strong></span> 
     </span>
    </p>
   </div>
   <div class='ocr_carea' id='block_1_2' title="bbox 112 639 1328 827">
    <p class='ocr_par' dir='ltr' id='par_1_2' title="bbox 112 639 1328 798">
     <span class='ocr_line' id='line_1_2' title="bbox 705 639 1238 678; baseline 0 -27"><span class='ocrx_word' id='word_1_6' title='bbox 705 639 1238 678; x_wconf 41' lang='grc' dir='ltr'><strong>Τῇ...-</strong></span> 
     </span>
     <span class='ocr_line' id='line_1_3' title="bbox 112 709 1328 827; baseline -0.002 -45"><span class='ocrx_word' id='word_1_7' title='bbox 112 729 262 797; x_wconf 83' lang='lat' dir='ltr'><strong>superior</strong></span> <span class='ocrx_word' id='word_1_8' title='bbox 275 729 355 778; x_wconf 91' lang='lat' dir='ltr'><strong>vero</strong></span> <span class='ocrx_word' id='word_1_9' title='bbox 367 709 552 778; x_wconf 85' lang='lat' dir='ltr'><strong>mienorem</strong></span> <span class='ocrx_word' id='word_1_10' title='bbox 563 713 728 781; x_wconf 79' lang='lat' dir='ltr'><strong>contineat</strong></span> <span class='ocrx_word' id='word_1_11' title='bbox 739 711 801 780; x_wconf 91' lang='lat' dir='ltr'><strong>sub</strong></span> <span class='ocrx_word' id='word_1_12' title='bbox 813 730 873 780; x_wconf 87' lang='lat' dir='ltr'><strong>sua</strong></span> <span class='ocrx_word' id='word_1_13' title='bbox 883 711 1088 791; x_wconf 80' lang='lat' dir='ltr'><strong>extensione</strong></span> <span class='ocrx_word' id='word_1_14' title='bbox 1100 710 1241 827; x_wconf 85' lang='lat' dir='ltr'><strong>ideoque</strong></span> <span class='ocrx_word' id='word_1_15' title='bbox 1323 747 1328 760; x_wconf 47' lang='grc' dir='ltr'><em>ι</em></span> 
     </span>
    </p>
   </div>
   <div class='ocr_carea' id='block_1_3' title="bbox 54 816 1457 3706">
    <p class='ocr_par' dir='ltr' id='par_1_3' title="bbox 113 816 828 907">
     <span class='ocr_line' id='line_1_4' title="bbox 113 816 828 907; baseline -0.004 -20"><span class='ocrx_word' id='word_1_16' title='bbox 113 839 180 888; x_wconf 94' lang='lat' dir='ltr'><strong>non</strong></span> <span class='ocrx_word' id='word_1_17' title='bbox 197 821 294 888; x_wconf 82' lang='lat' dir='ltr'><strong>infert</strong></span> <span class='ocrx_word' id='word_1_18' title='bbox 305 819 416 898; x_wconf 88' lang='lat' dir='ltr'><strong>illurn,</strong></span> <span class='ocrx_word' id='word_1_19' title='bbox 432 821 491 886; x_wconf 88' lang='lat' dir='ltr'><strong>sed</strong></span> <span class='ocrx_word' id='word_1_20' title='bbox 505 819 547 886; x_wconf 86' lang='lat' dir='ltr'><strong>ab</strong></span> <span class='ocrx_word' id='word_1_21' title='bbox 562 838 602 886; x_wconf 91' lang='lat' dir='ltr'><strong>eo</strong></span> <span class='ocrx_word' id='word_1_22' title='bbox 617 816 828 907; x_wconf 78' lang='lat' dir='ltr'><strong>inserturi).</strong></span> 
     </span>
    </p>

    <p class='ocr_par' dir='ltr' id='par_1_4' title="bbox 108 927 1446 1555">
     <span class='ocr_line' id='line_1_5' title="bbox 179 927 1428 1014; baseline -0.006 -18"><span class='ocrx_word' id='word_1_23' title='bbox 179 927 325 996; x_wconf 81' lang='lat' dir='ltr'>Termini</span> <span class='ocrx_word' id='word_1_24' title='bbox 345 937 569 1014; x_wconf 79' lang='lat' dir='ltr'>repugnantes</span> <span class='ocrx_word' id='word_1_25' title='bbox 591 928 773 1013; x_wconf 89' lang='lat' dir='ltr'><strong>nuncupari</strong></span> <span class='ocrx_word' id='word_1_26' title='bbox 793 928 975 1014; x_wconf 78' lang='lat' dir='ltr'><strong>generatim</strong></span> <span class='ocrx_word' id='word_1_27' title='bbox 996 938 1138 1014; x_wconf 88' lang='lat' dir='ltr'><strong>possunt</strong></span> <span class='ocrx_word' id='word_1_28' title='bbox 1149 935 1242 1012; x_wconf 82' lang='lat' dir='ltr'><strong>oppo-</strong></span> <span class='ocrx_word' id='word_1_29' title='bbox 1279 943 1428 1001; x_wconf 64' lang='lat' dir='ltr'><strong>summer</strong></span> 
     </span>
     <span class='ocr_line' id='line_1_6' title="bbox 112 1015 1390 1122; baseline 0 -20"><span class='ocrx_word' id='word_1_30' title='bbox 112 1036 183 1114; x_wconf 85' lang='lat' dir='ltr'><strong>sili,</strong></span> <span class='ocrx_word' id='word_1_31' title='bbox 200 1037 283 1102; x_wconf 88' lang='lat' dir='ltr'><strong>tales</strong></span> <span class='ocrx_word' id='word_1_32' title='bbox 296 1032 385 1102; x_wconf 89' lang='lat' dir='ltr'><strong>enim</strong></span> <span class='ocrx_word' id='word_1_33' title='bbox 401 1037 522 1101; x_wconf 82' lang='lat' dir='ltr'><strong>formas</strong></span> <span class='ocrx_word' id='word_1_34' title='bbox 536 1033 723 1120; x_wconf 79' lang='lat' dir='ltr'><strong>significant</strong></span> <span class='ocrx_word' id='word_1_35' title='bbox 736 1053 812 1120; x_wconf 84' lang='lat' dir='ltr'><strong>quae</strong></span> <span class='ocrx_word' id='word_1_36' title='bbox 826 1036 860 1104; x_wconf 90' lang='lat' dir='ltr'><strong>in</strong></span> <span class='ocrx_word' id='word_1_37' title='bbox 876 1035 992 1103; x_wconf 89' lang='lat' dir='ltr'><strong>eadem</strong></span> <span class='ocrx_word' id='word_1_38' title='bbox 1015 1054 1049 1100; x_wconf 90' lang='lat' dir='ltr'><strong>re</strong></span> <span class='ocrx_word' id='word_1_39' title='bbox 1067 1035 1239 1122; x_wconf 82' lang='lat' dir='ltr'><strong>singulari,</strong></span> <span class='ocrx_word' id='word_1_40' title='bbox 1316 1015 1390 1074; x_wconf 47' lang='grc' dir='ltr'><strong>’Μ</strong></span> 
     </span>
     <span class='ocr_line' id='line_1_7' title="bbox 113 1143 1242 1228; baseline -0.003 -16"><span class='ocrx_word' id='word_1_41' title='bbox 113 1145 212 1212; x_wconf 89' lang='lat' dir='ltr'><strong>simul</strong></span> <span class='ocrx_word' id='word_1_42' title='bbox 231 1153 265 1212; x_wconf 93' lang='lat' dir='ltr'><strong>et</strong></span> <span class='ocrx_word' id='word_1_43' title='bbox 283 1143 467 1210; x_wconf 90' lang='lat' dir='ltr'><strong>secundum</strong></span> <span class='ocrx_word' id='word_1_44' title='bbox 489 1143 640 1210; x_wconf 88' lang='lat' dir='ltr'><strong>eamdem</strong></span> <span class='ocrx_word' id='word_1_45' title='bbox 663 1152 788 1228; x_wconf 88' lang='lat' dir='ltr'><strong>partem</strong></span> <span class='ocrx_word' id='word_1_46' title='bbox 813 1163 849 1210; x_wconf 90' lang='lat' dir='ltr'><strong>ac</strong></span> <span class='ocrx_word' id='word_1_47' title='bbox 866 1151 1070 1228; x_wconf 85' lang='lat' dir='ltr'><strong>respectum,</strong></span> <span class='ocrx_word' id='word_1_48' title='bbox 1091 1161 1165 1210; x_wconf 88' lang='lat' dir='ltr'><strong>esse</strong></span> <span class='ocrx_word' id='word_1_49' title='bbox 1183 1163 1242 1210; x_wconf 88' lang='lat' dir='ltr'><strong>ne-</strong></span> 
     </span>
     <span class='ocr_line' id='line_1_8' title="bbox 113 1248 1446 1341; baseline 0 -23"><span class='ocrx_word' id='word_1_50' title='bbox 113 1261 256 1337; x_wconf 88' lang='lat' dir='ltr'>queunt.</span> <span class='ocrx_word' id='word_1_51' title='bbox 282 1248 457 1336; x_wconf 88' lang='lat' dir='ltr'><strong>Oppositio</strong></span> <span class='ocrx_word' id='word_1_52' title='bbox 479 1251 567 1317; x_wconf 91' lang='lat' dir='ltr'><strong>enim</strong></span> <span class='ocrx_word' id='word_1_53' title='bbox 589 1249 745 1318; x_wconf 85' lang='lat' dir='ltr'><strong>definitur</strong></span> <span class='ocrx_word' id='word_1_54' title='bbox 772 1251 884 1318; x_wconf 79' lang='lat' dir='ltr'><strong>relatio</strong></span> <span class='ocrx_word' id='word_1_55' title='bbox 909 1252 1076 1318; x_wconf 79' lang='lat' dir='ltr'><strong>interduo</strong></span> <span class='ocrx_word' id='word_1_56' title='bbox 1102 1256 1241 1319; x_wconf 78' lang='lat' dir='ltr'><strong>extrem</strong></span> <span class='ocrx_word' id='word_1_57' title='bbox 1267 1283 1446 1341; x_wconf 51' lang='lat' dir='ltr'><strong>miamin„</strong></span> 
     </span>
     <span class='ocr_line' id='line_1_9' title="bbox 110 1353 1425 1445; baseline 0.001 -17"><span class='ocrx_word' id='word_1_58' title='bbox 110 1360 287 1442; x_wconf 65' lang='lat' dir='ltr'><strong>simplicia,</strong></span> <span class='ocrx_word' id='word_1_59' title='bbox 302 1377 372 1445; x_wconf 76' lang='lat' dir='ltr'><strong>qun</strong></span> <span class='ocrx_word' id='word_1_60' title='bbox 383 1358 418 1424; x_wconf 84' lang='lat' dir='ltr'><strong>in</strong></span> <span class='ocrx_word' id='word_1_61' title='bbox 431 1361 539 1426; x_wconf 80' lang='lat' dir='ltr'><strong>eadem</strong></span> <span class='ocrx_word' id='word_1_62' title='bbox 552 1377 587 1424; x_wconf 84' lang='lat' dir='ltr'><strong>re</strong></span> <span class='ocrx_word' id='word_1_63' title='bbox 606 1358 764 1444; x_wconf 79' lang='lat' dir='ltr'><em>singulari</em></span> <span class='ocrx_word' id='word_1_64' title='bbox 774 1359 871 1426; x_wconf 80' lang='lat' dir='ltr'><strong>simul</strong></span> <span class='ocrx_word' id='word_1_65' title='bbox 882 1363 915 1424; x_wconf 87' lang='lat' dir='ltr'><strong>et</strong></span> <span class='ocrx_word' id='word_1_66' title='bbox 924 1363 1093 1428; x_wconf 66' lang='lat' dir='ltr'><strong>reundum</strong></span> <span class='ocrx_word' id='word_1_67' title='bbox 1104 1363 1243 1428; x_wconf 71' lang='lat' dir='ltr'><strong>camera</strong></span> <span class='ocrx_word' id='word_1_68' title='bbox 1285 1353 1425 1412; x_wconf 57' lang='lat' dir='ltr'><strong>“wi“</strong></span> 
     </span>
     <span class='ocr_line' id='line_1_10' title="bbox 108 1451 1351 1555; baseline -0.003 -21"><span class='ocrx_word' id='word_1_69' title='bbox 108 1472 233 1551; x_wconf 76' lang='lat' dir='ltr'><strong>perlem</strong></span> <span class='ocrx_word' id='word_1_70' title='bbox 243 1470 275 1534; x_wconf 85' lang='lat' dir='ltr'><strong>ei</strong></span> <span class='ocrx_word' id='word_1_71' title='bbox 286 1471 426 1550; x_wconf 80' lang='lat' dir='ltr'><strong>respectu</strong></span> <span class='ocrx_word' id='word_1_72' title='bbox 435 1467 574 1554; x_wconf 72' lang='lat' dir='ltr'><strong>ejusden</strong></span> <span class='ocrx_word' id='word_1_73' title='bbox 584 1485 649 1532; x_wconf 87' lang='lat' dir='ltr'><strong>esse</strong></span> <span class='ocrx_word' id='word_1_74' title='bbox 662 1486 727 1531; x_wconf 87' lang='lat' dir='ltr'><strong>non</strong></span> <span class='ocrx_word' id='word_1_75' title='bbox 735 1471 870 1549; x_wconf 83' lang='lat' dir='ltr'><strong>possunt</strong></span> <span class='ocrx_word' id='word_1_76' title='bbox 880 1463 945 1555; x_wconf 84' lang='lat'><strong>(2).</strong></span> <span class='ocrx_word' id='word_1_77' title='bbox 1347 1451 1351 1458; x_wconf 71' lang='grc'>’</span> 
     </span>
    </p>

    <p class='ocr_par' dir='ltr' id='par_1_5' title="bbox 112 1573 1249 1768">
     <span class='ocr_line' id='line_1_11' title="bbox 181 1573 1249 1658; baseline -0.002 -16"><span class='ocrx_word' id='word_1_78' title='bbox 181 1575 307 1643; x_wconf 88' lang='lat' dir='ltr'><strong>Dicitur</strong></span> <span class='ocrx_word' id='word_1_79' title='bbox 317 1576 400 1642; x_wconf 89' lang='lat' dir='ltr'><strong>inter</strong></span> <span class='ocrx_word' id='word_1_80' title='bbox 419 1575 486 1642; x_wconf 91' lang='lat' dir='ltr'><strong>duo</strong></span> <span class='ocrx_word' id='word_1_81' title='bbox 500 1578 636 1642; x_wconf 80' lang='lat' dir='ltr'><strong>extrema</strong></span> <span class='ocrx_word' id='word_1_82' title='bbox 656 1573 823 1656; x_wconf 83' lang='lat' dir='ltr'><strong>simplicia,</strong></span> <span class='ocrx_word' id='word_1_83' title='bbox 843 1575 921 1658; x_wconf 88' lang='lat' dir='ltr'><strong>quia</strong></span> <span class='ocrx_word' id='word_1_84' title='bbox 934 1593 1046 1644; x_wconf 88' lang='lat' dir='ltr'><strong>sermo</strong></span> <span class='ocrx_word' id='word_1_85' title='bbox 1061 1575 1113 1644; x_wconf 81' lang='lat' dir='ltr'><strong>liic</strong></span> <span class='ocrx_word' id='word_1_86' title='bbox 1137 1583 1186 1642; x_wconf 87' lang='lat' dir='ltr'><strong>est</strong></span> <span class='ocrx_word' id='word_1_87' title='bbox 1200 1575 1249 1649; x_wconf 72' lang='lat' dir='ltr'><strong>de,</strong></span> 
     </span>
     <span class='ocr_line' id='line_1_12' title="bbox 112 1675 1239 1768; baseline -0.002 -18"><span class='ocrx_word' id='word_1_88' title='bbox 112 1682 324 1768; x_wconf 88' lang='lat' dir='ltr'><strong>oppositione</strong></span> <span class='ocrx_word' id='word_1_89' title='bbox 336 1681 574 1759; x_wconf 85' lang='lat' dir='ltr'><strong>terminorum,</strong></span> <span class='ocrx_word' id='word_1_90' title='bbox 598 1700 663 1747; x_wconf 94' lang='lat' dir='ltr'><strong>non</strong></span> <span class='ocrx_word' id='word_1_91' title='bbox 679 1683 720 1748; x_wconf 92' lang='lat' dir='ltr'><strong>de</strong></span> <span class='ocrx_word' id='word_1_92' title='bbox 739 1675 948 1767; x_wconf 90' lang='lat' dir='ltr'><strong>oppositione</strong></span> <span class='ocrx_word' id='word_1_93' title='bbox 963 1683 1239 1768; x_wconf 85' lang='lat' dir='ltr'><strong>propositionum.</strong></span> 
     </span>
    </p>

    <p class='ocr_par' dir='ltr' id='par_1_6' title="bbox 54 1784 1244 2739">
     <span class='ocr_line' id='line_1_13' title="bbox 112 1784 1242 1874; baseline -0.003 -16"><span class='ocrx_word' id='word_1_94' title='bbox 112 1790 238 1858; x_wconf 79' lang='lat' dir='ltr'>Dicitur</span> <span class='ocrx_word' id='word_1_95' title='bbox 251 1793 287 1857; x_wconf 88' lang='lat' dir='ltr'><strong>in</strong></span> <span class='ocrx_word' id='word_1_96' title='bbox 300 1809 334 1856; x_wconf 80' lang='lat' dir='ltr'><strong>re</strong></span> <span class='ocrx_word' id='word_1_97' title='bbox 345 1790 513 1873; x_wconf 76' lang='lat' dir='ltr'><strong>singuirri,</strong></span> <span class='ocrx_word' id='word_1_98' title='bbox 525 1791 601 1874; x_wconf 89' lang='lat' dir='ltr'><strong>quia</strong></span> <span class='ocrx_word' id='word_1_99' title='bbox 617 1789 648 1856; x_wconf 91' lang='lat' dir='ltr'><strong>in</strong></span> <span class='ocrx_word' id='word_1_100' title='bbox 665 1790 779 1856; x_wconf 88' lang='lat' dir='ltr'><strong>eadem</strong></span> <span class='ocrx_word' id='word_1_101' title='bbox 793 1798 907 1857; x_wconf 85' lang='lat' dir='ltr'><strong>natura</strong></span> <span class='ocrx_word' id='word_1_102' title='bbox 919 1784 1105 1868; x_wconf 83' lang='lat' dir='ltr'><strong>universali,</strong></span> <span class='ocrx_word' id='word_1_103' title='bbox 1118 1790 1242 1856; x_wconf 88' lang='lat' dir='ltr'><strong>ratione</strong></span> 
     </span>
     <span class='ocr_line' id='line_1_14' title="bbox 113 1896 1240 1985; baseline 0.001 -21"><span class='ocrx_word' id='word_1_104' title='bbox 113 1899 258 1985; x_wconf 89' lang='lat' dir='ltr'><strong>plurium</strong></span> <span class='ocrx_word' id='word_1_105' title='bbox 286 1896 548 1972; x_wconf 91' lang='lat' dir='ltr'><strong>individuorum,</strong></span> <span class='ocrx_word' id='word_1_106' title='bbox 572 1907 713 1981; x_wconf 83' lang='lat' dir='ltr'><strong>possunt</strong></span> <span class='ocrx_word' id='word_1_107' title='bbox 733 1898 888 1983; x_wconf 88' lang='lat' dir='ltr'><strong>opposita</strong></span> <span class='ocrx_word' id='word_1_108' title='bbox 907 1898 1080 1983; x_wconf 76' lang='lat' dir='ltr'><strong>predicata</strong></span> <span class='ocrx_word' id='word_1_109' title='bbox 1098 1898 1240 1982; x_wconf 85' lang='lat' dir='ltr'><strong>reperiri.</strong></span> 
     </span>
     <span class='ocr_line' id='line_1_15' title="bbox 54 1987 1241 2089; baseline 0 -17"><span class='ocrx_word' id='word_1_110' title='bbox 54 1987 58 1998; x_wconf 63' lang='grc'><strong>’</strong></span> <span class='ocrx_word' id='word_1_111' title='bbox 113 2007 239 2074; x_wconf 85' lang='lat' dir='ltr'><strong>Dicitur</strong></span> <span class='ocrx_word' id='word_1_112' title='bbox 252 2007 349 2074; x_wconf 81' lang='lat' dir='ltr'><strong>simut</strong></span> <span class='ocrx_word' id='word_1_113' title='bbox 362 2014 394 2071; x_wconf 88' lang='lat' dir='ltr'><strong>et</strong></span> <span class='ocrx_word' id='word_1_114' title='bbox 405 2008 578 2072; x_wconf 75' lang='lat' dir='ltr'><strong>secundum</strong></span> <span class='ocrx_word' id='word_1_115' title='bbox 593 2009 731 2072; x_wconf 82' lang='lat' dir='ltr'><strong>eamdem</strong></span> <span class='ocrx_word' id='word_1_116' title='bbox 744 2011 879 2089; x_wconf 80' lang='lat' dir='ltr'><strong>partem,</strong></span> <span class='ocrx_word' id='word_1_117' title='bbox 895 2007 1079 2073; x_wconf 88' lang='lat' dir='ltr'><strong>successive</strong></span> <span class='ocrx_word' id='word_1_118' title='bbox 1102 2007 1190 2072; x_wconf 90' lang='lat' dir='ltr'><strong>enim</strong></span> <span class='ocrx_word' id='word_1_119' title='bbox 1205 2026 1241 2072; x_wconf 88' lang='lat' dir='ltr'><strong>ac</strong></span> 
     </span>
     <span class='ocr_line' id='line_1_16' title="bbox 111 2107 1243 2199; baseline -0.004 -16"><span class='ocrx_word' id='word_1_120' title='bbox 111 2117 146 2183; x_wconf 89' lang='lat' dir='ltr'><strong>in</strong></span> <span class='ocrx_word' id='word_1_121' title='bbox 172 2114 310 2182; x_wconf 87' lang='lat' dir='ltr'><strong>diversis</strong></span> <span class='ocrx_word' id='word_1_122' title='bbox 330 2113 487 2198; x_wconf 88' lang='lat' dir='ltr'><strong>partibus,</strong></span> <span class='ocrx_word' id='word_1_123' title='bbox 504 2107 581 2181; x_wconf 89' lang='lat' dir='ltr'><strong>niliil</strong></span> <span class='ocrx_word' id='word_1_124' title='bbox 608 2114 729 2180; x_wconf 90' lang='lat' dir='ltr'><strong>mirum</strong></span> <span class='ocrx_word' id='word_1_125' title='bbox 754 2113 781 2180; x_wconf 91' lang='lat' dir='ltr'><strong>si</strong></span> <span class='ocrx_word' id='word_1_126' title='bbox 797 2112 948 2199; x_wconf 87' lang='lat' dir='ltr'><strong>opposita</strong></span> <span class='ocrx_word' id='word_1_127' title='bbox 968 2115 1075 2181; x_wconf 91' lang='lat' dir='ltr'><strong>eidem</strong></span> <span class='ocrx_word' id='word_1_128' title='bbox 1094 2115 1243 2199; x_wconf 85' lang='lat' dir='ltr'><strong>subjecto</strong></span> 
     </span>
     <span class='ocr_line' id='line_1_17' title="bbox 111 2220 1244 2308; baseline -0.002 -20"><span class='ocrx_word' id='word_1_129' title='bbox 111 2223 325 2288; x_wconf 91' lang='lat' dir='ltr'><strong>conveniant.</strong></span> <span class='ocrx_word' id='word_1_130' title='bbox 351 2220 475 2287; x_wconf 88' lang='lat' dir='ltr'><strong>Dicitur</strong></span> <span class='ocrx_word' id='word_1_131' title='bbox 492 2221 625 2286; x_wconf 88' lang='lat' dir='ltr'><strong>tandem</strong></span> <span class='ocrx_word' id='word_1_132' title='bbox 641 2224 778 2304; x_wconf 82' lang='lat' dir='ltr'><strong>respectu</strong></span> <span class='ocrx_word' id='word_1_133' title='bbox 795 2224 947 2308; x_wconf 79' lang='lat' dir='ltr'><strong>ejusdem,</strong></span> <span class='ocrx_word' id='word_1_134' title='bbox 963 2221 1041 2304; x_wconf 89' lang='lat' dir='ltr'><strong>quia</strong></span> <span class='ocrx_word' id='word_1_135' title='bbox 1067 2231 1145 2288; x_wconf 87' lang='lat' dir='ltr'><strong>sunt</strong></span> <span class='ocrx_word' id='word_1_136' title='bbox 1160 2239 1244 2287; x_wconf 90' lang='lat' dir='ltr'><strong>non·</strong></span> 
     </span>
     <span class='ocr_line' id='line_1_18' title="bbox 91 2328 1242 2418; baseline -0.002 -22"><span class='ocrx_word' id='word_1_137' title='bbox 91 2331 204 2418; x_wconf 48' lang='lat' dir='ltr'><strong>‚nulla</strong></span> <span class='ocrx_word' id='word_1_138' title='bbox 235 2329 419 2404; x_wconf 86' lang='lat' dir='ltr'><strong>attributa,¹</strong></span> <span class='ocrx_word' id='word_1_139' title='bbox 439 2345 515 2412; x_wconf 87' lang='lat' dir='ltr'><strong>quae</strong></span> <span class='ocrx_word' id='word_1_140' title='bbox 537 2329 611 2396; x_wconf 89' lang='lat' dir='ltr'><strong>licet</strong></span> <span class='ocrx_word' id='word_1_141' title='bbox 644 2328 888 2414; x_wconf 91' lang='lat' dir='ltr'><strong>oppositionem</strong></span> <span class='ocrx_word' id='word_1_142' title='bbox 912 2331 1092 2413; x_wconf 88' lang='lat' dir='ltr'><strong>quamdam</strong></span> <span class='ocrx_word' id='word_1_143' title='bbox 1121 2331 1242 2414; x_wconf 90' lang='lat' dir='ltr'><strong>impor-</strong></span> 
     </span>
     <span class='ocr_line' id='line_1_19' title="bbox 110 2437 1243 2521; baseline -0.003 -17"><span class='ocrx_word' id='word_1_144' title='bbox 110 2449 203 2514; x_wconf 85' lang='lat' dir='ltr'><strong>tant,</strong></span> <span class='ocrx_word' id='word_1_145' title='bbox 224 2437 314 2504; x_wconf 78' lang='lat' dir='ltr'><strong>facile</strong></span> <span class='ocrx_word' id='word_1_146' title='bbox 332 2449 445 2503; x_wconf 87' lang='lat' dir='ltr'><strong>tamen</strong></span> <span class='ocrx_word' id='word_1_147' title='bbox 473 2447 663 2521; x_wconf 90' lang='lat' dir='ltr'><strong>competere</strong></span> <span class='ocrx_word' id='word_1_148' title='bbox 683 2447 822 2521; x_wconf 88' lang='lat' dir='ltr'><strong>possunt</strong></span> <span class='ocrx_word' id='word_1_149' title='bbox 840 2437 948 2502; x_wconf 91' lang='lat' dir='ltr'><strong>eidem</strong></span> <span class='ocrx_word' id='word_1_150' title='bbox 969 2446 1119 2521; x_wconf 89' lang='lat' dir='ltr'><strong>respectu</strong></span> <span class='ocrx_word' id='word_1_151' title='bbox 1137 2437 1243 2502; x_wconf 92' lang='lat' dir='ltr'><strong>diver-</strong></span> 
     </span>
     <span class='ocr_line' id='line_1_20' title="bbox 111 2543 1241 2629; baseline -0.002 -17"><span class='ocrx_word' id='word_1_152' title='bbox 111 2565 230 2612; x_wconf 89' lang='lat' dir='ltr'><strong>sorum</strong></span> <span class='ocrx_word' id='word_1_153' title='bbox 249 2556 490 2620; x_wconf 88' lang='lat' dir='ltr'><strong>extremorum,</strong></span> <span class='ocrx_word' id='word_1_154' title='bbox 507 2545 795 2627; x_wconf 83' lang='lat' dir='ltr'><strong>quemadmodum</strong></span> <span class='ocrx_word' id='word_1_155' title='bbox 815 2543 903 2609; x_wconf 92' lang='lat' dir='ltr'><strong>idem</strong></span> <span class='ocrx_word' id='word_1_156' title='bbox 919 2553 1029 2629; x_wconf 87' lang='lat' dir='ltr'><strong>potest</strong></span> <span class='ocrx_word' id='word_1_157' title='bbox 1049 2563 1122 2610; x_wconf 88' lang='lat' dir='ltr'><strong>esse</strong></span> <span class='ocrx_word' id='word_1_158' title='bbox 1143 2544 1241 2610; x_wconf 90' lang='lat' dir='ltr'><strong>simul</strong></span> 
     </span>
     <span class='ocr_line' id='line_1_21' title="bbox 104 2651 1128 2739; baseline -0.001 -19"><span class='ocrx_word' id='word_1_159' title='bbox 104 2659 203 2739; x_wconf 82' lang='lat' dir='ltr'><strong>pater</strong></span> <span class='ocrx_word' id='word_1_160' title='bbox 221 2663 254 2720; x_wconf 91' lang='lat' dir='ltr'><strong>et</strong></span> <span class='ocrx_word' id='word_1_161' title='bbox 263 2653 371 2739; x_wconf 82' lang='lat' dir='ltr'><strong>filius,</strong></span> <span class='ocrx_word' id='word_1_162' title='bbox 388 2652 505 2717; x_wconf 87' lang='lat' dir='ltr'><strong>similis</strong></span> <span class='ocrx_word' id='word_1_163' title='bbox 515 2670 553 2718; x_wconf 88' lang='lat' dir='ltr'><strong>ac</strong></span> <span class='ocrx_word' id='word_1_164' title='bbox 566 2651 732 2718; x_wconf 85' lang='lat' dir='ltr'><strong>dissimilis</strong></span> <span class='ocrx_word' id='word_1_165' title='bbox 747 2662 896 2737; x_wconf 86' lang='lat' dir='ltr'><strong>respectu</strong></span> <span class='ocrx_word' id='word_1_166' title='bbox 911 2653 1128 2719; x_wconf 89' lang='lat' dir='ltr'><strong>diversorum.</strong></span> 
     </span>
    </p>

    <p class='ocr_par' dir='ltr' id='par_1_7' title="bbox 104 2758 1457 3392">
     <span class='ocr_line' id='line_1_22' title="bbox 160 2758 1416 2847; baseline -0.002 -20"><span class='ocrx_word' id='word_1_167' title='bbox 160 2758 217 2847; x_wconf 76' lang='lat'><strong>36.</strong></span> <span class='ocrx_word' id='word_1_168' title='bbox 266 2760 394 2845; x_wconf 83' lang='lat' dir='ltr'><strong>Duplex</strong></span> <span class='ocrx_word' id='word_1_169' title='bbox 411 2771 461 2826; x_wconf 85' lang='lat' dir='ltr'><strong>est</strong></span> <span class='ocrx_word' id='word_1_170' title='bbox 485 2778 593 2845; x_wconf 85' lang='lat' dir='ltr'><strong>genus</strong></span> <span class='ocrx_word' id='word_1_171' title='bbox 611 2759 842 2845; x_wconf 89' lang='lat' dir='ltr'><strong>oppositionis:</strong></span> <span class='ocrx_word' id='word_1_172' title='bbox 860 2762 960 2826; x_wconf 90' lang='lat' dir='ltr'><strong>altera</strong></span> <span class='ocrx_word' id='word_1_173' title='bbox 974 2780 1094 2845; x_wconf 90' lang='lat' dir='ltr'><strong>nempe</strong></span> <span class='ocrx_word' id='word_1_174' title='bbox 1108 2768 1158 2827; x_wconf 90' lang='lat' dir='ltr'><strong>est</strong></span> <span class='ocrx_word' id='word_1_175' title='bbox 1166 2766 1243 2841; x_wconf 81' lang='lat' dir='ltr'><strong>pro-</strong></span> <span class='ocrx_word' id='word_1_176' title='bbox 1299 2788 1416 2845; x_wconf 57' lang='lat' dir='ltr'><strong>omni„</strong></span> 
     </span>
     <span class='ocr_line' id='line_1_23' title="bbox 104 2860 1457 2953; baseline -0.002 -18"><span class='ocrx_word' id='word_1_177' title='bbox 104 2870 199 2951; x_wconf 81' lang='lat' dir='ltr'><strong>pria,</strong></span> <span class='ocrx_word' id='word_1_178' title='bbox 224 2870 323 2935; x_wconf 87' lang='lat' dir='ltr'><strong>altera</strong></span> <span class='ocrx_word' id='word_1_179' title='bbox 346 2868 526 2949; x_wconf 81' lang='lat' dir='ltr'><strong>impropria.</strong></span> <span class='ocrx_word' id='word_1_180' title='bbox 555 2866 761 2952; x_wconf 91' lang='lat' dir='ltr'><strong>Oppositio&#39;</strong></span> <span class='ocrx_word' id='word_1_181' title='bbox 752 2867 929 2953; x_wconf 84' lang='lat' dir='ltr'><strong>impropria</strong></span> <span class='ocrx_word' id='word_1_182' title='bbox 950 2876 1001 2933; x_wconf 88' lang='lat' dir='ltr'><strong>est</strong></span> <span class='ocrx_word' id='word_1_183' title='bbox 1020 2885 1241 2951; x_wconf 69' lang='lat' dir='ltr'><strong>quecumque</strong></span> <span class='ocrx_word' id='word_1_184' title='bbox 1256 2861 1405 2917; x_wconf 48' lang='grc' dir='ltr'><strong>ΨΜ·</strong></span> <span class='ocrx_word' id='word_1_185' title='bbox 1413 2860 1457 2905; x_wconf 73' lang='lat'><strong>¹¹¹·</strong></span> 
     </span>
     <span class='ocr_line' id='line_1_24' title="bbox 110 2933 1417 3060; baseline -0.001 -17"><span class='ocrx_word' id='word_1_186' title='bbox 110 2976 287 3043; x_wconf 87' lang='lat' dir='ltr'><strong>diversitas</strong></span> <span class='ocrx_word' id='word_1_187' title='bbox 314 2985 347 3041; x_wconf 89' lang='lat' dir='ltr'><strong>et</strong></span> <span class='ocrx_word' id='word_1_188' title='bbox 374 2973 557 3056; x_wconf 81' lang='lat' dir='ltr'><strong>distincti03</strong></span> <span class='ocrx_word' id='word_1_189' title='bbox 591 2992 734 3058; x_wconf 86' lang='lat' dir='ltr'><strong>quaeque</strong></span> <span class='ocrx_word' id='word_1_190' title='bbox 763 2974 941 3059; x_wconf 87' lang='lat' dir='ltr'><strong>improprie</strong></span> <span class='ocrx_word' id='word_1_191' title='bbox 972 2974 1123 3060; x_wconf 86' lang='lat' dir='ltr'><strong>opposita</strong></span> <span class='ocrx_word' id='word_1_192' title='bbox 1149 2985 1240 3051; x_wconf 90' lang='lat' dir='ltr'><strong>sunt,</strong></span> <span class='ocrx_word' id='word_1_193' title='bbox 1291 2933 1417 2988; x_wconf 52' lang='lat' dir='ltr'><strong>mmm*</strong></span> 
     </span>
     <span class='ocr_line' id='line_1_25' title="bbox 109 3081 1243 3179; baseline -0.004 -27"><span class='ocrx_word' id='word_1_194' title='bbox 109 3087 271 3152; x_wconf 89' lang='lat' dir='ltr'><strong>dicuntur</strong></span> <span class='ocrx_word' id='word_1_195' title='bbox 292 3085 454 3179; x_wconf 75' lang='lat' dir='ltr'><strong>disparata</strong></span> <span class='ocrx_word' id='word_1_196' title='bbox 481 3081 545 3170; x_wconf 73' lang='lat'><strong>(3).</strong></span> <span class='ocrx_word' id='word_1_197' title='bbox 576 3082 749 3167; x_wconf 88' lang='lat' dir='ltr'><strong>Oppositio</strong></span> <span class='ocrx_word' id='word_1_198' title='bbox 779 3085 923 3167; x_wconf 88' lang='lat' dir='ltr'><strong>propria,</strong></span> <span class='ocrx_word' id='word_1_199' title='bbox 954 3102 1029 3172; x_wconf 83' lang='lat' dir='ltr'><strong>quae</strong></span> <span class='ocrx_word' id='word_1_200' title='bbox 1054 3081 1243 3167; x_wconf 72' lang='lat' dir='ltr'><strong>simpliciter</strong></span> 
     </span>
     <span class='ocr_line' id='line_1_26' title="bbox 109 3174 1243 3279; baseline -0.004 -21"><span class='ocrx_word' id='word_1_201' title='bbox 109 3190 334 3279; x_wconf 89' lang='lat' dir='ltr'><strong>oppositionis</strong></span> <span class='ocrx_word' id='word_1_202' title='bbox 351 3174 465 3259; x_wconf 88' lang='lat' dir='ltr'><strong>sortita</strong></span> <span class='ocrx_word' id='word_1_203' title='bbox 479 3200 527 3256; x_wconf 88' lang='lat' dir='ltr'><strong>est</strong></span> <span class='ocrx_word' id='word_1_204' title='bbox 544 3209 680 3267; x_wconf 90' lang='lat' dir='ltr'><strong>nomen,</strong></span> <span class='ocrx_word' id='word_1_205' title='bbox 697 3198 747 3257; x_wconf 90' lang='lat' dir='ltr'><strong>est</strong></span> <span class='ocrx_word' id='word_1_206' title='bbox 762 3193 981 3276; x_wconf 84' lang='lat' dir='ltr'><strong>repugnantia</strong></span> <span class='ocrx_word' id='word_1_207' title='bbox 999 3191 1083 3257; x_wconf 90' lang='lat' dir='ltr'><strong>inter</strong></span> <span class='ocrx_word' id='word_1_208' title='bbox 1106 3202 1192 3256; x_wconf 87' lang='lat' dir='ltr'><strong>certa</strong></span> <span class='ocrx_word' id='word_1_209' title='bbox 1206 3208 1243 3255; x_wconf 90' lang='lat' dir='ltr'><strong>ac</strong></span> 
     </span>
     <span class='ocr_line' id='line_1_27' title="bbox 107 3298 1242 3392; baseline -0.002 -25"><span class='ocrx_word' id='word_1_210' title='bbox 107 3300 252 3367; x_wconf 85' lang='lat' dir='ltr'><strong>definita</strong></span> <span class='ocrx_word' id='word_1_211' title='bbox 264 3310 423 3374; x_wconf 84' lang='lat' dir='ltr'><strong>extrema,</strong></span> <span class='ocrx_word' id='word_1_212' title='bbox 441 3317 516 3382; x_wconf 84' lang='lat' dir='ltr'><strong>quae</strong></span> <span class='ocrx_word' id='word_1_213' title='bbox 526 3298 676 3383; x_wconf 89' lang='lat' dir='ltr'><strong>peculiari</strong></span> <span class='ocrx_word' id='word_1_214' title='bbox 688 3298 880 3392; x_wconf 81' lang='lat' dir='ltr'><strong>habitudine</strong></span> <span class='ocrx_word' id='word_1_215' title='bbox 894 3299 1034 3365; x_wconf 89' lang='lat' dir='ltr'><strong>invicem</strong></span> <span class='ocrx_word' id='word_1_216' title='bbox 1046 3300 1242 3365; x_wconf 86' lang='lat' dir='ltr'><strong>reseruntur.</strong></span> 
     </span>
    </p>

    <p class='ocr_par' dir='ltr' id='par_1_8' title="bbox 104 3405 1243 3706">
     <span class='ocr_line' id='line_1_28' title="bbox 106 3405 1243 3492; baseline -0.002 -19"><span class='ocrx_word' id='word_1_217' title='bbox 106 3408 249 3492; x_wconf 84' lang='lat' dir='ltr'><strong>Proprie</strong></span> <span class='ocrx_word' id='word_1_218' title='bbox 268 3414 379 3490; x_wconf 83' lang='lat' dir='ltr'><strong>atque,</strong></span> <span class='ocrx_word' id='word_1_219' title='bbox 396 3405 572 3490; x_wconf 88' lang='lat' dir='ltr'><strong>improprie</strong></span> <span class='ocrx_word' id='word_1_220' title='bbox 586 3406 737 3489; x_wconf 88' lang='lat' dir='ltr'><strong>opposita</strong></span> <span class='ocrx_word' id='word_1_221' title='bbox 748 3423 806 3470; x_wconf 92' lang='lat' dir='ltr'><strong>seu</strong></span> <span class='ocrx_word' id='word_1_222' title='bbox 822 3406 983 3490; x_wconf 88' lang='lat' dir='ltr'><strong>disparata</strong></span> <span class='ocrx_word' id='word_1_223' title='bbox 998 3409 1030 3473; x_wconf 92' lang='lat' dir='ltr'><strong>in</strong></span> <span class='ocrx_word' id='word_1_224' title='bbox 1047 3408 1108 3472; x_wconf 90' lang='lat' dir='ltr'><strong>hoc</strong></span> <span class='ocrx_word' id='word_1_225' title='bbox 1122 3424 1243 3472; x_wconf 88' lang='lat' dir='ltr'><strong>conve-</strong></span> 
     </span>
     <span class='ocr_line' id='line_1_29' title="bbox 106 3512 1242 3599; baseline -0.003 -17"><span class='ocrx_word' id='word_1_226' title='bbox 106 3517 231 3594; x_wconf 80' lang='lat' dir='ltr'><strong>niunt,</strong></span> <span class='ocrx_word' id='word_1_227' title='bbox 255 3514 346 3597; x_wconf 91' lang='lat' dir='ltr'><strong>quod</strong></span> <span class='ocrx_word' id='word_1_228' title='bbox 363 3512 586 3581; x_wconf 87' lang='lat' dir='ltr'><strong>diversitatem</strong></span> <span class='ocrx_word' id='word_1_229' title='bbox 610 3523 709 3595; x_wconf 89' lang='lat' dir='ltr'><strong>atque</strong></span> <span class='ocrx_word' id='word_1_230' title='bbox 728 3513 760 3577; x_wconf 91' lang='lat' dir='ltr'><strong>in</strong></span> <span class='ocrx_word' id='word_1_231' title='bbox 776 3514 893 3577; x_wconf 91' lang='lat' dir='ltr'><strong>eodem</strong></span> <span class='ocrx_word' id='word_1_232' title='bbox 910 3513 1058 3599; x_wconf 91' lang='lat' dir='ltr'><strong>subjecto</strong></span> <span class='ocrx_word' id='word_1_233' title='bbox 1072 3514 1242 3598; x_wconf 90' lang='lat' dir='ltr'><strong>incompo-</strong></span> 
     </span>
     <span class='ocr_line' id='line_1_30' title="bbox 104 3620 1242 3706; baseline -0.006 -14"><span class='ocrx_word' id='word_1_234' title='bbox 104 3623 305 3692; x_wconf 85' lang='lat' dir='ltr'><strong>sibilitatem</strong></span> <span class='ocrx_word' id='word_1_235' title='bbox 321 3640 388 3706; x_wconf 74' lang='lat' dir='ltr'><strong>prae</strong></span> <span class='ocrx_word' id='word_1_236' title='bbox 398 3622 559 3687; x_wconf 82' lang='lat' dir='ltr'><strong>scierant.</strong></span> <span class='ocrx_word' id='word_1_237' title='bbox 572 3620 730 3687; x_wconf 81' lang='lat' dir='ltr'><strong>Differunt</strong></span> <span class='ocrx_word' id='word_1_238' title='bbox 745 3632 873 3705; x_wconf 83' lang='lat' dir='ltr'><strong>autem,</strong></span> <span class='ocrx_word' id='word_1_239' title='bbox 887 3621 963 3704; x_wconf 87' lang='lat' dir='ltr'><strong>quia</strong></span> <span class='ocrx_word' id='word_1_240' title='bbox 978 3622 1079 3706; x_wconf 88' lang='lat' dir='ltr'><strong>prima</strong></span> <span class='ocrx_word' id='word_1_241' title='bbox 1089 3620 1242 3688; x_wconf 91' lang='lat' dir='ltr'><strong>determi-</strong></span> 
     </span>
    </p>
   </div>
   <div class='ocr_carea' id='block_1_4' title="bbox 117 3832 1244 3908">
    <p class='ocr_par' dir='ltr' id='par_1_9' title="bbox 117 3832 1244 3908">
     <span class='ocr_line' id='line_1_31' title="bbox 117 3832 1244 3908; baseline -0.005 -10"><span class='ocrx_word' id='word_1_242' title='bbox 117 3887 124 3898; x_wconf 82' lang='lat'><em>,</em></span> <span class='ocrx_word' id='word_1_243' title='bbox 143 3838 195 3908; x_wconf 86' lang='grc' dir='ltr'><strong>(ι)</strong></span> <span class='ocrx_word' id='word_1_244' title='bbox 231 3834 295 3896; x_wconf 80' lang='lat' dir='ltr'><strong>etr.</strong></span> <span class='ocrx_word' id='word_1_245' title='bbox 310 3834 434 3895; x_wconf 81' lang='lat' dir='ltr'><strong>inferius</strong></span> <span class='ocrx_word' id='word_1_246' title='bbox 446 3835 526 3907; x_wconf 78' lang='lat' dir='ltr'><strong>leges</strong></span> <span class='ocrx_word' id='word_1_247' title='bbox 540 3832 816 3904; x_wconf 77' lang='lat' dir='ltr'><strong>consequentiarum</strong></span> <span class='ocrx_word' id='word_1_248' title='bbox 831 3833 907 3893; x_wconf 90' lang='lat' dir='ltr'><strong>inter</strong></span> <span class='ocrx_word' id='word_1_249' title='bbox 921 3833 1135 3907; x_wconf 82' lang='lat' dir='ltr'><strong>propositiones</strong></span> <span class='ocrx_word' id='word_1_250' title='bbox 1146 3835 1244 3893; x_wconf 85' lang='lat' dir='ltr'><strong>subal·</strong></span> 
     </span>
    </p>
   </div>
   <div class='ocr_carea' id='block_1_5' title="bbox 96 3944 1247 4891">
    <p class='ocr_par' dir='ltr' id='par_1_10' title="bbox 102 3944 228 3989">
     <span class='ocr_line' id='line_1_32' title="bbox 102 3944 228 3989; baseline -0.032 -2"><span class='ocrx_word' id='word_1_251' title='bbox 102 3944 228 3989; x_wconf 80' lang='lat' dir='ltr'><strong>ternas.</strong></span> 
     </span>
    </p>

    <p class='ocr_par' dir='ltr' id='par_1_11' title="bbox 99 4012 1244 4182">
     <span class='ocr_line' id='line_1_33' title="bbox 141 4012 1244 4088; baseline -0.004 -11"><span class='ocrx_word' id='word_1_252' title='bbox 141 4022 192 4086; x_wconf 79' lang='lat'><strong>(2)</strong></span> <span class='ocrx_word' id='word_1_253' title='bbox 230 4015 274 4075; x_wconf 83' lang='lat' dir='ltr'><strong>tra</strong></span> <span class='ocrx_word' id='word_1_254' title='bbox 287 4014 556 4085; x_wconf 86' lang='lat' dir='ltr'><strong>Conimbricenses,</strong></span> <span class='ocrx_word' id='word_1_255' title='bbox 569 4014 627 4085; x_wconf 90' lang='lat' dir='ltr'><strong>Op.</strong></span> <span class='ocrx_word' id='word_1_256' title='bbox 638 4012 687 4072; x_wconf 87' lang='lat' dir='ltr'><strong>cit.</strong></span> <span class='ocrx_word' id='word_1_257' title='bbox 697 4014 731 4072; x_wconf 80' lang='lat' dir='ltr'><strong>In</strong></span> <span class='ocrx_word' id='word_1_258' title='bbox 741 4014 976 4074; x_wconf 79' lang='lat' dir='ltr'><strong>Praedr&#39;camenta</strong></span> <span class='ocrx_word' id='word_1_259' title='bbox 984 4015 1123 4088; x_wconf 61' lang='lat' dir='ltr'><strong>Ariston,</strong></span> <span class='ocrx_word' id='word_1_260' title='bbox 1133 4034 1198 4087; x_wconf 84' lang='lat' dir='ltr'><strong>cap.</strong></span> <span class='ocrx_word' id='word_1_261' title='bbox 1211 4031 1244 4073; x_wconf 89' lang='lat' dir='ltr'><strong>ro</strong></span> 
     </span>
     <span class='ocr_line' id='line_1_34' title="bbox 99 4105 447 4182; baseline -0.017 -15"><span class='ocrx_word' id='word_1_262' title='bbox 99 4120 221 4182; x_wconf 67' lang='lat' dir='ltr'><strong>quaest-</strong></span> <span class='ocrx_word' id='word_1_263' title='bbox 240 4105 332 4174; x_wconf 66' lang='lat' dir='ltr'><strong>unic,</strong></span> <span class='ocrx_word' id='word_1_264' title='bbox 348 4116 404 4163; x_wconf 88' lang='lat' dir='ltr'><strong>art.</strong></span> <span class='ocrx_word' id='word_1_265' title='bbox 424 4126 447 4162; x_wconf 89' lang='lat' dir='ltr'><strong>r.</strong></span> 
     </span>
    </p>

    <p class='ocr_par' dir='ltr' id='par_1_12' title="bbox 96 4190 1247 4891">
     <span class='ocr_line' id='line_1_35' title="bbox 140 4190 1246 4270; baseline -0.001 -17"><span class='ocrx_word' id='word_1_266' title='bbox 140 4204 189 4270; x_wconf 86' lang='lat'><strong>(3)</strong></span> <span class='ocrx_word' id='word_1_267' title='bbox 228 4196 305 4253; x_wconf 87' lang='lat' dir='ltr'><strong>Tota</strong></span> <span class='ocrx_word' id='word_1_268' title='bbox 317 4194 378 4251; x_wconf 75' lang='lat' dir='ltr'><strong>haec</strong></span> <span class='ocrx_word' id='word_1_269' title='bbox 393 4192 481 4251; x_wconf 87' lang='lat' dir='ltr'><strong>series</strong></span> <span class='ocrx_word' id='word_1_270' title='bbox 491 4190 670 4251; x_wconf 81' lang='lat' dir='ltr'><strong>divisionum</strong></span> <span class='ocrx_word' id='word_1_271' title='bbox 685 4214 718 4253; x_wconf 86' lang='lat' dir='ltr'><strong>nc</strong></span> <span class='ocrx_word' id='word_1_272' title='bbox 728 4192 963 4253; x_wconf 87' lang='lat' dir='ltr'><strong>subdivisionum</strong></span> <span class='ocrx_word' id='word_1_273' title='bbox 979 4192 1169 4252; x_wconf 85' lang='lat' dir='ltr'><strong>terminorum</strong></span> <span class='ocrx_word' id='word_1_274' title='bbox 1182 4214 1246 4265; x_wconf 85' lang='lat' dir='ltr'><strong>per·¹</strong></span> 
     </span>
     <span class='ocr_line' id='line_1_36' title="bbox 99 4281 1246 4355; baseline -0.007 -6"><span class='ocrx_word' id='word_1_275' title='bbox 99 4286 277 4348; x_wconf 88' lang='lat' dir='ltr'><strong>tinentium</strong></span> <span class='ocrx_word' id='word_1_276' title='bbox 301 4298 390 4355; x_wconf 84' lang='lat' dir='ltr'><strong>atque</strong></span> <span class='ocrx_word' id='word_1_277' title='bbox 412 4281 680 4355; x_wconf 86' lang='lat' dir='ltr'><strong>impertinentium,</strong></span> <span class='ocrx_word' id='word_1_278' title='bbox 696 4282 761 4341; x_wconf 85' lang='lat' dir='ltr'><strong>aliis</strong></span> <span class='ocrx_word' id='word_1_279' title='bbox 778 4282 898 4341; x_wconf 90' lang='lat' dir='ltr'><strong>vocibus</strong></span> <span class='ocrx_word' id='word_1_280' title='bbox 916 4282 1033 4343; x_wconf 89' lang='lat' dir='ltr'><strong>brevius</strong></span> <span class='ocrx_word' id='word_1_281' title='bbox 1053 4282 1208 4354; x_wconf 87' lang='lat' dir='ltr'><strong>exponitur</strong></span> <span class='ocrx_word' id='word_1_282' title='bbox 1227 4304 1246 4341; x_wconf 88' lang='lat' dir='ltr'><strong>n</strong></span> 
     </span>
     <span class='ocr_line' id='line_1_37' title="bbox 98 4370 1246 4445; baseline -0.007 -6"><span class='ocrx_word' id='word_1_283' title='bbox 98 4374 345 4441; x_wconf 84' lang='lat' dir='ltr'><strong>recentioribus,</strong></span> <span class='ocrx_word' id='word_1_284' title='bbox 359 4370 412 4443; x_wconf 90' lang='lat' dir='ltr'><strong>qui</strong></span> <span class='ocrx_word' id='word_1_285' title='bbox 421 4372 561 4431; x_wconf 87' lang='lat' dir='ltr'><strong>terminos</strong></span> <span class='ocrx_word' id='word_1_286' title='bbox 570 4370 693 4431; x_wconf 87' lang='lat' dir='ltr'><strong>invicem</strong></span> <span class='ocrx_word' id='word_1_287' title='bbox 707 4387 890 4443; x_wconf 86' lang='lat' dir='ltr'><strong>comparatos</strong></span> <span class='ocrx_word' id='word_1_288' title='bbox 898 4370 1060 4445; x_wconf 79' lang='lat' dir='ltr'><strong>generatim</strong></span> <span class='ocrx_word' id='word_1_289' title='bbox 1069 4372 1206 4431; x_wconf 87' lang='lat' dir='ltr'><strong>dividunt</strong></span> <span class='ocrx_word' id='word_1_290' title='bbox 1214 4372 1246 4431; x_wconf 90' lang='lat' dir='ltr'><strong>in</strong></span> 
     </span>
     <span class='ocr_line' id='line_1_38' title="bbox 96 4462 1246 4540; baseline 0 -19"><span class='ocrx_word' id='word_1_291' title='bbox 96 4466 272 4529; x_wconf 62' lang='lat' dir='ltr'><strong>soahbr&#39;les</strong></span> <span class='ocrx_word' id='word_1_292' title='bbox 280 4476 311 4521; x_wconf 85' lang='lat' dir='ltr'><strong>et</strong></span> <span class='ocrx_word' id='word_1_293' title='bbox 323 4462 513 4521; x_wconf 77' lang='lat' dir='ltr'><strong>insociabiles</strong></span> <span class='ocrx_word' id='word_1_294' title='bbox 521 4481 573 4520; x_wconf 86' lang='lat' dir='ltr'><strong>seu</strong></span> <span class='ocrx_word' id='word_1_295' title='bbox 587 4470 798 4540; x_wconf 76' lang='lat' dir='ltr'><strong>repugnantes.</strong></span> <span class='ocrx_word' id='word_1_296' title='bbox 814 4462 974 4522; x_wconf 89' lang='lat' dir='ltr'><strong>Sociabiles</strong></span> <span class='ocrx_word' id='word_1_297' title='bbox 988 4476 1068 4532; x_wconf 77' lang='lat' dir='ltr'><strong>sunt,</strong></span> <span class='ocrx_word' id='word_1_298' title='bbox 1082 4462 1134 4534; x_wconf 89' lang='lat' dir='ltr'><strong>qui</strong></span> <span class='ocrx_word' id='word_1_299' title='bbox 1145 4463 1246 4535; x_wconf 87' lang='lat' dir='ltr'><strong>expri-</strong></span> 
     </span>
     <span class='ocr_line' id='line_1_39' title="bbox 99 4550 1247 4624; baseline -0.007 -6"><span class='ocrx_word' id='word_1_300' title='bbox 99 4570 200 4618; x_wconf 83' lang='lat' dir='ltr'><strong>munt</strong></span> <span class='ocrx_word' id='word_1_301' title='bbox 214 4553 360 4620; x_wconf 83' lang='lat' dir='ltr'><strong>rationes,</strong></span> <span class='ocrx_word' id='word_1_302' title='bbox 378 4571 445 4623; x_wconf 76' lang='lat' dir='ltr'><strong>qnae</strong></span> <span class='ocrx_word' id='word_1_303' title='bbox 458 4550 547 4611; x_wconf 85' lang='lat' dir='ltr'><strong>simul</strong></span> <span class='ocrx_word' id='word_1_304' title='bbox 560 4552 715 4611; x_wconf 82' lang='lat' dir='ltr'><strong>eonvenite</strong></span> <span class='ocrx_word' id='word_1_305' title='bbox 724 4566 848 4623; x_wconf 88' lang='lat' dir='ltr'><strong>possunt</strong></span> <span class='ocrx_word' id='word_1_306' title='bbox 861 4553 893 4611; x_wconf 90' lang='lat' dir='ltr'><strong>in</strong></span> <span class='ocrx_word' id='word_1_307' title='bbox 902 4553 1003 4611; x_wconf 87' lang='lat' dir='ltr'><strong>eodem</strong></span> <span class='ocrx_word' id='word_1_308' title='bbox 1017 4552 1155 4624; x_wconf 87' lang='lat' dir='ltr'><strong>subjecto:</strong></span> <span class='ocrx_word' id='word_1_309' title='bbox 1167 4552 1247 4611; x_wconf 88' lang='lat' dir='ltr'><strong>unde</strong></span> 
     </span>
     <span class='ocr_line' id='line_1_40' title="bbox 97 4640 1246 4714; baseline -0.004 -9"><span class='ocrx_word' id='word_1_310' title='bbox 97 4651 138 4707; x_wconf 84' lang='lat' dir='ltr'><strong>ad</strong></span> <span class='ocrx_word' id='word_1_311' title='bbox 156 4648 247 4705; x_wconf 85' lang='lat' dir='ltr'><strong>hane</strong></span> <span class='ocrx_word' id='word_1_312' title='bbox 259 4641 454 4701; x_wconf 86' lang='lat' dir='ltr'><strong>terminorum</strong></span> <span class='ocrx_word' id='word_1_313' title='bbox 469 4641 589 4699; x_wconf 83' lang='lat' dir='ltr'><strong>classem</strong></span> <span class='ocrx_word' id='word_1_314' title='bbox 603 4654 777 4699; x_wconf 82' lang='lat' dir='ltr'><strong>revocantur</strong></span> <span class='ocrx_word' id='word_1_315' title='bbox 798 4641 916 4699; x_wconf 87' lang='lat' dir='ltr'><strong>termini</strong></span> <span class='ocrx_word' id='word_1_316' title='bbox 934 4640 1112 4712; x_wconf 87' lang='lat' dir='ltr'><strong>pertinentes</strong></span> <span class='ocrx_word' id='word_1_317' title='bbox 1127 4642 1246 4714; x_wconf 88' lang='lat' dir='ltr'><strong>sequela</strong></span> 
     </span>
     <span class='ocr_line' id='line_1_41' title="bbox 98 4730 1247 4807; baseline -0.003 -13"><span class='ocrx_word' id='word_1_318' title='bbox 98 4754 129 4798; x_wconf 79' lang='lat' dir='ltr'><strong>et</strong></span> <span class='ocrx_word' id='word_1_319' title='bbox 162 4732 397 4807; x_wconf 86' lang='lat' dir='ltr'><strong>impertinentes</strong></span> <span class='ocrx_word' id='word_1_320' title='bbox 427 4730 626 4802; x_wconf 81' lang='lat' dir='ltr'><strong>antiquorum.</strong></span> <span class='ocrx_word' id='word_1_321' title='bbox 653 4732 862 4804; x_wconf 77' lang='lat' dir='ltr'><strong>Repugnnntes</strong></span> <span class='ocrx_word' id='word_1_322' title='bbox 876 4746 961 4804; x_wconf 80' lang='lat' dir='ltr'><strong>sunt,</strong></span> <span class='ocrx_word' id='word_1_323' title='bbox 988 4750 1055 4803; x_wconf 81' lang='lat' dir='ltr'><strong>quoe</strong></span> <span class='ocrx_word' id='word_1_324' title='bbox 1078 4730 1247 4802; x_wconf 78' lang='lat' dir='ltr'><strong>exprimunt</strong></span> 
     </span>
     <span class='ocr_line' id='line_1_42' title="bbox 98 4818 815 4891; baseline -0.014 -4"><span class='ocrx_word' id='word_1_325' title='bbox 98 4828 248 4887; x_wconf 78' lang='lat' dir='ltr'><strong>rationes</strong></span> <span class='ocrx_word' id='word_1_326' title='bbox 263 4818 508 4891; x_wconf 81' lang='lat' dir='ltr'><strong>incomposibites·</strong></span> <span class='ocrx_word' id='word_1_327' title='bbox 517 4820 548 4877; x_wconf 91' lang='lat' dir='ltr'><strong>in</strong></span> <span class='ocrx_word' id='word_1_328' title='bbox 562 4819 661 4879; x_wconf 87' lang='lat' dir='ltr'><strong>endem</strong></span> <span class='ocrx_word' id='word_1_329' title='bbox 676 4820 815 4890; x_wconf 82' lang='lat' dir='ltr'><strong>subjecto.</strong></span> 
     </span>
    </p>
   </div>
   <div class='ocr_carea' id='block_1_6' title="bbox 0 0 1750 5525">
    <p class='ocr_par' dir='ltr' id='par_1_13' title="bbox 0 0 1750 5525">
     <span class='ocr_line' id='line_1_43' title="bbox 0 0 1750 5525; baseline 0 2"><span class='ocrx_word' id='word_1_330' title='bbox 0 0 1750 5525; x_wconf 95' lang='lat' dir='ltr'><strong> </strong></span> 
     </span>
    </p>
   </div>
  </div>
 </body>
</html>
