<?xml version="1.0" encoding="UTF-8"?>
<!DOCTYPE html PUBLIC "-//W3C//DTD XHTML 1.0 Transitional//EN"
    "http://www.w3.org/TR/xhtml1/DTD/xhtml1-transitional.dtd">
<html xmlns="http://www.w3.org/1999/xhtml" xml:lang="en" lang="en">
 <head>
  <title>
</title>
<meta http-equiv="Content-Type" content="text/html;charset=utf-8" />
  <meta name='ocr-system' content='tesseract 3.04.00' />
  <meta name='ocr-capabilities' content='ocr_page ocr_carea ocr_par ocr_line ocrx_word'/>
</head>
<body>
  <div class='ocr_page' id='page_1' title='image "./institutionesph00urrgoog/institutionesph00urrgoog_0353.png"; bbox 0 0 3492 5525; ppageno 0'>
   <div class='ocr_carea' id='block_1_1' title="bbox 198 435 1157 525">
    <p class='ocr_par' dir='ltr' id='par_1_1' title="bbox 198 435 1157 525">
     <span class='ocr_line' id='line_1_1' title="bbox 198 435 1157 525; baseline 0.005 -26"><span class='ocrx_word' id='word_1_1' title='bbox 198 435 312 506; x_wconf 81' lang='lat' dir='ltr'><strong>Anne.</strong></span> <span class='ocrx_word' id='word_1_2' title='bbox 327 455 389 525; x_wconf 61' lang='grc' dir='ltr'><strong>μ’</strong></span> <span class='ocrx_word' id='word_1_3' title='bbox 402 440 532 505; x_wconf 74' lang='lat' dir='ltr'><strong>Gauron.</strong></span> <span class='ocrx_word' id='word_1_4' title='bbox 549 457 745 507; x_wconf 75' lang='lat' dir='ltr'><strong>saceoorsiu</strong></span> <span class='ocrx_word' id='word_1_5' title='bbox 761 458 954 507; x_wconf 75' lang='lat' dir='ltr'><strong>curaoonict</strong></span> <span class='ocrx_word' id='word_1_6' title='bbox 969 461 1075 507; x_wconf 75' lang='lat' dir='ltr'><strong>seces</strong></span> <span class='ocrx_word' id='word_1_7' title='bbox 1097 458 1157 524; x_wconf 83' lang='lat'><strong>3²9</strong></span> 
     </span>
    </p>
   </div>
   <div class='ocr_carea' id='block_1_2' title="bbox 79 624 1327 1040">
    <p class='ocr_par' dir='ltr' id='par_1_2' title="bbox 141 624 1197 715">
     <span class='ocr_line' id='line_1_2' title="bbox 141 624 1197 715; baseline 0.004 -24"><span class='ocrx_word' id='word_1_8' title='bbox 141 625 178 691; x_wconf 84' lang='lat' dir='ltr'><strong>lu</strong></span> <span class='ocrx_word' id='word_1_9' title='bbox 196 627 294 693; x_wconf 84' lang='lat' dir='ltr'><strong>altera</strong></span> <span class='ocrx_word' id='word_1_10' title='bbox 312 626 469 709; x_wconf 71' lang='lat' dir='ltr'><strong>hypothesi</strong></span> <span class='ocrx_word' id='word_1_11' title='bbox 485 624 525 715; x_wconf 89' lang='grc' dir='ltr'><strong>β)</strong></span> <span class='ocrx_word' id='word_1_12' title='bbox 543 624 621 693; x_wconf 86' lang='lat' dir='ltr'>nihil</span> <span class='ocrx_word' id='word_1_13' title='bbox 639 626 757 711; x_wconf 89' lang='lat' dir='ltr'><strong>pariter</strong></span> <span class='ocrx_word' id='word_1_14' title='bbox 776 625 868 713; x_wconf 83' lang='lat' dir='ltr'><strong>sequi</strong></span> <span class='ocrx_word' id='word_1_15' title='bbox 888 636 997 713; x_wconf 89' lang='lat' dir='ltr'><strong>potest</strong></span> <span class='ocrx_word' id='word_1_16' title='bbox 1015 648 1056 695; x_wconf 85' lang='lat' dir='ltr'><strong>ex</strong></span> <span class='ocrx_word' id='word_1_17' title='bbox 1077 637 1122 715; x_wconf 78' lang='grc'><strong>5.·</strong></span> <span class='ocrx_word' id='word_1_18' title='bbox 1145 644 1197 695; x_wconf 87' lang='lat' dir='ltr'><strong>re-</strong></span> 
     </span>
    </p>

    <p class='ocr_par' dir='ltr' id='par_1_3' title="bbox 79 735 1327 1040">
     <span class='ocr_line' id='line_1_3' title="bbox 123 735 166 799; baseline 0.047 -2"><span class='ocrx_word' id='word_1_19' title='bbox 123 735 166 799; x_wconf 90' lang='lat' dir='ltr'><strong>la.</strong></span> 
     </span>
     <span class='ocr_line' id='line_1_4' title="bbox 80 752 1327 935; baseline 0.002 -28"><span class='ocrx_word' id='word_1_20' title='bbox 80 752 119 819; x_wconf 69' lang='lat' dir='ltr'><strong>gu</strong></span> <span class='ocrx_word' id='word_1_21' title='bbox 142 842 178 907; x_wconf 88' lang='lat' dir='ltr'><strong>lu</strong></span> <span class='ocrx_word' id='word_1_22' title='bbox 198 840 288 907; x_wconf 84' lang='lat' dir='ltr'><strong>lertio</strong></span> <span class='ocrx_word' id='word_1_23' title='bbox 305 842 428 907; x_wconf 68' lang='lat' dir='ltr'><strong>mum</strong></span> <span class='ocrx_word' id='word_1_24' title='bbox 446 840 603 925; x_wconf 75' lang='lat' dir='ltr'><em>hypothesi</em></span> <span class='ocrx_word' id='word_1_25' title='bbox 618 838 661 935; x_wconf 79' lang='grc' dir='ltr'><strong>γ)</strong></span> <span class='ocrx_word' id='word_1_26' title='bbox 675 860 750 908; x_wconf 90' lang='lat' dir='ltr'><strong>curn</strong></span> <span class='ocrx_word' id='word_1_27' title='bbox 772 841 919 910; x_wconf 83' lang='lat' dir='ltr'><strong>videlicet</strong></span> <span class='ocrx_word' id='word_1_28' title='bbox 934 843 1031 908; x_wconf 89' lang='lat' dir='ltr'><strong>altera</strong></span> <span class='ocrx_word' id='word_1_29' title='bbox 1050 842 1197 927; x_wconf 83' lang='lat' dir='ltr'><strong>praernis-</strong></span> <span class='ocrx_word' id='word_1_30' title='bbox 1321 830 1327 844; x_wconf 78' lang='grc'><em>’</em></span> 
     </span>
     <span class='ocr_line' id='line_1_5' title="bbox 79 948 1194 1040; baseline 0.002 -23"><span class='ocrx_word' id='word_1_31' title='bbox 79 971 111 1017; x_wconf 86' lang='lat' dir='ltr'><strong>sa</strong></span> <span class='ocrx_word' id='word_1_32' title='bbox 146 958 199 1015; x_wconf 91' lang='lat' dir='ltr'><strong>est</strong></span> <span class='ocrx_word' id='word_1_33' title='bbox 228 948 422 1015; x_wconf 86' lang='lat' dir='ltr'><strong>affirmativa</strong></span> <span class='ocrx_word' id='word_1_34' title='bbox 455 950 606 1040; x_wconf 71' lang='lat' dir='ltr'><strong>etaltera</strong></span> <span class='ocrx_word' id='word_1_35' title='bbox 625 951 793 1035; x_wconf 88' lang='lat' dir='ltr'><strong>negativa,</strong></span> <span class='ocrx_word' id='word_1_36' title='bbox 824 968 891 1015; x_wconf 92' lang='lat' dir='ltr'><strong>non</strong></span> <span class='ocrx_word' id='word_1_37' title='bbox 920 958 1028 1035; x_wconf 90' lang='lat' dir='ltr'><strong>potest</strong></span> <span class='ocrx_word' id='word_1_38' title='bbox 1064 969 1138 1017; x_wconf 87' lang='lat' dir='ltr'><strong>esse</strong></span> <span class='ocrx_word' id='word_1_39' title='bbox 1161 952 1194 1019; x_wconf 91' lang='lat' dir='ltr'><strong>in</strong></span> 
     </span>
    </p>
   </div>
   <div class='ocr_carea' id='block_1_3' title="bbox 79 1054 1391 4488">
    <p class='ocr_par' dir='ltr' id='par_1_4' title="bbox 79 1054 1195 1899">
     <span class='ocr_line' id='line_1_6' title="bbox 81 1054 1195 1142; baseline -0.003 -17"><span class='ocrx_word' id='word_1_40' title='bbox 81 1056 252 1142; x_wconf 76' lang='lat' dir='ltr'><strong>premissis</strong></span> <span class='ocrx_word' id='word_1_41' title='bbox 270 1054 330 1125; x_wconf 91' lang='lat' dir='ltr'><strong>nisi</strong></span> <span class='ocrx_word' id='word_1_42' title='bbox 359 1073 447 1124; x_wconf 91' lang='lat' dir='ltr'><strong>unus</strong></span> <span class='ocrx_word' id='word_1_43' title='bbox 469 1056 630 1124; x_wconf 90' lang='lat' dir='ltr'><strong>terminus</strong></span> <span class='ocrx_word' id='word_1_44' title='bbox 661 1056 888 1123; x_wconf 86' lang='lat' dir='ltr'><strong>universaliter</strong></span> <span class='ocrx_word' id='word_1_45' title='bbox 912 1067 1082 1142; x_wconf 86' lang='lat' dir='ltr'><strong>sumptus,</strong></span> <span class='ocrx_word' id='word_1_46' title='bbox 1104 1057 1195 1124; x_wconf 87' lang='lat' dir='ltr'><strong>nimi·</strong></span> 
     </span>
     <span class='ocr_line' id='line_1_7' title="bbox 80 1163 1193 1251; baseline 0.003 -21"><span class='ocrx_word' id='word_1_47' title='bbox 80 1185 146 1230; x_wconf 88' lang='lat' dir='ltr'><strong>rum</strong></span> <span class='ocrx_word' id='word_1_48' title='bbox 169 1164 379 1249; x_wconf 83' lang='lat' dir='ltr'><strong>praedicatum</strong></span> <span class='ocrx_word' id='word_1_49' title='bbox 400 1163 576 1251; x_wconf 87' lang='lat' dir='ltr'><strong>negativae:</strong></span> <span class='ocrx_word' id='word_1_50' title='bbox 590 1165 642 1231; x_wconf 90' lang='lat' dir='ltr'><strong>ille</strong></span> <span class='ocrx_word' id='word_1_51' title='bbox 661 1174 770 1233; x_wconf 89' lang='lat' dir='ltr'><strong>autem</strong></span> <span class='ocrx_word' id='word_1_52' title='bbox 791 1164 972 1233; x_wconf 89' lang='lat' dir='ltr'><strong>necessario</strong></span> <span class='ocrx_word' id='word_1_53' title='bbox 990 1165 1102 1233; x_wconf 87' lang='lat' dir='ltr'>debuit</span> <span class='ocrx_word' id='word_1_54' title='bbox 1121 1184 1193 1233; x_wconf 86' lang='lat' dir='ltr'><strong>esse</strong></span> 
     </span>
     <span class='ocr_line' id='line_1_8' title="bbox 81 1272 1194 1359; baseline 0.003 -22"><span class='ocrx_word' id='word_1_55' title='bbox 81 1272 202 1339; x_wconf 89' lang='lat' dir='ltr'><strong>medius</strong></span> <span class='ocrx_word' id='word_1_56' title='bbox 222 1272 382 1341; x_wconf 89' lang='lat' dir='ltr'><strong>terminus</strong></span> <span class='ocrx_word' id='word_1_57' title='bbox 401 1292 443 1338; x_wconf 87' lang='lat' dir='ltr'><strong>ex</strong></span> <span class='ocrx_word' id='word_1_58' title='bbox 461 1282 509 1354; x_wconf 89' lang='lat'><strong>4.·</strong></span> <span class='ocrx_word' id='word_1_59' title='bbox 530 1274 653 1359; x_wconf 89' lang='lat' dir='ltr'><strong>regula.</strong></span> <span class='ocrx_word' id='word_1_60' title='bbox 674 1272 758 1359; x_wconf 82' lang='lat' dir='ltr'><strong>Ergo</strong></span> <span class='ocrx_word' id='word_1_61' title='bbox 772 1273 842 1359; x_wconf 86' lang='lat' dir='ltr'><strong>jam</strong></span> <span class='ocrx_word' id='word_1_62' title='bbox 863 1274 952 1340; x_wconf 91' lang='lat' dir='ltr'><strong>nulla</strong></span> <span class='ocrx_word' id='word_1_63' title='bbox 969 1282 1019 1339; x_wconf 90' lang='lat' dir='ltr'><strong>est</strong></span> <span class='ocrx_word' id='word_1_64' title='bbox 1031 1274 1194 1358; x_wconf 87' lang='lat' dir='ltr'><strong>possibilis</strong></span> 
     </span>
     <span class='ocr_line' id='line_1_9' title="bbox 79 1379 1195 1467; baseline 0.001 -18"><span class='ocrx_word' id='word_1_65' title='bbox 79 1381 251 1449; x_wconf 81' lang='lat' dir='ltr'><strong>conclusio.</strong></span> <span class='ocrx_word' id='word_1_66' title='bbox 277 1381 352 1447; x_wconf 85' lang='lat' dir='ltr'><strong>Non</strong></span> <span class='ocrx_word' id='word_1_67' title='bbox 371 1379 581 1458; x_wconf 81' lang='lat' dir='ltr'><strong>affirmativa,</strong></span> <span class='ocrx_word' id='word_1_68' title='bbox 600 1380 678 1465; x_wconf 86' lang='lat' dir='ltr'><strong>quia</strong></span> <span class='ocrx_word' id='word_1_69' title='bbox 697 1398 762 1447; x_wconf 89' lang='lat' dir='ltr'><strong>una</strong></span> <span class='ocrx_word' id='word_1_70' title='bbox 780 1400 822 1447; x_wconf 88' lang='lat' dir='ltr'><strong>ex</strong></span> <span class='ocrx_word' id='word_1_71' title='bbox 849 1380 1094 1466; x_wconf 90' lang='lat' dir='ltr'><strong>sumptionibus</strong></span> <span class='ocrx_word' id='word_1_72' title='bbox 1114 1400 1195 1467; x_wconf 91' lang='lat' dir='ltr'><strong>sup·</strong></span> 
     </span>
     <span class='ocr_line' id='line_1_10' title="bbox 82 1485 1195 1575; baseline 0.002 -22"><span class='ocrx_word' id='word_1_73' title='bbox 82 1488 207 1574; x_wconf 89' lang='lat' dir='ltr'><strong>ponitur</strong></span> <span class='ocrx_word' id='word_1_74' title='bbox 226 1485 394 1573; x_wconf 85' lang='lat' dir='ltr'><strong>negativa:</strong></span> <span class='ocrx_word' id='word_1_75' title='bbox 417 1505 484 1553; x_wconf 92' lang='lat' dir='ltr'><strong>non</strong></span> <span class='ocrx_word' id='word_1_76' title='bbox 508 1488 675 1574; x_wconf 87' lang='lat' dir='ltr'><strong>negativa,</strong></span> <span class='ocrx_word' id='word_1_77' title='bbox 696 1489 773 1573; x_wconf 89' lang='lat' dir='ltr'><strong>quia</strong></span> <span class='ocrx_word' id='word_1_78' title='bbox 791 1487 823 1557; x_wconf 90' lang='lat' dir='ltr'><strong>in</strong></span> <span class='ocrx_word' id='word_1_79' title='bbox 845 1487 1053 1555; x_wconf 84' lang='lat' dir='ltr'>conclusione</span> <span class='ocrx_word' id='word_1_80' title='bbox 1071 1490 1195 1575; x_wconf 83' lang='lat' dir='ltr'><strong>negati·</strong></span> 
     </span>
     <span class='ocr_line' id='line_1_11' title="bbox 82 1594 1193 1682; baseline 0.002 -20"><span class='ocrx_word' id='word_1_81' title='bbox 82 1618 118 1663; x_wconf 85' lang='lat' dir='ltr'><strong>va</strong></span> <span class='ocrx_word' id='word_1_82' title='bbox 134 1595 347 1682; x_wconf 72' lang='lat' dir='ltr'><strong>predicatum</strong></span> <span class='ocrx_word' id='word_1_83' title='bbox 377 1594 602 1662; x_wconf 84' lang='lat' dir='ltr'><strong>universaliter</strong></span> <span class='ocrx_word' id='word_1_84' title='bbox 624 1605 711 1663; x_wconf 88' lang='lat' dir='ltr'><strong>esset</strong></span> <span class='ocrx_word' id='word_1_85' title='bbox 733 1596 952 1672; x_wconf 89' lang='lat' dir='ltr'><strong>sumendum,</strong></span> <span class='ocrx_word' id='word_1_86' title='bbox 976 1616 1052 1663; x_wconf 86' lang='lat' dir='ltr'><strong>curn</strong></span> <span class='ocrx_word' id='word_1_87' title='bbox 1082 1606 1193 1664; x_wconf 87' lang='lat' dir='ltr'><strong>tamen</strong></span> 
     </span>
     <span class='ocr_line' id='line_1_12' title="bbox 82 1701 1194 1791; baseline -0.001 -20"><span class='ocrx_word' id='word_1_88' title='bbox 82 1707 109 1771; x_wconf 93' lang='lat' dir='ltr'><strong>in</strong></span> <span class='ocrx_word' id='word_1_89' title='bbox 144 1703 320 1788; x_wconf 71' lang='lat' dir='ltr'><strong>praemissis</strong></span> <span class='ocrx_word' id='word_1_90' title='bbox 357 1701 390 1770; x_wconf 95' lang='lat' dir='ltr'><strong>in</strong></span> <span class='ocrx_word' id='word_1_91' title='bbox 410 1704 563 1787; x_wconf 80' lang='lat' dir='ltr'><strong>praesenti</strong></span> <span class='ocrx_word' id='word_1_92' title='bbox 600 1705 773 1791; x_wconf 82' lang='lat' dir='ltr'><strong>hypothesi</strong></span> <span class='ocrx_word' id='word_1_93' title='bbox 799 1704 988 1791; x_wconf 83' lang='lat' dir='ltr'><strong>particulare</strong></span> <span class='ocrx_word' id='word_1_94' title='bbox 1017 1702 1129 1786; x_wconf 87' lang='lat' dir='ltr'><strong>luerit;</strong></span> <span class='ocrx_word' id='word_1_95' title='bbox 1157 1723 1194 1770; x_wconf 91' lang='lat' dir='ltr'><strong>ac</strong></span> 
     </span>
     <span class='ocr_line' id='line_1_13' title="bbox 84 1811 1191 1899; baseline 0.002 -21"><span class='ocrx_word' id='word_1_96' title='bbox 84 1811 207 1899; x_wconf 80' lang='lat' dir='ltr'><strong>proinde</strong></span> <span class='ocrx_word' id='word_1_97' title='bbox 226 1829 448 1895; x_wconf 67' lang='lat' dir='ltr'><strong>quocumque</strong></span> <span class='ocrx_word' id='word_1_98' title='bbox 462 1812 617 1878; x_wconf 77' lang='lat' dir='ltr'><strong>inseratur</strong></span> <span class='ocrx_word' id='word_1_99' title='bbox 634 1812 818 1889; x_wconf 87' lang='lat' dir='ltr'><strong>conclusio,</strong></span> <span class='ocrx_word' id='word_1_100' title='bbox 839 1813 979 1878; x_wconf 87' lang='lat' dir='ltr'><strong>violatur</strong></span> <span class='ocrx_word' id='word_1_101' title='bbox 1000 1821 1047 1879; x_wconf 88' lang='lat'><strong>2.·</strong></span> <span class='ocrx_word' id='word_1_102' title='bbox 1067 1814 1191 1899; x_wconf 87' lang='lat' dir='ltr'><strong>regula.</strong></span> 
     </span>
    </p>

    <p class='ocr_par' dir='ltr' id='par_1_5' title="bbox 82 1917 1253 2764">
     <span class='ocr_line' id='line_1_14' title="bbox 140 1917 1194 2007; baseline 0.005 -23"><span class='ocrx_word' id='word_1_103' title='bbox 140 1917 325 2004; x_wconf 81' lang='lat' dir='ltr'><strong>Excipiendi</strong></span> <span class='ocrx_word' id='word_1_104' title='bbox 345 1926 455 1987; x_wconf 87' lang='lat' dir='ltr'><strong>tamen</strong></span> <span class='ocrx_word' id='word_1_105' title='bbox 478 1928 556 1986; x_wconf 90' lang='lat' dir='ltr'><strong>sunt</strong></span> <span class='ocrx_word' id='word_1_106' title='bbox 575 1918 616 1985; x_wconf 87' lang='lat' dir='ltr'><strong>ab</strong></span> <span class='ocrx_word' id='word_1_107' title='bbox 635 1922 694 1986; x_wconf 88' lang='lat' dir='ltr'><strong>bac</strong></span> <span class='ocrx_word' id='word_1_108' title='bbox 713 1920 825 2006; x_wconf 86' lang='lat' dir='ltr'><strong>regula</strong></span> <span class='ocrx_word' id='word_1_109' title='bbox 842 1918 1024 2007; x_wconf 82' lang='lat' dir='ltr'><strong>syllogismi</strong></span> <span class='ocrx_word' id='word_1_110' title='bbox 1041 1921 1194 1989; x_wconf 68' lang='lat' dir='ltr'><strong>mcundae</strong></span> 
     </span>
     <span class='ocr_line' id='line_1_15' title="bbox 83 2004 1253 2157; baseline 0.002 -64"><span class='ocrx_word' id='word_1_111' title='bbox 83 2028 185 2113; x_wconf 79' lang='lat' dir='ltr'><strong>figurae</strong></span> <span class='ocrx_word' id='word_1_112' title='bbox 208 2045 287 2094; x_wconf 90' lang='lat' dir='ltr'><strong>curn</strong></span> <span class='ocrx_word' id='word_1_113' title='bbox 325 2026 467 2095; x_wconf 88' lang='lat' dir='ltr'><strong>termino</strong></span> <span class='ocrx_word' id='word_1_114' title='bbox 498 2026 608 2119; x_wconf 64' lang='lat' dir='ltr'><strong>quip</strong></span> <span class='ocrx_word' id='word_1_115' title='bbox 644 2027 818 2113; x_wconf 82' lang='lat' dir='ltr'><strong>singulari,</strong></span> <span class='ocrx_word' id='word_1_116' title='bbox 852 2027 909 2113; x_wconf 91' lang='lat' dir='ltr'><strong>qui</strong></span> <span class='ocrx_word' id='word_1_117' title='bbox 938 2037 1079 2115; x_wconf 89' lang='lat' dir='ltr'><strong>possunt</strong></span> <span class='ocrx_word' id='word_1_118' title='bbox 1108 2004 1253 2157; x_wconf 47' lang='lat' dir='ltr'><strong>recten</strong></span> 
     </span>
     <span class='ocr_line' id='line_1_16' title="bbox 82 2122 1245 2222; baseline 0.002 -22"><span class='ocrx_word' id='word_1_119' title='bbox 82 2134 275 2201; x_wconf 83' lang='lat' dir='ltr'><strong>concludere.</strong></span> <span class='ocrx_word' id='word_1_120' title='bbox 305 2133 517 2219; x_wconf 87' lang='lat' dir='ltr'><strong>Quamquam</strong></span> <span class='ocrx_word' id='word_1_121' title='bbox 547 2134 735 2221; x_wconf 88' lang='lat' dir='ltr'><strong>hujusmodi</strong></span> <span class='ocrx_word' id='word_1_122' title='bbox 755 2135 938 2222; x_wconf 80' lang='lat' dir='ltr'><strong>syllogismi</strong></span> <span class='ocrx_word' id='word_1_123' title='bbox 966 2154 1032 2202; x_wconf 90' lang='lat' dir='ltr'><strong>non</strong></span> <span class='ocrx_word' id='word_1_124' title='bbox 1056 2144 1135 2203; x_wconf 90' lang='lat' dir='ltr'><strong>sunt</strong></span> <span class='ocrx_word' id='word_1_125' title='bbox 1151 2136 1193 2203; x_wconf 90' lang='lat' dir='ltr'><strong>de</strong></span> <span class='ocrx_word' id='word_1_126' title='bbox 1240 2122 1245 2143; x_wconf 87' lang='lat'>&#39;</span> 
     </span>
     <span class='ocr_line' id='line_1_17' title="bbox 85 2242 1192 2328; baseline 0 -19"><span class='ocrx_word' id='word_1_127' title='bbox 85 2262 208 2310; x_wconf 86' lang='lat' dir='ltr'><strong>nurnero</strong></span> <span class='ocrx_word' id='word_1_128' title='bbox 225 2242 475 2319; x_wconf 87' lang='lat' dir='ltr'><strong>communium,</strong></span> <span class='ocrx_word' id='word_1_129' title='bbox 494 2242 553 2309; x_wconf 90' lang='lat' dir='ltr'><strong>sed</strong></span> <span class='ocrx_word' id='word_1_130' title='bbox 573 2250 733 2309; x_wconf 86' lang='lat' dir='ltr'><strong>vocantur</strong></span> <span class='ocrx_word' id='word_1_131' title='bbox 751 2243 942 2325; x_wconf 80' lang='lat' dir='ltr'><strong>expositorii.</strong></span> <span class='ocrx_word' id='word_1_132' title='bbox 963 2243 1079 2328; x_wconf 83' lang='lat' dir='ltr'><strong>Excipe</strong></span> <span class='ocrx_word' id='word_1_133' title='bbox 1094 2243 1192 2309; x_wconf 88' lang='lat' dir='ltr'><strong>etiam</strong></span> 
     </span>
     <span class='ocr_line' id='line_1_18' title="bbox 83 2350 1194 2439; baseline -0.001 -23"><span class='ocrx_word' id='word_1_134' title='bbox 83 2354 158 2417; x_wconf 85' lang='lat' dir='ltr'><strong>hunc</strong></span> <span class='ocrx_word' id='word_1_135' title='bbox 168 2351 400 2439; x_wconf 84' lang='lat' dir='ltr'><strong>syllogismum</strong></span> <span class='ocrx_word' id='word_1_136' title='bbox 416 2368 427 2415; x_wconf 75' lang='grc' dir='ltr'><strong>ι</strong></span> <span class='ocrx_word' id='word_1_137' title='bbox 446 2350 576 2435; x_wconf 79' lang='lat' dir='ltr'><strong>Aliquis</strong></span> <span class='ocrx_word' id='word_1_138' title='bbox 594 2350 742 2417; x_wconf 84' lang='lat' dir='ltr'><strong>bomocst</strong></span> <span class='ocrx_word' id='word_1_139' title='bbox 755 2352 881 2417; x_wconf 84' lang='lat' dir='ltr'><strong>Petrus.</strong></span> <span class='ocrx_word' id='word_1_140' title='bbox 900 2350 965 2417; x_wconf 83' lang='lat' dir='ltr'><strong>Sed</strong></span> <span class='ocrx_word' id='word_1_141' title='bbox 977 2352 1108 2435; x_wconf 80' lang='lat' dir='ltr'><strong>aliquod</strong></span> <span class='ocrx_word' id='word_1_142' title='bbox 1121 2350 1194 2417; x_wconf 88' lang='lat' dir='ltr'><strong>ani-</strong></span> 
     </span>
     <span class='ocr_line' id='line_1_19' title="bbox 82 2456 1192 2543; baseline -0.003 -18"><span class='ocrx_word' id='word_1_143' title='bbox 82 2462 137 2525; x_wconf 86' lang='lat' dir='ltr'><strong>mal</strong></span> <span class='ocrx_word' id='word_1_144' title='bbox 158 2478 219 2524; x_wconf 84' lang='lat' dir='ltr'><strong>non</strong></span> <span class='ocrx_word' id='word_1_145' title='bbox 242 2462 293 2525; x_wconf 83' lang='lat' dir='ltr'><strong>cst</strong></span> <span class='ocrx_word' id='word_1_146' title='bbox 307 2458 406 2525; x_wconf 81' lang='lat' dir='ltr'><strong>doato.</strong></span> <span class='ocrx_word' id='word_1_147' title='bbox 432 2460 511 2543; x_wconf 81' lang='lat' dir='ltr'><strong>Ergo</strong></span> <span class='ocrx_word' id='word_1_148' title='bbox 537 2458 665 2543; x_wconf 82' lang='lat' dir='ltr'><strong>aliquod</strong></span> <span class='ocrx_word' id='word_1_149' title='bbox 681 2457 804 2525; x_wconf 86' lang='lat' dir='ltr'><strong>animal</strong></span> <span class='ocrx_word' id='word_1_150' title='bbox 819 2477 883 2524; x_wconf 89' lang='lat' dir='ltr'><strong>nou</strong></span> <span class='ocrx_word' id='word_1_151' title='bbox 904 2462 956 2525; x_wconf 81' lang='lat' dir='ltr'><strong>est</strong></span> <span class='ocrx_word' id='word_1_152' title='bbox 980 2458 1104 2525; x_wconf 83' lang='lat' dir='ltr'><strong>Petrus.</strong></span> <span class='ocrx_word' id='word_1_153' title='bbox 1130 2456 1192 2523; x_wconf 90' lang='lat' dir='ltr'><strong>Ubi</strong></span> 
     </span>
     <span class='ocr_line' id='line_1_20' title="bbox 84 2563 1191 2653; baseline -0.001 -22"><span class='ocrx_word' id='word_1_154' title='bbox 84 2564 237 2653; x_wconf 88' lang='lat' dir='ltr'><strong>peculiaris</strong></span> <span class='ocrx_word' id='word_1_155' title='bbox 260 2566 407 2633; x_wconf 90' lang='lat' dir='ltr'><strong>conditio</strong></span> <span class='ocrx_word' id='word_1_156' title='bbox 425 2563 556 2631; x_wconf 90' lang='lat' dir='ltr'><strong>termini</strong></span> <span class='ocrx_word' id='word_1_157' title='bbox 579 2566 755 2652; x_wconf 89' lang='lat' dir='ltr'><strong>singularis</strong></span> <span class='ocrx_word' id='word_1_158' title='bbox 771 2566 885 2635; x_wconf 87' lang='lat' dir='ltr'><strong>Petrus</strong></span> <span class='ocrx_word' id='word_1_159' title='bbox 902 2566 1018 2643; x_wconf 83' lang='lat' dir='ltr'><strong>efficit,</strong></span> <span class='ocrx_word' id='word_1_160' title='bbox 1042 2574 1079 2633; x_wconf 86' lang='lat' dir='ltr'><strong>ut</strong></span> <span class='ocrx_word' id='word_1_161' title='bbox 1102 2567 1191 2632; x_wconf 88' lang='lat' dir='ltr'><strong>salva</strong></span> 
     </span>
     <span class='ocr_line' id='line_1_21' title="bbox 84 2673 554 2764; baseline -0.009 -23"><span class='ocrx_word' id='word_1_162' title='bbox 84 2692 121 2743; x_wconf 87' lang='lat'><strong>2.·</strong></span> <span class='ocrx_word' id='word_1_163' title='bbox 135 2676 256 2764; x_wconf 90' lang='lat' dir='ltr'><strong>regula,</strong></span> <span class='ocrx_word' id='word_1_164' title='bbox 279 2673 361 2741; x_wconf 87' lang='lat' dir='ltr'><strong>iluat</strong></span> <span class='ocrx_word' id='word_1_165' title='bbox 376 2673 554 2739; x_wconf 90' lang='lat' dir='ltr'><strong>conclusio.</strong></span> 
     </span>
    </p>

    <p class='ocr_par' dir='ltr' id='par_1_6' title="bbox 79 2778 1391 4488">
     <span class='ocr_line' id='line_1_22' title="bbox 138 2778 1381 2869; baseline -0.002 -21"><span class='ocrx_word' id='word_1_166' title='bbox 138 2783 206 2849; x_wconf 91' lang='lat' dir='ltr'><strong>Non</strong></span> <span class='ocrx_word' id='word_1_167' title='bbox 224 2783 369 2858; x_wconf 87' lang='lat' dir='ltr'><strong>desunt,</strong></span> <span class='ocrx_word' id='word_1_168' title='bbox 384 2783 440 2866; x_wconf 88' lang='lat' dir='ltr'><strong>qui</strong></span> <span class='ocrx_word' id='word_1_169' title='bbox 456 2783 513 2849; x_wconf 83' lang='lat' dir='ltr'><strong>lias</strong></span> <span class='ocrx_word' id='word_1_170' title='bbox 528 2781 712 2869; x_wconf 88' lang='lat' dir='ltr'><strong>syllogismi</strong></span> <span class='ocrx_word' id='word_1_171' title='bbox 726 2783 816 2868; x_wconf 89' lang='lat' dir='ltr'><strong>leges</strong></span> <span class='ocrx_word' id='word_1_172' title='bbox 832 2784 922 2859; x_wconf 87' lang='lat' dir='ltr'><strong>velut</strong></span> <span class='ocrx_word' id='word_1_173' title='bbox 940 2778 1073 2848; x_wconf 87' lang='lat' dir='ltr'><strong>inutiles</strong></span> <span class='ocrx_word' id='word_1_174' title='bbox 1088 2781 1190 2868; x_wconf 89' lang='lat' dir='ltr'><strong>negli·</strong></span> <span class='ocrx_word' id='word_1_175' title='bbox 1229 2785 1381 2869; x_wconf 60' lang='lat' dir='ltr'><strong>Quum</strong></span> 
     </span>
     <span class='ocr_line' id='line_1_23' title="bbox 83 2859 1391 2984; baseline -0.003 -26"><span class='ocrx_word' id='word_1_176' title='bbox 83 2902 163 2978; x_wconf 89' lang='lat' dir='ltr'><strong>gant,</strong></span> <span class='ocrx_word' id='word_1_177' title='bbox 178 2893 277 2976; x_wconf 89' lang='lat' dir='ltr'><strong>inque</strong></span> <span class='ocrx_word' id='word_1_178' title='bbox 291 2909 405 2958; x_wconf 86' lang='lat' dir='ltr'><strong>earum</strong></span> <span class='ocrx_word' id='word_1_179' title='bbox 426 2890 536 2956; x_wconf 89' lang='lat' dir='ltr'><strong>locum</strong></span> <span class='ocrx_word' id='word_1_180' title='bbox 556 2889 753 2957; x_wconf 87' lang='lat' dir='ltr'><strong>substituere</strong></span> <span class='ocrx_word' id='word_1_181' title='bbox 770 2891 894 2957; x_wconf 88' lang='lat' dir='ltr'><strong>vellent</strong></span> <span class='ocrx_word' id='word_1_182' title='bbox 906 2892 1071 2976; x_wconf 87' lang='lat' dir='ltr'><strong>regulam,</strong></span> <span class='ocrx_word' id='word_1_183' title='bbox 1087 2907 1188 2974; x_wconf 88' lang='lat' dir='ltr'><strong>quam</strong></span> <span class='ocrx_word' id='word_1_184' title='bbox 1216 2859 1391 2984; x_wconf 49' lang='lat' dir='ltr'><strong>fflssssff</strong></span> 
     </span>
     <span class='ocr_line' id='line_1_24' title="bbox 84 2998 1190 3066; baseline 0.001 -1"><span class='ocrx_word' id='word_1_185' title='bbox 84 3003 116 3065; x_wconf 87' lang='lat' dir='ltr'><strong>de</strong></span> <span class='ocrx_word' id='word_1_186' title='bbox 131 2999 299 3066; x_wconf 86' lang='lat' dir='ltr'><strong>continenti</strong></span> <span class='ocrx_word' id='word_1_187' title='bbox 310 3010 343 3066; x_wconf 90' lang='lat' dir='ltr'><strong>et</strong></span> <span class='ocrx_word' id='word_1_188' title='bbox 361 3001 503 3064; x_wconf 79' lang='lat' dir='ltr'><strong>contemo</strong></span> <span class='ocrx_word' id='word_1_189' title='bbox 514 3007 644 3064; x_wconf 88' lang='lat' dir='ltr'><strong>vocant.</strong></span> <span class='ocrx_word' id='word_1_190' title='bbox 666 2998 710 3062; x_wconf 87' lang='lat' dir='ltr'><strong>Ea</strong></span> <span class='ocrx_word' id='word_1_191' title='bbox 727 3016 806 3065; x_wconf 88' lang='lat' dir='ltr'><strong>vero</strong></span> <span class='ocrx_word' id='word_1_192' title='bbox 820 2998 866 3065; x_wconf 92' lang='lat' dir='ltr'><strong>sic</strong></span> <span class='ocrx_word' id='word_1_193' title='bbox 883 3016 920 3066; x_wconf 88' lang='lat' dir='ltr'><strong>se</strong></span> <span class='ocrx_word' id='word_1_194' title='bbox 934 2998 1047 3064; x_wconf 87' lang='lat' dir='ltr'><strong>babet:</strong></span> <span class='ocrx_word' id='word_1_195' title='bbox 1060 2998 1190 3066; x_wconf 75' lang='lat' dir='ltr'><strong>Necesse</strong></span> 
     </span>
     <span class='ocr_line' id='line_1_25' title="bbox 82 3105 1192 3190; baseline -0.002 -18"><span class='ocrx_word' id='word_1_196' title='bbox 82 3111 132 3185; x_wconf 87' lang='lat' dir='ltr'><strong>est,</strong></span> <span class='ocrx_word' id='word_1_197' title='bbox 145 3111 181 3173; x_wconf 89' lang='lat' dir='ltr'><strong>ut</strong></span> <span class='ocrx_word' id='word_1_198' title='bbox 194 3125 267 3174; x_wconf 83' lang='lat' dir='ltr'><strong>una</strong></span> <span class='ocrx_word' id='word_1_199' title='bbox 273 3105 513 3190; x_wconf 74' lang='lat' dir='ltr'><strong>premissorum</strong></span> <span class='ocrx_word' id='word_1_200' title='bbox 530 3105 757 3172; x_wconf 85' lang='lat' dir='ltr'><strong>conclusionem</strong></span> <span class='ocrx_word' id='word_1_201' title='bbox 769 3105 941 3182; x_wconf 83' lang='lat' dir='ltr'><strong>conta&#39;umt,</strong></span> <span class='ocrx_word' id='word_1_202' title='bbox 959 3108 1060 3171; x_wconf 83' lang='lat' dir='ltr'><strong>altero</strong></span> <span class='ocrx_word' id='word_1_203' title='bbox 1070 3108 1192 3171; x_wconf 84' lang='lat' dir='ltr'><strong>conclu·</strong></span> 
     </span>
     <span class='ocr_line' id='line_1_26' title="bbox 81 3211 1192 3299; baseline -0.001 -20"><span class='ocrx_word' id='word_1_204' title='bbox 81 3216 181 3282; x_wconf 88' lang='lat' dir='ltr'><strong>sionem</strong></span> <span class='ocrx_word' id='word_1_205' title='bbox 198 3215 232 3280; x_wconf 87' lang='lat' dir='ltr'><strong>in</strong></span> <span class='ocrx_word' id='word_1_206' title='bbox 250 3234 289 3282; x_wconf 89' lang='lat' dir='ltr'><strong>ea</strong></span> <span class='ocrx_word' id='word_1_207' title='bbox 318 3213 474 3280; x_wconf 82' lang='lat' dir='ltr'><strong>contineri</strong></span> <span class='ocrx_word' id='word_1_208' title='bbox 489 3215 635 3282; x_wconf 76' lang='lat' dir='ltr'><strong>accuret.</strong></span> <span class='ocrx_word' id='word_1_209' title='bbox 656 3211 782 3299; x_wconf 88' lang='lat' dir='ltr'><strong>Regula</strong></span> <span class='ocrx_word' id='word_1_210' title='bbox 800 3213 934 3297; x_wconf 88' lang='lat' dir='ltr'><strong>quidem</strong></span> <span class='ocrx_word' id='word_1_211' title='bbox 961 3213 1001 3279; x_wconf 88' lang='lat' dir='ltr'><strong>de</strong></span> <span class='ocrx_word' id='word_1_212' title='bbox 1019 3213 1192 3280; x_wconf 83' lang='lat' dir='ltr'><strong>continenti</strong></span> 
     </span>
     <span class='ocr_line' id='line_1_27' title="bbox 81 3319 1301 3405; baseline 0 -18"><span class='ocrx_word' id='word_1_213' title='bbox 81 3332 107 3387; x_wconf 87' lang='lat' dir='ltr'><strong>et</strong></span> <span class='ocrx_word' id='word_1_214' title='bbox 122 3326 254 3390; x_wconf 86' lang='lat' dir='ltr'><strong>contento</strong></span> <span class='ocrx_word' id='word_1_215' title='bbox 288 3341 366 3388; x_wconf 87' lang='lat' dir='ltr'><strong>vera</strong></span> <span class='ocrx_word' id='word_1_216' title='bbox 384 3330 451 3398; x_wconf 88' lang='lat' dir='ltr'><strong>est,</strong></span> <span class='ocrx_word' id='word_1_217' title='bbox 477 3321 670 3405; x_wconf 86' lang='lat' dir='ltr'><strong>videturque</strong></span> <span class='ocrx_word' id='word_1_218' title='bbox 694 3319 829 3386; x_wconf 89' lang='lat' dir='ltr'><strong>derivari</strong></span> <span class='ocrx_word' id='word_1_219' title='bbox 857 3339 899 3386; x_wconf 88' lang='lat' dir='ltr'><strong>ex</strong></span> <span class='ocrx_word' id='word_1_220' title='bbox 926 3319 1105 3387; x_wconf 85' lang='lat' dir='ltr'><strong>notissimis</strong></span> <span class='ocrx_word' id='word_1_221' title='bbox 1127 3321 1189 3387; x_wconf 90' lang='lat' dir='ltr'><strong>illis</strong></span> <span class='ocrx_word' id='word_1_222' title='bbox 1298 3355 1301 3359; x_wconf 95' lang='lat'><em>·</em></span> 
     </span>
     <span class='ocr_line' id='line_1_28' title="bbox 83 3428 1187 3515; baseline 0 -21"><span class='ocrx_word' id='word_1_223' title='bbox 83 3429 229 3515; x_wconf 90' lang='lat' dir='ltr'><strong>principiis</strong></span> <span class='ocrx_word' id='word_1_224' title='bbox 246 3429 379 3496; x_wconf 86' lang='lat' dir='ltr'><strong>Dictum</strong></span> <span class='ocrx_word' id='word_1_225' title='bbox 395 3431 434 3495; x_wconf 86' lang='lat' dir='ltr'><strong>de</strong></span> <span class='ocrx_word' id='word_1_226' title='bbox 449 3428 545 3494; x_wconf 88' lang='lat' dir='ltr'><strong>ommi</strong></span> <span class='ocrx_word' id='word_1_227' title='bbox 566 3437 599 3494; x_wconf 89' lang='lat' dir='ltr'><strong>et</strong></span> <span class='ocrx_word' id='word_1_228' title='bbox 616 3429 745 3496; x_wconf 78' lang='lat' dir='ltr'><strong>Dictum</strong></span> <span class='ocrx_word' id='word_1_229' title='bbox 761 3430 800 3494; x_wconf 84' lang='lat' dir='ltr'><strong>de</strong></span> <span class='ocrx_word' id='word_1_230' title='bbox 818 3431 923 3504; x_wconf 78' lang='lat' dir='ltr'><strong>nulb,</strong></span> <span class='ocrx_word' id='word_1_231' title='bbox 943 3429 985 3495; x_wconf 92' lang='lat' dir='ltr'><strong>de</strong></span> <span class='ocrx_word' id='word_1_232' title='bbox 1017 3429 1137 3512; x_wconf 88' lang='lat' dir='ltr'><strong>quibus</strong></span> <span class='ocrx_word' id='word_1_233' title='bbox 1155 3429 1187 3494; x_wconf 90' lang='lat' dir='ltr'><strong>in</strong></span> 
     </span>
     <span class='ocr_line' id='line_1_29' title="bbox 80 3536 1189 3621; baseline -0.002 -18"><span class='ocrx_word' id='word_1_234' title='bbox 80 3539 211 3621; x_wconf 86' lang='lat' dir='ltr'><strong>sequenti</strong></span> <span class='ocrx_word' id='word_1_235' title='bbox 226 3537 364 3605; x_wconf 91' lang='lat' dir='ltr'><strong>articulo</strong></span> <span class='ocrx_word' id='word_1_236' title='bbox 377 3536 552 3603; x_wconf 90' lang='lat' dir='ltr'><strong>dicendum</strong></span> <span class='ocrx_word' id='word_1_237' title='bbox 572 3545 634 3605; x_wconf 87' lang='lat' dir='ltr'><strong>est.</strong></span> <span class='ocrx_word' id='word_1_238' title='bbox 652 3538 822 3620; x_wconf 87' lang='lat' dir='ltr'><strong>Perperam</strong></span> <span class='ocrx_word' id='word_1_239' title='bbox 842 3545 954 3602; x_wconf 86' lang='lat' dir='ltr'><strong>tamen</strong></span> <span class='ocrx_word' id='word_1_240' title='bbox 977 3536 1021 3602; x_wconf 90' lang='lat' dir='ltr'><strong>ob</strong></span> <span class='ocrx_word' id='word_1_241' title='bbox 1040 3538 1122 3602; x_wconf 88' lang='lat' dir='ltr'><strong>hanc</strong></span> <span class='ocrx_word' id='word_1_242' title='bbox 1141 3555 1189 3602; x_wconf 88' lang='lat' dir='ltr'><strong>re·</strong></span> 
     </span>
     <span class='ocr_line' id='line_1_30' title="bbox 79 3643 1189 3732; baseline 0.001 -23"><span class='ocrx_word' id='word_1_243' title='bbox 79 3647 190 3730; x_wconf 88' lang='lat' dir='ltr'><strong>gulam,</strong></span> <span class='ocrx_word' id='word_1_244' title='bbox 209 3657 339 3713; x_wconf 81' lang='lat' dir='ltr'><strong>caeterae</strong></span> <span class='ocrx_word' id='word_1_245' title='bbox 358 3643 586 3732; x_wconf 71' lang='lat' dir='ltr'><strong>negliguntur,</strong></span> <span class='ocrx_word' id='word_1_246' title='bbox 607 3643 665 3711; x_wconf 89' lang='lat' dir='ltr'><strong>&#39;vel</strong></span> <span class='ocrx_word' id='word_1_247' title='bbox 689 3643 821 3712; x_wconf 87' lang='lat' dir='ltr'><strong>inutiles</strong></span> <span class='ocrx_word' id='word_1_248' title='bbox 844 3653 1052 3729; x_wconf 88' lang='lat' dir='ltr'><strong>reputantur,</strong></span> <span class='ocrx_word' id='word_1_249' title='bbox 1073 3664 1149 3711; x_wconf 89' lang='lat' dir='ltr'><strong>cum</strong></span> <span class='ocrx_word' id='word_1_250' title='bbox 1170 3666 1189 3710; x_wconf 89' lang='lat' dir='ltr'><strong>e</strong></span> 
     </span>
     <span class='ocr_line' id='line_1_31' title="bbox 80 3750 1188 3838; baseline -0.002 -20"><span class='ocrx_word' id='word_1_251' title='bbox 80 3772 223 3821; x_wconf 88' lang='lat' dir='ltr'><strong>converso</strong></span> <span class='ocrx_word' id='word_1_252' title='bbox 245 3752 431 3821; x_wconf 84' lang='lat' dir='ltr'><strong>utilissimae</strong></span> <span class='ocrx_word' id='word_1_253' title='bbox 454 3752 532 3820; x_wconf 91' lang='lat' dir='ltr'><strong>sint.</strong></span> <span class='ocrx_word' id='word_1_254' title='bbox 562 3751 601 3818; x_wconf 87' lang='lat' dir='ltr'><strong>Et</strong></span> <span class='ocrx_word' id='word_1_255' title='bbox 623 3771 656 3818; x_wconf 92' lang='lat' dir='ltr'><strong>re</strong></span> <span class='ocrx_word' id='word_1_256' title='bbox 675 3752 808 3837; x_wconf 86' lang='lat' dir='ltr'><strong>quidem</strong></span> <span class='ocrx_word' id='word_1_257' title='bbox 830 3771 908 3818; x_wconf 88' lang='lat' dir='ltr'><strong>vera</strong></span> <span class='ocrx_word' id='word_1_258' title='bbox 925 3771 1030 3838; x_wconf 86' lang='lat' dir='ltr'><strong>saepe,</strong></span> <span class='ocrx_word' id='word_1_259' title='bbox 1059 3750 1188 3837; x_wconf 88' lang='lat' dir='ltr'><strong>potissi-</strong></span> 
     </span>
     <span class='ocr_line' id='line_1_32' title="bbox 82 3858 1186 3950; baseline 0.001 -25"><span class='ocrx_word' id='word_1_260' title='bbox 82 3881 161 3928; x_wconf 88' lang='lat' dir='ltr'><strong>mum</strong></span> <span class='ocrx_word' id='word_1_261' title='bbox 180 3864 212 3930; x_wconf 93' lang='lat' dir='ltr'><strong>in</strong></span> <span class='ocrx_word' id='word_1_262' title='bbox 239 3859 445 3950; x_wconf 89' lang='lat' dir='ltr'><strong>syllogismis</strong></span> <span class='ocrx_word' id='word_1_263' title='bbox 470 3860 622 3928; x_wconf 87' lang='lat' dir='ltr'><strong>secundae</strong></span> <span class='ocrx_word' id='word_1_264' title='bbox 641 3879 678 3926; x_wconf 85' lang='lat' dir='ltr'><strong>ac</strong></span> <span class='ocrx_word' id='word_1_265' title='bbox 694 3858 804 3948; x_wconf 68' lang='lat' dir='ltr'><strong>{tertiae</strong></span> <span class='ocrx_word' id='word_1_266' title='bbox 827 3859 960 3946; x_wconf 80' lang='lat' dir='ltr'><strong>figurae,</strong></span> <span class='ocrx_word' id='word_1_267' title='bbox 986 3877 1051 3926; x_wconf 90' lang='lat' dir='ltr'><strong>non</strong></span> <span class='ocrx_word' id='word_1_268' title='bbox 1071 3879 1186 3945; x_wconf 86' lang='lat' dir='ltr'><strong>parurn</strong></span> 
     </span>
     <span class='ocr_line' id='line_1_33' title="bbox 79 3968 1184 4055; baseline 0.002 -22"><span class='ocrx_word' id='word_1_269' title='bbox 79 3987 238 4054; x_wconf 91' lang='lat' dir='ltr'><strong>operosum</strong></span> <span class='ocrx_word' id='word_1_270' title='bbox 257 3980 311 4038; x_wconf 88' lang='lat' dir='ltr'><strong>est</strong></span> <span class='ocrx_word' id='word_1_271' title='bbox 343 3971 488 4055; x_wconf 89' lang='lat' dir='ltr'><strong>regulam</strong></span> <span class='ocrx_word' id='word_1_272' title='bbox 516 3968 557 4034; x_wconf 88' lang='lat' dir='ltr'><strong>de</strong></span> <span class='ocrx_word' id='word_1_273' title='bbox 583 3968 755 4035; x_wconf 86' lang='lat' dir='ltr'><strong>continenti</strong></span> <span class='ocrx_word' id='word_1_274' title='bbox 784 3979 817 4035; x_wconf 88' lang='lat' dir='ltr'><strong>et</strong></span> <span class='ocrx_word' id='word_1_275' title='bbox 843 3971 984 4035; x_wconf 84' lang='lat' dir='ltr'><strong>contento</strong></span> <span class='ocrx_word' id='word_1_276' title='bbox 1011 3968 1184 4054; x_wconf 82' lang='lat' dir='ltr'><strong>applicare3</strong></span> 
     </span>
     <span class='ocr_line' id='line_1_34' title="bbox 79 4061 1306 4166; baseline 0.002 -25"><span class='ocrx_word' id='word_1_277' title='bbox 79 4085 173 4143; x_wconf 87' lang='lat' dir='ltr'><strong>utrum</strong></span> <span class='ocrx_word' id='word_1_278' title='bbox 191 4087 302 4144; x_wconf 85' lang='lat' dir='ltr'><strong>autem</strong></span> <span class='ocrx_word' id='word_1_279' title='bbox 323 4079 413 4163; x_wconf 89' lang='lat' dir='ltr'><strong>leges</strong></span> <span class='ocrx_word' id='word_1_280' title='bbox 431 4075 636 4166; x_wconf 88' lang='lat' dir='ltr'><strong>syllogismi,</strong></span> <span class='ocrx_word' id='word_1_281' title='bbox 660 4075 729 4143; x_wconf 86' lang='lat' dir='ltr'><strong>sive</strong></span> <span class='ocrx_word' id='word_1_282' title='bbox 747 4078 916 4161; x_wconf 88' lang='lat' dir='ltr'><strong>generales</strong></span> <span class='ocrx_word' id='word_1_283' title='bbox 938 4077 1039 4141; x_wconf 91' lang='lat' dir='ltr'><strong>modo</strong></span> <span class='ocrx_word' id='word_1_284' title='bbox 1058 4078 1189 4161; x_wconf 86' lang='lat' dir='ltr'><strong>exposi·</strong></span> <span class='ocrx_word' id='word_1_285' title='bbox 1303 4061 1306 4075; x_wconf 82' lang='lat'>&#39;</span> 
     </span>
     <span class='ocr_line' id='line_1_35' title="bbox 79 4183 1185 4271; baseline 0.003 -23"><span class='ocrx_word' id='word_1_286' title='bbox 79 4194 127 4261; x_wconf 86' lang='lat' dir='ltr'><strong>tae,</strong></span> <span class='ocrx_word' id='word_1_287' title='bbox 146 4185 210 4251; x_wconf 91' lang='lat' dir='ltr'><strong>sive</strong></span> <span class='ocrx_word' id='word_1_288' title='bbox 229 4185 386 4271; x_wconf 87' lang='lat' dir='ltr'><strong>speciales</strong></span> <span class='ocrx_word' id='word_1_289' title='bbox 403 4203 464 4270; x_wconf 92' lang='lat' dir='ltr'><strong>pro</strong></span> <span class='ocrx_word' id='word_1_290' title='bbox 485 4185 623 4271; x_wconf 87' lang='lat' dir='ltr'><strong>singulis</strong></span> <span class='ocrx_word' id='word_1_291' title='bbox 639 4183 754 4271; x_wconf 85' lang='lat' dir='ltr'><strong>liguris</strong></span> <span class='ocrx_word' id='word_1_292' title='bbox 773 4203 851 4250; x_wconf 90' lang='lat' dir='ltr'><strong>mox</strong></span> <span class='ocrx_word' id='word_1_293' title='bbox 874 4184 1094 4268; x_wconf 85' lang='lat' dir='ltr'><strong>exponendae,</strong></span> <span class='ocrx_word' id='word_1_294' title='bbox 1119 4203 1185 4252; x_wconf 90' lang='lat' dir='ltr'><strong>ser-</strong></span> 
     </span>
     <span class='ocr_line' id='line_1_36' title="bbox 81 4290 1185 4379; baseline 0.005 -25"><span class='ocrx_word' id='word_1_295' title='bbox 81 4301 181 4359; x_wconf 88' lang='lat' dir='ltr'><strong>ventur</strong></span> <span class='ocrx_word' id='word_1_296' title='bbox 215 4313 337 4370; x_wconf 86' lang='lat' dir='ltr'><strong>necne,</strong></span> <span class='ocrx_word' id='word_1_297' title='bbox 375 4293 524 4360; x_wconf 81' lang='lat' dir='ltr'><strong>facillime</strong></span> <span class='ocrx_word' id='word_1_298' title='bbox 559 4293 781 4379; x_wconf 86' lang='lat' dir='ltr'><strong>cognoscitur.</strong></span> <span class='ocrx_word' id='word_1_299' title='bbox 814 4290 1039 4368; x_wconf 80' lang='lat' dir='ltr'><strong>Quamobrem</strong></span> <span class='ocrx_word' id='word_1_300' title='bbox 1072 4311 1136 4378; x_wconf 90' lang='lat' dir='ltr'><strong>ego</strong></span> <span class='ocrx_word' id='word_1_301' title='bbox 1167 4314 1185 4359; x_wconf 91' lang='lat' dir='ltr'><strong>e</strong></span> 
     </span>
     <span class='ocr_line' id='line_1_37' title="bbox 81 4399 1186 4488; baseline 0.005 -25"><span class='ocrx_word' id='word_1_302' title='bbox 81 4417 219 4468; x_wconf 85' lang='lat' dir='ltr'><strong>converso</strong></span> <span class='ocrx_word' id='word_1_303' title='bbox 242 4402 368 4480; x_wconf 87' lang='lat' dir='ltr'><strong>sentio,</strong></span> <span class='ocrx_word' id='word_1_304' title='bbox 390 4403 536 4488; x_wconf 89' lang='lat' dir='ltr'><strong>regulam</strong></span> <span class='ocrx_word' id='word_1_305' title='bbox 559 4399 693 4485; x_wconf 89' lang='lat' dir='ltr'><strong>quidem</strong></span> <span class='ocrx_word' id='word_1_306' title='bbox 718 4400 759 4465; x_wconf 90' lang='lat' dir='ltr'><strong>de</strong></span> <span class='ocrx_word' id='word_1_307' title='bbox 792 4399 964 4466; x_wconf 83' lang='lat' dir='ltr'><strong>continenti</strong></span> <span class='ocrx_word' id='word_1_308' title='bbox 985 4407 1018 4465; x_wconf 89' lang='lat' dir='ltr'><strong>et</strong></span> <span class='ocrx_word' id='word_1_309' title='bbox 1044 4403 1186 4468; x_wconf 85' lang='lat' dir='ltr'><strong>contento</strong></span> 
     </span>
    </p>
   </div>
   <div class='ocr_carea' id='block_1_4' title="bbox 83 4508 1003 4594">
    <p class='ocr_par' dir='ltr' id='par_1_7' title="bbox 83 4508 1003 4594">
     <span class='ocr_line' id='line_1_38' title="bbox 83 4508 1003 4594; baseline 0.007 -24"><span class='ocrx_word' id='word_1_310' title='bbox 83 4525 178 4589; x_wconf 85' lang='lat' dir='ltr'><strong>parum</strong></span> <span class='ocrx_word' id='word_1_311' title='bbox 196 4511 312 4576; x_wconf 87' lang='lat' dir='ltr'><strong>utilem</strong></span> <span class='ocrx_word' id='word_1_312' title='bbox 333 4511 366 4577; x_wconf 92' lang='lat' dir='ltr'><strong>in</strong></span> <span class='ocrx_word' id='word_1_313' title='bbox 384 4508 494 4594; x_wconf 87' lang='lat' dir='ltr'><strong>praxi,</strong></span> <span class='ocrx_word' id='word_1_314' title='bbox 515 4508 593 4578; x_wconf 88' lang='lat' dir='ltr'><strong>alias</strong></span> <span class='ocrx_word' id='word_1_315' title='bbox 612 4527 690 4576; x_wconf 87' lang='lat' dir='ltr'><strong>vero</strong></span> <span class='ocrx_word' id='word_1_316' title='bbox 708 4509 899 4578; x_wconf 88' lang='lat' dir='ltr'><strong>utilissimas</strong></span> <span class='ocrx_word' id='word_1_317' title='bbox 917 4525 1003 4576; x_wconf 86' lang='lat' dir='ltr'><strong>esse.</strong></span> 
     </span>
    </p>
   </div>
   <div class='ocr_carea' id='block_1_5' title="bbox 0 0 1750 5525">
    <p class='ocr_par' dir='ltr' id='par_1_8' title="bbox 0 0 1750 5525">
     <span class='ocr_line' id='line_1_39' title="bbox 0 0 1750 5525; baseline 0 0"><span class='ocrx_word' id='word_1_318' title='bbox 0 0 1750 5525; x_wconf 95' lang='lat' dir='ltr'><strong> </strong></span> 
     </span>
    </p>
   </div>
  </div>
 </body>
</html>
