3492 5525
529 444 585 510 332
617 491 619 496 ,
718 425 842 493 Lootca
864 426 1111 493 Minon-Disn
1138 441 1181 512 3.·
1203 430 1280 495 Can.
1305 442 1375 495 aaut

487 612 634 677 resultat.
663 610 764 695 Atqui
796 618 912 696 praeter
934 621 1001 677 tres
1022 610 1173 696 superius
1201 624 1408 683 enumeratas
1437 616 1514 702 (suh
1535 622 1606 698 prae
1731 568 1732 657 l

487 716 660 795 nimirum,
680 719 729 784 bis
740 726 827 801 pm,
845 726 878 784 et
896 718 944 785 his
961 719 1042 809 suh)
1060 728 1175 805 quarta
1194 723 1265 787 haec
1281 722 1348 787 dari
1368 730 1477 807 potest
1498 720 1608 809 (scili-
1731 762 1732 805 r

484 838 535 894 oet
548 824 717 911 presul).
739 826 840 912 Igitur
860 825 1010 893 Galenica
1025 827 1130 913 figura
1149 827 1278 895 videtur
1295 828 1509 897 admittenda.

551 932 771 1001 Nihilominus
793 943 943 1018 quartam
964 934 1048 1002 hanc
1071 935 1209 1021 figuram
1234 937 1505 1005 communissima
1529 956 1607 1004 sen·
1731 916 1732 953 ἶ

483 1041 583 1107 tentia
598 1042 671 1127 iure
691 1041 807 1107 merito
822 1040 955 1126 respuit.
977 1028 1062 1119 Qiia
1076 1042 1276 1128 ubicumque
1297 1045 1424 1111 medius
1443 1043 1607 1111 terminus

483 1150 585 1216 semel
614 1149 805 1235 praedicetur
831 1148 864 1214 in
890 1150 1065 1235 premissis
1093 1153 1261 1235 semelque
1287 1151 1492 1238 subjiciatur,
1520 1170 1605 1237 quo·

483 1275 628 1340 cumque
655 1257 788 1323 tandem
818 1257 931 1323 ordine
964 1259 1166 1343 proterantur
1199 1260 1392 1343 praemissae,
1426 1279 1464 1325 ea
1494 1278 1606 1325 revera
1731 1300 1732 1345 5

484 1366 587 1451 Major
611 1373 678 1443 est,
704 1365 827 1448 inqua
852 1357 981 1431 medius
1006 1366 1167 1433 terminus
1194 1367 1302 1433 locum
1333 1368 1429 1433 habet
1453 1366 1603 1453 subjecti,

483 1471 751 1557 quandoquidem
775 1472 827 1539 ille
846 1483 896 1539 est
915 1474 1043 1557 proprie
1066 1473 1225 1540 terminus
1244 1474 1346 1559 major
1363 1474 1396 1540 in
1410 1476 1481 1569 ¹hac
1499 1476 1605 1561 hypo-

482 1580 584 1655 thesi,
605 1581 662 1664 qui
682 1580 851 1646 demedio
871 1581 1076 1665 praedicatur,
1098 1581 1369 1665 utpotenobilior
1386 1590 1419 1648 et
1434 1582 1605 1649 universa·

483 1688 554 1754 lior.
574 1688 667 1755 Unde
682 1697 798 1772 quarta
812 1689 882 1754 haec
897 1688 1112 1770 terminorum
1128 1689 1348 1773 complicatio,
1365 1707 1465 1773 quam
1488 1688 1603 1757 Galeni

482 1796 613 1861 asseclae
630 1795 937 1872 comminiscuntur,
960 1815 1025 1863 non
1042 1798 1164 1863 alitera
1183 1797 1286 1881 prima
1304 1796 1428 1875 diflert,
1446 1796 1505 1863 nisi
1521 1798 1603 1881 quia

482 1902 661 1989 praemissae
688 1903 895 1987 transpositae
922 1912 1017 1979 sunt,
1043 1905 1145 1991 Major
1168 1923 1287 1989 nempe
1315 1905 1474 1981 secundo,
1496 1904 1606 1973 Minor

481 2030 561 2079 vero
580 2012 685 2096 primo
704 2012 776 2078 loco
800 2013 971 2096 protertur,
995 2020 1027 2077 et
1036 2010 1201 2079 conclusio
1215 2021 1265 2079 est
1279 2012 1445 2079 indirecta.
1463 2011 1512 2078 At·
1521 2032 1606 2098 prae-

482 2120 657 2187 missarum
676 2119 890 2204 transpositio
906 2118 974 2186 vim
994 2119 1208 2187 concludendi
1228 2120 1363 2185 minime
1386 2122 1504 2198 variat,
1525 2140 1603 2187 cum

480 2227 523 2295 sit
542 2229 680 2294 mutatio
696 2246 777 2313 pure
796 2226 971 2295 materialis
985 2238 1017 2294 et
1031 2228 1248 2294 accidentalis.
1266 2228 1299 2294 ln
1314 2245 1382 2312 quo
1402 2229 1521 2313 paritas
1535 2247 1604 2295 non

480 2346 530 2403 est
540 2354 616 2402 cum
637 2334 889 2420 transpositione
910 2336 1140 2412 terminorum,
1154 2335 1380 2421 quaehguram
1392 2335 1505 2413 variat,
1525 2354 1603 2403 nam

480 2444 690 2528 transpositio
721 2441 909 2529 hujusmodi
933 2442 1106 2510 intrinsece
1136 2452 1234 2527 atque
1258 2444 1468 2510 essentialiter
1496 2452 1603 2511 mutat

481 2551 755 2636 propositionem,
785 2550 940 2617 variando
960 2551 1089 2635 penitus
1116 2553 1185 2636 ejus
1209 2552 1345 2617 modum
1364 2551 1537 2632 tendendi;
1569 2561 1603 2617 at

479 2662 549 2727 sola
562 2658 771 2744 transpositio
785 2660 1025 2742 praemissarum
1041 2657 1214 2726 intrinsece
1227 2658 1315 2743 ipsas
1331 2677 1397 2725 non
1413 2667 1530 2737 mutat,
1544 2660 1602 2725 sed

479 2767 659 2835 extrinsece
681 2768 869 2844 dumtaxat,
897 2782 956 2832 nec
975 2767 1110 2852 proinde
1129 2766 1340 2834 variationem
1360 2769 1460 2832 ullam
1480 2769 1600 2833 realem

479 2873 602 2941 inducit
621 2875 653 2940 in
672 2875 785 2940 ordine
807 2876 847 2939 ad
871 2875 1132 2942 conclusionem.
1153 2874 1264 2957 ltaque
1289 2873 1404 2958 quarta
1427 2874 1530 2960 ligura
1550 2885 1603 2942 est

480 2983 594 3048 eadem
623 3001 698 3047 cum
719 2982 821 3066 prima
840 2982 1012 3060 indirecta,
1038 3002 1057 3046 a
1084 3001 1148 3066 qua
1173 2981 1303 3048 nonnisi
1322 3000 1401 3066 pure
1424 2982 1604 3048 accidenta-

480 3089 553 3156 liter
570 3089 694 3168 diflert,
709 3109 830 3174 nempe
848 3089 882 3157 in
897 3109 987 3156 mera
1004 3089 1246 3174 praemissarum
1265 3088 1516 3174 transpositione
1534 3087 1548 3178 (
1574 3087 1600 3180 ).
1629 3099 1641 3120 ⁸

531 3213 605 3281 154.
654 3197 768 3264 Solent
786 3215 921 3282 quoque
942 3197 1048 3284 logici
1068 3198 1224 3282 speciales
1238 3216 1297 3282 pro
1316 3196 1454 3283 singulis
1478 3197 1603 3284 Figuris

316 3290 322 3300 ’
404 3305 435 3344 ¹¹²³
480 3307 570 3390 leges
589 3305 779 3390 praecipere,
795 3324 869 3389 quae
889 3304 976 3372 hisce
994 3305 1143 3372 versibus
1162 3305 1386 3372 continentur:

524 3465 584 3532 Pro
608 3465 657 3534 1.'¹
677 3465 747 3552 Fig.
794 3472 846 3534 stt
857 3472 973 3534 Minor
987 3473 1176 3546 affirmans,
1193 3472 1305 3550 Major
1318 3487 1403 3536 vero
1415 3473 1600 3552 generalis.

524 3574 584 3640 Pro
603 3573 657 3641 2.⁸
676 3573 745 3659 Fig.
794 3580 873 3650 Una
891 3597 1022 3658 negans
1040 3589 1131 3654 esto,
1151 3597 1215 3642 nec
1234 3581 1346 3658 Major
1364 3581 1411 3642 sit
1427 3579 1599 3658 specialis.

523 3681 583 3748 Pro
603 3681 657 3767 3.⁸
676 3680 746 3767 Fig.
793 3688 845 3750 Sit
857 3688 973 3749 Minor
983 3688 1174 3762 alfii-mmm
1187 3688 1362 3751 conclusio
1370 3687 1600 3766 particularis.

546 3842 587 3909 Ut
612 3861 708 3926 porro
731 3842 998 3909 demonstrentur
1025 3843 1095 3909 istae
1124 3844 1260 3928 regulae,
1289 3851 1367 3909 nota
1391 3841 1443 3908 hic
1467 3841 1602 3910 nomine

483 3950 620 4039 Majoris
638 3957 672 4014 et
688 3948 826 4016 Minoris
843 3949 977 4036 intelligi
998 3969 1069 4028 eas,
1085 3969 1160 4035 quae
1174 3953 1254 4016 tales
1273 3968 1306 4016 re
1325 3969 1401 4017 vera
1414 3949 1496 4024 sint,
1516 3969 1601 4034 quo-

479 4076 624 4142 cumque
638 4058 772 4123 tandem
794 4057 865 4123 loco
880 4061 1090 4125 collocentur.

546 4172 714 4233 Probatur
731 4171 846 4250 itaque
876 4177 930 4234 n·
955 4173 1041 4250 legis
1062 4173 1175 4251 prima
1197 4189 1291 4251 pars:
1311 4165 1363 4232 sit
1386 4165 1495 4232 Minor
1514 4166 1602 4249 affir-

480 4292 583 4342 mans.
596 4271 698 4341 Secus
711 4273 797 4338 enim
812 4275 993 4341 necessario
1003 4273 1152 4340 violanda
1162 4272 1221 4339 erit
1235 4273 1288 4339 2.⁸
1303 4273 1413 4360 regula
1425 4271 1598 4357 generalis.

514 4459 555 4521 (1)
592 4452 771 4511 Conimbric.
797 4451 850 4509 loc.
870 4450 933 4521 cit.;
949 4450 1091 4518 Lossada,
1113 4451 1257 4512 Summul.
1281 4448 1357 4522 disp.
1380 4449 1410 4510 8.
1424 4469 1450 4507 c.
1466 4469 1497 4522 3,
1517 4469 1547 4506 n.
1568 4453 1601 4508 1⁶

478 4561 573 4614 seqq.;
588 4543 697 4600 Antou.
716 4541 810 4614 Mayr.
831 4541 946 4598 Philos.
962 4541 1062 4616 Perip.
1080 4541 1153 4599 Pars
1169 4553 1206 4598 r.·
1219 4539 1294 4612 disp.
1310 4537 1388 4597 unic.
1404 4559 1434 4610 q.
1448 4560 1475 4610 3,
1498 4551 1554 4597 art.
1572 4562 1599 4612 33

479 4629 586 4706 Georg.
603 4631 737 4702 Rhodes,
753 4632 869 4690 Philos.
885 4631 997 4706 Perip„
1015 4630 1066 4688 lib.
1091 4651 1114 4698 t,
1129 4631 1206 4704 disp.
1220 4649 1249 4703 4,
1260 4641 1363 4702 quaest.
1379 4628 1458 4687 unic.
1473 4641 1542 4688 sect.
1560 4651 1599 4700 3..

396 4754 399 4763 ⁴
478 4721 554 4781 Dico
568 4728 610 4780 3.·
