3492 5525
522 456 582 539 456
635 456 759 523 Loorca
775 456 1007 531 arnon-tn.
1028 454 1204 531 1.¹¹·‚Drsr.
1224 468 1267 518 a·
1282 452 1361 518 Can.
1382 466 1450 518 ψη

482 642 599 718 aionis,
625 642 781 725 opinionis
808 650 841 707 et
866 640 1074 708 certitudinis.
1103 640 1205 721 Cuius
1231 640 1400 707 divisionis
1424 642 1494 706 haec
1510 640 1603 705 reddi

483 749 564 814 ratio
583 757 702 833 potest.
730 750 821 817 Circa
839 750 1004 836 objectum
1025 748 1112 815 enim
1132 748 1299 833 quodlibet
1316 750 1368 814 vel
1387 747 1485 815 habet
1503 766 1604 813 mens

483 856 624 940 aliquam
647 857 867 943 cognitionem
888 858 938 922 vel
959 858 1094 924 nullam.
1116 856 1150 922 Sl
1169 855 1259 923 omni
1277 864 1383 921 careat
1400 856 1600 941 cognitione,

483 973 630 1030 versatur
648 964 681 1031 in
711 962 902 1047 ignorantia.
931 964 963 1030 Si
982 964 1124 1048 aliquam
1148 962 1266 1031 habeat
1287 964 1525 1049 cognitionem3
1547 964 1603 1027 vel

484 1075 551 1138 baec
569 1072 687 1139 iterum
706 1072 848 1157 cognitio
862 1072 1007 1139 continet
1021 1089 1192 1139 assensum
1208 1092 1245 1137 ac
1259 1071 1433 1156 judicium,
1451 1072 1501 1136 vel
1517 1088 1600 1138 non.

484 1179 518 1245 Si
538 1198 621 1256 non.
643 1179 734 1247 adest
751 1179 897 1257 dubium,
918 1179 1050 1262 quando
1076 1199 1181 1263 neque
1200 1180 1291 1244 adest
1313 1178 1474 1245 inclinatio
1493 1178 1532 1243 ad
1545 1180 1604 1263 ju-

483 1287 676 1362 dicandum,
709 1296 741 1353 et
770 1286 902 1369 suspicio
930 1288 1064 1371 quando
1092 1287 1184 1353 adest
1208 1285 1382 1372 propensio
1409 1287 1515 1371 aliqua
1538 1286 1603 1351 im·

484 1396 607 1479 pellens
626 1394 666 1459 ad
681 1394 853 1480 judicium.
876 1394 910 1460 Si
929 1414 1006 1460 vero
1016 1395 1174 1480 judicium
1194 1396 1374 1475 contineat;
1395 1395 1445 1459 vel
1464 1394 1601 1459 firmum

390 1582 393 1591 .
483 1502 768 1585 atqueiniallibile,
785 1504 836 1567 vel
852 1503 1099 1568 formidolosum
1112 1522 1148 1568 ac
1163 1503 1307 1583 lalliblle3
1320 1511 1352 1568 et
1366 1521 1441 1567 cum
1456 1502 1604 1585 cognitio

419 1657 424 1668 .
484 1610 580 1675 habet
594 1610 751 1693 judicium
772 1610 923 1685 firmum,
940 1609 1032 1677 adest
1048 1611 1218 1692 cartineam
1235 1610 1339 1692 opinio
1358 1629 1447 1683 vero,
1468 1608 1605 1693 quando

479 1717 641 1802 judicatur
660 1736 736 1782 cum
757 1717 929 1783 formidine
952 1718 1094 1803 oppositi
1113 1737 1149 1783 ac
1165 1716 1387 1804 titubatione(
1412 1714 1436 1804 ).

550 1823 595 1888 De
614 1823 751 1908 singulis
770 1825 935 1909 agendum
955 1834 1004 1890 est
1022 1825 1176 1891 seorsim:

912 2140 1112 2227 CAPUT
1143 2142 1173 2225 l.

484 2342 586 2405 DE
610 2340 1214 2411 COGNITIONIBUS
1241 2344 1605 2409 INGERTIS

936 2472 1147 2483 *un—n—

936 2492 1147 2501 -α-ι-ι*

864 2642 1164 2719 ARTICULUS
1185 2645 1214 2718 Ι.

585 2813 653 2875 Do
676 2813 946 2889 ignorantia,
970 2811 1125 2886 dubiO,
1149 2829 1203 2876 no
1225 2777 1497 2893 suspicione.

526 3041 581 3108 34.
629 3030 824 3108 Ignorantia
847 3023 1001 3107 importat
1026 3025 1162 3090 scientia
1181 3024 1402 3107 prioalionens.
1427 3025 1465 3091 Et
1493 3033 1606 3110 potest

305 3122 394 3166 ³⁰⁰¹³¹¹
406 3121 434 3166 ⁵²²
483 3149 555 3196 esse
574 3131 625 3196 vel
644 3131 748 3196 totalis
767 3132 817 3197 vel
826 3131 991 3212 partibas,
1014 3138 1110 3215 prout
1125 3134 1175 3196 vel
1192 3133 1278 3197 nulla
1296 3132 1448 3206 omnino,
1471 3134 1520 3197 vel
1545 3133 1607 3198 ali-

482 3259 548 3324 qua
572 3239 715 3324 cognitio
740 3239 907 3304 habeatur.
931 3237 1123 3323 ignorantia,
1152 3240 1269 3305 saltem
1293 3239 1450 3322 partialis,
1471 3249 1521 3306 est
1546 3260 1605 3324 pa-

316 3385 368 3416 uou
393 3385 427 3415 ex.
483 3346 674 3416 trimonium
712 3364 891 3412 commune
918 3346 1104 3412 mortalium
1133 3347 1165 3412 in
1191 3347 1250 3411 hac
1277 3345 1395 3412 misera
1422 3347 1504 3429 vita3
1531 3347 1603 3412 fieri

484 3455 570 3521 enim
600 3473 666 3521 non
694 3463 819 3539 potest,
849 3454 929 3537 quin
962 3455 1012 3519 vel
1042 3453 1250 3521 doctissimos
1281 3454 1432 3521 homines
1462 3454 1604 3539 plurima

254 3637 259 3646 ,
470 3565 615 3628 'lateant

279 3707 470 3763 „mmmm
551 3667 733 3755 ignorantia
760 3667 970 3753 distinguitur
991 3688 1008 3732 a
1026 3668 1194 3734 nescientia
1213 3677 1245 3735 et
1262 3687 1378 3736 errore.
1401 3669 1485 3735 Nam
1512 3671 1604 3753 igno-

292 3781 443 3834 antonna,
483 3779 589 3844 nontin
608 3778 640 3842 in
659 3778 713 3842 boc
730 3795 751 3842 a
769 3776 937 3842 nescientia
953 3777 1074 3860 differi,
1099 3779 1183 3861 quod
1201 3777 1370 3843 nescientia
1388 3777 1469 3843 dicit
1482 3777 1605 3859 simpli-

482 3905 547 3952 cem
565 3890 721 3956 scientiae
745 3889 980 3967 negationem
1008 3887 1092 3949 unda
1113 3886 1294 3970 cuicumque
1314 3887 1399 3950 anst
1421 3885 1603 3970 aliquantam

482 4012 587 4060 rerum
602 3992 750 4069 scientio,
762 3994 863 4074 potest
876 3990 943 4057 dici
954 3992 1072 4056 nescire
1089 3991 1181 4059 ilias:
1198 3992 1379 4075 ignorantia
1396 4012 1470 4058 vero
1487 3993 1605 4076 inpor-

518 4230 559 4292 (ι)
597 4221 657 4281 Cir.
675 4222 707 4280 S.
723 4221 828 4280 Thom.
845 4231 887 4290 a?
898 4221 968 4279 dist.
983 4241 1030 4294 23,
1045 4241 1075 4293 q.
1092 4243 1117 4289 2,
1135 4243 1161 4280 a.
1177 4241 1205 4292 23
1220 4225 1254 4280 de
1280 4221 1420 4292 Veritate,
1435 4238 1537 4295 quaeat.
1556 4243 1602 4295 14,

482 4327 537 4372 art.
555 4335 580 4384 ις
599 4335 622 4382 ι,
637 4333 662 4370 a.
678 4327 781 4384 quaest.
794 4312 840 4385 67,
857 4333 884 4368 a.
901 4333 928 4384 33
943 4331 970 4368 2.
987 4331 1013 4368 2.
1030 4331 1058 4383 q.
1075 4332 1101 4380 a,
1117 4331 1143 4370 a.
1170 4331 1193 4381 ις
1209 4310 1259 4370 lib.
1279 4318 1316 4369 1.·
1333 4313 1445 4371 Poster.
1462 4313 1603 4387 Anaiylt'·

481 4423 552 4472 cor„
568 4403 630 4460 lect.
651 4423 673 4459 r.

536 4490 712 4550 Mentionem
720 4490 799 4564 fidei
811 4490 921 4548 nullam
937 4491 967 4547 in
983 4489 1036 4547 hac
1049 4487 1192 4547 divisione
1211 4489 1348 4560 iacimus,
1368 4492 1436 4563 quia
1444 4491 1525 4565 fides
1541 4512 1605 4552 non

481 4580 677 4654 distinguitur
690 4581 726 4638 ab
749 4579 815 4636 aliis
828 4577 1043 4652 cognitionibus
1065 4577 1170 4638 nisiex
1192 4579 1306 4638 formali
1325 4581 1434 4638 motivo
1452 4600 1604 4652 aseneum

482 4686 570 4743 atque
590 4669 756 4728 indifferens
770 4684 814 4728 est
836 4689 871 4727 ex
892 4667 1019 4742 generali
1033 4669 1145 4728 ratione
1164 4669 1202 4726 ad
1223 4670 1390 4742 opinionem
1404 4691 1437 4731 ac
1450 4670 1605 4730 certitudi-

483 4782 558 4821 nem.
576 4759 695 4832 Aliquid
707 4773 804 4820 tamen
818 4757 854 4818 de
868 4757 931 4831 ipsa
944 4759 1032 4818 etiam
1046 4757 1158 4819 dicetur
1171 4777 1225 4819 suo
1238 4759 1310 4820 loco.
