3492 5525
560 470 620 548 9'32
670 464 794 531 Locren
814 466 1043 541 Maron-Lis.
1068 480 1129 531 au·
1148 468 1237 532 Dran.
1260 482 1306 554 4·
1327 470 1404 534 cip,
1431 484 1500 532 με

348 776 466 832 obtectum
568 753 643 828 266.
690 757 884 826 Pnoeosrrro
898 758 952 842 4.·
999 760 1178 844 obiecmm
1192 765 1351 849 scientia,
1366 774 1421 829 est
1434 784 1499 829 ens
1513 782 1576 844 per
1593 782 1642 837 se,

308 850 407 897 scientie
422 858 455 892 est
469 860 510 937 etl!
523 886 593 931 non
611 888 696 934 vero
712 889 775 950 per
792 872 965 935 addens.

336 937 375 977 μ,
392 936 424 971 κ,
439 934 483 962 non
632 982 636 989 Ι

347 1079 369 1108 ‘¹
380 1063 424 1107 ¹⁰⁶³
455 1077 490 1106 ¹¹⁸·
591 1080 736 1147 Primum
752 1093 861 1148 autem
879 1093 956 1149 nota
971 1102 1030 1151 ens
1046 1102 1102 1168 per
1116 1083 1263 1150 accidens
1276 1082 1447 1167 dupliciter
1460 1082 1525 1148 dici
1540 1100 1645 1167 posse

364 1259 457 1313 ΕΜ
524 1186 631 1270 primo
649 1188 681 1254 in
701 1191 825 1256 ratione
843 1190 946 1266 entis,
967 1191 1043 1290 quia
1063 1210 1129 1257 non
1145 1199 1195 1257 est
1213 1209 1318 1257 unum
1333 1210 1389 1275 per
1404 1209 1457 1267 se,
1473 1191 1536 1256 sed
1556 1188 1649 1273 piuri-

327 1325 498 1375 ,ccidmffim
523 1294 586 1359 bus
601 1296 749 1363 essentiis
763 1296 911 1374 diversis,
929 1316 988 1364 nec
1004 1317 1061 1383 per
1078 1318 1114 1365 se
1129 1298 1296 1375 connexis,
1313 1306 1457 1373 constat,
1481 1298 1649 1380 quomodo

353 1400 463 1447 ‘studii
523 1419 658 1469 acervus
677 1404 822 1487 lapidum
843 1425 876 1470 v.
897 1425 932 1490 g.
954 1414 1089 1471 nonest
1108 1424 1167 1486 ens
1186 1424 1243 1491 per
1257 1426 1308 1482 se,
1325 1406 1474 1489 itemque
1484 1422 1647 1489 grammo-

370 1483 448 1529 ⁹⁰²“‘'
523 1508 603 1575 ricus
619 1512 653 1574 ct
678 1510 815 1577 muscus
834 1530 900 1577 non
920 1513 1064 1580 efficiunt
1084 1532 1143 1579 ens
1171 1514 1220 1578 vei
1240 1531 1344 1580 unum
1372 1532 1431 1597 per
1449 1530 1504 1593 se;
1537 1530 1651 1577 secun-

523 1616 566 1682 do
596 1617 773 1685 iuratione
800 1620 955 1697 effectus,
983 1621 1059 1715 quia
1083 1639 1202 1705 nempe
1223 1640 1287 1686 non
1313 1621 1410 1686 habet
1437 1636 1577 1685 causam
1596 1638 1650 1701 per

523 1742 571 1799 se,
600 1724 659 1790 sed
679 1734 794 1809 praeter
821 1728 1036 1795 intentionem
1056 1728 1182 1813 agentis
1209 1728 1335 1809 evenit;
1357 1745 1458 1811 quare
1480 1727 1651 1811 hujusmo

523 1831 555 1898 di
580 1849 639 1897 ens
661 1852 718 1916 per
735 1831 885 1901 accidens
903 1835 988 1901 idem
1009 1836 1095 1901 valet
1113 1855 1150 1901 ac
1180 1836 1350 1901 fortuitum
1377 1843 1411 1899 et
1440 1834 1586 1901 casuale.
1616 1834 1650 1896 Et

525 1939 676 2006 utrolibet
704 1941 803 2006 modo
834 1950 984 2007 sumatur
1014 1962 1073 2009 ens
1103 1961 1159 2027 per
1188 1944 1354 2019 accidens,
1384 1959 1452 2008 non
1482 1951 1533 2008 est
1553 1942 1593 2007 de
1613 1960 1650 2005 eo

524 2044 690 2134 scientia(
713 2044 740 2134 ).

592 2159 694 2221 Prob.
718 2171 764 2223 ra
782 2153 968 2231 inductione
988 2175 1045 2240 ρετ
1060 2174 1176 2223 omnes
1195 2155 1362 2234 scientias,
1385 2156 1475 2221 nulla
1495 2156 1584 2221 enim
1604 2164 1650 2219 est

524 2261 669 2340 illarum,
686 2262 755 2328 sive
773 2264 970 2347 speculativa
989 2255 1058 2331 sive
1077 2266 1231 2349 practica,
1248 2282 1323 2347 τρυε
1342 2282 1403 2329 ens
1424 2282 1484 2348 ρετ
1498 2263 1647 2327 accidens

441 2430 445 2438 .
524 2369 651 2436 utrovis
669 2386 770 2435 sensu
794 2381 983 2454 acceptum,
1013 2374 1267 2456 contempletur.
1294 2372 1366 2437 «Ex
1391 2390 1443 2455 gr.
1474 2370 1649 2435 aedificator

523 2478 644 2561 cogitat
663 2479 703 2543 de
723 2478 866 2543 iacienda
888 2478 1185 2556 demandetis,
1206 2497 1280 2563 τρυε
1307 2496 1364 2562 ρετ
1389 2498 1426 2544 se
1447 2479 1649 2543 conveniunt

523 2583 654 2666 domui;
676 2604 742 2651 non
766 2604 844 2651 vero
862 2598 952 2653 curat
972 2587 1012 2651 de
1036 2588 1112 2663 hoc,
1135 2587 1298 2670 quodqui
1324 2586 1449 2651 habitat
1469 2586 1503 2651 in
1533 2586 1646 2655 domo,

523 2702 634 2758 utatur
654 2712 806 2777 prospera
834 2694 883 2758 vei
913 2693 1047 2759 adversa
1074 2695 1201 2759 fortuna
1211 2720 1225 2770 ,·
1246 2712 1354 2778 neque
1378 2694 1419 2759 de
1448 2694 1521 2759 aliis
1541 2693 1649 2776 hujus—

524 2802 614 2866 modi
633 2821 708 2884 quae
727 2811 865 2884 possunt
885 2821 956 2870 esse
980 2802 1121 2880 infinita,
1142 2812 1174 2867 et
1194 2821 1250 2885 per
1273 2801 1422 2867 accidens
1448 2804 1647 2868 conveniunt

522 2910 648 2976 domui.
661 2908 816 2975 Similiter
830 2909 1028 2984 Geometria,
1041 2928 1114 2992 quae
1129 2919 1180 2974 est
1194 2909 1329 2976 scientia
1344 2909 1562 2993 speculativa,
1575 2927 1649 2973 con-

523 3015 643 3080 siderat
670 3016 804 3099 quidem
835 3016 1036 3100 triangulum
1065 3026 1098 3081 et
1124 3035 1178 3094 ea,
1205 3035 1279 3099 quae
1308 3035 1424 3100 perse
1448 3017 1647 3081 conveniunt

523 3122 702 3208 trianguiO,
729 3142 762 3189 v.
782 3143 817 3207 g.
834 3123 923 3206 quod
950 3124 1065 3189 habeat
1091 3134 1156 3189 tres
1175 3125 1314 3208 angulos
1343 3125 1488 3206 aequales
1516 3123 1647 3188 duobus

523 3230 633 3311 rectis;
654 3240 686 3295 at
702 3249 778 3295 vcro
793 3230 882 3313 quod
900 3231 1098 3315 triangulum
1115 3229 1156 3296 sit
1174 3231 1284 3296 album
1302 3231 1352 3296 vel
1370 3232 1521 3315 nigrum,
1537 3240 1576 3295 et
1590 3231 1645 3294 alia

524 3337 744 3425 infinitaque.
763 3346 900 3422 possunt
920 3357 977 3423 per
995 3338 1143 3404 accidens
1170 3337 1346 3404 convenire
1373 3337 1561 3422 triangulo,
1586 3355 1646 3402 non
1716 3383 1717 3400 i

521 3445 703 3510 considerat
717 3444 928 3512 Geometria»
943 3442 1007 3533 (a).
1024 3445 1132 3528 Atque
1148 3445 1234 3511 idem
1251 3454 1339 3530 patet
1354 3446 1395 3510 de
1411 3445 1474 3522 his,
1489 3463 1570 3528 quae
1586 3463 1646 3510 non

522 3559 599 3617 sunt
629 3569 733 3618 unum
762 3571 892 3635 perse,
922 3552 1084 3635 siquidem
1112 3572 1130 3619 a
1156 3554 1242 3618 nulla
1270 3551 1404 3618 scientia
1434 3571 1495 3637 pro
1519 3553 1647 3638 objecto

522 3667 753 3726 assumuntur.

589 3765 640 3831 Ab
658 3768 717 3831 hac
736 3766 923 3832 inductione
942 3768 1050 3833 solum
1071 3767 1228 3850 excipitur
1249 3765 1447 3851 sophistica,
1474 3785 1554 3851 quae
1580 3787 1650 3852 pro

521 3873 605 3938 iecto
632 3872 816 3941 considerat
843 3891 902 3939 ens
930 3893 987 3958 per
1014 3875 1180 3951 accidens,
1210 3893 1286 3940 cum
1314 3875 1446 3940 conficit
1473 3895 1513 3941 ac
1534 3884 1650 3942 tractat

520 3981 722 4065 sophismata
746 3982 932 4048 accidentis:
964 3990 999 4047 ut
1024 4003 1057 4046 v.
1084 4000 1134 4064 ga
1154 3981 1297 4048 Musicus
1313 3983 1406 4048 aliud
1428 3987 1479 4048 cst
1498 4001 1520 4048 a
1542 4003 1650 4067 grara-

555 4309 596 4370 (τ)
632 4301 697 4361 Cir.
713 4301 803 4360 Suar.
823 4300 853 4360 in
868 4302 970 4360 Indice
984 4302 1214 4376 locupletissimo
1228 4301 1260 4360 in
1277 4301 1409 4377 Metapir.
1428 4305 1538 4376 Arist„
1556 4307 1607 4366 lib.
1623 4305 1647 4374 6,

519 4412 544 4451 c.
561 4413 592 4462 τ,
608 4393 685 4462 quod
700 4391 872 4464 opusculum
894 4393 1037 4466 reperitur
1053 4390 1085 4448 in
1104 4391 1196 4464 cupite
1213 4393 1457 4466 vaporationem
1483 4395 1647 4472 Metcphys.

520 4482 654 4540 Doctoris
669 4481 791 4549 Eximii3
803 4482 942 4550 Fonseca‚
954 4482 1127 4555 metaphys„
1141 4480 1189 4540 lib.
1201 4482 1233 4550 6,
1249 4502 1272 4540 c.
1290 4501 1321 4550 a,
1337 4502 1367 4554 q.
1382 4503 1412 4552 τ,
1426 4504 1455 4542 a.
1474 4505 1508 4556 a,
1521 4485 1615 4545 initio.

555 4578 595 4638 (a)
632 4571 728 4629 Mauri
749 4571 779 4629 in
800 4573 994 4644 Parapinae,
1024 4571 1314 4646 riustrnapnys„
1337 4591 1402 4644 cap.
1432 4589 1561 4644 τηατ.
1588 4595 1648 4634 rex

521 4659 654 4731 Aristot,
666 4661 705 4720 ib.
723 4674 791 4720 text.
803 4681 822 4734 4
835 4674 863 4719 et
880 4679 905 4734 5.
917 4660 980 4719 Cir.
997 4659 1098 4732 Arist,
1111 4659 1163 4720 lib.
1181 4681 1222 4720 rr.
1242 4661 1384 4737 Metapa,
1401 4683 1468 4738 cap.
1485 4685 1517 4735 a,
1537 4681 1566 4728 ct
1582 4665 1647 4725 ibid.

518 4749 899 4826 Mauri,lib.rr‚cap.9.·
1173 4783 1189 4804 ν
1305 4783 1307 4788 ·
