3492 5525
537 434 595 519 684
658 436 780 502 Loorca
795 435 1023 511 Maron-Lm.
1042 452 1112 514 2³²⁸,
1128 435 1217 501 Drsp.
1236 450 1277 499 1.·
1291 436 1370 500 Cae.
1388 451 1458 501 aum

498 622 673 697 unitatem,
699 642 773 705 quae
801 621 955 705 importet
981 620 1252 687 communitatem
1281 620 1423 703 aliquam
1450 620 1626 706 physicam

499 738 532 795 et
552 731 667 795 realem
686 728 720 795 in
739 728 886 814 pluribus
900 726 1092 803 individuis,
1112 746 1183 812 neg.
1204 724 1256 816 (ι)

543 842 651 919 objic.
672 844 723 906 3.⁰
767 836 889 903 Natura
908 836 1056 902 omnium
1077 834 1250 901 hominum
1270 845 1345 902 ante
1362 833 1516 918 quamvis
1542 851 1626 916 ope·

500 944 656 1017 rationem
675 945 864 1011 intellectus
873 952 925 1011 est
939 963 1003 1010 una
1017 942 1204 1010 definitione
1218 941 1403 1009 definibilis.
1423 942 1507 1025 Ergo
1524 942 1625 1007 habet

500 1071 599 1120 unam
620 1052 811 1133 essentiam;
833 1070 890 1135 per
908 1050 1129 1117 definitionem
1146 1050 1233 1117 enim
1248 1048 1389 1117 essentia
1407 1047 1575 1115 desinitur.

567 1168 679 1245 Resp,
694 1179 781 1225 conc.
811 1168 933 1234 antec„
953 1158 1084 1243 disting.
1105 1177 1256 1241 conseq„
1276 1157 1375 1225 habet
1393 1175 1494 1222 unam
1510 1173 1628 1221 essen-

500 1268 577 1334 tiam
607 1268 729 1333 unitate
757 1266 992 1332 fundamentali
1021 1284 1080 1332 seu
1106 1264 1342 1339 similitudinis,
1361 1283 1466 1329 cona:
1497 1262 1627 1330 unitate
1744 1257 1745 1260 ’

500 1374 631 1451 actuali,
647 1375 796 1452 subdiri,
812 1383 909 1458 prout
923 1360 974 1440 est
991 1394 1009 1437 a
1028 1383 1118 1457 parte
1132 1374 1193 1450 rei,
1213 1392 1307 1456 nego,
1324 1390 1381 1456 per
1398 1371 1626 1455 operationem

501 1484 698 1558 intellectus,
717 1486 804 1547 conc.
825 1481 954 1565 Species
973 1500 1068 1566 ergo,
1090 1482 1262 1547 utiterum
1288 1478 1412 1553 dicam,
1438 1496 1506 1545 non
1524 1478 1628 1543 datur

501 1600 576 1657 ante
595 1590 816 1674 operationem
844 1590 1040 1655 intellectus:
1068 1590 1152 1656 sicut
1176 1588 1274 1654 etiam
1300 1587 1447 1653 definitio
1476 1586 1628 1669 implicat

501 1698 650 1764 eamdem
664 1698 845 1764 intellectus
857 1696 1094 1781 operationem,
1109 1705 1183 1761 ante
1196 1715 1295 1780 quam
1305 1695 1442 1779 proinde
1453 1712 1519 1760 non
1531 1693 1627 1759 adest
1744 1719 1745 1746 ³

501 1807 533 1872 in
548 1804 706 1890 pluribus,
722 1802 782 1871 nisi
793 1804 900 1870 unitas
912 1804 1176 1871 fundamentalis.
1195 1802 1296 1869 «Esse
1306 1811 1417 1867 autem
1432 1820 1538 1867 unum
1552 1802 1629 1865 tun-

501 1911 726 1980 damentaliter
744 1921 795 1977 est
813 1930 884 1977 esse
903 1912 967 1977 tale
990 1930 1064 1985 ens,
1086 1910 1174 1994 quod
1194 1910 1336 1994 praebeat
1354 1908 1532 1975 intellectui
1552 1910 1629 1973 sun-

502 2022 693 2087 damentum
709 2019 750 2085 ad
769 2019 879 2102 ipsum
899 2018 1166 2104 cognoscendum
1186 2036 1243 2102 per
1263 2017 1400 2083 modum
1419 2013 1535 2091 unius,
1556 2014 1628 2081 sive

501 2147 574 2195 esse
592 2126 803 2211 conceptibile
822 2134 1002 2211 conceptu,
1024 2127 1116 2209 plura
1134 2143 1191 2210 per
1210 2125 1347 2190 modum
1374 2122 1629 2189 unius'oonsuse

503 2242 778 2320 repraesentante»
800 2230 863 2321 (2).
1228 2226 1250 2311 j

545 2348 652 2426 objic.
675 2340 728 2424 4.⁰
774 2341 913 2415 Natura,
933 2357 1009 2422 qua·
1027 2338 1143 2405 dicitur
1161 2337 1370 2415 universalis,
1396 2356 1429 2402 v.
1449 2356 1484 2422 g.
1510 2338 1633 2402 huma-

504 2450 604 2527 nitas,
626 2450 665 2514 de
685 2467 719 2515 se
739 2456 771 2513 et
790 2448 929 2531 positive
943 2456 994 2513 est
1008 2465 1080 2513 ens.
1102 2447 1185 2530 Ergo
1203 2446 1244 2511 de
1264 2464 1300 2511 se
1318 2463 1355 2509 ac
1374 2442 1512 2528 positive
1529 2444 1633 2509 habet
1744 2473 1745 2476 ¹

503 2559 657 2642 aliquam.
672 2554 849 2631 unitatem,
877 2572 1032 2619 nameus
1055 2562 1088 2618 et
1116 2570 1220 2619 unum
1245 2559 1493 2618 convertuntur.
1521 2549 1628 2633 Atqui

505 2685 571 2732 non
598 2664 697 2731 habet
725 2661 882 2729 unitatem
912 2660 1161 2737 individualem,
1186 2678 1281 2725 secus
1306 2658 1394 2725 enim
1421 2676 1488 2725 non
1517 2668 1633 2742 posset

505 2771 720 2858 multiplicari.
741 2771 824 2856 Ergo
839 2768 1040 2854 specificam.

572 2888 677 2964 Resp.
692 2880 769 2946 dist.
786 2886 907 2955 antec„
925 2887 975 2943 est
991 2893 1051 2942 ens
1066 2876 1217 2950 entitate,
1233 2893 1308 2957 quae
1322 2874 1364 2941 sit
1379 2873 1525 2960 pluribus
1538 2893 1636 2940 com·

506 2989 615 3056 munis
630 2987 770 3061 realiter,
788 3002 875 3068 neg„
892 2985 994 3060 aliter,
1013 3003 1102 3049 conc.
1124 2983 1211 3050 Diri.
1228 2983 1344 3048 eodem
1362 2983 1460 3048 modo
1478 3000 1632 3066 conseq„

507 3096 665 3165 unitatem
676 3095 865 3168 formalem,
879 3111 982 3168 conc.,
996 3090 1142 3175 pluribus
1153 3090 1278 3155 realiter
1290 3107 1526 3165 communem,
1542 3109 1632 3174 nego.

572 3205 711 3276 Natura,
732 3201 782 3266 vel
801 3199 957 3274 essentia,
979 3198 1083 3281 lnquit
1100 3196 1135 3262 S.
1156 3197 1317 3274 ThomaS,
1338 3200 1444 3279 potest
1464 3197 1636 3281 dupliciter

506 3309 718 3378 considerari:
733 3327 797 3374 uno
808 3308 898 3372 modo
911 3307 1081 3371 secundum
1094 3307 1242 3371 natraram
1250 3309 1283 3369 et
1294 3304 1446 3370 rationem
1457 3305 1632 3386 propriam,

508 3422 540 3486 et
556 3419 618 3486 bac
635 3421 684 3482 est
698 3417 840 3482 absoluta
857 3412 1067 3478 consideratio
1093 3412 1210 3495 ipsius:
1228 3414 1261 3477 et
1285 3412 1340 3476 boc
1366 3413 1456 3477 modo
1480 3411 1566 3476 nibil
1588 3416 1638 3476 est

509 3531 547 3592 da
563 3545 600 3590 ea
616 3542 724 3590 aarum
741 3523 860 3596 diem,
881 3519 947 3585 nisi
962 3522 1046 3604 quad
1071 3519 1241 3593 conveniat,
1252 3518 1330 3594 sibi,
1355 3521 1526 3584 secuudum
1550 3521 1637 3603 quod

509 3631 697 3720 hujusmodi.
722 3631 811 3697 Unde
838 3627 993 3713 quidquid
1015 3627 1151 3692 aliorum
1172 3625 1235 3691 sibi
1258 3625 1461 3701 attribuitur,
1481 3627 1573 3711 falsa
1590 3631 1638 3692 est

509 3739 686 3807 attributio:
706 3757 737 3804 v.
757 3756 794 3819 g.
815 3735 947 3810 homini,
968 3753 1002 3798 eo
1025 3736 1108 3818 quad
1123 3737 1171 3799 est
1185 3734 1289 3810 homo,
1313 3733 1460 3798 convenit
1477 3733 1635 3799 rationale

509 3852 542 3914 et
555 3847 692 3923 animat,
711 3848 743 3909 et
758 3843 840 3918 alia,
856 3859 927 3926 qua
944 3841 978 3906 in
1001 3844 1069 3928 ejus
1091 3840 1269 3925 definitione
1291 3843 1413 3906 cadunt
1431 3839 1483 3925 (ac
1498 3841 1635 3924 proinde

510 3954 608 4021 etiam
623 3949 710 4040 ens),
730 3952 837 4016 album
849 3968 923 4015 vero
936 3950 988 4013 vel
999 3949 1139 4031 nigrum,
1157 3949 1209 4013 vel
1220 3951 1430 4031 quodcunque
1443 3948 1635 4034 hujusmodi,

511 4065 594 4148 quod
616 4081 680 4126 non
697 4061 799 4125 asida
818 4057 938 4123 ratione
958 4055 1176 4132 humanitatis,
1201 4073 1265 4120 non
1290 4056 1436 4120 convenit
1459 4055 1581 4120 domini
1602 4057 1638 4120 iu

512 4190 559 4246 eo,
579 4171 662 4255 quod
683 4171 732 4232 est
748 4167 846 4232 homo.
866 4164 936 4229 Ideo
953 4163 983 4228 si
994 4165 1171 4246 quaeratur,
1192 4165 1299 4228 utrum
1319 4165 1437 4228 natura
1461 4161 1524 4227 ista
1535 4163 1641 4242 possit

512 4277 655 4342 diciano
674 4271 835 4362 (intellige
850 4269 1032 4355 numerice)
1048 4272 1101 4335 vel
1107 4271 1234 4352 plures,
1251 4273 1396 4336 neutrum
1409 4271 1639 4336 concedendum

550 4527 590 4596 (1)
626 4524 702 4580 Vide
712 4521 811 4592 Suam,
822 4519 927 4592 dispo
942 4469 1084 4592 diotrepi,
1102 4531 1172 4576 sect.
1191 4538 1215 4586 1,
1225 4537 1255 4576 n.
1270 4536 1311 4591 14,
1327 4514 1378 4576 ubi
1392 4517 1456 4574 tuse
1469 4529 1499 4575 et
1513 4517 1639 4592 egregie.

551 4621 590 4680 (a)
626 4613 703 4670 Vide
717 4611 841 4679 Suarez,
856 4609 931 4681 disp.
946 4609 965 4662 6
979 4607 1122 4681 Metapir,
1139 4621 1208 4665 sect.
1229 4628 1252 4679 r,
1269 4627 1298 4666 n.
1316 4605 1505 4680 13.-Mayr.,
1526 4608 1642 4666 Philo-

514 4705 595 4779 δορὴ.
612 4705 757 4777 Ρενίραί.,
774 4715 844 4760 tom.
868 4722 889 4758 r.
906 4718 936 4756 n.
953 4697 1016 4772 496.
