3492 5525
542 491 600 578 378
730 491 854 558 Loorca
874 492 1127 558 Minoa-Drsr.
1152 504 1195 572 3.·
1215 493 1294 557 Cae.
1320 507 1389 576 svn

389 715 392 728 .
500 673 643 742 desumit
660 669 895 760 argumentum
913 675 955 740 ad
974 675 1180 760 probandum
1200 694 1242 741 ex
1264 675 1372 759 aliqua
1390 694 1425 741 re
1448 677 1620 760 posteriori

499 782 681 850 secundum
696 801 744 848 se.
766 781 818 848 Sic
834 781 1076 848 demonstratur
1093 800 1190 848 causa
1208 801 1249 849 ex
1267 783 1384 848 effectu
1393 799 1414 860 ,·
1423 783 1563 853 essentia
1576 803 1621 851 ex

501 888 752 975 proprietatibus
769 897 866 973 atque
885 888 1141 972 operationibus.
1157 881 1398 957 Demonstratio
1414 910 1432 956 a
1448 892 1619 974 posteriori

500 995 597 1062 etiam
625 996 748 1062 vocari·
758 997 842 1063 solet
864 1015 885 1061 a
910 996 1018 1080 signo,
1038 997 1115 1080 quia
1132 998 1269 1062 effectus
1288 1005 1366 1062 sunt
1384 997 1479 1082 signa
1496 1015 1616 1068 causae.

498 1103 717 1171 Nihilominus
734 1103 891 1187 quoniam
911 1121 978 1169 non
997 1104 1108 1170 omnia
1127 1103 1221 1189 signa
1244 1105 1490 1180 sunteiiectus,
1509 1115 1619 1189 potest

499 1211 566 1279 dari
581 1211 814 1278 demonstratio
830 1231 847 1276 a
866 1211 978 1297 signo,
999 1229 1073 1296 quae
1093 1199 1159 1277 no'n
1178 1212 1219 1277 sit
1233 1211 1366 1296 praecise
1382 1213 1423 1276 ab
1440 1214 1571 1280 ellectu.

565 1317 649 1386 lnter
668 1319 727 1386 bas
745 1318 827 1386 duas
845 1319 1142 1386 demonstrationes
1160 1319 1267 1384 media
1286 1339 1304 1384 a
1322 1318 1519 1403 quibusdam
1539 1321 1620 1387 assi-

347 1471 424 1502 m.
499 1435 618 1512 gnatur
627 1426 1323 1510 demonstratioaconcomitante,ea'nempe
1336 1444 1411 1510 quae
1421 1444 1480 1493 nec
1490 1427 1621 1496 ducitur

326 1527 447 1582 ‘millii’
498 1554 516 1600 a
543 1533 637 1619 priori
667 1552 765 1600 neca
791 1533 960 1618 posteriori
984 1533 1043 1600 sed
1069 1553 1089 1598 a
1118 1533 1332 1610 simultaneo,
1359 1535 1411 1600 vel
1439 1536 1619 1601 atermino

359 1631 362 1641 ’
498 1639 713 1717 convertibili,
728 1659 846 1724 nempe
858 1641 992 1724 quando
1004 1659 1108 1705 unum
1123 1641 1279 1723 probatur
1289 1659 1329 1707 ex
1338 1641 1418 1718 alio,
1435 1643 1618 1726 quodcum

497 1748 603 1832 primo
621 1747 830 1814 convertitur:
853 1757 889 1815 ut
904 1748 930 1813 si
946 1746 1063 1832 probes
1078 1748 1243 1813 bominem
1264 1766 1336 1813 esse
1355 1747 1525 1850 risibilem,
1541 1750 1620 1833 quia

498 1864 549 1922 est
562 1854 688 1936 llebilis;
700 1856 766 1921 duo
781 1855 868 1921 enim
880 1856 950 1920 lraec
963 1853 1061 1921 simul
1076 1863 1166 1931 sunt,
1180 1862 1213 1920 et
1224 1855 1308 1921 inter
1321 1873 1357 1920 se
1371 1864 1617 1923 convertuntur.

499 1963 553 2030 Est
573 1961 713 2046 denique
732 1962 793 2028 alia
811 1962 1045 2029 demonstratio
1063 1981 1104 2028 ex
1121 1961 1252 2029 duobus
1271 1963 1429 2047 prioribus
1448 1963 1566 2039 mixta,
1586 1973 1621 2030 et

328 2082 445 2164 regressio
498 2079 632 2138 vocatur
661 2070 835 2154 regressioa
862 2088 921 2136 seu
950 2069 1128 2146 circularis,
1149 2087 1223 2153 quae
1251 2071 1284 2136 in
1313 2089 1354 2135 eo
1382 2069 1549 2146 consistit,
1584 2081 1622 2138 ut

304 2153 467 2201 '‘¹⁰¹¹‘¹⁸¹⁸'¹'‘
497 2186 677 2264 postquam
697 2195 793 2243 causa
816 2196 874 2260 per
898 2179 1049 2243 effectum
1068 2187 1251 2260 utcumque
1273 2177 1480 2262 cognoscitur
1501 2179 1628 2244 saltem'
1702 2173 1709 2184 '

499 2286 607 2370 quoad
619 2277 823 2387 existentidm
833 2295 841 2359 ;
853 2302 932 2350 mox
942 2284 1011 2368 ipsa
1021 2284 1062 2349 ad
1079 2283 1302 2367 perfectiorem
1314 2285 1448 2350 effectus
1461 2284 1622 2369 cognitio-

499 2411 574 2458 nem
588 2391 839 2476 comparandam
855 2389 1035 2457 adhibetur.
1053 2389 1106 2456 Sic
1120 2389 1175 2455 Dei
1191 2390 1363 2459 existentia
1374 2392 1437 2458 sub
1452 2389 1571 2458 rudiori
1587 2401 1622 2457 et

498 2499 634 2566 confusa
659 2497 792 2564 notione
817 2515 923 2564 causae
947 2495 1061 2582 primae
1082 2497 1232 2580 eritisque
1255 2517 1275 2562 a
1295 2499 1557 2583 recognoscitur
1579 2519 1621 2565 ex

408 2659 412 2667 .
499 2607 639 2691 mundo,
671 2614 703 2670 et
730 2623 810 2672 mox
837 2604 906 2690 ipse
934 2605 1078 2671 mundus
1111 2605 1264 2689 cognosci
1296 2605 1414 2671 melius
1443 2615 1552 2690 potest
1578 2626 1622 2673 ex

498 2713 660 2783 attributis
679 2733 714 2779 ac
734 2713 986 2798 perfectionibus
1005 2713 1136 2780 divinis.

305 2830 468 2915 Demaeneto
566 2822 647 2889 Huic
665 2822 778 2906 primae
797 2820 946 2887 divisioni
965 2820 1080 2887 similis
1097 2830 1146 2886 est
1165 2820 1217 2885 illa
1236 2820 1295 2886 alia
1314 2822 1348 2887 in
1367 2816 1624 2890 demonstratio-

306 2907 463 3031 P'Z'Jssgf'⁴
499 2948 575 2996 nem
585 2934 713 3012 propter
725 2928 818 3013 quid,
829 2937 862 2993 et
878 2928 1173 2993 demontrationem
1188 2928 1275 3013 quia.
1290 2922 1532 2996 Demonstratio
1545 2948 1625 3013 pro-

499 3047 570 3123 pter
580 3036 659 3121 quid
672 3045 720 3101 est
731 3054 780 3111 ea,
792 3053 866 3118 quae
877 3035 916 3100 lit
925 3055 944 3099 a
947 3036 1096 3117 proxim
1104 3035 1153 3100 rei
1160 3054 1268 3111 causa,
1278 3044 1315 3101 ut
1328 3036 1355 3102 sl
1365 3055 1398 3101 v.
1411 3055 1446 3121 g.
1459 3036 1622 3103 risibilita-

497 3154 566 3211 tem
591 3142 733 3209 bominis
752 3143 871 3226 probes
889 3160 930 3209 ex
948 3160 999 3217 eo,
1020 3140 1110 3225 quod
1127 3143 1228 3208 homo
1244 3142 1286 3209 sit
1298 3142 1522 3211 admirativus.
1541 3144 1627 3211 llaec·

305 3278 465 3325 nemoralem
499 3251 732 3319 demonstratio
747 3258 879 3335 propter
892 3250 971 3333 quid
985 3258 1118 3315 vocatur
1126 3249 1290 3332 potissima
1306 3253 1357 3317 vel
1373 3252 1621 3336 perfectissima,

327 3352 448 3406 ¹³⁰¹³⁵⁸³¹¹¹⁸·
499 3360 631 3445 quando
658 3377 698 3426 ex
725 3359 863 3424 essentia
894 3358 937 3424 rei
961 3359 1116 3443 probatur
1132 3358 1236 3442 prima
1259 3358 1622 3444 ejusdemproprietas,

500 3486 533 3534 v.
553 3486 588 3550 g.
609 3468 688 3533 ratio
707 3465 887 3534 admirativi
907 3467 949 3531 de
967 3466 1118 3540 bomine,
1139 3485 1180 3531 ex
1199 3465 1424 3534 rationalitate.

307 3583 468 3665 Demostrato
566 3574 806 3640 Demonstratio
824 3574 900 3658 quia
918 3580 968 3639 est
986 3573 1051 3648 illa,
1071 3591 1146 3656 quae
1166 3591 1231 3638 non
1250 3583 1300 3640 est
1319 3591 1377 3656 per
1393 3592 1525 3640 causam
1545 3594 1626 3661 pro-

307 3668 463 3769 ωζῗζζὲζξὼ
499 3682 641 3759 xlmam,
662 3682 720 3748 sed
743 3682 795 3747 vel
820 3699 877 3764 per
895 3681 1064 3755 ellectum,
1090 3682 1141 3745 vel
1166 3698 1223 3763 per
1244 3698 1377 3747 causam
1398 3681 1623 3749 remotiorem.

362 3810 412 3840 cum
431 3866 436 3876 Ι
499 3790 607 3867 Opare
627 3789 718 3855 vides
732 3788 905 3856 discrimen
922 3788 1018 3871 hujus
1033 3786 1200 3853 divisionis
1213 3806 1232 3851 a
1247 3786 1405 3855 divisione
1427 3789 1460 3855 in
1482 3790 1628 3857 demon-

296 3862 480 3993 ἁζᾚῖζζῗω
500 3898 689 3967 strationem
723 3916 742 3961 a
773 3894 868 3980 priori
888 3904 958 3960 eta
984 3893 1169 3979 posteriori,
1196 3912 1272 3960 nam
1292 3896 1526 3964 demonstratio
1542 3900 1626 3982 quia

500 4005 727 4090 complectitur
754 4021 870 4069 omnes
898 4003 1191 4069 demonstrationes
1214 4004 1421 4084 aposimbri
1446 4014 1479 4070 et
1497 4005 1627 4087 aliquas

501 4121 653 4197 praeterea
672 4111 825 4194 aptiori,
847 4128 966 4194 nempe
985 4110 1069 4186 illas,
1091 4126 1165 4192 quae
1184 4108 1267 4195 frunt
1286 4129 1345 4194 per
1362 4129 1493 4178 causam
1513 4130 1628 4179 remo-

501 4220 630 4285 tiorem.
652 4217 838 4285 Praestantia
862 4218 958 4281 etiam
982 4217 1270 4283 demonstrationis
1287 4222 1419 4301 propter
1441 4219 1520 4303 quid
1542 4221 1627 4288 saus

502 4345 559 4412 per
577 4346 612 4393 se
631 4333 737 4410 patet,
758 4323 994 4389 demonstratio
1017 4324 1105 4388 enim
1128 4324 1203 4407 quia
1226 4325 1368 4390 ostendit
1387 4344 1455 4390 rem
1479 4326 1523 4391 ita
1540 4344 1624 4405 esse,

502 4434 735 4499 demonstratio
752 4450 828 4497 vero
839 4435 967 4513 propter
979 4430 1057 4514 quid
1065 4429 1198 4516 insuper
1211 4433 1367 4511 ostendit,
1378 4451 1495 4499 curres
1508 4433 1551 4499 ita
1564 4434 1625 4505 sit.

298 4540 475 4659 mm
570 4541 641 4606 Alia
660 4549 709 4606 est
723 4538 839 4605 divisio
853 4538 1140 4604 demonstrationis
1154 4540 1186 4605 in
1199 4540 1387 4605 ostensivum
1399 4557 1457 4606 seu
1470 4540 1628 4610 directam

336 4682 441 4737 affl,
502 4657 535 4713 et
560 4648 591 4714 in
619 4650 779 4713 ducentem
802 4647 846 4712 ad
860 4645 1056 4728 'impossibile
1078 4664 1136 4713 seu
1161 4646 1357 4713 indirectam.
1377 4646 1549 4715 Ostensiva
1568 4656 1627 4717 vel

504 4756 622 4823 directa
642 4774 709 4821 rem
729 4753 931 4820 demonstrat
945 4753 1081 4837 positive
1100 4772 1141 4819 ex
1154 4754 1263 4838 aliquo
1281 4772 1358 4823 curn
1373 4755 1445 4841 ipsa
1457 4774 1626 4829 connexo.
