3492 5525
694 20 852 84 Car».-
904 36 1045 83 zum
1089 20 1189 86 1)ss
1231 39 1675 85 ῡυΒιτΑτιοΝε
1718 21 2032 86 Cauri-:sn
2264 20 2409 84 1061

250 205 547 271 dubitare
588 205 800 271 licebit
824 206 908 271 de
946 205 1288 272 veracitate
1322 206 1737 273 conscientiae
1787 206 2116 291 propriam
2155 206 2501 291 cogitatio·

252 331 406 377 nem
445 314 776 390 testantis,
818 332 1018 396 quam
1058 315 1140 379 de
1179 312 1443 379 veritate
1484 315 1754 380 naturali
1811 326 2191 380 caeterarum
2229 315 2501 380 faculta-

250 428 394 484 tum
434 419 1047 505 cognoscitivarum.
1094 421 1226 486 Cur
1262 422 1525 505 ergode
1556 420 1662 486 illa
1702 440 1833 487 non
1865 421 2230 488 dubitetur?

342 533 545 594 Prob.
590 539 689 595 2.⁰
782 527 1111 595 Dubitatio
1152 527 1522 593 Cartesiana
1573 530 1734 594 adeo
1788 538 1886 598 est
1944 527 2366 603 universalis,
2428 536 2500 592 ut

252 654 328 698 ea
366 634 610 718 posita,
652 635 1054 719 impossibile
1090 636 1174 701 sit
1213 636 1727 719 philosophicam
1767 645 1832 701 et
1879 636 2269 727 =rationalem
2309 635 2502 699 certi-

251 742 549 806 tudinem
590 743 916 818 obtinere;
956 762 1029 808 ac
1055 743 1329 827 proinde
1368 744 1731 808 necessario
1765 745 2086 809 ruendum
2120 743 2204 809 sit
2247 741 2312 807 in
2362 760 2501 807 sce·

257 849 632 933 pticismum
673 847 801 936 (1),
834 851 1002 935 Ergo
1042 851 1318 917 absurda
1346 860 1468 918 est.

385 963 587 1024 Prob.
629 956 698 1044 α)
737 959 1151 1025 antecedens,
1195 958 1360 1023 Nam
1397 958 1691 1024 doctrina
1720 969 1819 1025 est
1852 958 2146 1032 Cartesii,
2183 957 2335 1022 nihil
2365 968 2502 1023 tan-

251 1066 406 1129 dem
428 1064 700 1132 omnino
724 1060 977 1131 certu‘m
998 1074 1062 1130 et
1083 1066 1407 1131 infallibile
1428 1065 1567 1132 sine
1597 1066 1733 1131 ullo
1756 1066 2062 1148 scrupulo
2084 1065 2334 1130 admitti
2357 1076 2502 1147 pos-

249 1192 351 1246 se,
375 1172 580 1237 donec
606 1173 791 1237 nobis
815 1172 1178 1240 innotescat
1211 1173 1551 1238 existentia
1572 1182 1636 1238 et
1660 1172 1969 1256 veracitas
1994 1172 2108 1237 Dei
2137 1170 2264 1258 (2).
2301 1172 2498 1253 Atqui
2559 1172 2567 1180 ’

247 1279 594 1344 existentia
632 1296 694 1347 et
734 1282 1045 1346 veracitas
1084 1280 1195 1345 Dei
1237 1280 1429 1345 etiam
1471 1282 1836 1346 secundum
1876 1280 2092 1363 ipsum
2129 1281 2496 1344 Cartesium

251 1390 388 1452 n'on
451 1388 797 1454 innotescit
859 1389 1047 1453 nobis
1101 1383 1220 1454 nisi
1279 1389 1342 1453 vi
1401 1389 1837 1471 quarumdam
1905 1388 2493 1462 ratiocinationum,

247 1513 400 1577 quae
429 1509 601 1563 certe
632 1498 793 1562 dum
829 1497 1291 1572 instituuntur„
1330 1488 1624 1562 nondum
1656 1505 1916 1560 constat
1941 1496 2150 1560 Deum·
2191 1495 2492 1560 existere.

246 1603 418 1686 Ergo
472 1605 583 1687 qui
642 1605 1030 1685 methodum
1101 1603 1540 1669 Cartesianam
1598 1603 1782 1686 sequi
1847 1605 2046 1677 volet,
2115 1603 2355 1667 nullius
2411 1601 2496 1666 rei

250 1729 475 1775 veram
514 1721 580 1776 et
620 1712 1067 1778 rationabilem
1096 1712 1553 1778 certitudinem
1585 1711 1840 1793 assequi
1873 1710 2136 1778 valebit.

384 1824 586 1885 Prob.
628 1819 805 1883 idem
861 1820 1250 1884 antecedens
1306 1816 1375 1905 β)
1416 1818 1588 1885 ,Nam
1649 1836 1803 1883 cum
1855 1818 2004 1900 quis
2055 1818 2340 1892 dubitat,
2394 1817 2495 1880 vel

226 1926 497 2011 falsum·
546 1927 838 2008 supponit
883 1926 1157 2009 aliquid,
1228 1925 1453 2008 nequit
1529 1924 1989 1990 rationabiliter
2042 1925 2198 1989 illud
2261 1925 2494 1989 iterum

246 2044 592 2115 tamquam
654 2043 903 2098 certum
960 2033 1336 2115 admittere,
1383 2033 1501 2098 nisi
1541 2032 1976 2098 instrumenta
2034 2032 2151 2097 sibi
2214 2042 2498 2097 reservet

245 2127 636 2205 s’ufficientia
675 2142 754 2204 ad
794 2141 1067 2205 dubium
1109 2141 1264 2205 illud
1304 2141 1790 2223 expellendum.
1837 2139 2035 2222 Atqui
2089 2139 2300 2223 posita
2350 2141 2497 2205 uni-

250 2249 481 2312 versali
521 2247 922 2314 dubitatione
963 2266 1091 2313 non
1140 2256 1501 2331 suppetunt
1538 2247 1973 2312 instrumenta
2028 2249 2110 2312 ad
2155 2267 2496 2332 emergen-

245 2356 409 2419 dum
452 2376 488 2419 e
517 2356 715 2428 dubio
756 2356 1125 2421 universali.

381 2464 549 2528 Nam
589 2463 1025 2528 instrumenta
1060 2466 1199 2529 haec
1236 2471 1394 2528 sunt
1423 2463 1758 2527 facultates
1793 2463 2295 2547 cognoscitivae,
2329 2462 2496 2545 qua-

249 2589 399 2635 rum
427 2589 550 2653 ope
588 2581 654 2635 et
681 2569 1138 2634 exercitatione
1178 2569 1658 2642 ratiocinamur,
1701 2577 1768 2633 et
1808 2571 2236 2635 fundamenta
2276 2588 2493 2634 rerum

247 2677 711 2762 expendimus.
746 2677 884 2757 Jam
924 2676 976 2742 si
1017 2679 1351 2742 facultates
1391 2678 1529 2741 istae
1556 2695 1790 2741 omnes
1821 2678 2076 2742 fallaces
2120 2696 2498 2762 supponan-

245 2796 388 2860 tur,
455 2785 1017 2873 quemadmodum
1076 2793 1538 2868 supponuntur
1602 2805 1638 2848 a
1702 2783 2031 2860 Cartesio,
2092 2786 2496 2868 impossibile

243 2879 369 2958 erit
415 2893 613 2956 fidem
665 2891 789 2956 illis
840 2891 1181 2967 adhibere,
1236 2910 1309 2956 ac
1350 2892 1619 2975 proinde
1675 2893 1870 2957 ullius
1911 2892 1998 2957 rei
2039 2893 2495 2959 certitudinem

247 3018 653 3082 comparare.
867 2999 871 3002 ’
904 2984 913 2992 ’

386 3106 556 3171 Sane
614 3106 799 3171 testis
854 3107 1092 3172 dubius
1148 3106 1389 3171 nullam
1447 3107 1646 3171 fidem
1708 3117 2032 3183 meretur,
2083 3108 2292 3172 donec
2329 3107 2498 3172 illius

249 3214 564 3280 veracitas
618 3215 1006 3280 innotescat.
1062 3213 1259 3296 Atqui
1310 3216 1674 3280 secundum
1738 3216 2177 3281 methodicam
2246 3215 2499 3280 dubita-

246 3323 503 3387 tionem
575 3319 843 3386 Cartesii
900 3323 1200 3386 omnium
1264 3323 1645 3387 facultatum
1715 3323 2164 3388 testimonium
2223 3321 2496 3387 dubium

252 3429 563 3502 habetur,
608 3446 727 3493 nec
770 3447 964 3493 verax
1003 3429 1259 3494 ostendi
1293 3438 1508 3511 potest
1541 3429 1660 3494 nisi
1699 3428 2083 3496 testimonio
2123 3431 2500 3496 earumdem

322 3684 401 3740 (1)
478 3678 714 3748 Loquor
751 3678 823 3734 de
850 3676 1196 3735 certitudine
1228 3676 1646 3748 philosophica,
1676 3691 1733 3736 et
1754 3677 1892 3749 quia
1911 3679 1984 3735 ad
2018 3679 2174 3735 illam
2205 3680 2386 3736 solam
2408 3697 2504 3736 as-

250 3768 636 3838 sequendam,
665 3767 1001 3824 methodum
1032 3787 1198 3824 suam
1230 3765 1445 3823 invexit
1466 3766 1792 3845 Cartesiu3‚
1821 3781 1877 3826 et
1896 3768 2035 3839 quia
2063 3768 2320 3840 vulgaris
2339 3767 2506 3826 certi·

251 3857 400 3916 tudo
427 3857 597 3914 etiam
637 3857 838 3914 invitis
869 3856 1037 3914 nobis
1065 3857 1329 3914 habetur.

325 3952 407 4011 (2)
481 3945 569 4004 En
600 3944 852 4003 Cartesii
883 3947 1077 4003 verba:
1115 3945 1193 4004 Ut
1223 3960 1416 4003 autem
1446 3945 1620 4003 etiam
1655 3947 1752 4004 illa
1789 3948 1958 4026 valde
1993 3946 2185 4004 tenuis
2218 3945 2366 4004 ratio
2393 3946 2506 4004 du·

248 4034 478 4093 bitandi
508 4035 766 4104 tollatur,
798 4035 1229 4106 quamprimum
1261 4049 1525 4092 occurret
1568 4036 1810 4105 occasi0,
1838 4038 2177 4094 examinare
2205 4037 2393 4102 debeO,
2431 4056 2508 4093 an

246 4128 331 4183 sit
363 4127 540 4192 Deus,
574 4134 629 4181 et
656 4126 717 4181 si
738 4125 836 4190 sit,
866 4145 941 4181 an
958 4125 1139 4196 possit
1168 4145 1294 4180 esse
1332 4124 1619 4197 deceptor;
1653 4125 1763 4182 hac
1789 4127 1937 4182 enim
1968 4147 2032 4183 re
2060 4126 2352 4201 ignorata,
2398 4145 2510 4182 non

250 4215 454 4272 videor
490 4214 557 4270 de
586 4216 716 4271 ulla
753 4215 878 4271 alia
913 4215 1091 4287 plane
1131 4223 1321 4270 certus
1365 4234 1489 4269 esse
1515 4233 1765 4286 unquam
1805 4223 1990 4289 posse.
2025 4214 2255 4273 Cartes.
2300 4215 2507 4272 Medic.

250 4314 338 4376 3.⁸
368 4302 467 4358 An
501 4305 660 4361 Deus
688 4305 785 4372 sit,
815 4322 933 4361 non
964 4302 1166 4374 procul
1193 4303 1266 4358 ab
1286 4301 1473 4359 initio.
