3492 5525
213 461 328 529 Anne.
347 477 406 546 3³³
419 464 472 528 An
487 479 629 531 ventris
644 481 825 529 consrsrrs
838 465 872 528 in
887 469 1103 530 ruorvrsrsnn.
1133 471 1194 542 453

107 640 355 710 difformitatem
370 653 461 710 actus
478 661 554 710 cum
573 643 720 729 objecto.
740 653 838 727 atque
852 643 935 710 adeo
952 632 1011 730 per¹
1029 642 1167 708 modum
1185 662 1235 710 re-

108 767 224 815 cessus
241 769 277 815 ac
294 751 455 819 distantiae
469 751 648 820 averitate.
669 749 769 834 Atqui
782 751 816 818 in
832 769 962 818 recessu
976 770 996 816 a
1008 749 1145 817 veritate
1159 769 1235 834 gra·

109 857 175 922 dus
193 865 287 930 certe¹
297 857 365 925 dari
385 861 533 944 possunt.
556 857 609 924 Sic
629 859 735 945 magis
759 858 920 925 aberraret
938 879 957 924 a
980 876 1076 936 vero,
1092 856 1148 941 qui
1167 858 1234 923 duo

109 972 243 1031 tantum
262 983 334 1032 esse
356 975 573 1042 sacramenta,
594 983 695 1050 quam
710 965 766 1049 qui
784 984 843 1032 sex
864 965 1056 1046 affirmaret;
1077 965 1236 1049 quemad·

111 1073 253 1138 modum
273 1047 372 1138 e‘tiam
393 1075 498 1160 magis
520 1074 618 1141 distat
636 1072 741 1141 Roma
769 1073 810 1140 ab
834 1073 943 1153 indiis,
963 1091 1102 1157 quama
1132 1071 1235 1137 Gallia

109 1187 144 1246 et
163 1180 352 1264 inaequalior
370 1191 420 1250 est
439 1200 526 1250 unus
545 1184 674 1267 palmus
688 1190 819 1249 centum
840 1181 958 1260 leucis,
974 1200 1073 1265 quam
1089 1181 1188 1248 ulnae.

444 1341 641 1411 Solvumun
660 1347 907 1410 olrsrcucnares.

158 1519 215 1589 3¹·
263 1509 371 1587 objic.
396 1509 444 1571 1.⁰
463 1503 566 1571 Actus
585 1521 671 1570 unus
691 1514 889 1588 potestesse
913 1503 1031 1570 certior
1048 1512 1145 1588 atque
1168 1504 1235 1569 evi·

110 1610 243 1676 dentior
262 1612 337 1678 alio.
351 1589 481 1698 Ergo'et
496 1613 613 1678 verior.
634 1611 719 1678 Nam
739 1612 845 1678 verior
863 1622 913 1678 est
932 1613 986 1678 ille
1003 1620 1112 1687 actus,
1135 1629 1234 1696 quem

112 1717 221 1804 magis
240 1727 400 1804 repugnat
420 1718 592 1801 falsificari,
615 1737 715 1802 quam
736 1719 846 1785 minus
864 1728 1002 1786 certum.

182 1832 287 1909 Resp.
319 1826 416 1892 Cone.
448 1835 554 1894 antec.
584 1826 670 1892 Disl.
698 1844 831 1911 conseq.
860 1826 944 1912 Ergo
974 1835 1006 1892 et
1034 1827 1140 1892 verior
1164 1845 1236 1894 esse

111 1941 241 2018 potest,
257 1935 284 2000 si
304 1952 423 2018 nempe
437 1933 556 2000 veritas
576 1933 784 2001 materialiter
802 1944 984 2018 spectetur,
1004 1953 1108 2012 conc„
1128 1934 1154 2001 si
1173 1938 1236 2001 for·

114 2039 247 2107 maliter
264 2051 449 2126 spectetur,
469 2061 537 2126 neg.

181 2147 219 2214 Et
238 2147 334 2216 simili
350 2149 450 2215 modo
466 2149 683 2233 respondetur
696 2149 737 2216 ad
752 2148 976 2233 probationem
991 2150 1235 2234 consequentis.

110 2257 229 2339 Neque
251 2257 339 2322 enim
366 2255 511 2322 formalis
530 2255 612 2322 ratio
630 2255 775 2322 veritatis
793 2263 858 2321 stat
877 2257 909 2322 in
930 2256 1142 2342 repugnantia
1160 2275 1235 2322 cum

112 2362 269 2438 falsitate,
289 2363 399 2429 sedin
420 2365 535 2429 actuali
553 2363 781 2432 conformitate
805 2366 857 2430 vel
882 2363 1108 2447 adaequatione
1125 2365 1238 2450 cogni-

111 2469 214 2558 tionis
231 2490 308 2536 cum
327 2471 470 2556 objecto.

159 2583 267 2662 objic.
294 2586 343 2644 2.⁰
392 2577 565 2644 Conclusio
591 2585 641 2644 est
669 2595 744 2644 vera
769 2586 901 2663 propter
928 2577 1125 2664 praemissas.
1154 2578 1237 2664 Ergo

113 2687 293 2773 premisse
313 2685 454 2751 veriores
473 2693 551 2752 sunt
568 2683 791 2752 conclusione.
812 2685 897 2752 Nam
918 2686 1101 2752 secundum
1123 2686 1239 2773 vulga-

112 2804 186 2861 tum
213 2793 292 2858 illud
319 2792 593 2862 Scholasticorum
621 2794 853 2877 proloquium,
876 2797 1006 2876 propter
1027 2795 1111 2879 quod
1124 2813 1239 2860 unum·

111 2903 254 2987 quotque
269 2903 347 2977 tale,
367 2904 398 2966 et
414 2900 497 2968 illud
513 2902 626 2985 magis,
643 2912 741 2984 atque
760 2901 842 2966 adeo
861 2901 888 2967 si
907 2901 1073 2967 conclusio
1092 2910 1142 2969 est
1161 2920 1237 2991 vera

113 3018 246 3095 propter
258 3006 453 3094 praemissas,
470 3008 520 3073 hae
534 3010 677 3077 veriores
690 3008 768 3086 sint,
785 3018 926 3092 oportet.

182 3123 287 3200 Resp.
307 3134 393 3199 neg„
406 3125 511 3182 antec.
528 3116 555 3182 si
570 3133 680 3182 sermo
695 3116 737 3183 sit
751 3116 792 3182 de
807 3116 933 3182 formali
944 3114 1067 3181 ratione
1080 3116 1236 3182 veritatis.

112 3226 199 3293 Nam
228 3222 413 3299 conclusio,
438 3221 523 3289 sicut
550 3222 673 3306 quaevis
695 3222 756 3288 alia
781 3222 959 3308 propositio
986 3224 1037 3287 vel
1063 3222 1236 3309 judicium,

114 3338 252 3397 nonest
277 3349 354 3395 vera
379 3330 557 3395 formaliter
576 3330 634 3396 nisi
655 3339 786 3415 propter
808 3330 1071 3396 conformitatem
1093 3331 1143 3398 sui
1161 3348 1241 3427 cum

113 3460 166 3515 re,
187 3438 257 3505 sive
276 3438 351 3521 quia
371 3456 422 3504 res
439 3446 494 3531 est
509 3436 570 3513 ita,
592 3446 628 3504 ut
648 3438 847 3506 enuntiatur.

160 3528 270 3629 Objic.
291 3554 341 3614 aa
386 3544 500 3611 Verior
522 3555 572 3612 est
600 3548 668 3612 haec
696 3544 892 3630 propositio:
923 3546 1024 3611 Homo
1048 3549 1097 3612 est
1118 3546 1241 3612 animal

112 3654 288 3731 rationale,
305 3671 379 3737 quae
398 3661 502 3721 totam
519 3654 693 3721 essentiam
709 3652 852 3721 hominis
866 3652 1037 3736 exprimit,
1054 3670 1153 3738 quam
1167 3654 1238 3719 lraee

114 3762 195 3829 alia:
217 3762 317 3826 Homo
334 3764 381 3827 est
396 3759 533 3837 animal,
554 3779 629 3845 quae
657 3761 764 3827 solum
794 3768 919 3844 partem
949 3761 1045 3827 refert
1072 3760 1235 3827 essentiae.

184 3874 290 3950 Resp.
311 3885 383 3953 neg.
404 3878 585 3945 assertum,
606 3868 807 3934 intellectum
828 3867 868 3932 de
895 3866 1020 3932 formali
1041 3866 1164 3934 ratione
1183 3886 1240 3933 ve·

114 3974 233 4043 ritatis.
252 3974 336 4040 Nam
357 3974 460 4058 prima
479 3972 657 4059 propositio
676 3975 769 4059 plura
788 3973 885 4039 refert
911 3972 952 4038 de
979 3973 1107 4060 objecto
1135 3992 1237 4059 quarn

114 4084 233 4156 altera,
253 4089 285 4145 et
303 4080 349 4147 sic
368 4080 496 4165 plenius
513 4079 653 4147 declarat
671 4091 705 4147 et
723 4080 910 4146 manifestat
934 4079 1109 4146 essentiam
1134 4082 1238 4147 homi·

115 4190 186 4265 nis,
214 4196 313 4270 atque
340 4188 422 4253 adeo
449 4186 554 4253 verior
573 4196 624 4254 est
650 4188 833 4254 secundum
860 4188 1060 4255 materialem
1081 4187 1238 4254 rationem

115 4294 275 4365 veritatis.
291 4292 468 4373 Caeterum,
482 4296 657 4362 formaliter
667 4295 846 4378 loquendo,
858 4312 925 4361 non
937 4295 1046 4362 minus
1057 4298 1241 4363 conforma-

114 4415 172 4471 tur
186 4402 316 4487 objecto
335 4403 479 4468 secunda
493 4400 684 4488 propositio,
702 4420 801 4485 quam
818 4402 934 4487 prima;
950 4403 1035 4469 sicut
1049 4420 1115 4469 non
1130 4404 1240 4471 minus

114 4509 280 4593 adaequari
299 4516 408 4594 potest
430 4508 513 4576 linea
537 4509 646 4585 lineae,
667 4528 767 4593 quam
786 4509 975 4593 superficies
999 4509 1193 4594 superficiei.

161 4621 273 4699 Objic.
293 4630 341 4699 4.·
387 4616 513 4683 Veritas
531 4628 581 4685 est
599 4616 777 4683 similitudo
794 4616 991 4702 cognitionis
1003 4636 1081 4685 cum
1097 4619 1238 4702 objecto.

115 4724 186 4797 Sed
204 4722 385 4805 similitudo
405 4724 540 4810 suscipit
560 4722 665 4810 magis
684 4734 715 4793 et
735 4722 858 4791 minus.
879 4722 1005 4809 Ergo...
