3492 5525
342 484 461 551 danic.
487 498 544 548 ψ
566 482 656 562 Qun>
676 497 730 548 sir
751 483 968 549 Pamnrcnmo
1131 481 1186 565 1⁶3

101 667 220 732 eodem
240 667 371 734 homine
384 668 490 736 album
506 670 565 734 vel.
578 671 713 736 datum.
737 667 780 734 Fa
795 686 873 734 vero
891 667 1042 739 dicuntur
1063 664 1226 750 predicari
1280 675 1376 766 qul:

100 775 135 840 in
149 775 246 858 qaid,
274 793 348 858 quae
367 785 445 861 apte
468 775 663 855 redduntur,
687 796 762 844 cum
789 776 943 862 quidnam
968 789 1020 842 res
1040 775 1148 859 aliqua
1171 772 1225 850 sit,
1468 792 1471 796 ·

100 881 273 966 quaritur,
289 891 327 948 ut
345 883 447 950 uirtus
466 885 507 951 de
520 883 661 972 jaslilaa.
689 884 733 950 Ea
753 891 862 950 autern
881 883 915 949 in
931 885 1041 970 quale,
1064 901 1139 966 quae
1154 889 1246 965 apte,
1305 913 1400 986 uk.

102 989 299 1068 redduntur,
314 1010 391 1056 cum
405 982 499 1076 quale
512 992 632 1076 aliquid
647 991 705 1070 sit,
722 992 893 1078 quaeritur,
909 1002 946 1058 ut
965 1011 999 1057 v.
1013 1012 1049 1076 g.
1064 991 1170 1057 album
1185 989 1228 1055 de
1281 941 1303 1030 Ῑ

99 1095 183 1174 dila,
196 1095 284 1176 niue,
299 1118 412 1180 cycno,
427 1100 580 1166 rationale
595 1100 635 1166 de
649 1083 780 1166 hanina.

169 1204 228 1270 Hae
242 1206 316 1274 duee
330 1207 521 1287 divisiones,
538 1208 612 1276 licet
630 1208 734 1292 prima
752 1179 857 1275 fronte
876 1208 1046 1275 videantur
1061 1206 1226 1284 ideniicae,

100 1311 328 1393 nihilominus,
351 1333 392 1380 ex
414 1316 582 1385 communi
607 1323 752 1381 veterum
774 1315 967 1400 Logicorum
992 1333 1066 1392 usu,
1092 1314 1229 1380 diversae

101 1427 194 1488 sunt.
210 1419 294 1486 Nam
309 1441 510 1506 quamquam
525 1423 633 1489 omnis
644 1423 827 1508 praedicatio
839 1424 871 1490 in
885 1423 964 1508 quaa
976 1423 1018 1491 sit
1032 1421 1224 1498 essentialis,

101 1535 140 1591 ut
158 1535 263 1610 patet,
279 1545 344 1594 non
363 1539 473 1596 tamen
492 1530 601 1596 omnis
620 1531 803 1614 pradicatio
822 1531 855 1597 in
873 1532 965 1616 quale
979 1539 1030 1596 est
1047 1530 1228 1596 accidenta-

102 1633 159 1710 lis,
181 1635 240 1700 sed
265 1644 344 1702 sunt
369 1636 611 1720 praedicationes
637 1638 668 1703 in
687 1640 779 1723 quale
801 1638 938 1704 omnino
962 1637 1164 1706 essentiales.
1190 1637 1230 1702 Et
1260 1638 1345 1756 ‘tlt
1364 1608 1459 1689 '¹¹5⁷-

103 1741 187 1808 ratio
205 1750 273 1820 est,
293 1744 369 1826 quia
387 1763 474 1828 saepe
493 1745 666 1828 quaerenti,
692 1744 796 1829 qualis
815 1764 866 1812 res
890 1745 996 1829 aliqua
1013 1745 1056 1811 sit
1081 1753 1154 1828 apte
1179 1763 1229 1809 re·

101 1849 284 1933 spondetur
298 1869 354 1934 per
364 1851 496 1936 aliquid,
513 1853 602 1936 quod
616 1853 658 1919 ad
667 1854 737 1938 ejus
751 1851 926 1920 essentiam
941 1852 1091 1937 pertinet:
1108 1871 1230 1936 quem·
1268 1837 1273 1846 ’

102 1957 303 2034 admodum,
332 1957 359 2024 si
386 1959 460 2042 quis
491 1958 687 2039 sciscitetur,
716 1962 885 2046 qualenam
909 1960 1033 2026 animal
1056 1960 1102 2026 sit
1127 1959 1226 2037 bonu,
1265 1974 1424 2049 Mum„

102 2073 190 2130 recte
211 2083 365 2148 repones,
383 2085 456 2134 esse
475 2067 640 2137 rationale.
662 2067 757 2134 Unde
774 2069 816 2134 ad
832 2068 1096 2153 distinguendam
1113 2066 1229 2150 praedi-
1276 2074 1409 2131 aaaron

100 2173 266 2238 tationem
285 2175 491 2240 essentialem
510 2175 543 2240 in
565 2177 657 2260 quale
680 2175 720 2242 ab
742 2175 947 2251 accidentali,
970 2175 1110 2258 primam
1133 2193 1229 2242 voca·

100 2280 182 2346 bant
200 2289 326 2347 veteres
343 2281 377 2346 in
393 2284 484 2366 quale
498 2283 588 2366 quia.
608 2283 663 2348 Est
680 2301 759 2368 ergo
778 2282 962 2366 praedicatio
980 2282 1013 2347 in
1032 2285 1123 2367 quala
1136 2281 1226 2366 quid,

99 2388 167 2464 illa,
189 2388 224 2454 in
242 2407 308 2471 qua
326 2407 377 2454 res
395 2389 465 2472 ipsa
483 2389 663 2474 significata
681 2400 731 2456 est
747 2390 929 2483 essentialis
947 2389 992 2455 illi
1005 2391 1046 2454 de
1064 2408 1131 2472 quo
1149 2408 1230 2472 prae-

98 2495 238 2572 dicatur,
261 2496 381 2562 modus
398 2505 508 2562 tamen
528 2497 720 2580 praedicandi
735 2506 789 2570 ,est
808 2498 908 2564 instar
919 2496 1090 2562 molientis
1107 2505 1141 2562 et
1157 2515 1230 2561 con-

98 2604 246 2668 notatioi.
268 2603 354 2670 Talis
377 2613 428 2670 est
449 2607 628 2690 generatim
652 2606 835 2690 praedicatio
860 2605 1049 2671 differentiae
1071 2604 1231 2688 specificae

98 2713 141 2776 de
153 2711 227 2796 ipsa
238 2712 358 2795 specie.
376 2713 414 2778 Et
430 2711 476 2779 sic
493 2713 598 2779 ditiert
614 2733 633 2779 a
651 2713 878 2798 praedicatione
890 2713 923 2781 in
939 2711 1019 2799 quid
1034 2720 1067 2779 et
1078 2713 1112 2779 in
1123 2713 1228 2799 quala,

97 2828 273 2903 tamquam
300 2812 445 2885 medium
469 2820 625 2904 quiddam
644 2821 727 2887 inter
747 2830 935 2903 utramque.
956 2820 990 2886 ln
1013 2822 1067 2886 illa
1087 2822 1176 2886 enim
1198 2828 1232 2885 et

97 2928 180 2993 ratio
200 2928 381 2994 essentialis
406 2937 456 2994 est
479 2928 627 3014 subjecto
644 2938 677 2994 et
702 2930 822 2995 modus
848 2928 1053 3013 significandi
1077 2937 1127 2995 est
1148 2929 1230 2995 sub·
1272 2936 1292 2993 t
1373 2930 1379 2940 '

94 3035 281 3113 stantivus,
298 3035 331 3101 in
346 3037 406 3101 hac
421 3045 529 3102 autern
546 3045 579 3101 et
595 3036 674 3103 ratio
691 3036 872 3121 significata
889 3037 1097 3103 accidentalis
1111 3046 1177 3113 est,
1198 3046 1231 3103 et
1274 3013 1282 3034 ⁸

94 3143 222 3208 modus
250 3161 382 3227 quoque
409 3143 610 3241 significandi
638 3144 739 3211 instar
765 3144 941 3211 accidentis
969 3154 1119 3228 respectu
1151 3144 1231 3210 sub-.

88 3248 259 3339 reatu·
1074 3319 1086 3344 „

165 3357 355 3425 praedicatio
368 3359 573 3425 accidentalis
587 3358 740 3427 dividitur
762 3361 795 3426 in
818 3362 1029 3427 necessariam
1052 3368 1085 3424 et
1107 3360 1231 3427 conlin-

84 3472 229 3551 gentem.
247 3466 291 3531 Ea
315 3484 412 3551 porro
438 3467 652 3551 praedicantur
674 3469 872 3545 necessario,
894 3487 968 3552 quae
988 3469 1062 3534 licet
1077 3488 1143 3534 non
1159 3488 1232 3553 per·

88 3576 205 3641 tinent
219 3575 261 3640 ad
275 3576 449 3641 essentmm
472 3576 628 3660 subjecti,
649 3577 690 3642 ab
705 3594 743 3641 ea
762 3585 873 3645 tamen
899 3577 1085 3663 naturaliter
1107 3576 1239 3655 fluunt„
1271 3617 1276 3627 ·

87 3692 121 3749 et
133 3684 257 3749 abesse
268 3691 445 3765 nequeunt,
459 3693 496 3749 ut
506 3686 596 3767 quod
607 3686 708 3750 homo
718 3683 759 3751 sit
767 3683 911 3761 risibiles,
923 3704 1025 3769 capax
1038 3684 1227 3767 disciplina.

85 3792 131 3857 Ea
153 3809 240 3859 vero
259 3790 475 3875 praedicantur
493 3792 736 3876 contingenter,
761 3810 835 3875 quae
857 3792 903 3858 ita
925 3792 1073 3878 subjecto
1091 3810 1228 3877 compe-

83 3908 188 3977 tunt,
206 3906 246 3963 ut
259 3905 396 3983 possent
408 3898 506 3964 etiam
517 3918 584 3965 non
599 3908 802 3984 competere,
819 3908 857 3966 ut
870 3900 961 3983 quod
975 3902 1044 3966 haec
1057 3902 1169 3965 charta
1182 3898 1229 3965 sit

82 4010 185 4085 alba,
203 4006 298 4090 quod
319 4008 420 4073 homo
434 4006 477 4073 sit
496 4006 594 4073 armis
614 4008 746 4073 indutus
760 4016 822 4073 etc.
845 4008 922 4074 llaec
944 4007 1031 4074 enim
1055 4016 1088 4072 et
1111 4006 1230 4073 similia

83 4134 217 4203 negare
230 4123 329 4198 atque
343 4114 458 4180 auferri
474 4124 607 4199 possent
630 4117 671 4182 de
689 4115 854 4201 subjecto,
869 4116 950 4201 quin
969 4116 1089 4188 idcirco
1109 4116 1142 4182 in
1157 4113 1228 4182 suis

81 4222 326 4295 essentialius
340 4230 530 4309 naturaque
543 4223 770 4291 consentaneis
785 4223 871 4291 notis
884 4233 1148 4311 corrumperetur
1159 4219 1227 4312 (a).

117 4520 162 4583 (ι)
207 4509 290 4570 Vide
304 4508 381 4569 inter
399 4524 487 4581 opera
501 4507 534 4568 8.
554 4508 676 4569 Thomae
689 4506 800 4584 Opuse.
819 4508 858 4569 de
869 4507 981 4569 samm.
1001 4508 1089 4569 lotias
1108 4509 1232 4586 Lagicoe

82 4604 238 4671 Aratea,
249 4612 335 4659 tract.
355 4619 377 4667 r,
388 4617 451 4671 cap.
466 4618 491 4667 a,
508 4599 546 4657 de
560 4599 680 4671 Genera,
692 4599 723 4659 in
738 4599 819 4671 linea
835 4597 1013 4659 Conimbcic.
1028 4599 1083 4659 loc.
1097 4598 1146 4658 cit.
1158 4618 1187 4672 q.
1205 4621 1230 4658 1·

117 4700 163 4763 (a)
208 4690 277 4751 Ct'r.
288 4690 375 4749 Auct.
386 4688 497 4761 opusc.
507 4688 620 4751 Samon.
632 4691 721 4749 totius
730 4690 852 4769 Logicoe
859 4690 970 4761 Arist„
980 4702 1065 4751 nect.
1074 4708 1105 4763 4,
1114 4706 1178 4763 cap.
1188 4689 1231 4763 8.;

86 4782 240 4851 Pomm.
256 4782 328 4842 last.
343 4780 476 4851 dialect..
492 4778 541 4840 lib.
558 4799 587 4853 a,
600 4800 664 4855 cap.
681 4800 709 4839 a.
