3492 5525
497 443 502 451 ’
548 458 605 543 364
735 460 861 524 Loorcx
883 457 1133 524 MruoR-Drse.
1159 473 1202 543 3.·
1223 459 1399 546 tanqam

507 661 618 710 veram
638 643 859 712 inductionem
879 661 952 710 eam
970 650 1044 710 esse
1065 643 1179 720 docet,
1206 653 1307 731 nque
1336 653 1384 712 r.⁰
1407 646 1553 731 procedit
1569 666 1630 730 per

506 751 685 838 rejectiones
707 759 740 818 et
761 750 975 826 exclusiones,
1000 751 1070 817 sive
1094 768 1170 835 quae
1194 771 1261 824 non
1285 753 1427 820 affirmat
1445 753 1567 837 aliquid
1584 753 1630 820 de

506 859 631 943 aliquo,
652 860 712 926 nisi
738 868 914 945 postquam
938 859 1018 924 iliud
1042 859 1083 924 de
1106 860 1144 926 iis
1167 859 1341 936 omnibus,
1360 861 1395 926 in
1413 860 1535 944 quibus
1555 879 1624 928 non

505 962 683 1044 invenitur,
709 966 892 1052 negaverit,
913 966 996 1031 adeo
1019 975 1056 1032 ut
1072 972 1133 1048 per
1153 969 1315 1051 negativas
1342 976 1409 1046 tot,
1433 976 1518 1052 quot
1535 967 1630 1036 suffi-

504 1073 609 1150 ciunt,
636 1081 731 1157 super
755 1073 961 1158 affirmativas
985 1075 1176 1155 concludat;
1202 1094 1278 1157 quae
1311 1093 1377 1141 non
1405 1075 1536 1152 statim,
1565 1077 1627 1142 sed

388 1217 392 1230 ι
502 1182 683 1266 gradatim,
704 1184 767 1249 hoc
786 1187 852 1256 est,
874 1200 931 1265 per
950 1181 1112 1248 axiomata
1131 1181 1241 1248 media
1257 1183 1299 1248 ad
1319 1201 1477 1267 suprema
1492 1201 1628 1270 progre-

503 1289 601 1356 ditur.
625 1289 670 1354 Ut
687 1297 796 1354 autem
817 1288 963 1355 inductio
980 1296 1040 1372 per
1056 1290 1215 1374 nagadoas
1232 1291 1274 1356 ad
1291 1291 1495 1374 affirmtr'oas
1514 1308 1630 1374 perve-

503 1396 586 1473 niat,
607 1395 725 1480 triplex
747 1397 829 1468 ordo
853 1397 1154 1481 experimentorum
1178 1395 1400 1464 instituendus
1428 1407 1490 1463 est.
1516 1397 1628 1464 Primo

396 1545 397 1550 κ
503 1503 590 1569 enim
618 1511 746 1588 oportet
774 1506 942 1588 explorare
967 1523 1086 1571 omnes
1114 1522 1183 1581 res,
1211 1524 1285 1587 quae
1309 1505 1343 1572 in
1370 1506 1485 1570 eadem
1511 1515 1628 1572 natura

501 1619 597 1689 sunt,
617 1611 734 1677 deinde
752 1631 871 1678 omnes
891 1611 984 1688 alias,
1005 1631 1097 1695 quae,
1126 1613 1187 1678 etsi
1205 1613 1246 1678 ad
1270 1613 1340 1679 illas
1358 1612 1507 1696 proxime
1535 1631 1629 1679 acoe-

500 1719 594 1794 dant,
626 1727 737 1786 tamen
761 1720 835 1786 data
862 1729 976 1785 natura
1004 1728 1132 1802 carent3
1161 1720 1303 1804 denique
1328 1720 1418 1795 illas,
1438 1721 1472 1785 in
1502 1719 1629 1804 quibus

500 1827 615 1892 eadem
635 1836 751 1894 natura
769 1827 891 1913 magis,
911 1828 1083 1911 magisque
1096 1827 1273 1894 invenitur.
1290 1826 1408 1893 Tribus
1424 1826 1512 1894 hisce
1523 1846 1627 1911 expe-

501 1935 647 2001 rimentis
666 1935 842 2011 confectis,
863 1953 882 2000 a
901 1943 1016 2001 natura
1033 1934 1095 2011 rei,
1120 1935 1163 2000 de
1184 1953 1250 2018 qua
1269 1934 1408 2018 quaestio
1426 1943 1494 2011 est,
1514 1935 1628 2000 exclu-

439 2123 443 2132 .
499 2043 616 2109 dendae
635 2049 713 2109 sunt
730 2042 839 2126 primo
855 2043 1085 2127 proprietates,
1101 2061 1176 2126 quae
1190 2041 1223 2108 in
1238 2044 1308 2127 ipsa
1320 2062 1353 2109 re
1368 2061 1434 2108 non
1449 2028 1645 2108 moenium-⁸

373 2203 379 2215 .
499 2161 568 2232 tur;
599 2158 669 2216 tum
700 2151 776 2228 iilae,
797 2170 871 2234 quae
900 2152 932 2216 in
963 2149 1033 2216 aliis
1066 2150 1163 2216 rebus
1192 2150 1394 2216 diversarum
1433 2156 1627 2242 naturarum

454 2299 456 2304 ,
499 2267 689 2340 occurrunt;
710 2266 782 2324 tum
803 2256 944 2341 denique
955 2258 1034 2334 illae,
1056 2275 1146 2341 quae,
1162 2267 1276 2324 natura
1294 2257 1348 2323 illa
1365 2265 1548 2335 crescente,
1565 2257 1629 2323 de-

383 2400 391 2434 ;
427 2385 435 2409 ⁸
498 2374 666 2443 crescunt,
687 2375 719 2431 et
743 2364 795 2430 illa
815 2377 930 2431 natura
954 2367 1175 2442 decrescente,
1199 2375 1363 2432 crescunt.
1389 2365 1485 2430 Facta
1511 2373 1627 2432 autem

499 2475 558 2540 hac
576 2473 756 2560 rejectione,
778 2472 1008 2557 proprietates,
1025 2492 1099 2555 quae
1114 2480 1310 2556 supersunt,
1322 2472 1365 2537 illi
1385 2483 1523 2547 natura,
1541 2473 1629 2540 circa

463 2581 474 2620 ·'
499 2599 599 2664 quam
619 2581 756 2663 quaestio
775 2589 938 2656 versatur,
958 2580 1055 2648 tribui
1079 2589 1229 2664 possunt.
1251 2581 1296 2644 En
1316 2581 1507 2664 exemplum
1526 2581 1629 2646 indu-

497 2688 726 2773 ctionis,quod
736 2689 777 2754 ad
788 2686 1012 2755 definitionem
1022 2689 1137 2756 caloris
1147 2687 1378 2753 inveniendam
1389 2688 1529 2772 ipsemet
1540 2686 1628 2754 Baco

346 2874 348 2885 Ι
455 2774 464 2822 ¹·
497 2797 644 2863 adduxit.
666 2796 700 2861 Si
719 2794 794 2879 quis
814 2803 964 2861 naturam
978 2795 1089 2871 calidi,
1109 2784 1180 2881 ope'
1192 2795 1404 2873 inductionis,
1426 2796 1630 2881 investigare

497 2903 588 2981 velit,
605 2904 710 2988 primo
729 2904 892 2987 inquirere
910 2904 1008 2970 debet
1025 2901 1149 2986 species
1168 2921 1292 2978 rerum,
1312 2921 1387 2986 quae
1405 2903 1545 2969 calorem
1564 2904 1629 2969 ha-

497 3012 588 3087 bent,
600 3020 637 3076 ut
648 3011 724 3077 radii
734 3012 829 3089 solis,
847 3020 1007 3088 meteora,
1025 3011 1150 3093 aliaque
1160 3010 1366 3092 huiusmodi;
1380 3011 1526 3076 secundo
1541 3010 1628 3079 alias

497 3118 637 3203 species,
653 3138 727 3201 quae
748 3112 853 3184 calore
877 3118 1011 3202 quidem
1033 3118 1277 3195 destituuntur,
1298 3119 1357 3184 sed
1376 3136 1532 3203 magnam
1551 3116 1628 3184 affi-

498 3228 634 3294 nitatem
655 3245 731 3292 cum
751 3226 863 3311 primis
881 3226 999 3291 habere
1025 3224 1193 3306 videntur;
1214 3225 1309 3293 tertio
1327 3225 1398 3291 ilias
1416 3225 1557 3309 species,
1589 3226 1627 3293 in

497 3335 617 3418 quibus
632 3336 720 3400 calor
733 3334 903 3409 decrescit,
921 3343 976 3398 aut
990 3332 1120 3409 crescit,
1137 3331 1259 3399 scilicet
1273 3334 1361 3410 illas,
1378 3350 1453 3414 quae
1466 3333 1624 3415 porentia,

498 3452 554 3509 aut
592 3446 666 3508 actu
700 3441 803 3509 calida
840 3448 934 3524 sunt,
974 3458 1115 3524 quaeque
1153 3441 1275 3526 magis,
1317 3440 1469 3507 minusve
1503 3440 1628 3507 incale-

423 3686 444 3716 ιη
498 3547 745 3741 Μωὲῐεέἓίὶηε
769 3654 861 3722 vides
879 3654 958 3721 nihii
987 3654 1064 3721 novi
1088 3656 1197 3723 doceri
1226 3674 1245 3720 a
1272 3658 1400 3722 Bacone
1418 3655 1460 3734 de
1478 3654 1548 3740 ipsa
1572 3656 1630 3723 in-

314 3760 341 3859 ζῃ
359 3744 470 3860 :242³
499 3765 665 3832 ductionis
680 3774 795 3830 natura
808 3765 1000 3846 formaque3
1017 3764 1076 3829 sed
1095 3764 1203 3829 solum
1218 3763 1342 3830 monita
1357 3764 1510 3846 quaedam
1524 3764 1625 3840 tradi,

498 3892 573 3957 quae
593 3872 730 3939 modum
750 3872 782 3937 in
802 3870 873 3955 ipsa
885 3870 1100 3956 singularium
1116 3877 1173 3937 aut
1184 3870 1374 3939 inferiorum
1389 3870 1624 3937 observatione

498 3981 678 4047 tenendum
695 3974 922 4063 praescribunt.
935 3977 1045 4054 Quare
1064 3980 1221 4045 Remusat
1240 3997 1306 4045 non
1324 3979 1486 4046 dubitavit
1501 3978 1626 4047 scribe-

500 4108 551 4164 re,
571 4088 694 4153 nullam
704 4104 768 4153 esse
781 4086 994 4152 inductionem
1011 4086 1226 4153 Baconianam
1242 4083 1308 4173 (2).

502 4298 755 4314 μ

533 4392 575 4463 (ι)
610 4392 651 4449 lta
666 4390 872 4459 Sanseveriuo,
889 4390 947 4462 Op.
963 4403 992 4447 et
1005 4390 1059 4447 loc.
1074 4389 1122 4448 cit.
1138 4411 1174 4448 ex
1186 4390 1308 4457 Bucone,
1325 4391 1403 4449 Non.
1420 4390 1536 4469 Organ.
1551 4403 1574 4451 t.
1597 4416 1625 4467 r,

499 4482 549 4541 lib.
568 4503 591 4539 1.
607 4482 685 4553 nph.
701 4480 766 4550 CV,
783 4480 861 4553 Opp.
877 4493 900 4538 t.
916 4500 943 4548 a,
963 4500 1030 4552 pag.
1056 4499 1105 4538 102
1126 4480 1464 4553 et103,Amotelodarni
1488 4484 1571 4555 1674,
1593 4500 1627 4544 et

498 4572 549 4631 lib.
565 4591 591 4630 2.
607 4571 684 4643 Aph.
701 4570 815 4629 Xl-XX
830 4590 897 4643 pag.
916 4587 1049 4642 145-192.

535 4666 575 4728 (2)
611 4662 711 4719 Boron
725 4674 779 4717 etc.
796 4659 845 4719 lib.
863 4682 887 4731 3,
903 4680 967 4731 cap.
985 4681 999 4732 3
1015 4678 1132 4731 paragr.
1147 4678 1171 4728 r,
1187 4678 1254 4731 pag.
1272 4677 1334 4732 315,
1352 4672 1414 4719 not.
1431 4673 1473 4717 a·
1487 4659 1548 4721 Csr.
1565 4662 1626 4723 Es·

500 4752 561 4810 aare
575 4748 612 4809 de
625 4750 652 4808 ia
666 4750 781 4809 Pteros.
797 4749 863 4809 Ess.
881 4748 935 4818 Vl,
950 4767 1067 4821 paragr.
1082 4768 1110 4820 a,
1126 4768 1153 4821 3,
1169 4768 1237 4821 pag.
1253 4767 1308 4822 259
1319 4766 1403 4823 seqq.
