3492 5525
200 458 315 522 Anno.
335 471 392 522 nu
406 458 600 521 Drsrrncrro
613 475 655 519 er
667 475 894 523 snecrnrcnrro
907 474 1091 522 screu'nnn.
1114 456 1176 539 qbq

87 645 182 721 patet
195 656 236 703 ex
248 619 417 703 communi
432 654 531 703 sensu
547 645 695 703 veterum
708 637 989 719 recentiorumque
1002 634 1216 719 Philosopho-

88 764 165 811 rum
185 762 365 820 consensu,
385 753 418 810 et
435 742 596 811 constanti
615 744 705 828 praxi
721 742 884 811 dividendi
899 743 1050 811 scientias
1064 744 1096 809 in
1109 745 1214 813 varias

87 852 228 936 species.
249 851 284 918 Si
302 853 375 935 quis
394 861 506 918 autem
524 851 737 917 Mirandulani
762 850 951 935 opinionem
976 853 1047 918 tuse
1066 854 1215 919 confuta-

87 972 159 1024 tam
179 959 289 1025 videre
312 960 406 1035 velit,
436 959 530 1024 adeat
555 959 717 1025 Eximium
745 958 918 1026 Ductorem
945 956 1009 1047 (r).
1039 959 1107 1026 lloc
1135 979 1213 1047 ergo

88 1066 279 1151 supposito,
299 1066 529 1150 inquirendum
545 1078 615 1142 est,
637 1067 803 1132 undenam
823 1076 951 1151 petatur
977 1067 1140 1133 distinctio
1166 1068 1214 1133 di·

88 1192 258 1240 versarum
274 1174 493 1241 scientiarum.
514 1174 551 1240 Et
566 1173 704 1258 quaestio
724 1183 918 1269 potestesse
936 1187 1008 1243 tum
1029 1175 1070 1241 de
1084 1176 1212 1242 actuali

87 1290 163 1347 tum
183 1283 223 1348 de
242 1282 396 1348 habituali
410 1283 560 1360 scientia,
576 1291 648 1348 tum
664 1282 705 1347 de
719 1281 841 1365 partiali
859 1292 932 1347 tum
948 1283 989 1347 de
1007 1281 1110 1349 totali.

476 1564 778 1678 narremus
801 1564 831 1637 1.

204 1734 275 1796 De
297 1732 585 1797 distinetione
608 1736 746 1811 atque
771 1734 1104 1812 specificatione

500 1860 808 1963 scientiarum.

136 2040 215 2103 282.
264 2036 434 2104 Distinctio
453 2045 561 2121 potest
580 2054 652 2102 esse
671 2036 854 2113 numerica,
875 2047 907 2104 et
926 2036 1074 2121 specifica
1092 2038 1143 2102 vel
1157 2056 1215 2122 ge-
1240 2035 1290 2082 Nu
1302 2044 1416 2119 ⁰⁸t⁸⁰f¹¹²⁰

91 2144 209 2212 nerica.
230 2144 361 2211 Etcum
380 2163 491 2211 sermo
509 2152 560 2209 est
577 2144 618 2208 de
633 2143 788 2229 principio
806 2163 843 2209 ac
863 2143 967 2209 radice
995 2142 1213 2210 distinctionis
1254 2108 1402 2225 ἶζζξξᾞζζ

90 2254 122 2318 in
142 2251 301 2328 scientiis,
322 2252 429 2338 agitur
447 2251 607 2336 praecipue
626 2252 667 2317 de
686 2250 841 2335 principio
868 2250 1084 2317 distinctionis
1111 2252 1214 2337 speci·
1255 2252 1401 2297 arnnenne.

90 2361 161 2425 fica
181 2379 240 2427 seu
258 2360 299 2424 de
316 2355 554 2444 specificatione.
574 2359 657 2425 Nam
682 2366 811 2425 constat
826 2359 867 2424 ad
887 2357 1129 2426 distinctionem
1155 2378 1215 2425 nu-

90 2467 243 2533 mericam
259 2466 413 2543 scientiae,
435 2466 503 2532 sive
522 2467 656 2533 actualis
674 2466 743 2533 sive
762 2466 945 2544 habitualis,
962 2466 1045 2532 intra
1063 2466 1213 2535 eamdem

90 2574 250 2660 speciem,
279 2573 429 2641 sufficere
456 2574 676 2640 diversitatem
699 2574 947 2658 subjectorum
977 2584 1009 2641 et
1037 2574 1070 2639 in
1097 2574 1212 2640 eodem

90 2685 187 2750 etiarn
207 2683 353 2769 subjecto
371 2691 464 2748 actus
484 2681 649 2748 numerice
664 2683 772 2749 solum
790 2682 933 2749 distincti
950 2680 1057 2747 haberi
1076 2691 1214 2768 possunt

89 2791 223 2858 diversis
241 2790 457 2875 temporibus.

157 2897 350 2982 Principium
371 2917 469 2982 porro
488 2897 705 2964 distinctionis
727 2897 886 2983 specificae
910 2897 1015 2964 vocari
1040 2900 1124 2966 solet
1147 2906 1215 2982 spe-
1280 2897 1341 2954 (Μ
1355 2906 1375 2943 ²¹
1408 2967 1413 2978 ,

88 3006 294 3092 efficatiam,
314 3005 503 3072 constitutio
531 3013 640 3070 autem
665 3006 782 3089 speciei
810 3005 1007 3094 spumantia.
1029 3007 1067 3072 Et
1090 3007 1213 3092 duplex
1228 2969 1430 3094 “wssffffssssssfmf

89 3133 161 3180 esse
180 3124 288 3199 potest
306 3112 501 3198 specificatio
519 3121 552 3176 et
570 3112 843 3196 specificativum,
863 3111 1076 3180 intrinsecum
1102 3123 1135 3179 et
1159 3134 1215 3180 ex-

89 3219 285 3289 trinsecum:
302 3219 512 3286 intrinsecum
533 3228 582 3285 est
600 3219 692 3295 illud,
711 3221 797 3285 unde
815 3220 987 3288 intrinsece
1006 3221 1214 3288 constituitur

88 3331 215 3416 species
235 3330 286 3395 vel
305 3327 445 3394 essentia
465 3327 525 3403 rei,
546 3347 583 3393 ac
603 3327 739 3410 proinde
758 3326 913 3413 principia
939 3347 1006 3394 rem
1030 3328 1213 3412 quamlibet

89 3436 320 3512 constituentia
338 3445 417 3502 sunt
435 3433 691 3520 specificativum
712 3433 924 3501 intrinsecum
943 3437 1110 3522 ejusdem,
1136 3446 1213 3522 puta

90 3545 223 3611 materia
235 3553 268 3610 et
286 3545 389 3609 iorma
409 3543 441 3608 in
460 3542 666 3626 corporibus,
685 3552 717 3610 et
735 3561 841 3628 genus
858 3562 896 3608 ac
914 3543 1095 3610 differentia
1114 3565 1214 3630 gene·

89 3653 184 3718 ratim
208 3653 241 3718 in
265 3651 431 3717 omnibus.
458 3648 721 3735 Specisrcativum
744 3659 916 3716 externum
937 3659 987 3716 est
1014 3651 1147 3736 aliquid,
1169 3654 1209 3719 ad

88 3761 178 3844 quod
206 3778 257 3825 res
283 3768 406 3824 certam
435 3765 550 3841 suapte
578 3766 695 3823 natura
722 3759 877 3842 importat
904 3759 1148 3843 proportionem
1179 3771 1212 3827 et

87 3867 327 3951 coaptationem
346 3885 383 3933 ac
401 3864 779 3941 commensurationem,
800 3865 844 3931 ita
862 3875 899 3932 ut
918 3885 976 3952 per
1001 3867 1148 3933 ordinem
1169 3870 1210 3934 ad

88 3975 165 4041 illud
183 3975 227 4041 rei
247 3975 402 4059 perfectio
427 3972 577 4039 declarari
603 3974 719 4057 possit.
741 3974 848 4050 Qrare
872 3991 938 4040 non
963 3983 1032 4039 tam
1059 3983 1110 4041 est
1132 3993 1213 4042 con·

87 4082 291 4158 stitutivum,
325 4099 426 4165 quam
458 4081 608 4165 signum,
642 4081 730 4146 unde
761 4081 903 4165 speciem
937 4083 982 4148 rei
1011 4101 1211 4167 cognoscere

87 4193 270 4267 valeamus,
291 4198 324 4255 et
342 4189 539 4257 considerari
559 4188 768 4274 potissimum
788 4191 871 4256 solet
890 4190 922 4256 in
942 4190 980 4256 iis
999 4189 1113 4267 rebus,
1135 4208 1210 4276 quae

122 4480 161 4542 (1)
197 4475 281 4548 Disp.
306 4497 330 4533 r.
355 4475 499 4551 Merope,
521 4486 591 4533 sect.
616 4495 643 4536 a.
666 4494 697 4533 n.
722 4494 749 4533 a.
772 4494 853 4547 seqq.
883 4474 945 4534 Cir.
974 4473 1152 4536 Conimbric.
1178 4475 1210 4536 in

86 4567 349 4639 Preoem.Pltysic.,
365 4585 394 4637 q.
414 4588 438 4635 ι,
453 4587 480 4624 a.
497 4585 524 4634 23
541 4563 691 4623 Benedict.
708 4564 835 4634 pereira,
852 4566 896 4623 De
911 4564 1069 4625 Commum.
1085 4567 1209 4624 ornnium

85 4681 140 4717 rer.
151 4665 247 4714 natur.
258 4657 393 4729 Princrp.
405 4656 456 4712 lib.
469 4677 492 4725 ι,
503 4674 567 4727 cap.
577 4655 606 4724 83
617 4654 719 4713 cosm.
730 4655 895 4725 Alamanni,
907 4655 1016 4714 Summ.
1028 4656 1209 4732 Philosoph.‚

88 4746 177 4806 Prim.
193 4759 267 4819 part.
284 4765 313 4817 q.
329 4767 374 4819 32,
389 4767 416 4804 n.
437 4767 460 4803 r.
