3492 5525
546 428 585 491 4²
957 412 1183 479 lnrnouucrro

331 609 468 657 incunabula
510 596 553 662 rei
565 596 668 663 sancti
687 596 731 662 illi
746 595 904 663 Doctoies
920 599 1081 663 «formam
1096 599 1317 682 quamdam...
1333 612 1366 669 et
1381 620 1482 686 prope
1494 602 1634 687 figuram

320 685 473 813 pffissflss·
509 714 697 789 agnoscunt,
708 706 740 773 in
756 704 968 771 Hebraeorum
980 706 1083 782 iacto,
1097 707 1153 789 qui
1168 704 1320 793 AEgypto
1334 709 1517 785 excessuri,
1531 709 1635 775 deler-

509 830 542 877 re
562 829 675 877 secum
697 813 780 897 jussi
800 820 880 877 sunt
899 819 1052 896 argentea
1067 823 1166 895 atque
1185 832 1283 879 aurea
1301 814 1540 903 AEgyptiorum
1558 832 1635 881 vasa

507 936 584 985 cum
595 918 740 986 vestibus
751 918 913 1003 pretiosis,
926 920 1104 997 utscilicet,
1119 929 1245 987 mutato
1256 932 1391 1006 repente
1400 942 1475 997 usu,
1489 922 1634 1008 religioni

508 1028 575 1091 veri
589 1028 740 1093 Numinis
755 1046 792 1092 ea
806 1027 956 1111 supellex
974 1025 1188 1103 dedicaretur,
1206 1047 1281 1111 quae
1300 1030 1390 1113 prius
1404 1030 1635 1115 ignominiosis

509 1134 622 1201 ritibus
659 1146 690 1201 et
736 1133 962 1218 superstitioni
999 1134 1201 1202 inservierat.
1243 1135 1421 1223 Gregorius
1463 1140 1636 1205 Neocaesa-

508 1244 622 1309 riensis
650 1238 701 1329 (1)
733 1243 842 1309 laudat
871 1240 1050 1325 Origenem
1079 1242 1141 1307 boc
1169 1245 1320 1319 nomine,
1349 1247 1440 1328 quod
1473 1246 1564 1328 plura
1594 1263 1636 1309 ex

509 1352 714 1417 ethnicorum
731 1350 854 1434 placitis
875 1350 1043 1435 ingeniose
1058 1353 1228 1435 decerpta,
1245 1353 1339 1435 quasi
1355 1361 1465 1437 erepta
1485 1353 1636 1419 hostibus

508 1460 589 1535 tela,
603 1460 636 1524 in
653 1456 870 1543 patrocinium
895 1457 1079 1526 christianae
1102 1461 1270 1543 sapientiae
1286 1474 1317 1541 et
1331 1461 1506 1545 perniciem
1522 1479 1637 1544 super·

509 1567 650 1633 stitionis
670 1550 825 1651 singulari
850 1565 1043 1631 dexteritate
1065 1566 1240 1632 retorserit.
1262 1568 1300 1631 Et
1319 1586 1429 1652 parem
1450 1567 1637 1650 disputandi

509 1693 636 1740 morem
653 1692 730 1739 cum
746 1672 925 1757 Gregorius
938 1673 1163 1740 Nazianzenus
1182 1670 1247 1761 (a),
1264 1684 1336 1741 turn
1354 1674 1534 1760 Gregorius
1552 1674 1638 1759 Nys-

392 1864 397 1879 .
508 1800 610 1849 senus
623 1778 674 1869 (3)
689 1781 721 1847 in
737 1779 851 1846 Basilio
867 1782 989 1865 Magno
1002 1789 1034 1845 et
1049 1780 1182 1860 laudant
1197 1791 1229 1847 et
1243 1782 1399 1865 probant3
1413 1782 1637 1868 Hieronymus

510 1909 590 1955 vero
605 1906 805 1972 magnopere
816 1888 1035 1953 commendat
1056 1889 1087 1953 in
1108 1886 1276 1963 Quadrato
1291 1891 1527 1973 Apostolorum
1541 1888 1637 1954 disci-

510 1998 605 2081 pulo,
620 1998 652 2062 in
668 1995 825 2071 Aristide,
842 1996 875 2059 in
886 1996 1029 2076 lustino,
1045 1996 1077 2061 in
1094 1994 1221 2071 lreneo,
1236 1995 1373 2080 aliisque
1386 1994 1583 2083 permultis(
1609 1994 1636 2083 ).

508 2102 715 2198 Augustinus
734 2110 845 2167 autem
856 2098 919 2188 (5),
936 2104 1048 2171 Nonne
1064 2102 1249 2184 aspr'cr'mus,
1268 2104 1393 2186 inquit,
1421 2108 1539 2188 quanio
1557 2122 1640 2168 auro

506 2216 539 2277 et
548 2214 679 2294 argento
699 2214 731 2275 et
747 2213 830 2275 veste
847 2210 1072 2291 suffarcinatus
1085 2209 1203 2275 exierit
1218 2213 1257 2275 de
1278 2213 1421 2294 AEgypio
1441 2210 1636 2293 Cyprianus,

506 2320 614 2383 doctor
638 2317 845 2383 suavissimus
867 2319 901 2381 et
918 2320 1042 2397 martyr
1065 2307 1283 2383 beatissimus?
1304 2322 1420 2402 quanto
1440 2318 1640 2389 lactantius?
1671 2382 1674 2389 .

507 2430 623 2511 quanto
656 2424 875 2501 Victorianus,
901 2424 1051 2506 Optatus,
1078 2426 1247 2491 Hilarius?
1274 2432 1311 2491 ut
1334 2430 1374 2491 de
1396 2427 1478 2491 oivr's
1504 2430 1636 2503 taceam,

379 2620 383 2627 Ι
507 2539 623 2619 quanto
637 2534 880 2601 innumerabiles
896 2533 1026 2599 Greci?
1044 2530 1107 2620 (6).

577 2643 733 2709 Videlicet
749 2641 868 2725 «primi
886 2640 1036 2716 Ecclesiae
1050 2642 1160 2707 Patres
1178 2650 1211 2705 et
1226 2639 1401 2717 Doctores,
1418 2642 1475 2724 qui
1494 2640 1573 2706 satis
1590 2640 1641 2705 in-

508 2752 699 2818 tellexerant
720 2771 760 2818 ex
775 2749 894 2814 divinae
909 2748 1087 2815 voluntatis
1103 2749 1257 2828 consilio,
1275 2748 1498 2816 restitutorem
1518 2751 1641 2814 huma-

509 2877 559 2926 nae
588 2860 685 2926 etiam
705 2858 847 2926 scientiae
868 2875 939 2922 esse
966 2856 1149 2950 Christum,
1173 2858 1230 2940 qui
1245 2857 1302 2922 Dei
1322 2860 1426 2924 virtus
1445 2867 1495 2923 est
1511 2856 1641 2941 Deique

508 2966 666 3051 sapientia
694 2963 764 3052 (7),
781 2975 814 3031 et
841 2962 876 3028 in
899 2981 967 3046 quo
992 2973 1071 3030 sunt
1084 2954 1215 3042 lomnes
1236 2965 1380 3031 thesauri
1408 2963 1578 3048 sapientiae
1605 2977 1642 3032 et

509 3073 653 3142 scientiae
672 3073 853 3140 absconditi
868 3068 933 3158 (8),
950 3080 1101 3137 veterum
1121 3071 1308 3153 sapientum
1320 3073 1421 3138 libros
1435 3071 1644 3157 investigan-

509 3185 582 3259 dos,
604 3200 785 3264 eorumque
806 3179 985 3246 sententias
999 3199 1075 3274 curn
1090 3180 1239 3246 revelatis
1253 3179 1409 3247 doctrinis
1422 3181 1642 3247 conterendas

509 3308 700 3373 suscepere:
719 3288 938 3372 prudentique
952 3286 1098 3362 delectu,
1120 3305 1195 3369 quae
1214 3287 1246 3352 in
1267 3289 1329 3354 illis
1349 3307 1425 3353 vere
1439 3289 1525 3353 dicta
1539 3297 1573 3352 et
1587 3307 1643 3352 sa-

511 3398 637 3482 pienter
654 3394 795 3482 cogitata
815 3402 1038 3469 occurrerent,
1060 3395 1202 3478 amplexi
1222 3403 1316 3471 sunt,
1341 3397 1466 3461 caeteris
1480 3395 1642 3461 omnibus

510 3506 562 3570 vel
581 3503 818 3578 emmendatis‚
836 3503 887 3565 vel
905 3503 1040 3586 rejectis.
1058 3501 1141 3565 Nam
1159 3501 1409 3586 providissimus
1429 3501 1537 3578 Deus,
1554 3503 1642 3570 sicut

511 3614 551 3679 ad
566 3611 715 3678 Ecclesiae
729 3610 953 3676 defensionem
970 3618 1131 3694 martyres
1144 3609 1359 3686 fortissimos,
1378 3610 1642 3694 magnaeanimae

511 3719 797 3805 prodigoS,contra
807 3715 1192 3803 tyrannorumsaevitiem
1203 3716 1423 3794 excitavit,ita
1434 3716 1643 3801 philosophis

547 3991 587 4054 (1)
625 3983 928 4056 Orat.panoegyr.ad
943 3981 1032 4057 Orig.

547 4077 589 4145 (a)
629 4073 800 4146 Vit.Moys.

548 4173 589 4235 (3)
626 4163 844 4230 Carm.rlarn.
863 4181 892 4230 3.

547 4257 588 4328 (4)
624 4254 718 4328 Epist.
736 4252 894 4327 erilinga.

548 4349 589 4414 (ς)
627 4347 671 4402 De
686 4343 791 4400 Doctrr'
801 4342 902 4398 christ.
917 4342 966 4398 lib.
983 4361 1014 4410 2,
1027 4361 1089 4412 cap.
1103 4361 1150 4412 40.

548 4435 589 4502 (6)
627 4432 727 4491 SSmi.
758 4430 876 4488 Domini
905 4431 1004 4490 Nostri
1032 4431 1139 4488 Leonis
1165 4430 1233 4488 xlll
1258 4429 1352 4502 Epist.
1379 4431 1498 4504 Encycl.
1522 4433 1654 4490 AEremi

516 4526 631 4583 Patris.

548 4619 589 4687 (7)
628 4612 907 4682 lCor.c.t.v.24.

550 4706 591 4775 (8)
627 4701 961 4771 Coloaa.cap.a,v.3.
