3492 5525
385 473 459 556 511.
476 474 527 539 Da
543 474 777 553 Prntosorrnm
791 474 997 539 Panrrnonr:
1162 458 1216 556 '9

133 676 215 741 pum
238 656 432 742 amplificat;
458 667 621 742 quatenus
641 656 806 747 principiis
830 658 980 725 revelatis
998 658 1189 743 adjunctus,
1206 658 1255 725 in·
1281 685 1283 688 ·
1323 645 1328 670 ¹

132 764 279 831 numeris
296 764 496 831 illationibus
511 764 635 831 aditum
653 763 799 854 reserat»
819 762 832 853 (
857 763 883 851 ).

378 941 396 1033 5
419 942 549 1010 ll.-Dr
568 944 790 1010 Pnnosorntffi
810 958 1008 1013 rnnnnovr.

179 1106 210 1173 5.
259 1086 429 1172 Duplicem
452 1106 676 1171 proponemus
700 1087 915 1173 Philosophiae
939 1087 1152 1168 divisionem
1176 1089 1255 1153 alte·
1295 1065 1442 1156 Phlaouia

129 1212 308 1278 ram,quae
321 1195 443 1260 Platoni
454 1196 556 1280 vulgo
568 1196 720 1261 tribuitur
731 1204 805 1280 post
818 1196 1009 1261 Ciceronem
1024 1192 1252 1282 (2);alteranr,
1286 1170 1461 1296 ‘'uffifff'ffiffl

127 1322 206 1385 quae
237 1302 510 1381 communissima
539 1311 667 1386 recepta
690 1303 751 1368 tuit
778 1304 863 1369 inter
891 1302 1121 1368 Scholasticos.
1147 1302 1254 1367 Prima

127 1408 293 1477 distribuit
321 1408 563 1495 Philosophiam
596 1409 629 1475 in
657 1412 789 1487 realem,
814 1411 1000 1475 ratrbnalem
1030 1413 1063 1475 ct
1089 1407 1251 1475 moralem.

129 1516 260 1583 ‹rRealis
282 1525 333 1583 est
347 1534 422 1599 quae
447 1516 513 1603 agit
534 1516 575 1581 de
595 1526 670 1582 ente
692 1519 784 1594 reali,
813 1518 876 1582 hoc
894 1528 945 1583 est
963 1515 1004 1582 de
1020 1517 1117 1583 rebus
1137 1536 1254 1584 secun·

125 1624 211 1691 dum
239 1642 275 1689 se
306 1632 340 1689 et
366 1625 549 1691 secundum
583 1624 754 1709 praedicata
783 1642 858 1708 quae
889 1625 986 1690 rebus
1012 1626 1254 1690 conveniunto

127 1740 223 1815 parte
246 1732 290 1797 rei
324 1740 357 1797 et
390 1733 523 1798 nemine
554 1732 731 1817 cogitante.
764 1730 989 1798 subdividitur
1020 1733 1053 1797 in
1075 1732 1253 1813 Pbysicam,

123 1858 186 1905 seu
213 1841 394 1906 naturalem
411 1838 669 1924 Philosophiam,
693 1838 944 1905 Mathematicam
961 1842 992 1905 et
1007 1838 1253 1921 Metapbisr‘cam.

123 1946 267 2033 Physica
281 1946 346 2032 agit
367 1947 408 2012 de
428 1956 504 2013 ente
528 1955 565 2013 ut
589 1946 743 2023 naturali,
772 1948 834 2013 hoc
859 1957 909 2012 est
930 1945 1123 2013 sensibiliter
1142 1946 1254 2011 mobili

122 2062 157 2119 et
174 2054 337 2119 mutabili.
356 2054 586 2121 Mathematica
610 2054 677 2140 agit
702 2056 742 2119 de
762 2063 837 2120 ente
857 2066 895 2121 ut
919 2065 1068 2122 extenso.
1096 2055 1256 2138 Metaphi·

119 2162 190 2226 sica
209 2160 277 2245 agit
296 2160 337 2227 de
359 2174 434 2227 ente
459 2172 496 2228 ut
521 2161 723 2228 immateriali
745 2163 885 2246 positive
908 2163 958 2228 vel
981 2162 1161 2246 praecisive,
1190 2162 1251 2227 hoc

120 2279 174 2333 est
194 2268 237 2333 de
252 2269 348 2334 rebus
361 2270 546 2336 carentibus
562 2268 696 2335 materia
712 2289 746 2335 ac
762 2272 802 2335 de
818 2268 996 2335 rationibus
1017 2268 1251 2335 communibus

119 2374 191 2441 erni
208 2375 363 2441 materiali
379 2385 412 2442 et
426 2376 651 2453 immateriali,
668 2378 852 2464 cujusmodi
876 2393 955 2444 sunt
979 2375 1060 2443 ratio
1083 2376 1163 2442 entis
1180 2376 1253 2442 sub-

117 2482 350 2549 stantiaeetc.»
368 2482 431 2572 (3).

192 2589 427 2675 «Philosophia
447 2592 610 2660 rationalis
625 2602 692 2670 est,
708 2612 783 2677 quae
798 2594 864 2678 agit
879 2592 920 2657 de
935 2602 1010 2659 ente
1025 2591 1173 2668 rationis,
1189 2592 1251 2657 hoc

118 2708 172 2764 est
187 2698 230 2764 de
246 2698 343 2766 rebus
358 2700 455 2766 relate
470 2700 511 2766 ad
526 2710 616 2768 actus
637 2700 770 2767 rationis
789 2711 820 2768 et
836 2701 876 2766 ad
895 2719 1009 2767 eorum
1024 2700 1135 2785 signa,
1155 2719 1192 2765 ac
1210 2700 1251 2766 de
1304 2709 1308 2719 '

117 2807 203 2890 ipsis
218 2805 344 2874 actibus
360 2808 492 2875 rationis
506 2817 539 2874 et
554 2828 668 2875 eorum
688 2809 816 2894 signis»
840 2806 914 2896 (4).
936 2809 1012 2873 liaec
1035 2817 1170 2873 vocatur
1187 2807 1250 2872 alio

117 2915 262 2981 nomine
278 2915 407 3000 Logica,
426 2917 501 3000 qula
516 2907 643 2984 disserit
657 2919 698 2982 de
713 2915 839 2983 actibus
851 2916 999 2992 rationis,
1017 2925 1114 3000 prout
1128 2915 1169 2981 ad
1183 2929 1251 2994 veri

116 3023 364 3088 assecutionem
392 3023 586 3109 dirigendis,
613 3035 710 3109 prout
734 3042 812 3089 mox
835 3022 1065 3100 declarabitur,
1095 3041 1131 3088 ac
1154 3023 1250 3089 docet

116 3131 264 3196 modum
280 3141 365 3197 recte
380 3130 574 3210 deliniendi,
591 3131 772 3208 dividendi,
788 3131 1040 3217 argumentandi
1054 3142 1118 3198 etc.

189 3235 427 3322 «Philosophia
442 3239 572 3307 moralis
586 3249 636 3306 est
654 3259 729 3323 quae
743 3239 810 3324 agit
824 3239 865 3304 tle
879 3248 955 3304 ente
971 3239 1100 3314 morali,
1117 3239 1179 3304 hoc
1200 3248 1250 3304 est

113 3345 278 3411 derebus
302 3348 400 3412 relate
414 3347 456 3412 ad
470 3357 562 3414 actus
582 3347 738 3424 morales,
763 3367 800 3412 ac
822 3346 863 3411 de
882 3346 961 3431 ipsis
980 3345 1106 3413 actibus
1120 3347 1249 3412 morali-

114 3453 203 3528 bus,
224 3472 262 3518 ac
279 3452 377 3519 docet
392 3456 529 3521 modum
546 3463 633 3521 recte
647 3453 790 3520 vivendi.
807 3454 893 3519 Sunt
912 3464 1023 3520 autem
1043 3463 1133 3520 actus
1146 3472 1250 3518 mora-

112 3563 182 3638 les,
202 3579 261 3644 per
274 3579 363 3644 quos
380 3563 483 3628 homo
496 3561 636 3628 efficitur
653 3560 841 3648 simpliciter
855 3563 963 3628 bonus
981 3564 1032 3628 vel
1047 3562 1171 3637 malus,
1188 3562 1249 3625 hoc

113 3677 168 3734 est
200 3678 298 3752 aptus
334 3669 386 3734 vel
425 3671 557 3753 ineptus
593 3670 634 3735 ad
661 3671 931 3754 consequendum
967 3687 1065 3735 suum
1093 3666 1247 3734 ultimum

112 3775 254 3842 finem»
273 3771 337 3863 (5).

187 3883 282 3948 Alter
297 3881 418 3949 modus
430 3881 599 3952 divisionis
613 3892 680 3958 est,
705 3895 743 3951 ut
758 3885 845 3970 prius
868 3883 1030 3950 dividatur
1042 3884 1076 3950 in
1100 3883 1247 3949 Philoso·
1323 3871 1360 3944 ι’

112 3989 234 4075 phiam
259 3991 483 4072 speculativam
507 4002 539 4059 et
553 3993 738 4075 practicam.
755 3991 792 4057 Et
814 3991 1013 4076 speculativa
1031 3990 1248 4058 subdividitur

149 4243 196 4306 (ι)
234 4237 414 4312 Liberatore,
435 4241 639 4300 institutiones
655 4242 865 4316 philosophicae
885 4241 945 4300 vol.
973 4261 997 4298 r.
1025 4241 1245 4319 Prolegomena

110 4349 235 4403 paragr.
255 4349 284 4388 a.
301 4331 500 4405 Philosophiae
510 4331 628 4390 utilitas
643 4341 670 4390 et
680 4332 866 4398 excellentia,
880 4351 909 4390 n.
926 4331 965 4388 V.

147 4423 194 4486 (a)
231 4419 347 4481 Cicero.
362 4422 531 4478 Academia.
546 4421 595 4480 lib.
615 4435 639 4479 ι’.
656 4441 686 4480 n.
701 4421 729 4479 6.

148 4509 194 4582 (3)
234 4489 364 4581 Sylvesst.
382 4509 476 4570 Maur.
490 4513 616 4570 Aristot.
633 4511 734 4588 Opera
749 4513 846 4570 omnia
857 4525 913 4570 etc.
928 4512 986 4570 vol.
1009 4532 1034 4569 1.
1049 4513 1172 4570 Prooem.
1192 4520 1244 4570 tat.

112 4607 196 4673 oper.
214 4605 260 4656 n.·
276 4619 306 4656 2.

148 4693 193 4761 (4)
233 4687 274 4746 ld.
290 4687 362 4747 ibid.
378 4709 410 4748 n.
426 4709 453 4746 a.
551 4709 556 4716 ·

150 4783 195 4849 (ς)
235 4775 277 4836 id.
295 4777 365 4838 ibid.
382 4798 412 4836 n.
429 4799 457 4852 4.
