3492 5525
531 381 608 467 1136
635 382 761 449 Loorcn
781 384 1010 459 Maron-Lan.
1034 398 1099 468 au·¹
1114 384 1205 450 urse.
1227 385 1274 448 6.·
1293 386 1371 451 Cae.
1394 398 1467 449 ψ

488 566 591 644 inre,
612 568 670 635 sed
689 576 726 635 ut
740 577 819 637 sunt
836 568 996 655 cognitae;
1017 587 1125 654 neque
1144 567 1232 635 enim
1245 568 1409 637 invenitur
1422 569 1456 635 in
1478 587 1512 633 re
1531 567 1614 633 rela·
1726 551 1728 592 ³

487 673 534 741 tio
545 675 671 759 generis
688 685 744 743 aut
757 676 894 759 speciei»
913 687 976 745 etc.
1726 729 1728 758 ,

555 781 680 861 «Quod
698 802 775 851 vero
794 786 946 853 accrescit
959 784 1039 869 ipsis
1052 784 1178 853 actibus
1196 784 1378 851 intellectus
1397 792 1434 850 ut
1452 782 1614 849 ordinatis
1726 763 1728 824 7

477 908 545 975 per
562 890 730 977 Logicam,
757 910 823 959 non
847 900 957 977 potest
978 910 1051 960 esse
1069 892 1174 969 allud,
1194 910 1294 977 quarn
1314 893 1408 959 realis
1425 891 1611 967 tendentia,

487 998 539 1065 vel
558 998 639 1065 ordo
656 999 699 1065 ad
716 998 842 1085 objecta
859 998 994 1087 cognita
1010 1009 1044 1067 et
1066 1000 1213 1068 ordinata
1236 1019 1295 1085 per
1311 999 1511 1067 intentiones
1530 998 1611 1083 logi,

486 1122 559 1187 cas;
577 1124 653 1171 nam
669 1106 830 1191 quidquid
844 1107 933 1173 aliud
945 1108 977 1174 in
989 1116 1151 1193 conceptu
1166 1114 1318 1192 ponatur,
1332 1116 1449 1191 praeter
1460 1106 1612 1173 ordinem
1726 1123 1728 1180 :

487 1210 588 1279 istum
617 1213 658 1280 ad
686 1214 813 1299 objecta
838 1213 884 1279 sic
911 1215 1075 1291 ordinata,
1102 1233 1168 1281 non
1187 1222 1237 1281 est
1255 1213 1377 1298 aliquid
1396 1214 1493 1278 reale.
1514 1212 1554 1277 Et
1570 1232 1632 1277 ex·

488 1320 549 1411 hoc
569 1321 612 1386 illi
638 1330 817 1405 conceptus
836 1330 869 1387 et
887 1331 980 1389 actus
1004 1324 1156 1389 dicuntur
1178 1323 1316 1388 ordinati
1335 1341 1353 1385 a
1378 1322 1511 1405 logica,
1534 1320 1612 1404 quia

364 1419 371 1441 '
488 1437 636 1493 versatur
653 1429 736 1495 circa
755 1430 881 1515 obJecta
906 1430 1057 1515 cognita,
1078 1448 1152 1513 quae
1171 1430 1218 1495 sic
1237 1430 1502 1510 ordinatasunt3
1526 1429 1612 1494 sicut

487 1546 665 1622 conceptus
685 1555 752 1602 non
771 1537 889 1603 dicitur
904 1556 1004 1623 genus
1023 1546 1078 1603 aut
1095 1538 1226 1620 species,
1250 1544 1307 1603 aut
1326 1537 1533 1619 productum
1553 1546 1613 1600 aut

486 1643 671 1730 subjectum,
694 1644 754 1709 nisi
774 1645 851 1729 quia
869 1645 1088 1731 attingitrem‚
1110 1664 1184 1729 quae
1201 1653 1252 1710 est
1268 1662 1393 1731 genus,
1413 1646 1465 1709 vel
1484 1644 1613 1729 species

487 1760 543 1816 aut
569 1752 798 1835 praedicatum,
820 1761 883 1820 etc.
903 1753 966 1819 ista
985 1761 1097 1821 autem
1125 1752 1292 1819 tendentia
1315 1762 1349 1818 et
1368 1751 1612 1837 repraesentatio

487 1857 569 1923 circa
587 1848 714 1943 object'a
731 1858 778 1925 sic
797 1857 1029 1937 intentionata‚
1047 1861 1116 1927 sine
1134 1860 1235 1931 dublo
1254 1859 1346 1927 realis
1364 1861 1468 1925 forma
1485 1868 1519 1923 et
1538 1878 1612 1944 per-

487 1966 584 2031 fectio
602 1976 670 2043 est,
690 1966 773 2033 sicut
793 1968 892 2035 etiam
911 1968 981 2052 ipse
1000 1968 1132 2034 habitus
1151 1968 1311 2044 scientiae,
1341 1966 1398 2049 qui
1417 1968 1531 2032 eadem
1551 1967 1612 2031 ob-

482 2074 570 2159 jecta
592 2074 738 2158 respicit,
764 2076 857 2141 realis
876 2075 1015 2159 qualitas
1033 2084 1066 2142 et
1084 2076 1217 2141 scientia
1235 2084 1302 2152 est,
1323 2075 1382 2141 sed
1407 2092 1474 2139 non
1492 2072 1609 2149 estid,

488 2180 578 2262 quod
597 2200 653 2267 per
676 2200 712 2247 se
736 2191 769 2247 et
788 2184 965 2249 formaliter
983 2183 1153 2272 respicitur
1172 2203 1189 2248 a
1207 2182 1341 2267 Logica3
1370 2192 1442 2249 tum
1462 2182 1539 2266 quia
1557 2180 1610 2247 isti

487 2298 581 2356 actus
596 2296 628 2354 et
648 2298 826 2373 conceptus
846 2308 913 2355 non
932 2290 1083 2357 dicuntur
1101 2290 1257 2367 ordinati,
1287 2289 1347 2356 nisi
1375 2289 1451 2374 quia
1468 2290 1608 2376 objecta,

486 2396 570 2462 circa
588 2415 662 2480 quae
681 2406 871 2474 versantur,
892 2398 1041 2464 ordinata
1057 2407 1152 2480 sunt;
1173 2405 1271 2481 atque
1300 2398 1383 2464 adeo
1401 2395 1429 2463 si
1446 2396 1610 2463 ordinatio

487 2502 519 2569 ln
538 2502 617 2588 ipsis
636 2504 733 2570 rebus
752 2504 892 2590 coguitis
910 2514 960 2572 est
979 2504 1101 2589 aliquid
1119 2504 1268 2582 rationiS,
1289 2504 1388 2571 etiarn
1415 2504 1612 2571 denomina-

485 2610 533 2677 tio
551 2611 592 2678 ab
615 2611 669 2677 illa
688 2612 884 2697 proveniens
904 2611 936 2677 in
955 2620 1047 2679 actus
1071 2631 1138 2678 non
1166 2612 1256 2678 addit
1274 2631 1395 2679 novam
1414 2612 1609 2678 realitatem.

485 2717 572 2785 'lum
592 2718 690 2787 etiam
711 2720 787 2804 quia
806 2719 867 2785 hoc
886 2718 995 2805 ipsum
1015 2720 1107 2804 quod
1121 2718 1238 2806 logica
1254 2720 1407 2805 proponit
1420 2718 1490 2786 aliis
1504 2720 1611 2786 scien-
1726 2776 1728 2821 ;

485 2825 538 2892 tiis
564 2837 745 2920 conceptus
771 2827 952 2914 objectivos
979 2847 1036 2912 per
1060 2828 1259 2896 intentiones
1283 2828 1415 2914 Logicas
1443 2829 1612 2894 ordinatos
1726 2838 1728 2857 ¹

486 2933 555 3000 sine
574 2934 636 3000 alio
655 2934 730 3024 reali
748 2933 891 3012 iniluxu,
913 2935 982 3001 illas
1001 2933 1125 3021 dirigit,
1156 2935 1240 3002 sicut
1266 2936 1337 3001 aliae
1358 2946 1445 3002 artes
1472 2935 1612 3000 archite-

485 3041 638 3120 ctonicae,
669 3061 743 3126 quae
771 3041 916 3130 dirigunt
945 3041 1128 3119 inferiores,
1149 3062 1215 3109 non
1242 3042 1364 3109 habent
1391 3061 1451 3126 pro
1478 3044 1610 3128 objecto

485 3147 611 3215 formali
629 3161 721 3217 actus
739 3149 926 3215 inferiorum
944 3136 1082 3226 artium,
1098 3169 1181 3235 quas
1191 3149 1353 3236 dirigunt,
1370 3151 1429 3216 sed
1441 3150 1610 3236 objectum

485 3257 575 3340 quod
604 3255 795 3340 respiciunt,
826 3276 884 3342 per
913 3259 1006 3342 cujus
1034 3258 1292 3343 propositionem
1326 3259 1507 3324 redduntur
1540 3259 1611 3322 aliae

485 3362 653 3430 inferiores
670 3364 839 3434 directa...
868 3363 1021 3432 Similiter
1048 3365 1165 3452 logica
1193 3386 1269 3432 curn
1298 3367 1439 3450 reliquas
1456 3362 1610 3432 scientias

486 3472 630 3549 ordinet,
647 3480 679 3537 et
697 3471 859 3539 illuminet
873 3482 1037 3570 quantum
1052 3475 1092 3539 ad
1105 3475 1242 3540 modum
1258 3472 1471 3541 artificiosum
1487 3473 1611 3539 discur-

488 3580 595 3656 rendi,
616 3598 682 3646 non
702 3580 833 3646 habebit
859 3599 919 3666 pro
946 3581 1074 3667 objecto
1102 3582 1227 3648 formali
1255 3581 1345 3666 ipsos
1363 3591 1455 3648 actus
1473 3581 1612 3647 aliarum

488 3686 695 3755 scientiarum
717 3688 841 3755 ratione
857 3687 1034 3757 tendentiae
1052 3698 1085 3754 et
1103 3689 1225 3755 ordinis
1240 3689 1334 3755 realis
1352 3690 1394 3755 ad
1410 3690 1539 3776 objecta
1552 3707 1614 3756 sua

488 3795 650 3879 ordinata;
672 3795 731 3861 sed
750 3796 845 3872 illud,
873 3797 963 3880 quod
991 3796 1024 3863 ln
1052 3797 1179 3879 objecto
1197 3797 1328 3882 cognito
1347 3789 1534 3883 speculatur
1553 3796 1614 3862 Lo-

488 3904 576 3990 gica,
597 3913 629 3970 et
648 3902 716 3970 aliis
735 3901 878 3970 scientiis
896 3905 1048 3988 proponit
1066 3905 1292 3989 sequendum,
1312 3905 1346 3971 id
1364 3905 1424 3971 erit
1441 3905 1612 3991 objectum
1726 3970 1728 3985 ,

488 4013 623 4077 formale
638 4010 756 4097 ipsius,
772 4030 847 4096 quae
862 4011 976 4096 utique
989 4012 1149 4079 ordinatio
1168 4012 1372 4098 objectorum
1392 4014 1540 4081 secunda
1557 4012 1614 4081 in·
1726 4016 1728 4019 ’

488 4119 592 4186 tentio
610 4125 698 4186 est.»
716 4118 762 4186 lta
778 4117 920 4200 loannes
935 4139 954 4185 a
972 4117 1007 4186 S.
1027 4119 1155 4188 Thoma
1172 4117 1237 4208 (r),

489 4497 491 4500 ⁵
525 4514 567 4587 (ι)
601 4515 676 4590 tog.
691 4511 807 4573 secum·
821 4519 912 4586 part„
925 4529 957 4584 q.
973 4530 999 4582 r,
1013 4529 1040 4570 a.
1056 4531 1083 4584 ς.
1099 4510 1327 4572 Fundamentum
1339 4515 1546 4576 micaenis
1557 4527 1615 4586 est,-

489 4601 846 4755 tfflifizrtrlisreepoudctur
864 4599 1042 4674 quibusdem
1062 4598 1226 4674 muntiis,
1244 4613 1349 4667 contra
1372 4602 1429 4664 hoe
1446 4625 1615 4680 argumen-
