<?xml version="1.0" encoding="UTF-8"?>
<!DOCTYPE html PUBLIC "-//W3C//DTD XHTML 1.0 Transitional//EN"
    "http://www.w3.org/TR/xhtml1/DTD/xhtml1-transitional.dtd">
<html xmlns="http://www.w3.org/1999/xhtml" xml:lang="en" lang="en">
 <head>
  <title>
</title>
<meta http-equiv="Content-Type" content="text/html;charset=utf-8" />
  <meta name='ocr-system' content='tesseract 3.04.00' />
  <meta name='ocr-capabilities' content='ocr_page ocr_carea ocr_par ocr_line ocrx_word'/>
</head>
<body>
  <div class='ocr_page' id='page_1' title='image "./institutionesph00urrgoog/institutionesph00urrgoog_1034.png"; bbox 0 0 3492 5525; ppageno 0'>
   <div class='ocr_carea' id='block_1_1' title="bbox 542 366 1483 453">
    <p class='ocr_par' dir='ltr' id='par_1_1' title="bbox 542 366 1483 453">
     <span class='ocr_line' id='line_1_1' title="bbox 542 366 1483 453; baseline 0.003 -24"><span class='ocrx_word' id='word_1_1' title='bbox 542 384 618 450; x_wconf 84' lang='lat'>1014</span> <span class='ocrx_word' id='word_1_2' title='bbox 653 366 778 433; x_wconf 78' lang='lat' dir='ltr'>Locren</span> <span class='ocrx_word' id='word_1_3' title='bbox 792 369 1022 443; x_wconf 72' lang='lat' dir='ltr'>Maroae-Lm.</span> <span class='ocrx_word' id='word_1_4' title='bbox 1041 384 1112 445; x_wconf 59' lang='grc' dir='ltr'>μ’,</span> <span class='ocrx_word' id='word_1_5' title='bbox 1128 368 1217 434; x_wconf 73' lang='lat' dir='ltr'>Drsn.</span> <span class='ocrx_word' id='word_1_6' title='bbox 1234 383 1281 453; x_wconf 82' lang='lat'>4⁸</span> <span class='ocrx_word' id='word_1_7' title='bbox 1295 369 1483 448; x_wconf 52' lang='lat' dir='ltr'>clerae·</span> 
     </span>
    </p>
   </div>
   <div class='ocr_carea' id='block_1_2' title="bbox 1170 472 1605 501">
    <p class='ocr_par' dir='ltr' id='par_1_2' title="bbox 1170 472 1605 501">
     <span class='ocr_line' id='line_1_2' title="bbox 1170 472 1605 501; baseline -0.005 0"><span class='ocrx_word' id='word_1_8' title='bbox 1170 494 1175 501; x_wconf 86' lang='lat'>.</span> <span class='ocrx_word' id='word_1_9' title='bbox 1247 472 1605 499; x_wconf 41' lang='grc' dir='ltr'>μὴ·</span> 
     </span>
    </p>
   </div>
   <div class='ocr_carea' id='block_1_3' title="bbox 396 550 1608 1522">
    <p class='ocr_par' dir='ltr' id='par_1_3' title="bbox 396 550 1608 1522">
     <span class='ocr_line' id='line_1_3' title="bbox 396 550 1606 639; baseline -0.004 -19"><span class='ocrx_word' id='word_1_10' title='bbox 396 622 399 626; x_wconf 69' lang='grc'>,</span> <span class='ocrx_word' id='word_1_11' title='bbox 500 550 565 619; x_wconf 93' lang='lat' dir='ltr'>sint</span> <span class='ocrx_word' id='word_1_12' title='bbox 579 551 741 617; x_wconf 89' lang='lat' dir='ltr'>evidentia</span> <span class='ocrx_word' id='word_1_13' title='bbox 759 551 820 618; x_wconf 91' lang='lat' dir='ltr'>nisi</span> <span class='ocrx_word' id='word_1_14' title='bbox 839 570 897 638; x_wconf 90' lang='lat' dir='ltr'>per</span> <span class='ocrx_word' id='word_1_15' title='bbox 914 552 1210 629; x_wconf 81' lang='lat' dir='ltr'>subalternantem,</span> <span class='ocrx_word' id='word_1_16' title='bbox 1226 572 1263 618; x_wconf 94' lang='lat' dir='ltr'>ac</span> <span class='ocrx_word' id='word_1_17' title='bbox 1277 552 1412 639; x_wconf 84' lang='lat' dir='ltr'>proinde</span> <span class='ocrx_word' id='word_1_18' title='bbox 1426 554 1468 618; x_wconf 87' lang='lat' dir='ltr'>ab</span> <span class='ocrx_word' id='word_1_19' title='bbox 1487 553 1547 617; x_wconf 85' lang='lat' dir='ltr'>hac</span> <span class='ocrx_word' id='word_1_20' title='bbox 1564 550 1606 616; x_wconf 87' lang='lat' dir='ltr'>illa</span> 
     </span>
     <span class='ocr_line' id='line_1_4' title="bbox 500 648 1605 748; baseline 0 -23"><span class='ocrx_word' id='word_1_21' title='bbox 500 648 681 743; x_wconf 85' lang='lat' dir='ltr'>dependeat</span> <span class='ocrx_word' id='word_1_22' title='bbox 700 659 734 726; x_wconf 91' lang='lat' dir='ltr'>in</span> <span class='ocrx_word' id='word_1_23' title='bbox 757 673 831 727; x_wconf 89' lang='lat' dir='ltr'>esse</span> <span class='ocrx_word' id='word_1_24' title='bbox 849 660 1007 727; x_wconf 86' lang='lat' dir='ltr'>scientiae.</span> <span class='ocrx_word' id='word_1_25' title='bbox 1028 660 1064 727; x_wconf 87' lang='lat' dir='ltr'>Et</span> <span class='ocrx_word' id='word_1_26' title='bbox 1084 662 1240 746; x_wconf 88' lang='lat' dir='ltr'>quoniam</span> <span class='ocrx_word' id='word_1_27' title='bbox 1260 663 1321 728; x_wconf 89' lang='lat' dir='ltr'>hoc</span> <span class='ocrx_word' id='word_1_28' title='bbox 1349 660 1530 748; x_wconf 79' lang='lat' dir='ltr'>generatim</span> <span class='ocrx_word' id='word_1_29' title='bbox 1551 678 1605 725; x_wconf 92' lang='lat' dir='ltr'>non</span> 
     </span>
     <span class='ocr_line' id='line_1_5' title="bbox 499 752 1604 854; baseline -0.001 -22"><span class='ocrx_word' id='word_1_30' title='bbox 499 766 682 846; x_wconf 79' lang='lat' dir='ltr'>obtinetur,</span> <span class='ocrx_word' id='word_1_31' title='bbox 703 768 772 834; x_wconf 89' lang='lat' dir='ltr'>nlsi-</span> <span class='ocrx_word' id='word_1_32' title='bbox 782 768 916 851; x_wconf 88' lang='lat' dir='ltr'>quando</span> <span class='ocrx_word' id='word_1_33' title='bbox 934 752 1100 854; x_wconf 85' lang='lat' dir='ltr'>obj&#39;ectum</span> <span class='ocrx_word' id='word_1_34' title='bbox 1124 769 1351 835; x_wconf 83' lang='lat' dir='ltr'>subalternatae</span> <span class='ocrx_word' id='word_1_35' title='bbox 1373 778 1424 835; x_wconf 86' lang='lat' dir='ltr'>est</span> <span class='ocrx_word' id='word_1_36' title='bbox 1451 768 1604 853; x_wconf 87' lang='lat' dir='ltr'>objectum</span> 
     </span>
     <span class='ocr_line' id='line_1_6' title="bbox 499 875 1606 963; baseline -0.002 -22"><span class='ocrx_word' id='word_1_37' title='bbox 499 875 750 941; x_wconf 88' lang='lat' dir='ltr'>subalternantis</span> <span class='ocrx_word' id='word_1_38' title='bbox 763 886 966 942; x_wconf 90' lang='lat' dir='ltr'>contractum</span> <span class='ocrx_word' id='word_1_39' title='bbox 982 895 1039 963; x_wconf 89' lang='lat' dir='ltr'>per</span> <span class='ocrx_word' id='word_1_40' title='bbox 1052 876 1282 943; x_wconf 79' lang='lat' dir='ltr'>accidentalem</span> <span class='ocrx_word' id='word_1_41' title='bbox 1297 876 1532 949; x_wconf 80' lang='lat' dir='ltr'>differentiam,</span> <span class='ocrx_word' id='word_1_42' title='bbox 1545 876 1606 940; x_wconf 92' lang='lat' dir='ltr'>ideo</span> 
     </span>
     <span class='ocr_line' id='line_1_7' title="bbox 499 983 1606 1067; baseline 0 -20"><span class='ocrx_word' id='word_1_43' title='bbox 499 984 693 1067; x_wconf 88' lang='lat' dir='ltr'>plerumque</span> <span class='ocrx_word' id='word_1_44' title='bbox 712 984 793 1049; x_wconf 85' lang='lat' dir='ltr'>lranc</span> <span class='ocrx_word' id='word_1_45' title='bbox 813 983 930 1067; x_wconf 82' lang='lat' dir='ltr'>requiri</span> <span class='ocrx_word' id='word_1_46' title='bbox 955 983 1176 1050; x_wconf 89' lang='lat' dir='ltr'>conditionem</span> <span class='ocrx_word' id='word_1_47' title='bbox 1196 986 1236 1050; x_wconf 90' lang='lat' dir='ltr'>ad</span> <span class='ocrx_word' id='word_1_48' title='bbox 1256 984 1321 1050; x_wconf 90' lang='lat' dir='ltr'>veri</span> <span class='ocrx_word' id='word_1_49' title='bbox 1346 984 1490 1050; x_wconf 89' lang='lat' dir='ltr'>nominis</span> <span class='ocrx_word' id='word_1_50' title='bbox 1509 983 1606 1049; x_wconf 89' lang='lat' dir='ltr'>subal-</span> 
     </span>
     <span class='ocr_line' id='line_1_8' title="bbox 498 1091 1607 1177; baseline 0.003 -23"><span class='ocrx_word' id='word_1_51' title='bbox 498 1091 730 1168; x_wconf 88' lang='lat' dir='ltr'>ternationem,</span> <span class='ocrx_word' id='word_1_52' title='bbox 749 1092 900 1175; x_wconf 87' lang='lat' dir='ltr'>quamvis</span> <span class='ocrx_word' id='word_1_53' title='bbox 913 1110 950 1157; x_wconf 90' lang='lat' dir='ltr'>ea</span> <span class='ocrx_word' id='word_1_54' title='bbox 970 1106 1036 1157; x_wconf 87' lang='lat' dir='ltr'>n&#39;on</span> <span class='ocrx_word' id='word_1_55' title='bbox 1055 1092 1097 1157; x_wconf 91' lang='lat' dir='ltr'>sit</span> <span class='ocrx_word' id='word_1_56' title='bbox 1120 1092 1268 1159; x_wconf 86' lang='lat' dir='ltr'>absolute</span> <span class='ocrx_word' id='word_1_57' title='bbox 1285 1112 1322 1159; x_wconf 89' lang='lat' dir='ltr'>ac</span> <span class='ocrx_word' id='word_1_58' title='bbox 1343 1111 1449 1177; x_wconf 90' lang='lat' dir='ltr'>perse</span> <span class='ocrx_word' id='word_1_59' title='bbox 1469 1110 1607 1157; x_wconf 81' lang='lat' dir='ltr'>necessa·</span> 
     </span>
     <span class='ocr_line' id='line_1_9' title="bbox 499 1198 1607 1297; baseline -0.002 -34"><span class='ocrx_word' id='word_1_60' title='bbox 499 1198 545 1263; x_wconf 83' lang='lat' dir='ltr'>ria</span> <span class='ocrx_word' id='word_1_61' title='bbox 572 1198 613 1264; x_wconf 91' lang='lat' dir='ltr'>ad</span> <span class='ocrx_word' id='word_1_62' title='bbox 639 1199 969 1277; x_wconf 79' lang='lat' dir='ltr'>subalternationem,</span> <span class='ocrx_word' id='word_1_63' title='bbox 1000 1200 1026 1265; x_wconf 90' lang='lat' dir='ltr'>si</span> <span class='ocrx_word' id='word_1_64' title='bbox 1054 1201 1144 1266; x_wconf 88' lang='lat' dir='ltr'>aliter</span> <span class='ocrx_word' id='word_1_65' title='bbox 1171 1199 1309 1267; x_wconf 81' lang='lat' dir='ltr'>obtineri</span> <span class='ocrx_word' id='word_1_66' title='bbox 1335 1199 1439 1285; x_wconf 90' lang='lat' dir='ltr'>possit</span> <span class='ocrx_word' id='word_1_67' title='bbox 1467 1198 1607 1297; x_wconf 56' lang='lat' dir='ltr'>predicta</span> 
     </span>
     <span class='ocr_line' id='line_1_10' title="bbox 499 1305 1608 1394; baseline -0.003 -20"><span class='ocrx_word' id='word_1_68' title='bbox 499 1306 716 1391; x_wconf 81' lang='lat' dir='ltr'>dependentia</span> <span class='ocrx_word' id='word_1_69' title='bbox 744 1305 807 1394; x_wconf 81' lang='lat' dir='ltr'>(r).</span> <span class='ocrx_word' id='word_1_70' title='bbox 836 1307 919 1385; x_wconf 82' lang='lat' dir='ltr'>Quae</span> <span class='ocrx_word' id='word_1_71' title='bbox 938 1309 1106 1392; x_wconf 87' lang='lat' dir='ltr'>responsio</span> <span class='ocrx_word' id='word_1_72' title='bbox 1125 1308 1151 1375; x_wconf 90' lang='lat' dir='ltr'>si</span> <span class='ocrx_word' id='word_1_73' title='bbox 1177 1308 1288 1383; x_wconf 91' lang='lat' dir='ltr'>detur,</span> <span class='ocrx_word' id='word_1_74' title='bbox 1308 1307 1530 1374; x_wconf 87' lang='lat' dir='ltr'>controversia</span> <span class='ocrx_word' id='word_1_75' title='bbox 1547 1308 1608 1371; x_wconf 82' lang='lat' dir='ltr'>hec</span> 
     </span>
     <span class='ocr_line' id='line_1_11' title="bbox 499 1415 1606 1522; baseline 0 -44"><span class='ocrx_word' id='word_1_76' title='bbox 499 1422 568 1479; x_wconf 88' lang='lat' dir='ltr'>tota</span> <span class='ocrx_word' id='word_1_77' title='bbox 594 1425 717 1498; x_wconf 88' lang='lat' dir='ltr'>quanta</span> <span class='ocrx_word' id='word_1_78' title='bbox 746 1434 915 1482; x_wconf 88' lang='lat' dir='ltr'>revocatur</span> <span class='ocrx_word' id='word_1_79' title='bbox 943 1417 983 1480; x_wconf 90' lang='lat' dir='ltr'>ad</span> <span class='ocrx_word' id='word_1_80' title='bbox 1012 1415 1215 1522; x_wconf 66' lang='lat' dir='ltr'>conditiones</span> <span class='ocrx_word' id='word_1_81' title='bbox 1243 1418 1283 1482; x_wconf 92' lang='lat' dir='ltr'>ad</span> <span class='ocrx_word' id='word_1_82' title='bbox 1308 1415 1606 1481; x_wconf 80' lang='lat' dir='ltr'>subalternationem</span> 
     </span>
    </p>
   </div>
   <div class='ocr_carea' id='block_1_4' title="bbox 393 1522 683 1617">
    <p class='ocr_par' dir='ltr' id='par_1_4' title="bbox 393 1522 683 1617">
     <span class='ocr_line' id='line_1_12' title="bbox 393 1522 683 1617; baseline 0.007 -32"><span class='ocrx_word' id='word_1_83' title='bbox 393 1606 397 1617; x_wconf 35' lang='grc' dir='ltr'>Ι</span> <span class='ocrx_word' id='word_1_84' title='bbox 500 1522 683 1605; x_wconf 77' lang='lat' dir='ltr'>requisitas·</span> 
     </span>
    </p>
   </div>
   <div class='ocr_carea' id='block_1_5' title="bbox 493 1629 1611 4403">
    <p class='ocr_par' dir='ltr' id='par_1_5' title="bbox 496 1629 1609 3444">
     <span class='ocr_line' id='line_1_13' title="bbox 568 1629 1609 1715; baseline 0 -22"><span class='ocrx_word' id='word_1_85' title='bbox 568 1629 664 1695; x_wconf 83' lang='lat' dir='ltr'>Aliud</span> <span class='ocrx_word' id='word_1_86' title='bbox 681 1630 779 1696; x_wconf 87' lang='lat' dir='ltr'>etiam</span> <span class='ocrx_word' id='word_1_87' title='bbox 797 1640 1029 1715; x_wconf 83' lang='lat' dir='ltr'>argumentum</span> <span class='ocrx_word' id='word_1_88' title='bbox 1049 1630 1117 1696; x_wconf 78' lang='lat' dir='ltr'>steri</span> <span class='ocrx_word' id='word_1_89' title='bbox 1136 1640 1245 1714; x_wconf 88' lang='lat' dir='ltr'>potest</span> <span class='ocrx_word' id='word_1_90' title='bbox 1263 1650 1304 1697; x_wconf 88' lang='lat' dir='ltr'>ex</span> <span class='ocrx_word' id='word_1_91' title='bbox 1321 1632 1466 1697; x_wconf 86' lang='lat' dir='ltr'>doctrina</span> <span class='ocrx_word' id='word_1_92' title='bbox 1481 1632 1518 1697; x_wconf 87' lang='grc' dir='ltr'>Ρ.</span> <span class='ocrx_word' id='word_1_93' title='bbox 1537 1630 1609 1695; x_wconf 79' lang='lat' dir='ltr'>Gre-</span> 
     </span>
     <span class='ocr_line' id='line_1_14' title="bbox 499 1722 1607 1823; baseline -0.001 -22"><span class='ocrx_word' id='word_1_94' title='bbox 499 1736 581 1821; x_wconf 81' lang='lat' dir='ltr'>gorii</span> <span class='ocrx_word' id='word_1_95' title='bbox 606 1736 648 1803; x_wconf 90' lang='lat' dir='ltr'>de</span> <span class='ocrx_word' id='word_1_96' title='bbox 672 1738 820 1809; x_wconf 86' lang='lat' dir='ltr'>Valentia</span> <span class='ocrx_word' id='word_1_97' title='bbox 845 1722 879 1803; x_wconf 88' lang='lat' dir='ltr'>in</span> <span class='ocrx_word' id='word_1_98' title='bbox 906 1741 993 1805; x_wconf 91' lang='lat' dir='ltr'>hunc</span> <span class='ocrx_word' id='word_1_99' title='bbox 1021 1739 1170 1806; x_wconf 90' lang='lat' dir='ltr'>modum.</span> <span class='ocrx_word' id='word_1_100' title='bbox 1201 1740 1370 1823; x_wconf 85' lang='lat' dir='ltr'>Proprium</span> <span class='ocrx_word' id='word_1_101' title='bbox 1398 1748 1448 1805; x_wconf 89' lang='lat' dir='ltr'>est</span> <span class='ocrx_word' id='word_1_102' title='bbox 1473 1736 1607 1805; x_wconf 77' lang='lat' dir='ltr'>scientie</span> 
     </span>
     <span class='ocr_line' id='line_1_15' title="bbox 498 1832 1607 1931; baseline -0.002 -20"><span class='ocrx_word' id='word_1_103' title='bbox 498 1845 742 1921; x_wconf 86' lang='lat' dir='ltr'>subalternatae,</span> <span class='ocrx_word' id='word_1_104' title='bbox 769 1858 805 1913; x_wconf 93' lang='lat' dir='ltr'>ut</span> <span class='ocrx_word' id='word_1_105' title='bbox 824 1832 1120 1913; x_wconf 81' lang='lat' dir='ltr'>manifestationem</span> <span class='ocrx_word' id='word_1_106' title='bbox 1149 1856 1246 1931; x_wconf 85' lang='lat' dir='ltr'>atque</span> <span class='ocrx_word' id='word_1_107' title='bbox 1264 1846 1458 1913; x_wconf 90' lang='lat' dir='ltr'>evidentiam</span> <span class='ocrx_word' id='word_1_108' title='bbox 1482 1863 1607 1913; x_wconf 88' lang='lat' dir='ltr'>suarum</span> 
     </span>
     <span class='ocr_line' id='line_1_16' title="bbox 499 1953 1607 2040; baseline -0.001 -23"><span class='ocrx_word' id='word_1_109' title='bbox 499 1953 748 2019; x_wconf 86' lang='lat' dir='ltr'>conclusionum</span> <span class='ocrx_word' id='word_1_110' title='bbox 788 1954 904 2019; x_wconf 86' lang='lat' dir='ltr'>habeat</span> <span class='ocrx_word' id='word_1_111' title='bbox 936 1974 977 2020; x_wconf 89' lang='lat' dir='ltr'>ex</span> <span class='ocrx_word' id='word_1_112' title='bbox 1013 1954 1176 2040; x_wconf 88' lang='lat' dir='ltr'>principiis</span> <span class='ocrx_word' id='word_1_113' title='bbox 1212 1954 1477 2021; x_wconf 78' lang='lat' dir='ltr'>subalternantis</span> <span class='ocrx_word' id='word_1_114' title='bbox 1516 1953 1607 2035; x_wconf 84' lang='lat' dir='ltr'>Atqui</span> 
     </span>
     <span class='ocr_line' id='line_1_17' title="bbox 498 2059 1609 2144; baseline -0.001 -19"><span class='ocrx_word' id='word_1_115' title='bbox 498 2059 675 2144; x_wconf 83' lang='lat' dir='ltr'>Theologia</span> <span class='ocrx_word' id='word_1_116' title='bbox 694 2062 762 2127; x_wconf 84' lang='lat' dir='ltr'>haec</span> <span class='ocrx_word' id='word_1_117' title='bbox 782 2069 893 2127; x_wconf 85' lang='lat' dir='ltr'>nostra</span> <span class='ocrx_word' id='word_1_118' title='bbox 912 2078 978 2127; x_wconf 94' lang='lat' dir='ltr'>non</span> <span class='ocrx_word' id='word_1_119' title='bbox 998 2062 1096 2127; x_wconf 87' lang='lat' dir='ltr'>babet</span> <span class='ocrx_word' id='word_1_120' title='bbox 1112 2062 1309 2128; x_wconf 89' lang='lat' dir='ltr'>evidentiam</span> <span class='ocrx_word' id='word_1_121' title='bbox 1329 2080 1366 2127; x_wconf 90' lang='lat' dir='ltr'>ac</span> <span class='ocrx_word' id='word_1_122' title='bbox 1385 2060 1609 2127; x_wconf 77' lang='lat' dir='ltr'>manifestatio</span> 
     </span>
     <span class='ocr_line' id='line_1_18' title="bbox 499 2168 1607 2254; baseline -0.001 -22"><span class='ocrx_word' id='word_1_123' title='bbox 499 2185 575 2232; x_wconf 90' lang='lat' dir='ltr'>nem</span> <span class='ocrx_word' id='word_1_124' title='bbox 605 2186 738 2233; x_wconf 88' lang='lat' dir='ltr'>suarum</span> <span class='ocrx_word' id='word_1_125' title='bbox 764 2168 1016 2234; x_wconf 87' lang='lat' dir='ltr'>conclusionum</span> <span class='ocrx_word' id='word_1_126' title='bbox 1044 2188 1101 2253; x_wconf 90' lang='lat' dir='ltr'>per</span> <span class='ocrx_word' id='word_1_127' title='bbox 1129 2168 1281 2254; x_wconf 89' lang='lat' dir='ltr'>principia</span> <span class='ocrx_word' id='word_1_128' title='bbox 1305 2170 1446 2236; x_wconf 81' lang='lat' dir='ltr'>scientiae</span> <span class='ocrx_word' id='word_1_129' title='bbox 1475 2168 1531 2233; x_wconf 90' lang='lat' dir='ltr'>Dei</span> <span class='ocrx_word' id='word_1_130' title='bbox 1550 2180 1607 2231; x_wconf 66' lang='lat' dir='ltr'>‘aut</span> 
     </span>
     <span class='ocr_line' id='line_1_19' title="bbox 498 2274 1607 2361; baseline -0.003 -21"><span class='ocrx_word' id='word_1_131' title='bbox 498 2276 683 2341; x_wconf 85' lang='lat' dir='ltr'>beatorum.</span> <span class='ocrx_word' id='word_1_132' title='bbox 717 2274 802 2350; x_wconf 80' lang='lat' dir='ltr'>Qtia</span> <span class='ocrx_word' id='word_1_133' title='bbox 829 2276 1017 2360; x_wconf 84' lang='lat' dir='ltr'>Theologia,</span> <span class='ocrx_word' id='word_1_134' title='bbox 1048 2286 1143 2361; x_wconf 92' lang='lat' dir='ltr'>prout</span> <span class='ocrx_word' id='word_1_135' title='bbox 1161 2287 1211 2341; x_wconf 91' lang='lat' dir='ltr'>est</span> <span class='ocrx_word' id='word_1_136' title='bbox 1237 2277 1288 2341; x_wconf 90' lang='lat' dir='ltr'>hic</span> <span class='ocrx_word' id='word_1_137' title='bbox 1312 2276 1344 2341; x_wconf 94' lang='lat' dir='ltr'>in</span> <span class='ocrx_word' id='word_1_138' title='bbox 1364 2276 1471 2352; x_wconf 90' lang='lat' dir='ltr'>nobis,</span> <span class='ocrx_word' id='word_1_139' title='bbox 1492 2277 1607 2342; x_wconf 89' lang='lat' dir='ltr'>nullam</span> 
     </span>
     <span class='ocr_line' id='line_1_20' title="bbox 498 2382 1608 2458; baseline -0.005 -9"><span class='ocrx_word' id='word_1_140' title='bbox 498 2383 597 2450; x_wconf 88' lang='lat' dir='ltr'>habet</span> <span class='ocrx_word' id='word_1_141' title='bbox 614 2382 810 2449; x_wconf 90' lang='lat' dir='ltr'>evidentiam</span> <span class='ocrx_word' id='word_1_142' title='bbox 829 2400 962 2450; x_wconf 85' lang='lat' dir='ltr'>suarum</span> <span class='ocrx_word' id='word_1_143' title='bbox 982 2383 1246 2458; x_wconf 87' lang='lat' dir='ltr'>conclusionum,</span> <span class='ocrx_word' id='word_1_144' title='bbox 1269 2402 1366 2449; x_wconf 89' lang='lat' dir='ltr'>nemo</span> <span class='ocrx_word' id='word_1_145' title='bbox 1390 2384 1477 2448; x_wconf 92' lang='lat' dir='ltr'>enim</span> <span class='ocrx_word' id='word_1_146' title='bbox 1506 2384 1536 2449; x_wconf 93' lang='lat' dir='ltr'>in</span> <span class='ocrx_word' id='word_1_147' title='bbox 1556 2385 1608 2446; x_wconf 87' lang='lat' dir='ltr'>bac</span> 
     </span>
     <span class='ocr_line' id='line_1_21' title="bbox 497 2488 1607 2576; baseline -0.002 -22"><span class='ocrx_word' id='word_1_148' title='bbox 497 2488 563 2555; x_wconf 90' lang='lat' dir='ltr'>vita</span> <span class='ocrx_word' id='word_1_149' title='bbox 591 2490 801 2576; x_wconf 61' lang='lat' dir='ltr'>evidentium¹</span> <span class='ocrx_word' id='word_1_150' title='bbox 818 2492 1001 2575; x_wconf 89' lang='lat' dir='ltr'>assequitur</span> <span class='ocrx_word' id='word_1_151' title='bbox 1029 2489 1276 2575; x_wconf 81' lang='lat' dir='ltr'>principiorum,</span> <span class='ocrx_word' id='word_1_152' title='bbox 1302 2498 1415 2575; x_wconf 89' lang='lat' dir='ltr'>utpote</span> <span class='ocrx_word' id='word_1_153' title='bbox 1444 2509 1517 2575; x_wconf 86' lang='lat' dir='ltr'>quae</span> <span class='ocrx_word' id='word_1_154' title='bbox 1544 2492 1607 2555; x_wconf 90' lang='lat' dir='ltr'>sola</span> 
     </span>
     <span class='ocr_line' id='line_1_22' title="bbox 496 2597 1604 2684; baseline -0.004 -22"><span class='ocrx_word' id='word_1_155' title='bbox 496 2597 562 2662; x_wconf 84' lang='lat' dir='ltr'>fide</span> <span class='ocrx_word' id='word_1_156' title='bbox 575 2617 612 2663; x_wconf 91' lang='lat' dir='ltr'>ac</span> <span class='ocrx_word' id='word_1_157' title='bbox 630 2598 827 2663; x_wconf 88' lang='lat' dir='ltr'>revelatione</span> <span class='ocrx_word' id='word_1_158' title='bbox 844 2599 970 2675; x_wconf 85' lang='lat' dir='ltr'>divina,</span> <span class='ocrx_word' id='word_1_159' title='bbox 987 2617 1023 2663; x_wconf 86' lang='lat' dir='ltr'>ac</span> <span class='ocrx_word' id='word_1_160' title='bbox 1036 2599 1169 2682; x_wconf 88' lang='lat' dir='ltr'>proinde</span> <span class='ocrx_word' id='word_1_161' title='bbox 1184 2599 1339 2676; x_wconf 84' lang='lat' dir='ltr'>obscure,</span> <span class='ocrx_word' id='word_1_162' title='bbox 1356 2610 1604 2684; x_wconf 86' lang='lat' dir='ltr'>cognoscuntur:</span> 
     </span>
     <span class='ocr_line' id='line_1_23' title="bbox 497 2703 1607 2792; baseline -0.003 -21"><span class='ocrx_word' id='word_1_163' title='bbox 497 2705 585 2772; x_wconf 89' lang='lat' dir='ltr'>unde</span> <span class='ocrx_word' id='word_1_164' title='bbox 617 2724 824 2789; x_wconf 88' lang='lat' dir='ltr'>consequens</span> <span class='ocrx_word' id='word_1_165' title='bbox 855 2715 923 2783; x_wconf 88' lang='lat' dir='ltr'>est,</span> <span class='ocrx_word' id='word_1_166' title='bbox 952 2706 1179 2772; x_wconf 86' lang='lat' dir='ltr'>conclusiones</span> <span class='ocrx_word' id='word_1_167' title='bbox 1207 2724 1325 2772; x_wconf 89' lang='lat' dir='ltr'>omnes</span> <span class='ocrx_word' id='word_1_168' title='bbox 1352 2726 1393 2773; x_wconf 88' lang='lat' dir='ltr'>ex</span> <span class='ocrx_word' id='word_1_169' title='bbox 1426 2703 1607 2792; x_wconf 86' lang='lat' dir='ltr'>hujusmodi</span> 
     </span>
     <span class='ocr_line' id='line_1_24' title="bbox 498 2812 1607 2897; baseline -0.001 -20"><span class='ocrx_word' id='word_1_170' title='bbox 498 2812 661 2897; x_wconf 90' lang='lat' dir='ltr'>principiis</span> <span class='ocrx_word' id='word_1_171' title='bbox 686 2812 847 2880; x_wconf 86' lang='lat' dir='ltr'>derivatas</span> <span class='ocrx_word' id='word_1_172' title='bbox 872 2815 986 2880; x_wconf 90' lang='lat' dir='ltr'>eadem</span> <span class='ocrx_word' id='word_1_173' title='bbox 1013 2814 1209 2880; x_wconf 85' lang='lat' dir='ltr'>obscuritate</span> <span class='ocrx_word' id='word_1_174' title='bbox 1234 2815 1388 2880; x_wconf 89' lang='lat' dir='ltr'>laborare.</span> <span class='ocrx_word' id='word_1_175' title='bbox 1416 2813 1481 2879; x_wconf 87' lang='lat' dir='ltr'>Sed</span> <span class='ocrx_word' id='word_1_176' title='bbox 1508 2832 1607 2895; x_wconf 88' lang='lat' dir='ltr'>neque</span> 
     </span>
     <span class='ocr_line' id='line_1_25' title="bbox 497 2919 1606 3005; baseline -0.002 -21"><span class='ocrx_word' id='word_1_177' title='bbox 497 2920 594 2985; x_wconf 90' lang='lat' dir='ltr'>etiam</span> <span class='ocrx_word' id='word_1_178' title='bbox 629 2921 825 2987; x_wconf 90' lang='lat' dir='ltr'>evidentiam</span> <span class='ocrx_word' id='word_1_179' title='bbox 857 2921 1054 2988; x_wconf 86' lang='lat' dir='ltr'>obtinebunt</span> <span class='ocrx_word' id='word_1_180' title='bbox 1086 2922 1136 2987; x_wconf 87' lang='lat' dir='ltr'>hae</span> <span class='ocrx_word' id='word_1_181' title='bbox 1168 2920 1392 2988; x_wconf 85' lang='lat' dir='ltr'>conclusiones</span> <span class='ocrx_word' id='word_1_182' title='bbox 1428 2919 1606 3005; x_wconf 84' lang='lat' dir='ltr'>Theologiae</span> 
     </span>
     <span class='ocr_line' id='line_1_26' title="bbox 498 3025 1608 3112; baseline -0.003 -19"><span class='ocrx_word' id='word_1_183' title='bbox 498 3035 618 3094; x_wconf 84' lang='lat' dir='ltr'>nostrae</span> <span class='ocrx_word' id='word_1_184' title='bbox 636 3027 670 3092; x_wconf 93' lang='lat' dir='ltr'>in</span> <span class='ocrx_word' id='word_1_185' title='bbox 689 3029 787 3094; x_wconf 90' lang='lat' dir='ltr'>altera</span> <span class='ocrx_word' id='word_1_186' title='bbox 806 3029 887 3104; x_wconf 83' lang='lat' dir='ltr'>vita,</span> <span class='ocrx_word' id='word_1_187' title='bbox 904 3029 1035 3110; x_wconf 92' lang='lat' dir='ltr'>quando</span> <span class='ocrx_word' id='word_1_188' title='bbox 1052 3047 1108 3112; x_wconf 89' lang='lat' dir='ltr'>per</span> <span class='ocrx_word' id='word_1_189' title='bbox 1125 3027 1254 3094; x_wconf 89' lang='lat' dir='ltr'>beatam</span> <span class='ocrx_word' id='word_1_190' title='bbox 1271 3025 1429 3094; x_wconf 90' lang='lat' dir='ltr'>visionem</span> <span class='ocrx_word' id='word_1_191' title='bbox 1447 3029 1529 3094; x_wconf 89' lang='lat' dir='ltr'>clare</span> <span class='ocrx_word' id='word_1_192' title='bbox 1543 3047 1608 3110; x_wconf 89' lang='lat' dir='ltr'>per-</span> 
     </span>
     <span class='ocr_line' id='line_1_27' title="bbox 497 3134 1604 3220; baseline -0.002 -20"><span class='ocrx_word' id='word_1_193' title='bbox 497 3134 657 3218; x_wconf 90' lang='lat' dir='ltr'>cipientur</span> <span class='ocrx_word' id='word_1_194' title='bbox 689 3136 801 3202; x_wconf 89' lang='lat' dir='ltr'>eadem</span> <span class='ocrx_word' id='word_1_195' title='bbox 832 3135 1002 3220; x_wconf 90' lang='lat' dir='ltr'>principia,</span> <span class='ocrx_word' id='word_1_196' title='bbox 1032 3154 1107 3218; x_wconf 81' lang='lat' dir='ltr'>quae</span> <span class='ocrx_word' id='word_1_197' title='bbox 1136 3155 1223 3202; x_wconf 91' lang='lat' dir='ltr'>nunc</span> <span class='ocrx_word' id='word_1_198' title='bbox 1253 3137 1321 3201; x_wconf 91' lang='lat' dir='ltr'>sola</span> <span class='ocrx_word' id='word_1_199' title='bbox 1351 3135 1415 3201; x_wconf 80' lang='lat' dir='ltr'>nde</span> <span class='ocrx_word' id='word_1_200' title='bbox 1445 3134 1604 3201; x_wconf 89' lang='lat' dir='ltr'>novimus.</span> 
     </span>
     <span class='ocr_line' id='line_1_28' title="bbox 498 3243 1605 3329; baseline -0.002 -21"><span class='ocrx_word' id='word_1_201' title='bbox 498 3243 582 3319; x_wconf 78' lang='lat' dir='ltr'>Qtia</span> <span class='ocrx_word' id='word_1_202' title='bbox 600 3245 763 3329; x_wconf 89' lang='lat' dir='ltr'>tuncjam</span> <span class='ocrx_word' id='word_1_203' title='bbox 791 3263 857 3308; x_wconf 92' lang='lat' dir='ltr'>non</span> <span class='ocrx_word' id='word_1_204' title='bbox 882 3243 984 3308; x_wconf 85' lang='lat' dir='ltr'>aderit</span> <span class='ocrx_word' id='word_1_205' title='bbox 1011 3243 1151 3328; x_wconf 87' lang='lat' dir='ltr'>amplius</span> <span class='ocrx_word' id='word_1_206' title='bbox 1178 3243 1229 3310; x_wconf 88' lang='lat' dir='ltr'>bic</span> <span class='ocrx_word' id='word_1_207' title='bbox 1258 3243 1387 3309; x_wconf 90' lang='lat' dir='ltr'>habitus</span> <span class='ocrx_word' id='word_1_208' title='bbox 1412 3243 1605 3328; x_wconf 84' lang='lat' dir='ltr'>Theologiae,</span> 
     </span>
     <span class='ocr_line' id='line_1_29' title="bbox 498 3347 1603 3444; baseline -0.002 -28"><span class='ocrx_word' id='word_1_209' title='bbox 498 3351 554 3437; x_wconf 89' lang='lat' dir='ltr'>qui</span> <span class='ocrx_word' id='word_1_210' title='bbox 574 3358 688 3415; x_wconf 86' lang='lat' dir='ltr'>natura</span> <span class='ocrx_word' id='word_1_211' title='bbox 707 3370 765 3416; x_wconf 86' lang='lat' dir='ltr'>sua</span> <span class='ocrx_word' id='word_1_212' title='bbox 783 3351 943 3418; x_wconf 92' lang='lat' dir='ltr'>obscurus</span> <span class='ocrx_word' id='word_1_213' title='bbox 957 3353 1022 3427; x_wconf 84' lang='lat' dir='ltr'>est,</span> <span class='ocrx_word' id='word_1_214' title='bbox 1041 3352 1099 3444; x_wconf 81' lang='lat' dir='ltr'>sed</span> <span class='ocrx_word' id='word_1_215' title='bbox 1118 3354 1197 3416; x_wconf 87' lang='lat' dir='ltr'>alter</span> <span class='ocrx_word' id='word_1_216' title='bbox 1214 3351 1348 3417; x_wconf 90' lang='lat' dir='ltr'>evidens</span> <span class='ocrx_word' id='word_1_217' title='bbox 1366 3352 1435 3435; x_wconf 86' lang='lat' dir='ltr'>ejus</span> <span class='ocrx_word' id='word_1_218' title='bbox 1456 3347 1558 3437; x_wconf 92' lang='lat' dir='ltr'>loco(</span> <span class='ocrx_word' id='word_1_219' title='bbox 1582 3347 1603 3433; x_wconf 87' lang='grc'>).</span> 
     </span>
    </p>

    <p class='ocr_par' dir='ltr' id='par_1_6' title="bbox 493 3456 1611 4403">
     <span class='ocr_line' id='line_1_30' title="bbox 565 3456 1607 3542; baseline -0.002 -20"><span class='ocrx_word' id='word_1_220' title='bbox 565 3456 649 3524; x_wconf 85' lang='lat' dir='ltr'>Addi</span> <span class='ocrx_word' id='word_1_221' title='bbox 668 3457 765 3522; x_wconf 93' lang='lat' dir='ltr'>etiam</span> <span class='ocrx_word' id='word_1_222' title='bbox 786 3469 913 3542; x_wconf 89' lang='lat' dir='ltr'>posset,</span> <span class='ocrx_word' id='word_1_223' title='bbox 934 3459 1086 3542; x_wconf 89' lang='lat' dir='ltr'>quamvis</span> <span class='ocrx_word' id='word_1_224' title='bbox 1104 3459 1189 3524; x_wconf 90' lang='lat' dir='ltr'>idem</span> <span class='ocrx_word' id='word_1_225' title='bbox 1210 3459 1261 3525; x_wconf 89' lang='lat' dir='ltr'>hic</span> <span class='ocrx_word' id='word_1_226' title='bbox 1279 3458 1408 3523; x_wconf 89' lang='lat' dir='ltr'>habitus</span> <span class='ocrx_word' id='word_1_227' title='bbox 1426 3456 1607 3540; x_wconf 80' lang='lat' dir='ltr'>Theologiae</span> 
     </span>
     <span class='ocr_line' id='line_1_31' title="bbox 498 3552 1608 3650; baseline -0.004 -20"><span class='ocrx_word' id='word_1_228' title='bbox 498 3552 715 3650; x_wconf 78' lang='lat' dir='ltr'>perseveraret</span> <span class='ocrx_word' id='word_1_229' title='bbox 742 3565 774 3631; x_wconf 94' lang='lat' dir='ltr'>in</span> <span class='ocrx_word' id='word_1_230' title='bbox 800 3567 898 3631; x_wconf 90' lang='lat' dir='ltr'>altera</span> <span class='ocrx_word' id='word_1_231' title='bbox 926 3567 1008 3642; x_wconf 91' lang='lat' dir='ltr'>vita,</span> <span class='ocrx_word' id='word_1_232' title='bbox 1034 3567 1138 3633; x_wconf 87' lang='lat' dir='ltr'>adhuc</span> <span class='ocrx_word' id='word_1_233' title='bbox 1167 3585 1232 3631; x_wconf 94' lang='lat' dir='ltr'>non</span> <span class='ocrx_word' id='word_1_234' title='bbox 1260 3567 1327 3631; x_wconf 88' lang='lat' dir='ltr'>sore</span> <span class='ocrx_word' id='word_1_235' title='bbox 1355 3565 1442 3630; x_wconf 86' lang='lat' dir='ltr'>illam</span> <span class='ocrx_word' id='word_1_236' title='bbox 1470 3563 1608 3632; x_wconf 80' lang='lat' dir='ltr'>scientie</span> 
     </span>
     <span class='ocr_line' id='line_1_32' title="bbox 497 3671 1609 3751; baseline -0.003 -13"><span class='ocrx_word' id='word_1_237' title='bbox 497 3675 669 3738; x_wconf 80' lang='lat' dir='ltr'>beatorum</span> <span class='ocrx_word' id='word_1_238' title='bbox 694 3673 960 3741; x_wconf 86' lang='lat' dir='ltr'>subalternatam.</span> <span class='ocrx_word' id='word_1_239' title='bbox 981 3673 1065 3751; x_wconf 84' lang='lat' dir='ltr'>Quia</span> <span class='ocrx_word' id='word_1_240' title='bbox 1091 3673 1177 3741; x_wconf 88' lang='lat' dir='ltr'>Beati</span> <span class='ocrx_word' id='word_1_241' title='bbox 1195 3692 1269 3738; x_wconf 87' lang='lat' dir='ltr'>curn</span> <span class='ocrx_word' id='word_1_242' title='bbox 1298 3673 1330 3737; x_wconf 93' lang='lat' dir='ltr'>in</span> <span class='ocrx_word' id='word_1_243' title='bbox 1360 3673 1485 3737; x_wconf 90' lang='lat' dir='ltr'>visione</span> <span class='ocrx_word' id='word_1_244' title='bbox 1505 3671 1609 3737; x_wconf 84' lang='lat' dir='ltr'>divina</span> 
     </span>
     <span class='ocr_line' id='line_1_33' title="bbox 495 3779 1609 3866; baseline -0.004 -20"><span class='ocrx_word' id='word_1_245' title='bbox 495 3782 579 3846; x_wconf 86' lang='lat' dir='ltr'>clare</span> <span class='ocrx_word' id='word_1_246' title='bbox 599 3779 793 3865; x_wconf 88' lang='lat' dir='ltr'>perspicient</span> <span class='ocrx_word' id='word_1_247' title='bbox 811 3779 966 3865; x_wconf 89' lang='lat' dir='ltr'>principia</span> <span class='ocrx_word' id='word_1_248' title='bbox 984 3779 1076 3857; x_wconf 80' lang='lat' dir='ltr'>ndei,</span> <span class='ocrx_word' id='word_1_249' title='bbox 1107 3782 1193 3847; x_wconf 91' lang='lat' dir='ltr'>unde</span> <span class='ocrx_word' id='word_1_250' title='bbox 1216 3781 1335 3866; x_wconf 88' lang='lat' dir='ltr'>pendet</span> <span class='ocrx_word' id='word_1_251' title='bbox 1358 3780 1491 3846; x_wconf 88' lang='lat' dir='ltr'>scientia</span> <span class='ocrx_word' id='word_1_252' title='bbox 1520 3781 1609 3845; x_wconf 90' lang='lat' dir='ltr'>theo·</span> 
     </span>
     <span class='ocr_line' id='line_1_34' title="bbox 496 3887 1611 3974; baseline -0.005 -20"><span class='ocrx_word' id='word_1_253' title='bbox 496 3889 616 3974; x_wconf 84' lang='lat' dir='ltr'>logica,</span> <span class='ocrx_word' id='word_1_254' title='bbox 637 3889 690 3954; x_wconf 92' lang='lat' dir='ltr'>illa</span> <span class='ocrx_word' id='word_1_255' title='bbox 709 3907 775 3954; x_wconf 92' lang='lat' dir='ltr'>non</span> <span class='ocrx_word' id='word_1_256' title='bbox 794 3899 993 3973; x_wconf 81' lang='lat' dir='ltr'>cognoscent</span> <span class='ocrx_word' id='word_1_257' title='bbox 1012 3888 1142 3954; x_wconf 81' lang='lat' dir='ltr'>scientia</span> <span class='ocrx_word' id='word_1_258' title='bbox 1161 3889 1287 3972; x_wconf 84' lang='lat' dir='ltr'>proprie</span> <span class='ocrx_word' id='word_1_259' title='bbox 1306 3887 1405 3962; x_wconf 85' lang='lat' dir='ltr'>dicta,</span> <span class='ocrx_word' id='word_1_260' title='bbox 1422 3887 1480 3952; x_wconf 92' lang='lat' dir='ltr'>sed</span> <span class='ocrx_word' id='word_1_261' title='bbox 1500 3887 1611 3953; x_wconf 80' lang='lat' dir='ltr'>imme</span> 
     </span>
     <span class='ocr_line' id='line_1_35' title="bbox 495 3993 1607 4081; baseline -0.004 -20"><span class='ocrx_word' id='word_1_262' title='bbox 495 3997 582 4063; x_wconf 87' lang='lat' dir='ltr'>diate</span> <span class='ocrx_word' id='word_1_263' title='bbox 604 4004 803 4081; x_wconf 82' lang='lat' dir='ltr'>cognoscent</span> <span class='ocrx_word' id='word_1_264' title='bbox 831 3996 863 4061; x_wconf 91' lang='lat' dir='ltr'>in</span> <span class='ocrx_word' id='word_1_265' title='bbox 893 3995 1001 4061; x_wconf 88' lang='lat' dir='ltr'>Verbo</span> <span class='ocrx_word' id='word_1_266' title='bbox 1028 3995 1128 4061; x_wconf 86' lang='lat' dir='ltr'>instar</span> <span class='ocrx_word' id='word_1_267' title='bbox 1155 3994 1335 4080; x_wconf 90' lang='lat' dir='ltr'>primorum</span> <span class='ocrx_word' id='word_1_268' title='bbox 1363 3993 1607 4079; x_wconf 90' lang='lat' dir='ltr'>principiorum.</span> 
     </span>
     <span class='ocr_line' id='line_1_36' title="bbox 495 4101 1610 4197; baseline -0.004 -28"><span class='ocrx_word' id='word_1_269' title='bbox 495 4105 605 4186; x_wconf 89' lang='lat' dir='ltr'>ltaque</span> <span class='ocrx_word' id='word_1_270' title='bbox 621 4102 703 4169; x_wconf 91' lang='lat' dir='ltr'>visio</span> <span class='ocrx_word' id='word_1_271' title='bbox 723 4103 775 4168; x_wconf 90' lang='lat' dir='ltr'>illa</span> <span class='ocrx_word' id='word_1_272' title='bbox 794 4102 1024 4188; x_wconf 90' lang='lat' dir='ltr'>principiorum</span> <span class='ocrx_word' id='word_1_273' title='bbox 1045 4111 1192 4186; x_wconf 90' lang='lat' dir='ltr'>respectu</span> <span class='ocrx_word' id='word_1_274' title='bbox 1207 4102 1392 4187; x_wconf 83' lang='lat' dir='ltr'>Theologiae</span> <span class='ocrx_word' id='word_1_275' title='bbox 1402 4103 1449 4197; x_wconf 84' lang='lat' dir='ltr'>ita</span> <span class='ocrx_word' id='word_1_276' title='bbox 1462 4121 1500 4168; x_wconf 90' lang='lat' dir='ltr'>se</span> <span class='ocrx_word' id='word_1_277' title='bbox 1515 4101 1610 4166; x_wconf 83' lang='lat' dir='ltr'>habe·</span> 
     </span>
     <span class='ocr_line' id='line_1_37' title="bbox 494 4209 1609 4295; baseline -0.002 -20"><span class='ocrx_word' id='word_1_278' title='bbox 494 4209 553 4287; x_wconf 89' lang='lat' dir='ltr'>bit,</span> <span class='ocrx_word' id='word_1_279' title='bbox 573 4210 656 4274; x_wconf 91' lang='lat' dir='ltr'>sicut</span> <span class='ocrx_word' id='word_1_280' title='bbox 668 4229 703 4275; x_wconf 91' lang='lat' dir='ltr'>se</span> <span class='ocrx_word' id='word_1_281' title='bbox 716 4209 837 4277; x_wconf 89' lang='lat' dir='ltr'>habent</span> <span class='ocrx_word' id='word_1_282' title='bbox 852 4210 981 4276; x_wconf 83' lang='lat' dir='ltr'>habitus</span> <span class='ocrx_word' id='word_1_283' title='bbox 999 4209 1177 4295; x_wconf 88' lang='lat' dir='ltr'>primorum</span> <span class='ocrx_word' id='word_1_284' title='bbox 1193 4209 1424 4294; x_wconf 89' lang='lat' dir='ltr'>principiorum</span> <span class='ocrx_word' id='word_1_285' title='bbox 1440 4211 1609 4275; x_wconf 91' lang='lat' dir='ltr'>indemon-</span> 
     </span>
     <span class='ocr_line' id='line_1_38' title="bbox 493 4315 1609 4403; baseline -0.003 -22"><span class='ocrx_word' id='word_1_286' title='bbox 493 4317 673 4382; x_wconf 89' lang='lat' dir='ltr'>strabilium</span> <span class='ocrx_word' id='word_1_287' title='bbox 694 4326 843 4403; x_wconf 88' lang='lat' dir='ltr'>respectu</span> <span class='ocrx_word' id='word_1_288' title='bbox 866 4318 1007 4383; x_wconf 80' lang='lat' dir='ltr'>scientiae</span> <span class='ocrx_word' id='word_1_289' title='bbox 1031 4317 1063 4382; x_wconf 91' lang='lat' dir='ltr'>in</span> <span class='ocrx_word' id='word_1_290' title='bbox 1092 4315 1155 4384; x_wconf 90' lang='lat' dir='ltr'>illis</span> <span class='ocrx_word' id='word_1_291' title='bbox 1177 4317 1332 4385; x_wconf 78' lang='lat' dir='ltr'>fundatae.</span> <span class='ocrx_word' id='word_1_292' title='bbox 1358 4317 1458 4399; x_wconf 78' lang='lat' dir='ltr'>Atqui</span> <span class='ocrx_word' id='word_1_293' title='bbox 1482 4317 1609 4382; x_wconf 86' lang='lat' dir='ltr'>habitus</span> 
     </span>
    </p>
   </div>
   <div class='ocr_carea' id='block_1_6' title="bbox 528 4563 1608 4732">
    <p class='ocr_par' dir='ltr' id='par_1_7' title="bbox 528 4563 1608 4732">
     <span class='ocr_line' id='line_1_39' title="bbox 528 4563 1524 4639; baseline -0.002 -15"><span class='ocrx_word' id='word_1_294' title='bbox 528 4570 568 4632; x_wconf 85' lang='grc' dir='ltr'>(ι)</span> <span class='ocrx_word' id='word_1_295' title='bbox 606 4565 680 4624; x_wconf 87' lang='lat' dir='ltr'>Vide</span> <span class='ocrx_word' id='word_1_296' title='bbox 694 4566 838 4638; x_wconf 75' lang='lat' dir='ltr'>Caietam,</span> <span class='ocrx_word' id='word_1_297' title='bbox 854 4568 906 4626; x_wconf 88' lang='lat' dir='ltr'>loc.</span> <span class='ocrx_word' id='word_1_298' title='bbox 922 4565 971 4624; x_wconf 83' lang='lat' dir='ltr'>cit.</span> <span class='ocrx_word' id='word_1_299' title='bbox 987 4565 1049 4624; x_wconf 87' lang='lat' dir='ltr'>Csr.</span> <span class='ocrx_word' id='word_1_300' title='bbox 1065 4565 1200 4639; x_wconf 83' lang='lat' dir='ltr'>superius</span> <span class='ocrx_word' id='word_1_301' title='bbox 1212 4565 1289 4623; x_wconf 83' lang='lat' dir='ltr'>dicta</span> <span class='ocrx_word' id='word_1_302' title='bbox 1303 4563 1334 4622; x_wconf 91' lang='lat' dir='ltr'>in</span> <span class='ocrx_word' id='word_1_303' title='bbox 1348 4564 1398 4622; x_wconf 86' lang='lat' dir='ltr'>fin.</span> <span class='ocrx_word' id='word_1_304' title='bbox 1415 4583 1447 4623; x_wconf 90' lang='lat' dir='ltr'>n.</span> <span class='ocrx_word' id='word_1_305' title='bbox 1462 4583 1524 4638; x_wconf 82' lang='lat'>295.</span> 
     </span>
     <span class='ocr_line' id='line_1_40' title="bbox 528 4653 1608 4732; baseline -0.002 -20"><span class='ocrx_word' id='word_1_306' title='bbox 528 4662 569 4724; x_wconf 85' lang='lat'>(2)</span> <span class='ocrx_word' id='word_1_307' title='bbox 604 4655 680 4716; x_wconf 88' lang='lat' dir='ltr'>Vide</span> <span class='ocrx_word' id='word_1_308' title='bbox 694 4657 754 4715; x_wconf 76' lang='lat' dir='ltr'>haee</span> <span class='ocrx_word' id='word_1_309' title='bbox 766 4656 829 4717; x_wconf 84' lang='lat' dir='ltr'>fuse</span> <span class='ocrx_word' id='word_1_310' title='bbox 842 4657 964 4717; x_wconf 80' lang='lat' dir='ltr'>dilatate</span> <span class='ocrx_word' id='word_1_311' title='bbox 978 4657 1058 4731; x_wconf 85' lang='lat' dir='ltr'>apud</span> <span class='ocrx_word' id='word_1_312' title='bbox 1069 4655 1242 4732; x_wconf 82' lang='lat' dir='ltr'>Gregorium</span> <span class='ocrx_word' id='word_1_313' title='bbox 1262 4655 1299 4714; x_wconf 88' lang='lat' dir='ltr'>de</span> <span class='ocrx_word' id='word_1_314' title='bbox 1316 4653 1466 4726; x_wconf 80' lang='lat' dir='ltr'>Valentia,</span> <span class='ocrx_word' id='word_1_315' title='bbox 1483 4655 1538 4716; x_wconf 86' lang='lat' dir='ltr'>loc.</span> <span class='ocrx_word' id='word_1_316' title='bbox 1563 4655 1608 4713; x_wconf 85' lang='lat' dir='ltr'>cir.</span> 
     </span>
    </p>
   </div>
   <div class='ocr_carea' id='block_1_7' title="bbox 0 0 1750 5525">
    <p class='ocr_par' dir='ltr' id='par_1_8' title="bbox 0 0 1750 5525">
     <span class='ocr_line' id='line_1_41' title="bbox 0 0 1750 5525; baseline 0 0"><span class='ocrx_word' id='word_1_317' title='bbox 0 0 1750 5525; x_wconf 95' lang='lat' dir='ltr'> </span> 
     </span>
    </p>
   </div>
  </div>
 </body>
</html>
