3492 5525
546 443 604 529 864
667 444 792 511 Lourca
808 447 1042 549 Meton-Lis.
1061 461 1120 509 av
1135 446 1228 510 Dtse.
1246 458 1290 527 3.¹
1305 446 1387 509 Cae.
1399 460 1471 507 arm

505 644 634 692 sumere
653 629 716 693 sub
735 628 898 714 subjecto,
919 628 970 694 cui
991 647 1057 693 non
1080 627 1253 694 conveniat
1271 628 1335 693 t'ale
1350 627 1580 711 praedicatum.
1603 628 1643 691 Et
1726 661 1728 686 ε

505 734 636 799 aliunde
655 735 734 801 nihil
755 745 856 813 vetat,
888 734 1067 819 quominus
1086 734 1212 820 possint
1231 752 1303 800 esse
1321 734 1505 800 sctennflcae
1536 744 1643 817 atque
1726 748 1728 817 3

506 852 590 926 aptae
615 843 656 908 ad
681 841 901 909 conficiendas
933 860 1026 909 veras
1059 841 1355 909 demonstrationes
1392 838 1642 926 propositiones
1726 819 1728 886 ἶ

506 948 657 1032 quaedam
676 948 717 1015 de
735 950 883 1035 subjecto
896 949 1066 1035 singulari,
1087 949 1191 1033 iisque
1210 951 1314 1033 plenae
1332 960 1412 1015 sunt
1424 950 1643 1015 demonstra·

506 1057 613 1123 tiones
636 1056 824 1144 Theologiae
853 1058 924 1123 sive
950 1055 1104 1123 naturalis
1129 1055 1199 1123 sive
1224 1057 1479 1141 supernaturalis
1502 1055 1575 1143 (t).
1607 1058 1641 1121 ln

507 1162 575 1230 aliis
601 1182 678 1230 vero
702 1162 990 1249 propositionibus,
1016 1182 1155 1248 quarum
1177 1165 1363 1249 subjectum
1388 1164 1555 1249 singulare
1582 1166 1642 1228 ha·

507 1272 598 1355 beat,
621 1272 671 1336 vel
686 1282 772 1337 certe
786 1273 903 1338 habere
922 1272 1025 1356 possit
1052 1274 1112 1337 alia
1142 1272 1307 1338 individua
1326 1272 1387 1338 sibi
1406 1267 1524 1337 similia
1551 1270 1640 1336 intra

508 1378 657 1444 eamdem
678 1379 833 1464 speciem,
854 1381 969 1463 quales
982 1388 1060 1446 sunt
1077 1380 1162 1457 istae,
1183 1400 1216 1443 v.
1237 1396 1286 1464 gs
1306 1380 1449 1446 Socrates
1466 1382 1516 1444 est
1532 1379 1638 1455 mmo,

507 1487 622 1553 Petrus
648 1489 695 1551 est
719 1487 850 1553 risibilis
878 1499 956 1563 etc„
983 1486 1111 1553 videtur
1142 1505 1206 1552 non
1236 1488 1343 1552 valere
1372 1488 1441 1553 haec
1469 1486 1636 1565 doctrina;

508 1594 614 1679 primo
629 1594 705 1679 quia
723 1612 834 1661 revera
853 1595 924 1661 istae
938 1594 1177 1680 propositiones
1192 1613 1258 1660 non
1273 1603 1351 1660 sunt
1363 1594 1638 1660 demonstrativae
1726 1652 1728 1655 ,

508 1720 545 1769 ae
564 1701 760 1777 scientificae,
780 1721 856 1768 cum
875 1703 1010 1769 seientia
1029 1720 1095 1768 non
1115 1702 1156 1769 sit
1185 1703 1228 1767 de
1250 1702 1487 1787 singularibus3
1513 1700 1638 1766 deinde

508 1808 583 1893 quia
598 1827 664 1875 non
673 1809 788 1876 eadem
798 1808 889 1894 viget
903 1808 936 1875 in
956 1809 1018 1875 illis
1030 1809 1124 1878 ratio.
1138 1808 1172 1875 ln
1192 1809 1260 1875 Deo
1274 1809 1376 1887 enim,
1392 1808 1572 1875 cumidem
1595 1810 1640 1874 sit

508 1924 622 1983 natura
636 1925 669 1981 et
683 1916 889 1984 individualis
901 1916 1099 1993 differentia,
1115 1917 1274 2002 quidquid
1289 1916 1329 1981 de
1341 1916 1414 2002 ipso
1425 1916 1637 2001 praedicatur.

510 2022 724 2092 essentialiter
740 2023 943 2108 praedicatur,
959 2034 992 2091 et
1005 2024 1109 2110 ipsam
1127 2036 1276 2092 naturam
1291 2024 1431 2108 respicit;
1447 2033 1480 2088 et
1498 2024 1546 2090 sic
1559 2042 1640 2108 pro-
1726 2011 1728 2014 ’

437 2160 438 2165 ¹
509 2130 699 2216 positiones,
723 2150 797 2215 quae
826 2132 866 2197 de
887 2132 955 2198 Deo
979 2134 1179 2209 formantur,
1211 2140 1385 2215 quatenus.
1403 2130 1492 2197 Deus
1506 2150 1565 2215 per
1585 2150 1624 2197 ra
1726 2210 1728 2228 Ι

508 2239 633 2305 tionem
650 2239 802 2324 cognosci
822 2247 944 2323 potest,
961 2241 1162 2324 aequivalent
1173 2239 1427 2317 universalibus,
1445 2239 1497 2303 vel
1512 2238 1640 2304 virtute
1726 2232 1728 2238 ’

509 2346 710 2413 universales
723 2356 815 2424 sunt,
829 2348 906 2431 quia
921 2348 1106 2417 essentiales
1118 2358 1208 2430 sunt;
1224 2347 1301 2431 quia
1315 2346 1342 2413 si
1358 2366 1415 2432 per
1429 2347 1640 2431 impossibile
1726 2387 1728 2398 ·

510 2456 601 2540 plura
616 2466 725 2521 essent
737 2454 903 2521 individua
921 2454 1007 2524 illius
1021 2456 1150 2540 speciei,
1171 2457 1328 2522 omnibus
1346 2454 1408 2520 illis
1422 2454 1642 2520 convenirent

510 2561 624 2627 eadem
652 2562 835 2646 predicata.
857 2561 901 2629 At
926 2582 1003 2629 vero
1023 2583 1041 2628 e
1058 2582 1236 2642 converso,
1257 2563 1430 2629 innumera
1454 2573 1534 2628 sunt
1552 2581 1642 2646 prae·

509 2669 632 2745 dicata,
653 2689 727 2754 quae
745 2670 950 2736 conveniunt
976 2670 1194 2757 singularibus
1218 2671 1301 2749 aliis,
1333 2671 1365 2749 in
1395 2670 1515 2755 quibus
1541 2669 1643 2735 diffe-

510 2779 613 2845 rentia
631 2778 837 2846 individualis
857 2799 924 2846 non
944 2791 993 2847 est
1012 2780 1053 2846 de
1071 2780 1142 2865 ipsa
1160 2778 1301 2847 essentia
1320 2789 1443 2846 naturae
1459 2777 1640 2864 specificae,
1726 2798 1728 2855 5

417 2938 437 2954 „
509 2905 583 2970 quae
609 2904 675 2952 non
700 2888 901 2954 conveniunt
926 2887 996 2954 aliis
1023 2888 1197 2954 individuis
1223 2887 1403 2962 similibus,
1435 2887 1489 2952 illa
1515 2906 1643 2970 nempe
1726 2876 1728 2917 ³

510 3014 585 3080 quae
602 3005 786 3079 sequuntur
797 2997 1029 3062 individualem
1049 2998 1210 3083 cujusque
1227 2997 1443 3062 differentiam
1462 2993 1529 3082 (2).

369 3125 429 3182 «alu
576 3101 610 3192 β)
633 3105 678 3171 lJt
688 3123 830 3188 quaeram
841 3104 1064 3187 sitpropositio
1077 3105 1296 3188 depraedicare
1308 3127 1422 3188 perse
1436 3103 1638 3180 innotescat,
1726 3166 1728 3195 Ι

296 3201 497 3326 'hssffld‘
511 3211 690 3278 notandum
712 3224 761 3279 est
780 3231 820 3277 ex
840 3211 1014 3278 Aristotele
1032 3211 1097 3301 (3),
1117 3221 1260 3296 quatuor
1278 3212 1386 3278 modis
1400 3231 1498 3297 posse
1512 3211 1636 3295 aliquid
1726 3230 1728 3303 j

355 3358 434 3398 perte.
510 3318 570 3384 dici
584 3325 644 3400 per
660 3339 704 3384 se.
728 3319 856 3386 Primus
875 3321 995 3385 modus
1010 3320 1136 3386 dicendi
1150 3339 1208 3404 per
1222 3339 1257 3387 se
1272 3329 1322 3385 est
1336 3321 1406 3398 ille,
1423 3321 1456 3385 in
1471 3339 1540 3403 quo
1554 3339 1642 3404 prae·
1726 3326 1728 3365 ἵ

308 3415 487 3532 modff'fflnffl
510 3427 653 3492 dicatum
673 3438 723 3493 est
754 3428 795 3492 de
813 3427 987 3493 intrinseca
1014 3436 1047 3492 et
1071 3427 1235 3494 essentiali
1265 3428 1389 3493 ratione
1414 3426 1570 3512 subjecti,
1603 3447 1642 3492 ac

360 3573 374 3614 ρ
375 3573 436 3608 00000
512 3533 646 3619 proinde
665 3534 804 3618 pertinet
823 3536 862 3601 ad
882 3537 953 3619 ejus
972 3535 1214 3613 definitionem,
1236 3554 1302 3601 non
1325 3545 1483 3619 tanquam
1512 3534 1642 3600 addita·

511 3650 662 3710 mentum
681 3654 738 3709 aut
756 3643 917 3710 terminus
931 3643 1161 3723 connexionis,
1183 3644 1241 3710 sed
1255 3653 1413 3727 tanquam
1423 3653 1494 3709 tota
1507 3639 1641 3725 quiddi-

512 3759 579 3827 tas,
599 3757 658 3817 aut
676 3769 751 3835 pars
768 3750 976 3834 quidditatis,
997 3752 1048 3818 vel
1067 3761 1239 3835 tamquam
1260 3751 1339 3836 quid
1352 3750 1529 3816 formaliter
1543 3750 1643 3816 imbi-

549 4109 590 4180 (ι)
625 4110 701 4168 Vide
717 4110 845 4169 Rubium
860 4108 908 4166 hie
921 4129 985 4181 cop.
999 4130 1028 4182 4,
1043 4128 1073 4181 q.
1084 4129 1111 4179 2,
1123 4129 1154 4178 n,
1172 4108 1514 4184 153C0nimbric.,ib.q.
1531 4131 1557 4181 r,
1572 4133 1600 4170 a.
1618 4135 1641 4180 r,

513 4201 565 4258 ubi
578 4198 645 4258 licet
659 4198 825 4272 oppositum
848 4197 930 4270 prius
949 4197 1118 4265 defendant,
1137 4199 1313 4271 permittunt
1330 4201 1473 4258 tamenin
1487 4201 1546 4259 fine
1565 4203 1645 4261 bane

512 4289 687 4360 doctrinam,
703 4306 825 4360 eamque
840 4287 942 4346 tuendi
962 4287 1050 4345 etiam
1070 4287 1190 4346 modum
1214 4303 1392 4361 proponunt.
1409 4288 1472 4348 etr.
1497 4289 1642 4360 Lossada,

513 4383 564 4440 loe.
579 4381 642 4451 cin,
663 4399 725 4451 cup.
741 4398 769 4448 a,
790 4397 821 4436 n.
835 4378 864 4448 ὃς
880 4377 1008 4447 Rhodes,
1025 4379 1142 4454 Logia,
1166 4377 1217 4437 lib.
1244 4399 1268 4448 r,
1294 4378 1370 4451 disp.
1389 4396 1416 4450 ς,
1442 4394 1546 4450 quest.
1563 4383 1643 4440 unic.

513 4484 584 4531 sect.
597 4472 626 4541 6,
643 4487 758 4543 paragr.
775 4491 804 4541 3,
816 4467 847 4526 in
862 4467 930 4537 iiue,
945 4467 1018 4525 Dico
1031 4469 1169 4525 secundo.

550 4566 592 4629 (a)
629 4559 705 4618 Vide
717 4558 805 4624 Rub..
821 4558 875 4616 loc.
885 4555 948 4626 cit,
962 4575 991 4627 q.
1003 4575 1032 4626 a,
1044 4575 1074 4614 n.
1096 4574 1139 4629 15·
1726 4536 1728 4597 i

550 4655 589 4723 (3)
626 4649 692 4710 Lib.
711 4655 748 4706 n·
761 4647 936 4716 Posterior„
953 4666 1018 4717 cap.
1042 4665 1071 4720 4.
1085 4645 1162 4705 Vide
1182 4645 1216 4704 S.
1239 4646 1358 4718 Thone..
1383 4648 1435 4709 lib.
1457 4660 1496 4706 1.·
1516 4651 1636 4711 Postea.

514 4742 654 4814 Anoljrt„
671 4739 736 4799 leet.
757 4759 798 4809 ¹03
813 4737 923 4797 Summ.
937 4736 1026 4795 tortus
1040 4737 1128 4812 Lop,
1141 4736 1249 4809 Arist,
1263 4749 1347 4800 treet.
1362 4759 1392 4812 9,
1405 4758 1469 4812 esp.
1485 4759 1513 4801 a.
