<?xml version="1.0" encoding="UTF-8"?>
<!DOCTYPE html PUBLIC "-//W3C//DTD XHTML 1.0 Transitional//EN"
    "http://www.w3.org/TR/xhtml1/DTD/xhtml1-transitional.dtd">
<html xmlns="http://www.w3.org/1999/xhtml" xml:lang="en" lang="en">
 <head>
  <title>
</title>
<meta http-equiv="Content-Type" content="text/html;charset=utf-8" />
  <meta name='ocr-system' content='tesseract 3.04.00' />
  <meta name='ocr-capabilities' content='ocr_page ocr_carea ocr_par ocr_line ocrx_word'/>
</head>
<body>
  <div class='ocr_page' id='page_1' title='image "./institutionesph00urrgoog/institutionesph00urrgoog_0767.png"; bbox 0 0 3492 5525; ppageno 0'>
   <div class='ocr_carea' id='block_1_1' title="bbox 341 467 1212 591">
    <p class='ocr_par' dir='ltr' id='par_1_1' title="bbox 341 467 1212 591">
     <span class='ocr_line' id='line_1_1' title="bbox 341 467 1212 591; baseline 0.007 -20"><span class='ocrx_word' id='word_1_1' title='bbox 341 507 458 572; x_wconf 70' lang='lat' dir='ltr'><strong>darre.</strong></span> <span class='ocrx_word' id='word_1_2' title='bbox 485 519 541 588; x_wconf 68' lang='lat' dir='ltr'><strong>pu·</strong></span> <span class='ocrx_word' id='word_1_3' title='bbox 561 504 775 583; x_wconf 76' lang='lat' dir='ltr'><strong>Quorurusx</strong></span> <span class='ocrx_word' id='word_1_4' title='bbox 796 505 1032 572; x_wconf 71' lang='lat' dir='ltr'><strong>Pammcaorta</strong></span> <span class='ocrx_word' id='word_1_5' title='bbox 1073 467 1078 477; x_wconf 30' lang='lat'><strong>⁴</strong></span> <span class='ocrx_word' id='word_1_6' title='bbox 1154 523 1212 591; x_wconf 77' lang='lat'><strong>747</strong></span> 
     </span>
    </p>
   </div>
   <div class='ocr_carea' id='block_1_2' title="bbox 21 681 1467 4425">
    <p class='ocr_par' dir='ltr' id='par_1_2' title="bbox 21 681 1454 4425">
     <span class='ocr_line' id='line_1_2' title="bbox 197 681 1250 776; baseline 0.004 -24"><span class='ocrx_word' id='word_1_7' title='bbox 197 688 290 752; x_wconf 81' lang='lat' dir='ltr'><strong>Plura</strong></span> <span class='ocrx_word' id='word_1_8' title='bbox 308 686 349 750; x_wconf 88' lang='lat' dir='ltr'><strong>de</strong></span> <span class='ocrx_word' id='word_1_9' title='bbox 368 687 427 751; x_wconf 83' lang='lat' dir='ltr'><strong>hac</strong></span> <span class='ocrx_word' id='word_1_10' title='bbox 445 703 481 749; x_wconf 89' lang='lat' dir='ltr'><strong>re</strong></span> <span class='ocrx_word' id='word_1_11' title='bbox 497 683 587 749; x_wconf 90' lang='lat' dir='ltr'><strong>dabit</strong></span> <span class='ocrx_word' id='word_1_12' title='bbox 604 681 793 772; x_wconf 83' lang='lat' dir='ltr'><strong>lossada(r</strong></span> <span class='ocrx_word' id='word_1_13' title='bbox 801 682 815 772; x_wconf 95' lang='lat'>)</span> <span class='ocrx_word' id='word_1_14' title='bbox 833 693 867 750; x_wconf 88' lang='lat' dir='ltr'><strong>et</strong></span> <span class='ocrx_word' id='word_1_15' title='bbox 893 686 989 770; x_wconf 78' lang='lat' dir='ltr'>prisci</span> <span class='ocrx_word' id='word_1_16' title='bbox 1008 688 1167 756; x_wconf 75' lang='lat' dir='ltr'><strong>auctores</strong></span> <span class='ocrx_word' id='word_1_17' title='bbox 1184 686 1250 776; x_wconf 78' lang='lat' dir='ltr'><strong>(a),</strong></span> 
     </span>
     <span class='ocr_line' id='line_1_3' title="bbox 122 791 901 882; baseline -0.003 -22"><span class='ocrx_word' id='word_1_18' title='bbox 122 793 216 879; x_wconf 85' lang='lat' dir='ltr'><strong>apud</strong></span> <span class='ocrx_word' id='word_1_19' title='bbox 234 809 320 878; x_wconf 87' lang='lat' dir='ltr'><strong>quos</strong></span> <span class='ocrx_word' id='word_1_20' title='bbox 337 792 434 858; x_wconf 82' lang='lat' dir='ltr'><strong>etiarn</strong></span> <span class='ocrx_word' id='word_1_21' title='bbox 454 793 579 858; x_wconf 82' lang='lat' dir='ltr'><strong>solutas</strong></span> <span class='ocrx_word' id='word_1_22' title='bbox 592 791 667 857; x_wconf 84' lang='lat' dir='ltr'><strong>vide</strong></span> <span class='ocrx_word' id='word_1_23' title='bbox 679 791 901 882; x_wconf 80' lang='lat' dir='ltr'><strong>difficultates.</strong></span> 
     </span>
     <span class='ocr_line' id='line_1_4' title="bbox 197 869 1445 986; baseline -0.002 -19"><span class='ocrx_word' id='word_1_24' title='bbox 197 903 330 986; x_wconf 75' lang='lat' dir='ltr'>Propter</span> <span class='ocrx_word' id='word_1_25' title='bbox 348 901 433 966; x_wconf 87' lang='lat' dir='ltr'><strong>hanc</strong></span> <span class='ocrx_word' id='word_1_26' title='bbox 450 897 674 982; x_wconf 81' lang='lat' dir='ltr'><strong>praecisionem</strong></span> <span class='ocrx_word' id='word_1_27' title='bbox 686 901 862 984; x_wconf 81' lang='lat' dir='ltr'><strong>perlectam</strong></span> <span class='ocrx_word' id='word_1_28' title='bbox 875 901 1005 985; x_wconf 79' lang='lat' dir='ltr'><strong>generis</strong></span> <span class='ocrx_word' id='word_1_29' title='bbox 1024 923 1044 968; x_wconf 87' lang='lat' dir='ltr'><strong>a</strong></span> <span class='ocrx_word' id='word_1_30' title='bbox 1061 869 1252 978; x_wconf 86' lang='lat' dir='ltr'><strong>ditterentia</strong></span> <span class='ocrx_word' id='word_1_31' title='bbox 1289 918 1371 964; x_wconf 69' lang='lat' dir='ltr'><strong>c..</strong></span> <span class='ocrx_word' id='word_1_32' title='bbox 1324 935 1415 973; x_wconf 77' lang='grc' dir='ltr'><strong>ιιιιιι</strong></span> <span class='ocrx_word' id='word_1_33' title='bbox 1388 929 1445 965; x_wconf 81' lang='grc' dir='ltr'><strong>ιιιι</strong></span> 
     </span>
     <span class='ocr_line' id='line_1_5' title="bbox 123 990 1467 1118; baseline 0.003 -44"><span class='ocrx_word' id='word_1_34' title='bbox 123 1019 162 1076; x_wconf 89' lang='lat' dir='ltr'><strong>et</strong></span> <span class='ocrx_word' id='word_1_35' title='bbox 175 1007 533 1092; x_wconf 70' lang='lat' dir='ltr'><strong>differentisagenere,</strong></span> <span class='ocrx_word' id='word_1_36' title='bbox 546 1007 698 1072; x_wconf 82' lang='lat' dir='ltr'><strong>dicuntur</strong></span> <span class='ocrx_word' id='word_1_37' title='bbox 708 1007 776 1073; x_wconf 80' lang='lat' dir='ltr'><strong>lrrec</strong></span> <span class='ocrx_word' id='word_1_38' title='bbox 786 1007 892 1074; x_wconf 86' lang='lat' dir='ltr'><strong>iacere</strong></span> <span class='ocrx_word' id='word_1_39' title='bbox 900 1009 1253 1093; x_wconf 79' lang='lat' dir='ltr'><strong>compositionemme·</strong></span> <span class='ocrx_word' id='word_1_40' title='bbox 1266 1062 1309 1109; x_wconf 60' lang='grc' dir='ltr'><strong>ω.</strong></span> <span class='ocrx_word' id='word_1_41' title='bbox 1303 990 1467 1118; x_wconf 52' lang='lat' dir='ltr'><strong>ffifflw</strong></span> <span class='ocrx_word' id='word_1_42' title='bbox 1368 993 1426 1036; x_wconf 77' lang='lat'>‘⁰¹¹⁸</span> 
     </span>
     <span class='ocr_line' id='line_1_6' title="bbox 124 1077 1446 1202; baseline -0.002 -21"><span class='ocrx_word' id='word_1_43' title='bbox 124 1115 345 1202; x_wconf 82' lang='lat' dir='ltr'><strong>taphysicam,</strong></span> <span class='ocrx_word' id='word_1_44' title='bbox 356 1125 389 1181; x_wconf 86' lang='lat' dir='ltr'><strong>et</strong></span> <span class='ocrx_word' id='word_1_45' title='bbox 398 1115 444 1180; x_wconf 87' lang='lat' dir='ltr'><strong>sic</strong></span> <span class='ocrx_word' id='word_1_46' title='bbox 456 1113 651 1180; x_wconf 88' lang='lat' dir='ltr'><strong>constituere</strong></span> <span class='ocrx_word' id='word_1_47' title='bbox 660 1114 818 1199; x_wconf 88' lang='lat' dir='ltr'><strong>speciem,</strong></span> <span class='ocrx_word' id='word_1_48' title='bbox 832 1116 928 1200; x_wconf 82' lang='lat' dir='ltr'><strong>cujus</strong></span> <span class='ocrx_word' id='word_1_49' title='bbox 942 1115 1077 1200; x_wconf 82' lang='lat' dir='ltr'>proinde</span> <span class='ocrx_word' id='word_1_50' title='bbox 1093 1125 1172 1185; x_wconf 89' lang='lat' dir='ltr'><strong>sunt</strong></span> <span class='ocrx_word' id='word_1_51' title='bbox 1180 1135 1255 1202; x_wconf 90' lang='lat' dir='ltr'><strong>par</strong></span> <span class='ocrx_word' id='word_1_52' title='bbox 1325 1077 1446 1180; x_wconf 47' lang='grc' dir='ltr'><strong>ιιιιιιμ</strong></span> 
     </span>
     <span class='ocr_line' id='line_1_7' title="bbox 125 1207 1445 1309; baseline 0.002 -19"><span class='ocrx_word' id='word_1_53' title='bbox 125 1235 192 1290; x_wconf 88' lang='lat' dir='ltr'><strong>tes.</strong></span> <span class='ocrx_word' id='word_1_54' title='bbox 210 1223 293 1288; x_wconf 82' lang='lat' dir='ltr'><strong>Nam</strong></span> <span class='ocrx_word' id='word_1_55' title='bbox 306 1222 435 1307; x_wconf 83' lang='lat' dir='ltr'>proprie</span> <span class='ocrx_word' id='word_1_56' title='bbox 448 1221 685 1288; x_wconf 87' lang='lat' dir='ltr'><strong>nonveniunt</strong></span> <span class='ocrx_word' id='word_1_57' title='bbox 677 1240 709 1290; x_wconf 89' lang='grc' dir='ltr'><strong>ιιι</strong></span> <span class='ocrx_word' id='word_1_58' title='bbox 724 1222 1017 1306; x_wconf 75' lang='lat' dir='ltr'><strong>compositionem,</strong></span> <span class='ocrx_word' id='word_1_59' title='bbox 1033 1221 1163 1302; x_wconf 91' lang='lat' dir='ltr'><strong>nisiea,</strong></span> <span class='ocrx_word' id='word_1_60' title='bbox 1177 1222 1295 1309; x_wconf 56' lang='lat' dir='ltr'><strong>quaem</strong></span> <span class='ocrx_word' id='word_1_61' title='bbox 1272 1207 1445 1265; x_wconf 75' lang='grc' dir='ltr'><strong>“’”Ῥ”””’</strong></span> 
     </span>
     <span class='ocr_line' id='line_1_8' title="bbox 126 1328 1254 1414; baseline 0.004 -19"><span class='ocrx_word' id='word_1_62' title='bbox 126 1328 305 1396; x_wconf 86' lang='lat' dir='ltr'><strong>distincta</strong></span> <span class='ocrx_word' id='word_1_63' title='bbox 296 1329 438 1396; x_wconf 68' lang='lat' dir='ltr'><strong>invaem</strong></span> <span class='ocrx_word' id='word_1_64' title='bbox 452 1337 544 1396; x_wconf 87' lang='lat' dir='ltr'><strong>sunt.</strong></span> <span class='ocrx_word' id='word_1_65' title='bbox 562 1329 729 1406; x_wconf 81' lang='lat' dir='ltr'><strong>Quoniam</strong></span> <span class='ocrx_word' id='word_1_66' title='bbox 744 1348 823 1396; x_wconf 85' lang='lat' dir='ltr'><strong>vero</strong></span> <span class='ocrx_word' id='word_1_67' title='bbox 832 1348 942 1414; x_wconf 80' lang='lat' dir='ltr'><strong>genus</strong></span> <span class='ocrx_word' id='word_1_68' title='bbox 948 1338 982 1398; x_wconf 89' lang='lat' dir='ltr'><strong>et</strong></span> <span class='ocrx_word' id='word_1_69' title='bbox 994 1332 1174 1400; x_wconf 77' lang='lat' dir='ltr'><strong>differentia</strong></span> <span class='ocrx_word' id='word_1_70' title='bbox 1187 1351 1254 1400; x_wconf 88' lang='lat' dir='ltr'><strong>non</strong></span> 
     </span>
     <span class='ocr_line' id='line_1_9' title="bbox 127 1435 1256 1523; baseline 0.004 -21"><span class='ocrx_word' id='word_1_71' title='bbox 127 1437 378 1523; x_wconf 77' lang='lat' dir='ltr'><strong>distinguuntur</strong></span> <span class='ocrx_word' id='word_1_72' title='bbox 398 1436 459 1502; x_wconf 89' lang='lat' dir='ltr'><strong>nisi</strong></span> <span class='ocrx_word' id='word_1_73' title='bbox 477 1437 613 1512; x_wconf 89' lang='lat' dir='ltr'><strong>ratione,</strong></span> <span class='ocrx_word' id='word_1_74' title='bbox 630 1447 667 1502; x_wconf 92' lang='lat' dir='ltr'><strong>ut</strong></span> <span class='ocrx_word' id='word_1_75' title='bbox 680 1435 756 1504; x_wconf 76' lang='lat' dir='ltr'><strong>albi</strong></span> <span class='ocrx_word' id='word_1_76' title='bbox 771 1436 976 1521; x_wconf 83' lang='lat' dir='ltr'><strong>probandum</strong></span> <span class='ocrx_word' id='word_1_77' title='bbox 990 1448 1052 1515; x_wconf 88' lang='lat' dir='ltr'><strong>est,</strong></span> <span class='ocrx_word' id='word_1_78' title='bbox 1073 1439 1130 1506; x_wconf 91' lang='lat' dir='ltr'><strong>ubi</strong></span> <span class='ocrx_word' id='word_1_79' title='bbox 1147 1440 1189 1506; x_wconf 91' lang='lat' dir='ltr'><strong>de</strong></span> <span class='ocrx_word' id='word_1_80' title='bbox 1207 1439 1256 1506; x_wconf 91' lang='lat' dir='ltr'><strong>di-</strong></span> 
     </span>
     <span class='ocr_line' id='line_1_10' title="bbox 126 1543 1255 1632; baseline -0.001 -19"><span class='ocrx_word' id='word_1_81' title='bbox 126 1546 303 1614; x_wconf 88' lang='lat' dir='ltr'><strong>stinctione</strong></span> <span class='ocrx_word' id='word_1_82' title='bbox 321 1544 484 1632; x_wconf 81' lang='lat' dir='ltr'><strong>graduum</strong></span> <span class='ocrx_word' id='word_1_83' title='bbox 501 1543 656 1626; x_wconf 62' lang='lat' dir='ltr'><strong>enuntia</strong></span> <span class='ocrx_word' id='word_1_84' title='bbox 676 1543 749 1610; x_wconf 88' lang='lat' dir='ltr'><strong>ideo</strong></span> <span class='ocrx_word' id='word_1_85' title='bbox 763 1543 958 1629; x_wconf 83' lang='lat' dir='ltr'><strong>compositio</strong></span> <span class='ocrx_word' id='word_1_86' title='bbox 973 1545 1102 1630; x_wconf 80' lang='lat' dir='ltr'><strong>generis</strong></span> <span class='ocrx_word' id='word_1_87' title='bbox 1117 1565 1155 1614; x_wconf 84' lang='lat' dir='ltr'><strong>ac</strong></span> <span class='ocrx_word' id='word_1_88' title='bbox 1165 1548 1255 1616; x_wconf 82' lang='lat' dir='ltr'><strong>dille·</strong></span> 
     </span>
     <span class='ocr_line' id='line_1_11' title="bbox 128 1649 1251 1739; baseline 0.003 -20"><span class='ocrx_word' id='word_1_89' title='bbox 128 1657 242 1722; x_wconf 76' lang='lat' dir='ltr'><strong>tentiae</strong></span> <span class='ocrx_word' id='word_1_90' title='bbox 256 1673 322 1720; x_wconf 93' lang='lat' dir='ltr'><strong>non</strong></span> <span class='ocrx_word' id='word_1_91' title='bbox 337 1652 504 1727; x_wconf 90' lang='lat' dir='ltr'><strong>estrealis,</strong></span> <span class='ocrx_word' id='word_1_92' title='bbox 520 1652 577 1719; x_wconf 89' lang='lat' dir='ltr'><strong>sed</strong></span> <span class='ocrx_word' id='word_1_93' title='bbox 588 1649 812 1739; x_wconf 80' lang='lat' dir='ltr'><strong>metaphysica</strong></span> <span class='ocrx_word' id='word_1_94' title='bbox 824 1653 1013 1731; x_wconf 80' lang='lat' dir='ltr'><strong>dumtaxat,</strong></span> <span class='ocrx_word' id='word_1_95' title='bbox 1030 1671 1088 1722; x_wconf 87' lang='lat' dir='ltr'><strong>seu</strong></span> <span class='ocrx_word' id='word_1_96' title='bbox 1106 1653 1251 1724; x_wconf 86' lang='lat' dir='ltr'><strong>rationis.</strong></span> 
     </span>
     <span class='ocr_line' id='line_1_12' title="bbox 129 1759 1454 1847; baseline -0.002 -18"><span class='ocrx_word' id='word_1_97' title='bbox 129 1766 164 1830; x_wconf 92' lang='lat' dir='ltr'><strong>ln</strong></span> <span class='ocrx_word' id='word_1_98' title='bbox 182 1781 248 1847; x_wconf 88' lang='lat' dir='ltr'><strong>qua</strong></span> <span class='ocrx_word' id='word_1_99' title='bbox 262 1760 511 1846; x_wconf 75' lang='lat' dir='ltr'><strong>compositione,</strong></span> <span class='ocrx_word' id='word_1_100' title='bbox 528 1777 635 1844; x_wconf 78' lang='lat' dir='ltr'><strong>genus</strong></span> <span class='ocrx_word' id='word_1_101' title='bbox 648 1778 684 1826; x_wconf 87' lang='lat' dir='ltr'><strong>se</strong></span> <span class='ocrx_word' id='word_1_102' title='bbox 698 1759 795 1828; x_wconf 88' lang='lat' dir='ltr'><strong>habet</strong></span> <span class='ocrx_word' id='word_1_103' title='bbox 808 1778 865 1844; x_wconf 87' lang='lat' dir='ltr'><strong>per</strong></span> <span class='ocrx_word' id='word_1_104' title='bbox 877 1761 1055 1844; x_wconf 86' lang='lat' dir='ltr'><strong>quamdam</strong></span> <span class='ocrx_word' id='word_1_105' title='bbox 1069 1761 1253 1847; x_wconf 76' lang='lat' dir='ltr'><strong>analogiam</strong></span> <span class='ocrx_word' id='word_1_106' title='bbox 1274 1781 1352 1828; x_wconf 71' lang='grc' dir='ltr'><strong>οιιιι</strong></span> <span class='ocrx_word' id='word_1_107' title='bbox 1356 1781 1454 1827; x_wconf 64' lang='lat' dir='ltr'><strong>anso</strong></span> 
     </span>
     <span class='ocr_line' id='line_1_13' title="bbox 129 1853 1458 1971; baseline 0 -33"><span class='ocrx_word' id='word_1_108' title='bbox 129 1873 232 1970; x_wconf 81' lang='lat' dir='ltr'><strong>instar</strong></span> <span class='ocrx_word' id='word_1_109' title='bbox 252 1869 393 1941; x_wconf 84' lang='lat' dir='ltr'><strong>materiae</strong></span> <span class='ocrx_word' id='word_1_110' title='bbox 412 1869 462 1933; x_wconf 93' lang='lat' dir='ltr'><strong>vel</strong></span> <span class='ocrx_word' id='word_1_111' title='bbox 483 1866 637 1951; x_wconf 78' lang='lat' dir='ltr'><strong>potentia</strong></span> <span class='ocrx_word' id='word_1_112' title='bbox 656 1865 791 1934; x_wconf 88' lang='lat' dir='ltr'><strong>ulterius</strong></span> <span class='ocrx_word' id='word_1_113' title='bbox 817 1867 1087 1944; x_wconf 75' lang='lat' dir='ltr'><strong>determinabilis,</strong></span> <span class='ocrx_word' id='word_1_114' title='bbox 1106 1878 1141 1937; x_wconf 87' lang='lat' dir='ltr'><strong>et</strong></span> <span class='ocrx_word' id='word_1_115' title='bbox 1163 1869 1254 1938; x_wconf 85' lang='lat' dir='ltr'><strong>ditte·</strong></span> <span class='ocrx_word' id='word_1_116' title='bbox 1280 1863 1362 1971; x_wconf 60' lang='grc' dir='ltr'><strong>ω’ω”</strong></span> <span class='ocrx_word' id='word_1_117' title='bbox 1356 1853 1458 1970; x_wconf 76' lang='grc' dir='ltr'>ω””ω</span> 
     </span>
     <span class='ocr_line' id='line_1_14' title="bbox 130 1973 1424 2061; baseline -0.003 -15"><span class='ocrx_word' id='word_1_118' title='bbox 130 1980 235 2046; x_wconf 85' lang='lat' dir='ltr'><strong>rentia</strong></span> <span class='ocrx_word' id='word_1_119' title='bbox 254 1978 354 2046; x_wconf 87' lang='lat' dir='ltr'><strong>instar</strong></span> <span class='ocrx_word' id='word_1_120' title='bbox 372 1977 486 2042; x_wconf 83' lang='lat' dir='ltr'><strong>tonna</strong></span> <span class='ocrx_word' id='word_1_121' title='bbox 505 1983 538 2040; x_wconf 89' lang='lat' dir='ltr'><strong>et</strong></span> <span class='ocrx_word' id='word_1_122' title='bbox 550 1983 640 2042; x_wconf 87' lang='lat' dir='ltr'><strong>actus</strong></span> <span class='ocrx_word' id='word_1_123' title='bbox 654 1973 912 2042; x_wconf 82' lang='lat' dir='ltr'><strong>determinantis.</strong></span> <span class='ocrx_word' id='word_1_124' title='bbox 929 1973 999 2042; x_wconf 82' lang='lat' dir='ltr'><strong>Dixi</strong></span> <span class='ocrx_word' id='word_1_125' title='bbox 1013 1983 1074 2058; x_wconf 83' lang='lat' dir='ltr'><strong>per</strong></span> <span class='ocrx_word' id='word_1_126' title='bbox 1086 1978 1253 2061; x_wconf 81' lang='lat' dir='ltr'><strong>quamdam</strong></span> <span class='ocrx_word' id='word_1_127' title='bbox 1311 1995 1424 2044; x_wconf 81' lang='grc' dir='ltr'><strong>ιιιιιιι</strong></span> 
     </span>
     <span class='ocr_line' id='line_1_15' title="bbox 127 2081 1254 2170; baseline -0.003 -17"><span class='ocrx_word' id='word_1_128' title='bbox 127 2087 329 2170; x_wconf 77' lang='lat' dir='ltr'><strong>analogiam,</strong></span> <span class='ocrx_word' id='word_1_129' title='bbox 344 2084 422 2167; x_wconf 86' lang='lat' dir='ltr'><strong>quia</strong></span> <span class='ocrx_word' id='word_1_130' title='bbox 436 2092 514 2150; x_wconf 91' lang='lat' dir='ltr'><strong>sunt</strong></span> <span class='ocrx_word' id='word_1_131' title='bbox 528 2081 614 2148; x_wconf 87' lang='lat' dir='ltr'><strong>varia</strong></span> <span class='ocrx_word' id='word_1_132' title='bbox 627 2081 834 2150; x_wconf 90' lang='lat' dir='ltr'><strong>discrimina</strong></span> <span class='ocrx_word' id='word_1_133' title='bbox 826 2091 910 2148; x_wconf 87' lang='lat' dir='ltr'><strong>rnter</strong></span> <span class='ocrx_word' id='word_1_134' title='bbox 924 2091 1032 2168; x_wconf 86' lang='lat' dir='ltr'><strong>partes</strong></span> <span class='ocrx_word' id='word_1_135' title='bbox 1051 2085 1149 2168; x_wconf 84' lang='lat' dir='ltr'><strong>hujus</strong></span> <span class='ocrx_word' id='word_1_136' title='bbox 1161 2101 1254 2150; x_wconf 87' lang='lat' dir='ltr'><strong>com-</strong></span> 
     </span>
     <span class='ocr_line' id='line_1_16' title="bbox 128 2189 1252 2280; baseline -0.004 -20"><span class='ocrx_word' id='word_1_137' title='bbox 128 2192 302 2280; x_wconf 78' lang='lat' dir='ltr'><strong>positionis</strong></span> <span class='ocrx_word' id='word_1_138' title='bbox 320 2190 572 2277; x_wconf 83' lang='lat' dir='ltr'><strong>metaphysicae,</strong></span> <span class='ocrx_word' id='word_1_139' title='bbox 593 2198 626 2253; x_wconf 90' lang='lat' dir='ltr'><strong>et</strong></span> <span class='ocrx_word' id='word_1_140' title='bbox 644 2189 726 2256; x_wconf 91' lang='lat' dir='ltr'><strong>inter</strong></span> <span class='ocrx_word' id='word_1_141' title='bbox 745 2189 913 2259; x_wconf 80' lang='lat' dir='ltr'><strong>materiam</strong></span> <span class='ocrx_word' id='word_1_142' title='bbox 932 2198 967 2257; x_wconf 89' lang='lat' dir='ltr'><strong>et</strong></span> <span class='ocrx_word' id='word_1_143' title='bbox 994 2190 1149 2267; x_wconf 82' lang='lat' dir='ltr'><strong>sormam,</strong></span> <span class='ocrx_word' id='word_1_144' title='bbox 1176 2210 1252 2274; x_wconf 83' lang='lat' dir='ltr'><strong>quae</strong></span> 
     </span>
     <span class='ocr_line' id='line_1_17' title="bbox 128 2295 1254 2386; baseline -0.003 -17"><span class='ocrx_word' id='word_1_145' title='bbox 128 2314 209 2369; x_wconf 86' lang='lat' dir='ltr'><strong>sunt</strong></span> <span class='ocrx_word' id='word_1_146' title='bbox 228 2307 334 2385; x_wconf 83' lang='lat' dir='ltr'><strong>partes</strong></span> <span class='ocrx_word' id='word_1_147' title='bbox 354 2298 498 2386; x_wconf 86' lang='lat' dir='ltr'><strong>physicae</strong></span> <span class='ocrx_word' id='word_1_148' title='bbox 515 2297 642 2364; x_wconf 83' lang='lat' dir='ltr'><strong>realiter</strong></span> <span class='ocrx_word' id='word_1_149' title='bbox 656 2295 834 2373; x_wconf 80' lang='lat' dir='ltr'><strong>distincte,</strong></span> <span class='ocrx_word' id='word_1_150' title='bbox 855 2307 889 2364; x_wconf 89' lang='lat' dir='ltr'><strong>et</strong></span> <span class='ocrx_word' id='word_1_151' title='bbox 908 2317 966 2382; x_wconf 89' lang='lat' dir='ltr'><strong>per</strong></span> <span class='ocrx_word' id='word_1_152' title='bbox 979 2300 1100 2366; x_wconf 88' lang='lat' dir='ltr'><strong>realem</strong></span> <span class='ocrx_word' id='word_1_153' title='bbox 1117 2317 1156 2366; x_wconf 88' lang='lat' dir='ltr'><strong>ac</strong></span> <span class='ocrx_word' id='word_1_154' title='bbox 1169 2301 1254 2386; x_wconf 82' lang='lat' dir='ltr'><strong>phy·</strong></span> 
     </span>
     <span class='ocr_line' id='line_1_18' title="bbox 128 2404 1253 2492; baseline -0.004 -14"><span class='ocrx_word' id='word_1_155' title='bbox 128 2411 231 2478; x_wconf 87' lang='lat' dir='ltr'><strong>sicam</strong></span> <span class='ocrx_word' id='word_1_156' title='bbox 250 2405 524 2492; x_wconf 88' lang='lat' dir='ltr'><strong>compositionem</strong></span> <span class='ocrx_word' id='word_1_157' title='bbox 550 2404 754 2472; x_wconf 89' lang='lat' dir='ltr'><strong>constituunt</strong></span> <span class='ocrx_word' id='word_1_158' title='bbox 779 2421 916 2488; x_wconf 89' lang='lat' dir='ltr'><strong>corpus;</strong></span> <span class='ocrx_word' id='word_1_159' title='bbox 947 2423 1013 2472; x_wconf 89' lang='lat' dir='ltr'><strong>non</strong></span> <span class='ocrx_word' id='word_1_160' title='bbox 1041 2407 1150 2475; x_wconf 89' lang='lat' dir='ltr'><strong>solum</strong></span> <span class='ocrx_word' id='word_1_161' title='bbox 1176 2407 1253 2491; x_wconf 88' lang='lat' dir='ltr'><strong>quia</strong></span> 
     </span>
     <span class='ocr_line' id='line_1_19' title="bbox 126 2512 1253 2602; baseline 0.003 -21"><span class='ocrx_word' id='word_1_162' title='bbox 126 2535 236 2602; x_wconf 87' lang='lat' dir='ltr'><strong>genus</strong></span> <span class='ocrx_word' id='word_1_163' title='bbox 255 2523 288 2580; x_wconf 91' lang='lat' dir='ltr'><strong>et</strong></span> <span class='ocrx_word' id='word_1_164' title='bbox 310 2512 489 2584; x_wconf 74' lang='lat' dir='ltr'><strong>differentia</strong></span> <span class='ocrx_word' id='word_1_165' title='bbox 507 2529 573 2578; x_wconf 93' lang='lat' dir='ltr'><strong>non</strong></span> <span class='ocrx_word' id='word_1_166' title='bbox 597 2512 844 2596; x_wconf 78' lang='lat' dir='ltr'><strong>distinguuntur</strong></span> <span class='ocrx_word' id='word_1_167' title='bbox 862 2512 947 2580; x_wconf 88' lang='lat' dir='ltr'><strong>inter</strong></span> <span class='ocrx_word' id='word_1_168' title='bbox 964 2531 1000 2578; x_wconf 89' lang='lat' dir='ltr'><strong>se</strong></span> <span class='ocrx_word' id='word_1_169' title='bbox 1025 2513 1167 2591; x_wconf 79' lang='lat' dir='ltr'><strong>realiter,</strong></span> <span class='ocrx_word' id='word_1_170' title='bbox 1194 2514 1253 2584; x_wconf 84' lang='lat' dir='ltr'><strong>sed</strong></span> 
     </span>
     <span class='ocr_line' id='line_1_20' title="bbox 127 2618 1253 2707; baseline -0.003 -17"><span class='ocrx_word' id='word_1_171' title='bbox 127 2625 228 2691; x_wconf 89' lang='lat' dir='ltr'><strong>etiam</strong></span> <span class='ocrx_word' id='word_1_172' title='bbox 247 2622 340 2707; x_wconf 89' lang='lat' dir='ltr'><strong>quia,</strong></span> <span class='ocrx_word' id='word_1_173' title='bbox 356 2638 450 2687; x_wconf 87' lang='lat' dir='ltr'><strong>secus</strong></span> <span class='ocrx_word' id='word_1_174' title='bbox 468 2639 505 2686; x_wconf 88' lang='lat' dir='ltr'><strong>ac</strong></span> <span class='ocrx_word' id='word_1_175' title='bbox 525 2618 658 2684; x_wconf 87' lang='lat' dir='ltr'><strong>materia</strong></span> <span class='ocrx_word' id='word_1_176' title='bbox 672 2629 704 2684; x_wconf 90' lang='lat' dir='ltr'><strong>et</strong></span> <span class='ocrx_word' id='word_1_177' title='bbox 724 2619 845 2696; x_wconf 87' lang='lat' dir='ltr'><strong>torma,</strong></span> <span class='ocrx_word' id='word_1_178' title='bbox 870 2621 968 2686; x_wconf 90' lang='lat' dir='ltr'><strong>etiam</strong></span> <span class='ocrx_word' id='word_1_179' title='bbox 989 2620 1177 2706; x_wconf 83' lang='lat' dir='ltr'><strong>singillatim</strong></span> <span class='ocrx_word' id='word_1_180' title='bbox 1196 2640 1253 2688; x_wconf 88' lang='lat' dir='ltr'><strong>ex-</strong></span> 
     </span>
     <span class='ocr_line' id='line_1_21' title="bbox 128 2723 1250 2820; baseline -0.004 -21"><span class='ocrx_word' id='word_1_181' title='bbox 128 2734 277 2820; x_wconf 91' lang='lat' dir='ltr'><strong>primunt</strong></span> <span class='ocrx_word' id='word_1_182' title='bbox 300 2739 402 2797; x_wconf 86' lang='lat' dir='ltr'><strong>totam</strong></span> <span class='ocrx_word' id='word_1_183' title='bbox 423 2727 638 2796; x_wconf 87' lang='lat' dir='ltr'><strong>substantiam</strong></span> <span class='ocrx_word' id='word_1_184' title='bbox 659 2723 718 2803; x_wconf 89' lang='lat' dir='ltr'><strong>rei,</strong></span> <span class='ocrx_word' id='word_1_185' title='bbox 746 2724 820 2793; x_wconf 89' lang='lat' dir='ltr'><strong>licet</strong></span> <span class='ocrx_word' id='word_1_186' title='bbox 844 2727 907 2794; x_wconf 90' lang='lat' dir='ltr'><strong>sub</strong></span> <span class='ocrx_word' id='word_1_187' title='bbox 934 2727 1064 2796; x_wconf 87' lang='lat' dir='ltr'><strong>diverso</strong></span> <span class='ocrx_word' id='word_1_188' title='bbox 1088 2738 1250 2815; x_wconf 89' lang='lat' dir='ltr'><strong>respectu,</strong></span> 
     </span>
     <span class='ocr_line' id='line_1_22' title="bbox 128 2835 1252 2925; baseline -0.003 -17"><span class='ocrx_word' id='word_1_189' title='bbox 128 2843 211 2908; x_wconf 90' lang='lat' dir='ltr'><strong>ratio</strong></span> <span class='ocrx_word' id='word_1_190' title='bbox 230 2859 350 2924; x_wconf 88' lang='lat' dir='ltr'><strong>nempe</strong></span> <span class='ocrx_word' id='word_1_191' title='bbox 369 2836 519 2925; x_wconf 81' lang='lat' dir='ltr'><strong>genedea</strong></span> <span class='ocrx_word' id='word_1_192' title='bbox 537 2835 690 2920; x_wconf 87' lang='lat' dir='ltr'><strong>exprimit</strong></span> <span class='ocrx_word' id='word_1_193' title='bbox 708 2836 813 2911; x_wconf 88' lang='lat' dir='ltr'><strong>illam,</strong></span> <span class='ocrx_word' id='word_1_194' title='bbox 834 2837 1018 2905; x_wconf 83' lang='lat' dir='ltr'><strong>secundum</strong></span> <span class='ocrx_word' id='word_1_195' title='bbox 1033 2838 1123 2923; x_wconf 88' lang='lat' dir='ltr'><strong>quod</strong></span> <span class='ocrx_word' id='word_1_196' title='bbox 1137 2837 1252 2907; x_wconf 92' lang='lat' dir='ltr'><strong>similis</strong></span> 
     </span>
     <span class='ocr_line' id='line_1_23' title="bbox 125 2943 1250 3030; baseline -0.005 -13"><span class='ocrx_word' id='word_1_197' title='bbox 125 2948 280 3024; x_wconf 80' lang='lat' dir='ltr'><strong>estatis,</strong></span> <span class='ocrx_word' id='word_1_198' title='bbox 296 2943 476 3014; x_wconf 76' lang='lat' dir='ltr'><strong>differentia</strong></span> <span class='ocrx_word' id='word_1_199' title='bbox 490 2963 585 3021; x_wconf 84' lang='lat' dir='ltr'><strong>vero,</strong></span> <span class='ocrx_word' id='word_1_200' title='bbox 603 2944 783 3013; x_wconf 87' lang='lat' dir='ltr'><strong>secundum</strong></span> <span class='ocrx_word' id='word_1_201' title='bbox 799 2944 890 3028; x_wconf 86' lang='lat' dir='ltr'><strong>quod</strong></span> <span class='ocrx_word' id='word_1_202' title='bbox 905 2964 924 3009; x_wconf 92' lang='lat' dir='ltr'><strong>a</strong></span> <span class='ocrx_word' id='word_1_203' title='bbox 937 2944 1063 3013; x_wconf 85' lang='lat' dir='ltr'><strong>caeteris</strong></span> <span class='ocrx_word' id='word_1_204' title='bbox 1077 2946 1250 3030; x_wconf 86' lang='lat' dir='ltr'><strong>discrepat.</strong></span> 
     </span>
     <span class='ocr_line' id='line_1_24' title="bbox 128 3050 1251 3137; baseline -0.003 -12"><span class='ocrx_word' id='word_1_205' title='bbox 128 3058 212 3126; x_wconf 85' lang='lat' dir='ltr'><strong>Hinc</strong></span> <span class='ocrx_word' id='word_1_206' title='bbox 235 3056 273 3122; x_wconf 89' lang='lat' dir='ltr'><strong>iit</strong></span> <span class='ocrx_word' id='word_1_207' title='bbox 295 3064 327 3120; x_wconf 89' lang='lat' dir='ltr'><strong>et</strong></span> <span class='ocrx_word' id='word_1_208' title='bbox 345 3052 441 3129; x_wconf 90' lang='lat' dir='ltr'><strong>illud,</strong></span> <span class='ocrx_word' id='word_1_209' title='bbox 462 3052 551 3136; x_wconf 88' lang='lat' dir='ltr'><strong>quod</strong></span> <span class='ocrx_word' id='word_1_210' title='bbox 569 3058 641 3119; x_wconf 92' lang='lat' dir='ltr'><strong>tum</strong></span> <span class='ocrx_word' id='word_1_211' title='bbox 661 3069 767 3137; x_wconf 81' lang='lat' dir='ltr'><strong>genus</strong></span> <span class='ocrx_word' id='word_1_212' title='bbox 791 3059 864 3119; x_wconf 88' lang='lat' dir='ltr'><strong>turn</strong></span> <span class='ocrx_word' id='word_1_213' title='bbox 882 3050 1064 3123; x_wconf 73' lang='lat' dir='ltr'><strong>differentia</strong></span> <span class='ocrx_word' id='word_1_214' title='bbox 1087 3052 1251 3137; x_wconf 80' lang='lat' dir='ltr'><strong>praedicari</strong></span> 
     </span>
     <span class='ocr_line' id='line_1_25' title="bbox 128 3157 1250 3253; baseline -0.005 -21"><span class='ocrx_word' id='word_1_215' title='bbox 128 3165 258 3253; x_wconf 89' lang='lat' dir='ltr'><strong>possint</strong></span> <span class='ocrx_word' id='word_1_216' title='bbox 275 3164 316 3231; x_wconf 89' lang='lat' dir='ltr'><strong>de</strong></span> <span class='ocrx_word' id='word_1_217' title='bbox 333 3160 457 3246; x_wconf 88' lang='lat' dir='ltr'><strong>specie,</strong></span> <span class='ocrx_word' id='word_1_218' title='bbox 473 3160 550 3243; x_wconf 88' lang='lat' dir='ltr'><strong>quia</strong></span> <span class='ocrx_word' id='word_1_219' title='bbox 568 3175 688 3244; x_wconf 84' lang='lat' dir='ltr'><strong>nempe</strong></span> <span class='ocrx_word' id='word_1_220' title='bbox 706 3166 809 3227; x_wconf 85' lang='lat' dir='ltr'><strong>totam</strong></span> <span class='ocrx_word' id='word_1_221' title='bbox 829 3157 1047 3227; x_wconf 79' lang='lat' dir='ltr'><strong>substantiam</strong></span> <span class='ocrx_word' id='word_1_222' title='bbox 1062 3161 1106 3229; x_wconf 89' lang='lat' dir='ltr'><strong>rei</strong></span> <span class='ocrx_word' id='word_1_223' title='bbox 1124 3160 1250 3242; x_wconf 80' lang='lat' dir='ltr'><strong>dicunt3</strong></span> 
     </span>
     <span class='ocr_line' id='line_1_26' title="bbox 128 3264 1253 3354; baseline -0.006 -15"><span class='ocrx_word' id='word_1_224' title='bbox 128 3282 165 3339; x_wconf 89' lang='lat' dir='ltr'><strong>at</strong></span> <span class='ocrx_word' id='word_1_225' title='bbox 183 3290 261 3338; x_wconf 85' lang='lat' dir='ltr'><strong>vero</strong></span> <span class='ocrx_word' id='word_1_226' title='bbox 280 3278 449 3354; x_wconf 85' lang='lat' dir='ltr'><strong>nequeunt</strong></span> <span class='ocrx_word' id='word_1_227' title='bbox 466 3268 507 3333; x_wconf 90' lang='lat' dir='ltr'><strong>de</strong></span> <span class='ocrx_word' id='word_1_228' title='bbox 525 3284 660 3351; x_wconf 89' lang='lat' dir='ltr'><strong>corpore</strong></span> <span class='ocrx_word' id='word_1_229' title='bbox 679 3264 841 3349; x_wconf 88' lang='lat' dir='ltr'><strong>praedicari</strong></span> <span class='ocrx_word' id='word_1_230' title='bbox 859 3264 929 3333; x_wconf 83' lang='lat' dir='ltr'><strong>sire</strong></span> <span class='ocrx_word' id='word_1_231' title='bbox 949 3266 1082 3333; x_wconf 89' lang='lat' dir='ltr'><strong>materia</strong></span> <span class='ocrx_word' id='word_1_232' title='bbox 1100 3266 1171 3335; x_wconf 85' lang='lat' dir='ltr'><strong>sire</strong></span> <span class='ocrx_word' id='word_1_233' title='bbox 1188 3268 1253 3333; x_wconf 88' lang='lat' dir='ltr'><strong>ior-</strong></span> 
     </span>
     <span class='ocr_line' id='line_1_27' title="bbox 130 3372 1254 3463; baseline -0.004 -18"><span class='ocrx_word' id='word_1_234' title='bbox 130 3400 187 3449; x_wconf 88' lang='lat' dir='ltr'><strong>ma</strong></span> <span class='ocrx_word' id='word_1_235' title='bbox 205 3378 248 3445; x_wconf 93' lang='lat' dir='ltr'><strong>ob</strong></span> <span class='ocrx_word' id='word_1_236' title='bbox 265 3377 452 3463; x_wconf 89' lang='lat' dir='ltr'><strong>oppositam</strong></span> <span class='ocrx_word' id='word_1_237' title='bbox 470 3375 646 3449; x_wconf 86' lang='lat' dir='ltr'><strong>rationem,</strong></span> <span class='ocrx_word' id='word_1_238' title='bbox 667 3372 744 3458; x_wconf 92' lang='lat' dir='ltr'><strong>quia</strong></span> <span class='ocrx_word' id='word_1_239' title='bbox 763 3390 830 3441; x_wconf 93' lang='lat' dir='ltr'><strong>non</strong></span> <span class='ocrx_word' id='word_1_240' title='bbox 847 3372 1037 3457; x_wconf 86' lang='lat' dir='ltr'><strong>exprimunt</strong></span> <span class='ocrx_word' id='word_1_241' title='bbox 1054 3382 1159 3441; x_wconf 90' lang='lat' dir='ltr'><strong>totam</strong></span> <span class='ocrx_word' id='word_1_242' title='bbox 1181 3394 1254 3443; x_wconf 92' lang='lat' dir='ltr'><strong>cor-</strong></span> 
     </span>
     <span class='ocr_line' id='line_1_28' title="bbox 129 3480 1253 3574; baseline -0.004 -19"><span class='ocrx_word' id='word_1_243' title='bbox 129 3489 218 3574; x_wconf 87' lang='lat' dir='ltr'><strong>poris</strong></span> <span class='ocrx_word' id='word_1_244' title='bbox 246 3482 481 3560; x_wconf 86' lang='lat' dir='ltr'><strong>substantiam,</strong></span> <span class='ocrx_word' id='word_1_245' title='bbox 513 3482 573 3549; x_wconf 90' lang='lat' dir='ltr'><strong>sed</strong></span> <span class='ocrx_word' id='word_1_246' title='bbox 605 3489 742 3565; x_wconf 88' lang='lat' dir='ltr'><strong>partem.</strong></span> <span class='ocrx_word' id='word_1_247' title='bbox 773 3480 932 3565; x_wconf 79' lang='lat' dir='ltr'><strong>Apposite</strong></span> <span class='ocrx_word' id='word_1_248' title='bbox 950 3480 987 3552; x_wconf 88' lang='lat' dir='ltr'><strong>S.</strong></span> <span class='ocrx_word' id='word_1_249' title='bbox 1012 3480 1170 3551; x_wconf 83' lang='lat' dir='ltr'><strong>Thomas.</strong></span> <span class='ocrx_word' id='word_1_250' title='bbox 1203 3484 1253 3551; x_wconf 75' lang='lat' dir='ltr'><strong>ue</strong></span> 
     </span>
     <span class='ocr_line' id='line_1_29' title="bbox 128 3587 1254 3678; baseline -0.007 -15"><span class='ocrx_word' id='word_1_251' title='bbox 128 3598 187 3663; x_wconf 82' lang='lat' dir='ltr'><strong>boc</strong></span> <span class='ocrx_word' id='word_1_252' title='bbox 198 3597 286 3678; x_wconf 88' lang='lat' dir='ltr'><strong>patet</strong></span> <span class='ocrx_word' id='word_1_253' title='bbox 299 3592 399 3666; x_wconf 84' lang='lat' dir='ltr'><strong>ratio,</strong></span> <span class='ocrx_word' id='word_1_254' title='bbox 417 3608 515 3676; x_wconf 79' lang='lat' dir='ltr'><strong>quare</strong></span> <span class='ocrx_word' id='word_1_255' title='bbox 529 3606 631 3673; x_wconf 77' lang='lat' dir='ltr'><strong>genus</strong></span> <span class='ocrx_word' id='word_1_256' title='bbox 652 3591 685 3655; x_wconf 81' lang='lat' dir='ltr'><strong>ct</strong></span> <span class='ocrx_word' id='word_1_257' title='bbox 698 3587 811 3670; x_wconf 81' lang='lat' dir='ltr'><strong>species</strong></span> <span class='ocrx_word' id='word_1_258' title='bbox 828 3590 861 3655; x_wconf 84' lang='lat' dir='ltr'><strong>et</strong></span> <span class='ocrx_word' id='word_1_259' title='bbox 874 3587 1055 3670; x_wconf 66' lang='lat' dir='ltr'><strong>differentia</strong></span> <span class='ocrx_word' id='word_1_260' title='bbox 1071 3606 1105 3653; x_wconf 81' lang='lat' dir='ltr'><strong>se</strong></span> <span class='ocrx_word' id='word_1_261' title='bbox 1120 3588 1254 3659; x_wconf 76' lang='lat' dir='ltr'><strong>babeam</strong></span> 
     </span>
     <span class='ocr_line' id='line_1_30' title="bbox 124 3694 1249 3787; baseline -0.004 -18"><span class='ocrx_word' id='word_1_262' title='bbox 124 3700 405 3787; x_wconf 78' lang='lat' dir='ltr'><strong>proportionaliter</strong></span> <span class='ocrx_word' id='word_1_263' title='bbox 415 3698 459 3763; x_wconf 86' lang='lat' dir='ltr'><strong>ad</strong></span> <span class='ocrx_word' id='word_1_264' title='bbox 471 3695 651 3772; x_wconf 74' lang='lat' dir='ltr'><strong>materiam,</strong></span> <span class='ocrx_word' id='word_1_265' title='bbox 666 3696 797 3771; x_wconf 71' lang='lat' dir='ltr'><strong>prinam</strong></span> <span class='ocrx_word' id='word_1_266' title='bbox 814 3697 847 3762; x_wconf 81' lang='lat' dir='ltr'><strong>ct</strong></span> <span class='ocrx_word' id='word_1_267' title='bbox 860 3694 1060 3777; x_wconf 68' lang='lat' dir='ltr'><strong>compositam</strong></span> <span class='ocrx_word' id='word_1_268' title='bbox 1072 3695 1109 3759; x_wconf 78' lang='lat' dir='ltr'><strong>im</strong></span> <span class='ocrx_word' id='word_1_269' title='bbox 1121 3700 1249 3774; x_wconf 79' lang='lat' dir='ltr'><strong>natura,</strong></span> 
     </span>
     <span class='ocr_line' id='line_1_31' title="bbox 129 3801 1250 3897; baseline -0.004 -21"><span class='ocrx_word' id='word_1_270' title='bbox 129 3810 275 3897; x_wconf 76' lang='lat' dir='ltr'><strong>qmmcis</strong></span> <span class='ocrx_word' id='word_1_271' title='bbox 292 3826 356 3873; x_wconf 86' lang='lat' dir='ltr'><strong>noa</strong></span> <span class='ocrx_word' id='word_1_272' title='bbox 374 3806 442 3872; x_wconf 85' lang='lat' dir='ltr'><strong>sint</strong></span> <span class='ocrx_word' id='word_1_273' title='bbox 455 3805 536 3871; x_wconf 82' lang='lat' dir='ltr'><strong>idem</strong></span> <span class='ocrx_word' id='word_1_274' title='bbox 548 3822 620 3869; x_wconf 81' lang='lat' dir='ltr'><strong>mon</strong></span> <span class='ocrx_word' id='word_1_275' title='bbox 632 3803 716 3884; x_wconf 53' lang='lat' dir='ltr'><strong>aaa</strong></span> <span class='ocrx_word' id='word_1_276' title='bbox 734 3801 809 3889; x_wconf 76' lang='lat' dir='ltr'><strong>quia</strong></span> <span class='ocrx_word' id='word_1_277' title='bbox 826 3818 1032 3886; x_wconf 65' lang='lat' dir='ltr'><strong>nequeamus</strong></span> <span class='ocrx_word' id='word_1_278' title='bbox 1044 3806 1093 3869; x_wconf 85' lang='lat' dir='ltr'><strong>cst</strong></span> <span class='ocrx_word' id='word_1_279' title='bbox 1107 3804 1250 3881; x_wconf 71' lang='lat' dir='ltr'><strong>matema,</strong></span> 
     </span>
     <span class='ocr_line' id='line_1_32' title="bbox 128 3909 1255 3995; baseline -0.006 -10"><span class='ocrx_word' id='word_1_280' title='bbox 128 3920 188 3985; x_wconf 85' lang='lat' dir='ltr'><strong>sed</strong></span> <span class='ocrx_word' id='word_1_281' title='bbox 199 3915 334 3983; x_wconf 81' lang='lat' dir='ltr'><strong>sumitur</strong></span> <span class='ocrx_word' id='word_1_282' title='bbox 349 3932 371 3979; x_wconf 90' lang='lat' dir='ltr'><strong>a</strong></span> <span class='ocrx_word' id='word_1_283' title='bbox 388 3911 537 3988; x_wconf 77' lang='lat' dir='ltr'><strong>amieria,</strong></span> <span class='ocrx_word' id='word_1_284' title='bbox 561 3914 599 3976; x_wconf 87' lang='lat' dir='ltr'><strong>ut</strong></span> <span class='ocrx_word' id='word_1_285' title='bbox 612 3909 795 3995; x_wconf 79' lang='lat' dir='ltr'><strong>significans</strong></span> <span class='ocrx_word' id='word_1_286' title='bbox 812 3911 927 3990; x_wconf 86' lang='lat' dir='ltr'><strong>ioium,·</strong></span> <span class='ocrx_word' id='word_1_287' title='bbox 944 3928 1001 3975; x_wconf 82' lang='lat' dir='ltr'><strong>nec</strong></span> <span class='ocrx_word' id='word_1_288' title='bbox 1017 3910 1194 3995; x_wconf 69' lang='lat' dir='ltr'><strong>differentia</strong></span> <span class='ocrx_word' id='word_1_289' title='bbox 1205 3917 1255 3979; x_wconf 83' lang='lat' dir='ltr'><strong>est</strong></span> 
     </span>
     <span class='ocr_line' id='line_1_33' title="bbox 21 4014 1253 4114; baseline -0.004 -23"><span class='ocrx_word' id='word_1_290' title='bbox 21 4033 31 4050; x_wconf 90' lang='grc'><em>·</em></span> <span class='ocrx_word' id='word_1_291' title='bbox 117 4027 246 4114; x_wconf 85' lang='lat' dir='ltr'><strong>somna,</strong></span> <span class='ocrx_word' id='word_1_292' title='bbox 266 4024 322 4089; x_wconf 79' lang='lat' dir='ltr'><strong>sad</strong></span> <span class='ocrx_word' id='word_1_293' title='bbox 338 4020 474 4087; x_wconf 74' lang='lat' dir='ltr'><strong>sumitur</strong></span> <span class='ocrx_word' id='word_1_294' title='bbox 494 4038 515 4085; x_wconf 93' lang='lat' dir='ltr'><strong>a</strong></span> <span class='ocrx_word' id='word_1_295' title='bbox 524 4018 650 4105; x_wconf 79' lang='lat' dir='ltr'><strong>jmrca,</strong></span> <span class='ocrx_word' id='word_1_296' title='bbox 678 4020 714 4083; x_wconf 87' lang='lat' dir='ltr'><strong>ut</strong></span> <span class='ocrx_word' id='word_1_297' title='bbox 729 4014 912 4101; x_wconf 64' lang='lat' dir='ltr'><strong>manticam</strong></span> <span class='ocrx_word' id='word_1_298' title='bbox 929 4020 1038 4083; x_wconf 83' lang='lat' dir='ltr'><strong>iotam</strong></span> <span class='ocrx_word' id='word_1_299' title='bbox 1062 4018 1152 4089; x_wconf 79' lang='lat' dir='ltr'><strong>Unde</strong></span> <span class='ocrx_word' id='word_1_300' title='bbox 1173 4018 1253 4087; x_wconf 84' lang='lat' dir='ltr'><strong>dici·</strong></span> 
     </span>
     <span class='ocr_line' id='line_1_34' title="bbox 129 4124 1249 4203; baseline -0.004 -4"><span class='ocrx_word' id='word_1_301' title='bbox 129 4150 202 4199; x_wconf 74' lang='lat' dir='ltr'><strong>mats</strong></span> <span class='ocrx_word' id='word_1_302' title='bbox 219 4130 370 4197; x_wconf 82' lang='lat' dir='ltr'><strong>hominem</strong></span> <span class='ocrx_word' id='word_1_303' title='bbox 382 4146 447 4193; x_wconf 82' lang='lat' dir='ltr'><strong>essa</strong></span> <span class='ocrx_word' id='word_1_304' title='bbox 458 4124 755 4201; x_wconf 77' lang='lat' dir='ltr'><strong>animatrationata,</strong></span> <span class='ocrx_word' id='word_1_305' title='bbox 775 4126 930 4191; x_wconf 76' lang='lat' dir='ltr'><strong>atroam</strong></span> <span class='ocrx_word' id='word_1_306' title='bbox 941 4124 1076 4193; x_wconf 80' lang='lat' dir='ltr'><strong>animati</strong></span> <span class='ocrx_word' id='word_1_307' title='bbox 1087 4124 1249 4203; x_wconf 62' lang='lat' dir='ltr'><strong>eorunm.</strong></span> 
     </span>
     <span class='ocr_line' id='line_1_35' title="bbox 128 4230 1255 4315; baseline -0.004 -9"><span class='ocrx_word' id='word_1_308' title='bbox 128 4240 215 4307; x_wconf 86' lang='lat' dir='ltr'><strong>sicut</strong></span> <span class='ocrx_word' id='word_1_309' title='bbox 229 4238 365 4303; x_wconf 81' lang='lat' dir='ltr'><strong>dicimus</strong></span> <span class='ocrx_word' id='word_1_310' title='bbox 376 4254 447 4301; x_wconf 82' lang='lat' dir='ltr'><strong>cum</strong></span> <span class='ocrx_word' id='word_1_311' title='bbox 457 4250 522 4301; x_wconf 79' lang='lat' dir='ltr'><strong>csse</strong></span> <span class='ocrx_word' id='word_1_312' title='bbox 539 4251 578 4298; x_wconf 81' lang='lat' dir='ltr'><strong>cx</strong></span> <span class='ocrx_word' id='word_1_313' title='bbox 594 4230 702 4298; x_wconf 80' lang='lat' dir='ltr'><strong>artiora</strong></span> <span class='ocrx_word' id='word_1_314' title='bbox 715 4234 746 4297; x_wconf 83' lang='lat' dir='ltr'><strong>et</strong></span> <span class='ocrx_word' id='word_1_315' title='bbox 759 4239 898 4315; x_wconf 80' lang='lat' dir='ltr'><strong>corpora.</strong></span> <span class='ocrx_word' id='word_1_316' title='bbox 913 4230 961 4299; x_wconf 76' lang='lat' dir='ltr'><strong>Ex</strong></span> <span class='ocrx_word' id='word_1_317' title='bbox 973 4238 1099 4314; x_wconf 79' lang='lat' dir='ltr'><strong>corpora</strong></span> <span class='ocrx_word' id='word_1_318' title='bbox 1118 4230 1203 4299; x_wconf 84' lang='lat' dir='ltr'><strong>mim</strong></span> <span class='ocrx_word' id='word_1_319' title='bbox 1223 4238 1255 4301; x_wconf 83' lang='lat' dir='ltr'><strong>ct</strong></span> 
     </span>
     <span class='ocr_line' id='line_1_36' title="bbox 128 4339 1252 4425; baseline -0.005 -11"><span class='ocrx_word' id='word_1_320' title='bbox 128 4348 238 4414; x_wconf 85' lang='lat' dir='ltr'><strong>anima</strong></span> <span class='ocrx_word' id='word_1_321' title='bbox 250 4345 372 4411; x_wconf 82' lang='lat' dir='ltr'><strong>dicitur</strong></span> <span class='ocrx_word' id='word_1_322' title='bbox 386 4360 450 4410; x_wconf 82' lang='lat' dir='ltr'><strong>csse</strong></span> <span class='ocrx_word' id='word_1_323' title='bbox 465 4342 569 4417; x_wconf 82' lang='lat' dir='ltr'><strong>bomo,</strong></span> <span class='ocrx_word' id='word_1_324' title='bbox 589 4340 672 4405; x_wconf 83' lang='lat' dir='ltr'><strong>st&#39;cat</strong></span> <span class='ocrx_word' id='word_1_325' title='bbox 690 4356 730 4405; x_wconf 83' lang='lat' dir='ltr'><strong>cx</strong></span> <span class='ocrx_word' id='word_1_326' title='bbox 746 4340 868 4405; x_wconf 82' lang='lat' dir='ltr'><strong>duabus</strong></span> <span class='ocrx_word' id='word_1_327' title='bbox 885 4339 979 4407; x_wconf 79' lang='lat' dir='ltr'><strong>mbas</strong></span> <span class='ocrx_word' id='word_1_328' title='bbox 998 4342 1141 4425; x_wconf 78' lang='lat' dir='ltr'><strong>quadam</strong></span> <span class='ocrx_word' id='word_1_329' title='bbox 1159 4340 1252 4409; x_wconf 75' lang='lat' dir='ltr'><strong>terta</strong></span> 
     </span>
    </p>
   </div>
   <div class='ocr_carea' id='block_1_3' title="bbox 129 4446 1252 4536">
    <p class='ocr_par' dir='ltr' id='par_1_3' title="bbox 129 4446 1252 4536">
     <span class='ocr_line' id='line_1_37' title="bbox 129 4446 1252 4536; baseline -0.004 -15"><span class='ocrx_word' id='word_1_330' title='bbox 129 4473 182 4522; x_wconf 85' lang='lat' dir='ltr'><strong>res</strong></span> <span class='ocrx_word' id='word_1_331' title='bbox 199 4453 383 4529; x_wconf 72' lang='lat' dir='ltr'><strong>consancta,</strong></span> <span class='ocrx_word' id='word_1_332' title='bbox 398 4470 467 4536; x_wconf 72' lang='lat' dir='ltr'><strong>aaa</strong></span> <span class='ocrx_word' id='word_1_333' title='bbox 479 4452 592 4515; x_wconf 86' lang='lat' dir='ltr'><strong>neutra</strong></span> <span class='ocrx_word' id='word_1_334' title='bbox 604 4447 732 4513; x_wconf 76' lang='lat' dir='ltr'><strong>illamam</strong></span> <span class='ocrx_word' id='word_1_335' title='bbox 744 4448 799 4513; x_wconf 83' lang='lat' dir='ltr'><strong>cst.</strong></span> <span class='ocrx_word' id='word_1_336' title='bbox 816 4446 917 4515; x_wconf 78' lang='lat' dir='ltr'><strong>Hormo</strong></span> <span class='ocrx_word' id='word_1_337' title='bbox 926 4448 1010 4515; x_wconf 87' lang='lat' dir='ltr'><strong>mim</strong></span> <span class='ocrx_word' id='word_1_338' title='bbox 1022 4448 1252 4517; x_wconf 81' lang='lat' dir='ltr'><strong>neccstanima</strong></span> 
     </span>
    </p>
   </div>
   <div class='ocr_carea' id='block_1_4' title="bbox 166 4700 839 4865">
    <p class='ocr_par' dir='ltr' id='par_1_4' title="bbox 166 4700 839 4865">
     <span class='ocr_line' id='line_1_38' title="bbox 167 4700 839 4775; baseline -0.01 -11"><span class='ocrx_word' id='word_1_339' title='bbox 167 4711 208 4775; x_wconf 89' lang='grc' dir='ltr'><strong>(ι)</strong></span> <span class='ocrx_word' id='word_1_340' title='bbox 244 4704 312 4763; x_wconf 86' lang='lat' dir='ltr'><strong>Loc.</strong></span> <span class='ocrx_word' id='word_1_341' title='bbox 328 4702 390 4773; x_wconf 74' lang='lat' dir='ltr'><strong>cis,</strong></span> <span class='ocrx_word' id='word_1_342' title='bbox 404 4700 481 4774; x_wconf 82' lang='lat' dir='ltr'><strong>disp·</strong></span> <span class='ocrx_word' id='word_1_343' title='bbox 497 4720 524 4771; x_wconf 86' lang='lat' dir='ltr'><strong>a,</strong></span> <span class='ocrx_word' id='word_1_344' title='bbox 537 4720 600 4773; x_wconf 83' lang='lat' dir='ltr'><strong>cap.</strong></span> <span class='ocrx_word' id='word_1_345' title='bbox 619 4722 647 4768; x_wconf 76' lang='lat' dir='ltr'><strong>a,</strong></span> <span class='ocrx_word' id='word_1_346' title='bbox 663 4718 693 4759; x_wconf 87' lang='lat' dir='ltr'><strong>u.</strong></span> <span class='ocrx_word' id='word_1_347' title='bbox 712 4714 745 4757; x_wconf 89' lang='lat' dir='ltr'><strong>ro</strong></span> <span class='ocrx_word' id='word_1_348' title='bbox 757 4716 839 4771; x_wconf 85' lang='lat' dir='ltr'><strong>seqq.</strong></span> 
     </span>
     <span class='ocr_line' id='line_1_39' title="bbox 166 4788 793 4865; baseline -0.013 -12"><span class='ocrx_word' id='word_1_349' title='bbox 166 4800 207 4863; x_wconf 85' lang='lat' dir='ltr'><strong>(a)</strong></span> <span class='ocrx_word' id='word_1_350' title='bbox 243 4792 319 4855; x_wconf 86' lang='lat' dir='ltr'><strong>Vide</strong></span> <span class='ocrx_word' id='word_1_351' title='bbox 331 4812 359 4851; x_wconf 78' lang='lat' dir='ltr'><strong>r.</strong></span> <span class='ocrx_word' id='word_1_352' title='bbox 375 4812 405 4865; x_wconf 76' lang='lat' dir='ltr'><strong>g.</strong></span> <span class='ocrx_word' id='word_1_353' title='bbox 421 4790 545 4859; x_wconf 73' lang='lat' dir='ltr'><strong>Rhodos,</strong></span> <span class='ocrx_word' id='word_1_354' title='bbox 560 4788 793 4861; x_wconf 78' lang='lat' dir='ltr'><strong>Compluteuses.</strong></span> 
     </span>
    </p>
   </div>
   <div class='ocr_carea' id='block_1_5' title="bbox 0 0 1758 5525">
    <p class='ocr_par' dir='ltr' id='par_1_5' title="bbox 0 0 1758 5525">
     <span class='ocr_line' id='line_1_40' title="bbox 0 0 1758 5525; baseline 0 0"><span class='ocrx_word' id='word_1_355' title='bbox 0 0 1758 5525; x_wconf 95' lang='lat' dir='ltr'><strong> </strong></span> 
     </span>
    </p>
   </div>
  </div>
 </body>
</html>
