3492 5525
554 497 613 579 872
684 498 807 561 Lonrca
822 495 1050 601 Maron-Lm.
1070 509 1140 571 2³¹⁸,
1157 494 1246 557 Drsn.
1265 508 1309 576 3.¹
1323 494 1402 556 Can.
1420 508 1489 555 arm

514 682 623 747 veniat
650 681 684 747 in
711 680 873 747 evidentia
901 698 940 743 ac
967 677 1158 744 certitudine
1195 680 1261 743 veri
1289 678 1432 743 nominis
1468 676 1631 757 babenda;

515 787 727 854 nihilominus
743 790 839 873 longe
858 786 979 853 distant
1002 786 1085 849 inter
1107 805 1142 850 se
1166 785 1198 849 in
1225 786 1376 869 parienda
1399 785 1542 850 scientia.
1569 783 1636 847 De·

515 896 707 961 monstratio
732 914 850 980 nempe
867 893 999 976 'propter
1019 892 1097 977 quad
1125 892 1199 957 iacit
1221 894 1300 959 scire
1330 912 1399 957 rem
1428 891 1635 957 ostendendo

513 1021 644 1068 causam
663 1005 750 1088 ejus,
776 1012 810 1067 at
832 1000 1070 1067 demonstratio
1087 1001 1162 1084 pura
1181 1018 1246 1066 non
1271 999 1345 1065 iacit
1363 999 1444 1065 scire
1460 1018 1530 1063 rem
1554 1000 1636 1063 sim·
1734 991 1736 994 ’

514 1110 648 1194 pliciter.
670 1108 866 1193 Simpliciter
885 1108 973 1173 enim
993 1126 1062 1172 rem
1078 1117 1157 1174 tunc
1170 1109 1309 1182 scimus,
1331 1124 1408 1172 cum
1423 1124 1557 1173 causam
1580 1107 1635 1170 vel

512 1216 690 1293 rationem,
710 1235 838 1283 curres
857 1218 914 1291 sit,
935 1214 1183 1299 cognoscimus:
1211 1215 1244 1279 id
1266 1215 1356 1297 quod
1374 1215 1483 1280 solum
1502 1232 1561 1297 per
1577 1214 1638 1277 de-

514 1324 785 1390 monstrationem
809 1326 939 1405 propter
965 1322 1044 1406 quid
1069 1322 1245 1387 obtinetur.
1267 1322 1341 1387 ldeo
1369 1323 1438 1387 baec
1454 1321 1518 1386 dici
1537 1321 1636 1385 debet

513 1430 748 1497 demonstratio
766 1430 971 1514 simpliciter,
992 1430 1091 1494 altera
1114 1447 1193 1494 vero
1215 1438 1264 1494 est
1282 1429 1518 1494 demonstratio
1537 1428 1636 1492 dum-

512 1548 601 1605 taxat
620 1539 802 1605 secundum
817 1538 909 1620 quid.

320 1652 481 1706 nemausense
575 1647 646 1726 Jam
666 1664 744 1710 vero
763 1646 845 1711 inter
863 1642 1160 1709 demonstrationes
1180 1646 1310 1724 propter
1329 1642 1408 1726 quid
1424 1643 1495 1717 illa,
1516 1641 1637 1725 inqua

338 1733 452 1787 ''⁰¹³³'⁵¹¹¹⁸
513 1752 615 1835 prima
643 1752 751 1835 passio
782 1750 825 1816 rei
854 1752 1112 1827 demonstratur,
1136 1751 1241 1814 vocari
1278 1751 1361 1815 solet
1395 1750 1636 1814 demonstratio

505 1859 688 1941 potissimas
706 1860 798 1943 cujus
818 1858 953 1941 proinde
973 1858 1117 1922 medium
1146 1865 1196 1921 est
1214 1855 1283 1940 ipsa
1303 1858 1347 1921 rei
1366 1856 1525 1932 essentia,
1546 1858 1637 1921 unde

512 1966 660 2050 proxime
678 1974 711 2031 et
739 1964 928 2031 immediate
948 1973 1059 2029 manat
1087 1964 1160 2031 talis
1179 1964 1286 2047 passio
1304 1982 1362 2028 seu
1382 1963 1577 2048 proprietas:
1599 1971 1637 2026 ut

510 2074 537 2139 si
556 2073 780 2139 admirativum
800 2073 917 2157 probes
932 2091 973 2137 ex
990 2072 1154 2136 rationali.

317 2176 479 2246 demonum,
555 2197 632 2261 24¹·
680 2181 735 2247 list
754 2188 787 2244 et
805 2179 869 2265 alia,
884 2178 1171 2245 demonstrationis
1190 2176 1304 2243 divisio
1327 2178 1359 2242 in
1378 2178 1581 2244 ostensivam
1602 2186 1637 2241 et
1734 2199 1736 2226 ι

231 2297 236 2305 ’
325 2272 469 2388 Ἢξὲζζέ*
510 2288 685 2353 ducentem
705 2288 746 2352 ad
764 2286 978 2370 impossibile.
1007 2286 1112 2350 Prima
1129 2293 1180 2351 est
1203 2286 1268 2359 illa,
1294 2303 1368 2367 quae
1391 2303 1432 2349 ex
1457 2283 1637 2367 praemissis

324 2412 469 2466 rmporsrsrnr
509 2394 594 2460 veris
618 2414 655 2459 ac
675 2393 861 2459 necessariis
888 2394 1026 2477 positive
1049 2412 1118 2457 rem
1147 2394 1364 2457 demonstrat:
1396 2392 1637 2458 demonstratio

511 2514 619 2569 autem
647 2502 770 2566 ducens
789 2502 828 2565 ad
857 2500 1070 2584 impossibile,
1094 2517 1169 2582 quae
1188 2501 1285 2564 etiam
1310 2501 1350 2564 ab
1366 2500 1504 2564 absurdo
1525 2501 1577 2564 vel
1595 2502 1637 2564 ab

510 2608 740 2675 inconvenienti
756 2609 808 2673 vel
826 2609 866 2672 ab
883 2608 1074 2672 incommodo
1091 2607 1218 2681 dicitur,
1248 2625 1317 2670 rem
1340 2607 1556 2681 demonstrat,
1575 2627 1638 2691 op

511 2716 654 2800 positum
674 2732 745 2780 esse
764 2715 881 2780 falsum
901 2714 1120 2780 ostendendo:
1141 2732 1241 2798 quare
1263 2713 1407 2780 bilariam
1422 2712 1491 2779 lieri
1510 2724 1634 2798 potest:

510 2824 616 2908 primo
634 2823 806 2888 indicando
821 2823 1014 2896 absurdum,
1031 2824 1120 2906 quod
1138 2831 1328 2906 sequeretur
1343 2842 1384 2887 ex
1403 2841 1469 2888 non
1490 2823 1636 2889 admissa

509 2931 616 3012 aliqua
634 2915 859 3003 conclusione,
879 2937 916 2993 ut
935 2929 962 2994 si
989 2930 1036 2994 sic
1054 2948 1182 3014 arguas:
1201 2930 1239 2996 Si
1257 2929 1343 2996 bonta
1360 2948 1423 2994 non
1437 2931 1528 3016 soret
1542 2931 1638 2996 intel·
1734 2932 1736 3015 ξ

511 3039 621 3121 ligens,
646 3055 710 3101 uon
732 3037 922 3117 discreparet
937 3055 958 3100 a
976 3036 1098 3103 belluis.
1117 3037 1219 3121 Atqui
1224 3038 1347 3122 salsum
1368 3041 1417 3102 est
1440 3037 1592 3103 bominem
1615 3059 1637 3103 a
1734 3024 1736 3051 ’

511 3144 622 3210 belluis
635 3162 699 3209 non
711 3143 899 3225 discrepare.
919 3144 1045 3227 Ergo...
1066 3142 1189 3208 Deinde
1205 3144 1274 3209 fieri
1294 3153 1403 3228 potest
1422 3145 1522 3211 etiam
1542 3165 1638 3212 assu·

511 3252 632 3318 mendo
647 3251 905 3341 propositionem
922 3252 1201 3331 contradictoriam
1215 3253 1305 3317 alteri
1321 3261 1448 3337 negatae
1463 3255 1505 3318 ab
1518 3255 1638 3319 adver·

510 3361 606 3435 saria,
622 3369 655 3424 et
670 3377 711 3424 ex
726 3378 763 3422 ea
777 3367 809 3423 et
824 3359 923 3422 altera
937 3358 1104 3441 praemissa
1116 3360 1157 3424 ab
1171 3360 1287 3423 eodem
1304 3378 1471 3437 concessa,
1488 3361 1636 3426 eruendo

509 3464 1021 3548 conclusionem.impossibilem:
1043 3466 1100 3549 qui
1119 3468 1237 3532 modus
1251 3467 1420 3550 expositus
1437 3469 1499 3534 fuit
1513 3469 1546 3533 in
1563 3468 1639 3534 Dia·

511 3575 634 3654 lectica,
654 3592 731 3640 cum
751 3591 862 3638 sermo
882 3583 969 3640 esset
987 3573 1028 3637 de
1047 3574 1239 3657 probatione
1257 3575 1431 3641 modorum
1451 3575 1636 3661 syllogismi

508 3681 782 3765 imperfectorum.

576 3787 633 3852 llic
649 3805 751 3852 unum
773 3795 849 3853 nota
868 3805 944 3853 cum
970 3785 1118 3872 pluribus
1143 3787 1330 3853 auctoribus
1357 3785 1409 3875 (1)
1426 3790 1637 3856 demonstra

508 3893 632 3960 tionem
661 3895 758 3960 etiam
785 3897 961 3961 ducentem
989 3895 1030 3960 ad
1058 3894 1257 3978 impossibile
1288 3896 1429 3961 revocari
1457 3915 1555 3980 posse
1580 3903 1634 3964 vel

509 4003 549 4066 ad
568 4001 880 4069 demonstrationem
902 4012 1035 4088 propter
1052 4003 1147 4086 quid,
1168 4003 1219 4067 vel
1239 4003 1279 4067 ad
1297 4003 1390 4086 quia,
1411 4013 1509 4088 prout
1533 4006 1634 4071 ducat

508 4109 548 4175 ad
567 4107 767 4192 impossibile
786 4129 842 4193 per
860 4127 974 4176 causas
1008 4108 1082 4176 tali's
1109 4111 1390 4194 impossibilitatis,
1415 4121 1452 4178 ut
1477 4113 1504 4177 si
1528 4111 1631 4179 dicas:

507 4215 545 4282 Si
569 4217 648 4299 lapis
667 4221 718 4282 est
732 4217 911 4301 retractatas,
942 4217 1007 4282 erit
1029 4218 1240 4283 admirativus
1263 4237 1300 4282 ac
1326 4217 1475 4300 middin
1503 4221 1557 4284 vel
1576 4241 1635 4304 per

508 4324 655 4400 eftectus
677 4335 713 4390 ut
732 4325 758 4389 si
779 4326 840 4388 hoc
859 4334 956 4408 pacto
975 4342 1110 4408 arguas:
1129 4325 1168 4391 Si
1184 4343 1279 4410 equus
1295 4325 1462 4402 discurrit,
1482 4326 1548 4391 erit
1561 4329 1635 4393 ani·

505 4433 573 4495 mal
588 4431 755 4498 rational.

541 4687 582 4746 (ι)
618 4681 695 4738 Vide
709 4683 848 4748 Auctores
861 4684 964 4743 citatos
978 4703 1072 4755 nuper
1081 4703 1134 4756 pro
1143 4680 1304 4753 quaestione
1317 4682 1380 4752 illa,
1391 4703 1464 4741 num
1477 4684 1634 4755 adaequato
1734 4704 1736 4721 ³

506 4771 545 4828 sit
558 4770 664 4829 divisio
686 4772 943 4831 demonstrationis
956 4773 987 4830 in
1001 4772 1279 4832 demonstrationem
1288 4780 1409 4848 propter
1425 4775 1496 4846 quid
1508 4787 1539 4832 et
1551 4776 1633 4848 quin.
1734 4788 1736 4801 ²
