3492 5525
395 465 396 470 ἵ
435 487 556 553 Anrrc.
583 502 641 552 μ’
660 486 712 584 Da
732 489 939 555 lnuucrtotte
1148 493 1205 576 363
1252 477 1269 500 ⁶

190 670 313 738 Exinde
331 671 403 740 tluit
421 673 473 739 illa
492 671 552 738 alia
577 671 759 742 differentia
782 674 867 742 inter
888 673 1119 763 syllogismum
1144 685 1180 743 et
1197 675 1248 742 in·
1335 701 1389 748 aa·
1429 692 1431 695 ·

121 781 329 858 ductionem,
352 781 474 847 ratione
491 781 584 866 cujus
603 781 747 848 inductio
760 791 898 850 vocatur
909 783 952 850 ab
965 784 1140 852 Aristotele
1151 786 1248 866 syllo-

116 889 237 972 gismus
260 889 374 972 prima
399 896 433 954 et
459 887 645 955 matathia
666 889 889 972 propositionis
914 888 992 980 (t):
1020 893 1096 974 quia
1126 910 1246 976 nempe

122 997 269 1064 inductio
287 997 457 1066 adhibetur
475 997 516 1063 ad
540 997 723 1081 probandas
749 1017 804 1063 eas
823 999 1080 1083 propositiones,
1100 1019 1175 1083 quae
1192 1019 1247 1066 ca·

121 1115 195 1172 rent
215 1097 328 1170 'medio
352 1126 371 1170 a
397 1103 508 1188 priori,
538 1106 625 1170 unde
651 1106 845 1190 probentur,
866 1115 900 1171 et
924 1107 971 1173 sic
997 1107 1103 1191 prima
1123 1106 1246 1192 colligit

122 1214 295 1298 principia;
317 1214 528 1299 syllogismus
548 1231 625 1280 vero
643 1213 832 1280 communis
849 1214 1021 1280 adhibetur
1039 1216 1079 1280 ad
1106 1215 1247 1300 proban·
1349 1266 1354 1276 „

119 1323 181 1388 das
199 1320 455 1406 propositiones,
476 1339 552 1404 quae
566 1321 712 1387 medium
728 1320 882 1410 habent(
905 1320 931 1409 ).

172 1445 245 1510 ¹72·
293 1427 376 1505 Qua
395 1447 472 1495 cum
491 1429 537 1494 ita
555 1428 649 1505 sint,
659 1431 727 1514 jam
748 1430 871 1496 lacilius
890 1432 949 1497 erit
968 1432 1096 1497 solvere
1114 1440 1246 1497 contro-
1272 1450 1442 1498 comanam

119 1537 260 1603 versiam
289 1537 510 1620 quorumdam
539 1543 709 1602 auctorum
737 1538 817 1604 circa
846 1548 995 1606 naturam
1030 1538 1246 1605 distinctionis
1286 1532 1434 1631 miiaiin,

118 1647 206 1712 inter
224 1645 453 1731 syllogismum
474 1657 506 1712 et
526 1644 766 1712 inductionem:
788 1646 839 1711 alii
859 1623 1025 1763 namqueyt
1044 1665 1091 1712 aec
1100 1645 1248 1732 formali·
1277 1648 1435 1732 tnsgmditv

119 1759 187 1830 ter,
216 1753 267 1818 alii
294 1752 500 1818 materialiter
528 1753 700 1818 dumtaxat
729 1753 885 1838 distingui
917 1755 1137 1821 contendunt:
1173 1773 1248 1836 quae
1310 1719 1409 1838 iffi>

116 1856 342 1927 controversia
354 1869 463 1944 potest
477 1878 549 1926 esse
563 1861 697 1937 vocalis,
714 1880 750 1925 ac
765 1861 901 1944 proinde
912 1880 971 1945 pro
984 1861 1112 1928 diversa
1125 1881 1245 1929 vocum
1283 1864 1431 1920 ⁸³t¹¹⁰eiffl⁰

116 1955 359 2054 significatione
386 1966 604 2034 diversimode
630 1969 787 2034 solvenda
813 1980 875 2035 est.
904 1969 941 2036 Et
969 1969 1102 2052 quidem
1131 1971 1159 2036 si
1187 1987 1247 2055 pro

105 2053 248 2142 'formali
261 2057 469 2141 distinctione
488 2075 687 2160 intelligatur
706 2074 883 2142 discrimen
897 2077 997 2143 situm
1013 2078 1045 2142 in
1064 2086 1151 2143 certo
1165 2096 1247 2160 quo-

115 2187 197 2251 dam
227 2201 368 2249 numero
396 2193 428 2250 et
455 2183 568 2249 ordine
597 2177 879 2268 propositionum,
911 2185 1087 2250 dicendum
1117 2185 1247 2253 videtur
1306 2168 1309 2172 Δ
1370 2250 1374 2257 .

114 2311 193 2358 eam
209 2289 343 2356 minime
358 2289 467 2375 vigere
482 2290 565 2364 inter
579 2289 811 2377 syllogismum
831 2301 863 2358 et
882 2291 1126 2375 inductionem3
1142 2311 1246 2376 quan·
1290 2341 1296 2348 -

114 2399 298 2482 doquidem
327 2397 472 2464 inductio
499 2409 649 2464 constare
669 2406 785 2482 potest
817 2399 921 2466 tribus
951 2400 1242 2484 propositionibus,

112 2510 203 2576 sicut
220 2504 450 2592 syllogismus,
467 2507 518 2572 vel
534 2507 642 2572 solum
661 2505 800 2582 duabus,
818 2515 854 2572 ut
876 2508 1108 2593 enthymema,
1125 2526 1244 2591 quem-

113 2615 299 2681 admodum
314 2614 464 2696 superius
483 2613 685 2682 monuimus.
706 2613 859 2680 Similiter
880 2617 908 2681 si
932 2614 1105 2682 materialis
1128 2614 1245 2682 distin·
1278 2652 1282 2658 ·

113 2723 236 2790 ctionis
260 2722 393 2788 nomine
414 2722 467 2788 illa
494 2722 682 2817 accipiatur,
711 2741 785 2806 quae
803 2723 970 2790 consistat
1000 2724 1033 2789 in
1056 2725 1243 2791 diversitate

116 2830 281 2906 materiae,
294 2830 376 2895 circa
389 2848 488 2912 quam
504 2840 676 2895 versentur
691 2829 752 2894 illae
767 2830 840 2897 duae
855 2832 1172 2915 argumentationes,
1189 2851 1245 2897 ne-

113 2938 226 3024 ganda
240 2946 290 3003 est
305 2938 368 3003 hoc
382 2955 482 3003 sensu
493 2945 622 3020 accepta
633 2937 806 3003 materialis
820 2938 997 3021 distinctio,
1011 2956 1088 3004 cum
1101 2947 1134 3004 et
1147 2940 1245 3026 syllo

113 3046 247 3132 gismus
268 3052 302 3108 et
321 3043 466 3109 inductio
485 3044 604 3111 versari
625 3046 753 3128 possint·
773 3045 855 3110 circa
879 3046 1030 3111 eamdem
1059 3046 1241 3114 materiam.

185 3152 348 3218 Caeterum
367 3152 393 3218 si
415 3170 473 3235 pro
492 3152 618 3217 formali
642 3152 850 3219 distinctione
865 3152 1063 3237 intelligatur
1077 3153 1239 3236 specifica,

113 3279 193 3345 quae
213 3278 333 3343 nempe
352 3258 585 3345 syllogismum
605 3267 639 3324 et
663 3260 886 3326 inductionem
911 3260 1028 3326 efficiat
1046 3261 1127 3327 duas
1147 3279 1243 3346 argu-

113 3366 328 3434 mentationis
353 3364 477 3451 species
501 3366 641 3432 invicem
669 3368 855 3444 distinctas,
884 3367 993 3452 negari
1020 3368 1134 3451 nequit
1156 3370 1243 3455 ejus·

112 3476 207 3543 modi
222 3474 366 3540 formalis
386 3473 551 3540 distinctio
571 3494 611 3539 ex
630 3475 738 3541 dictis.
760 3474 844 3539 Nam
859 3476 893 3541 in
907 3492 1116 3559 quacumque
1134 3494 1242 3543 verse-

110 3596 170 3651 tur
191 3582 340 3657 materia,
361 3588 394 3646 et
413 3599 632 3664 quaecumque
655 3582 697 3647 sit
716 3593 851 3648 externa
874 3584 978 3648 forma
1006 3582 1241 3667 dispositioque

109 3689 332 3757 terminorum
348 3708 384 3754 ac
400 3688 679 3772 propositionum,
697 3706 826 3773 semper
841 3690 986 3755 inductio
1001 3690 1242 3774 habet-proces-

108 3818 192 3867 sum
207 3797 386 3873 diversum,
404 3814 440 3861 ac
456 3796 586 3879 penitus
606 3798 796 3880 oppositum
817 3797 1000 3883 syllogismi
1017 3801 1193 3881 processui.

164 3922 202 3989 17
206 3923 240 3991 3.
287 3904 324 3969 Et
338 3904 495 3969 hactenus
508 3904 549 3968 de
564 3902 752 3969 inductione
767 3914 865 3988 prout
878 3924 897 3969 a
911 3904 1118 3972 Scholasticis
1134 3907 1242 3973 decla·

107 4023 184 4083 rata
203 4012 279 4089 tuit,
299 4028 399 4095 quam
416 4010 609 4077 recentiores
622 4014 782 4095 vulgarem
795 4021 870 4096 post
884 4015 1046 4080 baconem
1059 4015 1239 4100 appellant,

106 4132 149 4189 ut
170 4118 375 4204 distinguant
392 4139 413 4183 a
429 4118 628 4195 Baconiana,
649 4137 750 4202 quam
770 4119 881 4186 docuit
899 4120 981 4185 Baco
999 4140 1018 4185 a
1035 4120 1238 4188 Verulamio.

182 4227 242 4294 llic
266 4225 316 4291 vir
344 4234 524 4311 postquam
545 4225 624 4292 satis
643 4226 776 4309 quidem
800 4236 1005 4313 arroganter,
1031 4228 1189 4295 inurbane
1207 4241 1241 4296 et
1305 4253 1406 4300 trauan

102 4336 226 4421 inique
249 4332 546 4409 Scholasticorum,
568 4335 627 4399 hac
653 4333 686 4399 in
714 4354 748 4399 re
764 4335 946 4407 doctrinam
967 4336 1154 4421 suggillavit
1173 4332 1238 4427 (3),
1286 4325 1422 4372 ⁸¹⁰⁰¹²⁵⁸¹¹⁸·

141 4516 190 4589 (r)
228 4511 292 4571 Lib.
308 4531 324 4569 2
338 4513 429 4569 Prior
442 4510 627 4583 Artaiyticor.
641 4530 705 4582 cap.
721 4531 755 4583 23
768 4512 859 4583 (apud
874 4512 972 4571 Mauri
986 4532 1048 4585 cap.
1063 4517 1121 4587 29).

141 4610 189 4673 (ι)
226 4601 296 4659 Vid.
322 4601 356 4660 P.
382 4599 509 4674 Sylvcst.
532 4598 629 4659 Mauri
653 4598 683 4659 in
707 4600 891 4675 Paraphresi
910 4602 1000 4675 hujus
1019 4602 1160 4675 postremi
1182 4603 1238 4664 loci
