<?xml version="1.0" encoding="UTF-8"?>
<!DOCTYPE html PUBLIC "-//W3C//DTD XHTML 1.0 Transitional//EN"
    "http://www.w3.org/TR/xhtml1/DTD/xhtml1-transitional.dtd">
<html xmlns="http://www.w3.org/1999/xhtml" xml:lang="en" lang="en">
 <head>
  <title>
</title>
<meta http-equiv="Content-Type" content="text/html;charset=utf-8" />
  <meta name='ocr-system' content='tesseract 3.04.00' />
  <meta name='ocr-capabilities' content='ocr_page ocr_carea ocr_par ocr_line ocrx_word'/>
</head>
<body>
  <div class='ocr_page' id='page_1' title='image "./institutionesph00urrgoog/institutionesph00urrgoog_1062.png"; bbox 0 0 3492 5525; ppageno 0'>
   <div class='ocr_carea' id='block_1_1' title="bbox 556 394 1489 483">
    <p class='ocr_par' dir='ltr' id='par_1_1' title="bbox 556 394 1489 483">
     <span class='ocr_line' id='line_1_1' title="bbox 556 394 1489 483; baseline 0.001 -21"><span class='ocrx_word' id='word_1_1' title='bbox 556 414 633 483; x_wconf 73' lang='lat'><em>1042</em></span> <span class='ocrx_word' id='word_1_2' title='bbox 668 396 792 463; x_wconf 77' lang='lat' dir='ltr'><em>Locren</em></span> <span class='ocrx_word' id='word_1_3' title='bbox 808 394 1042 473; x_wconf 76' lang='lat' dir='ltr'><em>Maron—Lm.</em></span> <span class='ocrx_word' id='word_1_4' title='bbox 1059 414 1132 473; x_wconf 57' lang='grc' dir='ltr'><em>μ’,</em></span> <span class='ocrx_word' id='word_1_5' title='bbox 1150 396 1242 463; x_wconf 76' lang='lat' dir='ltr'><em>Disn.</em></span> <span class='ocrx_word' id='word_1_6' title='bbox 1261 413 1305 482; x_wconf 84' lang='lat'><em>4·</em></span> <span class='ocrx_word' id='word_1_7' title='bbox 1321 398 1401 463; x_wconf 77' lang='lat' dir='ltr'><em>Can.</em></span> <span class='ocrx_word' id='word_1_8' title='bbox 1419 412 1489 481; x_wconf 61' lang='lat' dir='ltr'><em>alm</em></span> 
     </span>
    </p>
   </div>
   <div class='ocr_carea' id='block_1_2' title="bbox 504 584 1649 4002">
    <p class='ocr_par' dir='ltr' id='par_1_2' title="bbox 510 584 1634 888">
     <span class='ocr_line' id='line_1_2' title="bbox 510 584 1634 666; baseline -0.001 -18"><span class='ocrx_word' id='word_1_9' title='bbox 510 586 634 657; x_wconf 80' lang='lat' dir='ltr'><em>modum</em></span> <span class='ocrx_word' id='word_1_10' title='bbox 646 586 837 665; x_wconf 82' lang='lat' dir='ltr'><em>procedendi</em></span> <span class='ocrx_word' id='word_1_11' title='bbox 853 586 888 650; x_wconf 89' lang='lat' dir='ltr'><em>in</em></span> <span class='ocrx_word' id='word_1_12' title='bbox 907 585 1049 651; x_wconf 84' lang='lat' dir='ltr'><em>omnibns</em></span> <span class='ocrx_word' id='word_1_13' title='bbox 1067 585 1218 654; x_wconf 77' lang='lat' dir='ltr'><em>scientiis.</em></span> <span class='ocrx_word' id='word_1_14' title='bbox 1229 584 1354 651; x_wconf 82' lang='lat' dir='ltr'><em>&#39;Modus</em></span> <span class='ocrx_word' id='word_1_15' title='bbox 1370 589 1474 651; x_wconf 87' lang='lat' dir='ltr'><em>autem</em></span> <span class='ocrx_word' id='word_1_16' title='bbox 1488 584 1634 666; x_wconf 85' lang='lat' dir='ltr'><em>proprius</em></span> 
     </span>
     <span class='ocr_line' id='line_1_3' title="bbox 510 690 1633 777; baseline -0.001 -23"><span class='ocrx_word' id='word_1_17' title='bbox 510 690 708 774; x_wconf 75' lang='lat' dir='ltr'><em>singularam</em></span> <span class='ocrx_word' id='word_1_18' title='bbox 725 692 927 759; x_wconf 78' lang='lat' dir='ltr'><em>scientiarum</em></span> <span class='ocrx_word' id='word_1_19' title='bbox 953 694 987 758; x_wconf 89' lang='lat' dir='ltr'><em>in</em></span> <span class='ocrx_word' id='word_1_20' title='bbox 1015 693 1154 759; x_wconf 83' lang='lat' dir='ltr'><em>scientiis</em></span> <span class='ocrx_word' id='word_1_21' title='bbox 1181 694 1318 777; x_wconf 82' lang='lat' dir='ltr'><em>singulis</em></span> <span class='ocrx_word' id='word_1_22' title='bbox 1335 694 1419 759; x_wconf 88' lang='lat' dir='ltr'><em>circa</em></span> <span class='ocrx_word' id='word_1_23' title='bbox 1443 690 1633 775; x_wconf 83' lang='lat' dir='ltr'><em>princrpinm</em></span> 
     </span>
     <span class='ocr_line' id='line_1_4' title="bbox 512 797 783 888; baseline 0.011 -27"><span class='ocrx_word' id='word_1_24' title='bbox 512 798 598 862; x_wconf 86' lang='lat' dir='ltr'><em>tradi</em></span> <span class='ocrx_word' id='word_1_25' title='bbox 615 797 731 887; x_wconf 85' lang='lat' dir='ltr'><em>debet(</em></span> <span class='ocrx_word' id='word_1_26' title='bbox 756 800 783 888; x_wconf 92' lang='lat'><em>).</em></span> 
     </span>
    </p>

    <p class='ocr_par' dir='ltr' id='par_1_3' title="bbox 512 906 1636 1211">
     <span class='ocr_line' id='line_1_5' title="bbox 577 906 1634 991; baseline -0.001 -20"><span class='ocrx_word' id='word_1_27' title='bbox 577 906 650 972; x_wconf 88' lang='lat' dir='ltr'><em>Non</em></span> <span class='ocrx_word' id='word_1_28' title='bbox 677 925 755 991; x_wconf 87' lang='lat' dir='ltr'><em>ergo</em></span> <span class='ocrx_word' id='word_1_29' title='bbox 782 909 857 991; x_wconf 88' lang='lat' dir='ltr'><em>quia</em></span> <span class='ocrx_word' id='word_1_30' title='bbox 883 908 1007 974; x_wconf 80' lang='lat' dir='ltr'><em>facilius</em></span> <span class='ocrx_word' id='word_1_31' title='bbox 1031 917 1096 983; x_wconf 87' lang='lat' dir='ltr'><em>est,</em></span> <span class='ocrx_word' id='word_1_32' title='bbox 1123 928 1199 973; x_wconf 89' lang='lat' dir='ltr'><em>nam</em></span> <span class='ocrx_word' id='word_1_33' title='bbox 1226 928 1291 974; x_wconf 89' lang='lat' dir='ltr'><em>non</em></span> <span class='ocrx_word' id='word_1_34' title='bbox 1317 916 1403 974; x_wconf 86' lang='lat' dir='ltr'><em>caret</em></span> <span class='ocrx_word' id='word_1_35' title='bbox 1430 906 1634 983; x_wconf 82' lang='lat' dir='ltr'><em>difficultate,</em></span> 
     </span>
     <span class='ocr_line' id='line_1_6' title="bbox 512 1014 1636 1101; baseline 0.001 -24"><span class='ocrx_word' id='word_1_36' title='bbox 512 1014 569 1078; x_wconf 90' lang='lat' dir='ltr'><em>sed</em></span> <span class='ocrx_word' id='word_1_37' title='bbox 588 1014 664 1095; x_wconf 89' lang='lat' dir='ltr'><em>quia</em></span> <span class='ocrx_word' id='word_1_38' title='bbox 680 1018 899 1081; x_wconf 87' lang='lat' dir='ltr'><em>necessarium</em></span> <span class='ocrx_word' id='word_1_39' title='bbox 919 1026 986 1093; x_wconf 90' lang='lat' dir='ltr'><em>est,</em></span> <span class='ocrx_word' id='word_1_40' title='bbox 1009 1015 1135 1101; x_wconf 84' lang='lat' dir='ltr'><em>logicae</em></span> <span class='ocrx_word' id='word_1_41' title='bbox 1154 1016 1302 1082; x_wconf 90' lang='lat' dir='ltr'><em>studium</em></span> <span class='ocrx_word' id='word_1_42' title='bbox 1320 1025 1512 1081; x_wconf 88' lang='lat' dir='ltr'><em>caeterarum</em></span> <span class='ocrx_word' id='word_1_43' title='bbox 1528 1015 1636 1080; x_wconf 89' lang='lat' dir='ltr'><em>studio</em></span> 
     </span>
     <span class='ocr_line' id='line_1_7' title="bbox 514 1122 981 1211; baseline 0.009 -26"><span class='ocrx_word' id='word_1_44' title='bbox 514 1123 746 1205; x_wconf 85' lang='lat' dir='ltr'><em>praemittatur,</em></span> <span class='ocrx_word' id='word_1_45' title='bbox 768 1122 929 1209; x_wconf 84' lang='lat' dir='ltr'><em>oportet(</em></span> <span class='ocrx_word' id='word_1_46' title='bbox 956 1122 981 1211; x_wconf 86' lang='grc'><em>).</em></span> 
     </span>
    </p>

    <p class='ocr_par' dir='ltr' id='par_1_4' title="bbox 510 1228 1639 1852">
     <span class='ocr_line' id='line_1_8' title="bbox 580 1228 1637 1315; baseline -0.001 -23"><span class='ocrx_word' id='word_1_47' title='bbox 580 1228 734 1295; x_wconf 88' lang='lat' dir='ltr'><em>Mathesis</em></span> <span class='ocrx_word' id='word_1_48' title='bbox 753 1248 850 1313; x_wconf 90' lang='lat' dir='ltr'><em>porro</em></span> <span class='ocrx_word' id='word_1_49' title='bbox 868 1239 943 1296; x_wconf 89' lang='lat' dir='ltr'><em>ante</em></span> <span class='ocrx_word' id='word_1_50' title='bbox 964 1233 1142 1296; x_wconf 81' lang='lat' dir='ltr'><em>naturalem</em></span> <span class='ocrx_word' id='word_1_51' title='bbox 1173 1230 1412 1315; x_wconf 84' lang='lat' dir='ltr'><em>Philosophiam</em></span> <span class='ocrx_word' id='word_1_52' title='bbox 1442 1230 1637 1295; x_wconf 86' lang='lat' dir='ltr'><em>addiscenda</em></span> 
     </span>
     <span class='ocr_line' id='line_1_9' title="bbox 510 1333 1637 1426; baseline 0 -27"><span class='ocrx_word' id='word_1_53' title='bbox 510 1345 561 1400; x_wconf 90' lang='lat' dir='ltr'><em>est</em></span> <span class='ocrx_word' id='word_1_54' title='bbox 588 1333 723 1423; x_wconf 90' lang='lat' dir='ltr'><em>(loquor</em></span> <span class='ocrx_word' id='word_1_55' title='bbox 750 1337 791 1402; x_wconf 93' lang='lat' dir='ltr'><em>de</em></span> <span class='ocrx_word' id='word_1_56' title='bbox 818 1339 1005 1403; x_wconf 80' lang='lat' dir='ltr'><em>elementari</em></span> <span class='ocrx_word' id='word_1_57' title='bbox 1037 1337 1210 1426; x_wconf 87' lang='lat' dir='ltr'><em>Mathesi),</em></span> <span class='ocrx_word' id='word_1_58' title='bbox 1237 1348 1269 1404; x_wconf 91' lang='lat' dir='ltr'><em>et</em></span> <span class='ocrx_word' id='word_1_59' title='bbox 1299 1339 1375 1422; x_wconf 88' lang='lat' dir='ltr'><em>quin</em></span> <span class='ocrx_word' id='word_1_60' title='bbox 1406 1339 1637 1403; x_wconf 85' lang='lat' dir='ltr'><em>mathematica</em></span> 
     </span>
     <span class='ocr_line' id='line_1_10' title="bbox 511 1445 1639 1533; baseline 0.001 -26"><span class='ocrx_word' id='word_1_61' title='bbox 511 1445 731 1511; x_wconf 80' lang='lat' dir='ltr'><em>manifestiora</em></span> <span class='ocrx_word' id='word_1_62' title='bbox 750 1457 828 1512; x_wconf 92' lang='lat' dir='ltr'><em>sunt</em></span> <span class='ocrx_word' id='word_1_63' title='bbox 846 1458 878 1512; x_wconf 90' lang='lat' dir='ltr'><em>et</em></span> <span class='ocrx_word' id='word_1_64' title='bbox 899 1448 1036 1512; x_wconf 85' lang='lat' dir='ltr'><em>faciliora</em></span> <span class='ocrx_word' id='word_1_65' title='bbox 1059 1445 1125 1533; x_wconf 79' lang='lat'><em>(3),</em></span> <span class='ocrx_word' id='word_1_66' title='bbox 1147 1466 1247 1531; x_wconf 90' lang='lat' dir='ltr'><em>quam</em></span> <span class='ocrx_word' id='word_1_67' title='bbox 1268 1449 1417 1533; x_wconf 88' lang='lat' dir='ltr'><em>physica,</em></span> <span class='ocrx_word' id='word_1_68' title='bbox 1439 1466 1515 1530; x_wconf 77' lang='lat' dir='ltr'><em>que</em></span> <span class='ocrx_word' id='word_1_69' title='bbox 1540 1465 1639 1528; x_wconf 84' lang='lat' dir='ltr'><em>expe-</em></span> 
     </span>
     <span class='ocr_line' id='line_1_11' title="bbox 512 1551 1639 1640; baseline 0 -25"><span class='ocrx_word' id='word_1_70' title='bbox 512 1551 678 1629; x_wconf 90' lang='lat' dir='ltr'><em>rientiam,</em></span> <span class='ocrx_word' id='word_1_71' title='bbox 699 1566 798 1637; x_wconf 90' lang='lat' dir='ltr'><em>atque</em></span> <span class='ocrx_word' id='word_1_72' title='bbox 818 1555 900 1620; x_wconf 89' lang='lat' dir='ltr'><em>adeo</em></span> <span class='ocrx_word' id='word_1_73' title='bbox 925 1555 1083 1621; x_wconf 90' lang='lat' dir='ltr'><em>maturius</em></span> <span class='ocrx_word' id='word_1_74' title='bbox 1100 1555 1280 1640; x_wconf 88' lang='lat' dir='ltr'><em>judicium,</em></span> <span class='ocrx_word' id='word_1_75' title='bbox 1307 1555 1492 1637; x_wconf 83' lang='lat' dir='ltr'><em>requirunt3</em></span> <span class='ocrx_word' id='word_1_76' title='bbox 1511 1564 1545 1618; x_wconf 90' lang='lat' dir='ltr'><em>et</em></span> <span class='ocrx_word' id='word_1_77' title='bbox 1566 1553 1639 1635; x_wconf 84' lang='lat' dir='ltr'><em>quia</em></span> 
     </span>
     <span class='ocr_line' id='line_1_12' title="bbox 512 1660 1639 1747; baseline -0.001 -23"><span class='ocrx_word' id='word_1_78' title='bbox 512 1677 578 1725; x_wconf 92' lang='lat' dir='ltr'><em>non</em></span> <span class='ocrx_word' id='word_1_79' title='bbox 608 1678 679 1725; x_wconf 91' lang='lat' dir='ltr'><em>raro</em></span> <span class='ocrx_word' id='word_1_80' title='bbox 707 1660 972 1745; x_wconf 88' lang='lat' dir='ltr'><em>experimentalis</em></span> <span class='ocrx_word' id='word_1_81' title='bbox 1001 1662 1135 1747; x_wconf 83' lang='lat' dir='ltr'><em>Physica</em></span> <span class='ocrx_word' id='word_1_82' title='bbox 1154 1662 1186 1727; x_wconf 93' lang='lat' dir='ltr'><em>in</em></span> <span class='ocrx_word' id='word_1_83' title='bbox 1214 1664 1281 1729; x_wconf 91' lang='lat' dir='ltr'><em>suis</em></span> <span class='ocrx_word' id='word_1_84' title='bbox 1301 1662 1639 1727; x_wconf 85' lang='lat' dir='ltr'><em>demonstrationibus</em></span> 
     </span>
     <span class='ocr_line' id='line_1_13' title="bbox 512 1768 1069 1852; baseline 0.005 -19"><span class='ocrx_word' id='word_1_85' title='bbox 512 1768 614 1833; x_wconf 87' lang='lat' dir='ltr'><em>utitur</em></span> <span class='ocrx_word' id='word_1_86' title='bbox 634 1768 873 1835; x_wconf 86' lang='lat' dir='ltr'><em>mathematicis</em></span> <span class='ocrx_word' id='word_1_87' title='bbox 893 1768 1069 1852; x_wconf 73' lang='lat' dir='ltr'><em>principiis</em></span> 
     </span>
    </p>

    <p class='ocr_par' dir='ltr' id='par_1_5' title="bbox 504 1875 1649 4002">
     <span class='ocr_line' id='line_1_14' title="bbox 579 1875 1641 1961; baseline -0.001 -21"><span class='ocrx_word' id='word_1_88' title='bbox 579 1875 730 1942; x_wconf 85' lang='lat' dir='ltr'><em>Succedit</em></span> <span class='ocrx_word' id='word_1_89' title='bbox 746 1886 821 1960; x_wconf 89' lang='lat' dir='ltr'><em>post</em></span> <span class='ocrx_word' id='word_1_90' title='bbox 840 1877 1011 1961; x_wconf 89' lang='lat' dir='ltr'><em>Physicam</em></span> <span class='ocrx_word' id='word_1_91' title='bbox 1034 1876 1181 1952; x_wconf 87' lang='lat' dir='ltr'><em>Moralis,</em></span> <span class='ocrx_word' id='word_1_92' title='bbox 1198 1876 1274 1959; x_wconf 90' lang='lat' dir='ltr'><em>quia</em></span> <span class='ocrx_word' id='word_1_93' title='bbox 1294 1877 1399 1941; x_wconf 90' lang='lat' dir='ltr'><em>multo</em></span> <span class='ocrx_word' id='word_1_94' title='bbox 1419 1875 1572 1941; x_wconf 83' lang='lat' dir='ltr'><em>incertior</em></span> <span class='ocrx_word' id='word_1_95' title='bbox 1593 1886 1641 1939; x_wconf 90' lang='lat' dir='ltr'><em>est</em></span> 
     </span>
     <span class='ocr_line' id='line_1_15' title="bbox 513 1983 1640 2068; baseline -0.002 -21"><span class='ocrx_word' id='word_1_96' title='bbox 513 1984 683 2068; x_wconf 86' lang='lat' dir='ltr'><em>magisque</em></span> <span class='ocrx_word' id='word_1_97' title='bbox 706 1984 805 2053; x_wconf 88' lang='lat' dir='ltr'><em>ardua</em></span> <span class='ocrx_word' id='word_1_98' title='bbox 825 1983 1021 2067; x_wconf 88' lang='lat' dir='ltr'><em>experientia</em></span> <span class='ocrx_word' id='word_1_99' title='bbox 1046 1983 1154 2059; x_wconf 93' lang='lat' dir='ltr'><em>iniis,</em></span> <span class='ocrx_word' id='word_1_100' title='bbox 1176 2004 1250 2067; x_wconf 86' lang='lat' dir='ltr'><em>quae</em></span> <span class='ocrx_word' id='word_1_101' title='bbox 1275 1985 1315 2048; x_wconf 89' lang='lat' dir='ltr'><em>ad</em></span> <span class='ocrx_word' id='word_1_102' title='bbox 1335 1984 1412 2048; x_wconf 86' lang='lat' dir='ltr'><em>vitae</em></span> <span class='ocrx_word' id='word_1_103' title='bbox 1433 1983 1640 2066; x_wconf 87' lang='lat' dir='ltr'><em>disciplinam</em></span> 
     </span>
     <span class='ocr_line' id='line_1_16' title="bbox 512 2089 1640 2175; baseline 0 -22"><span class='ocrx_word' id='word_1_104' title='bbox 512 2098 544 2153; x_wconf 88' lang='lat' dir='ltr'><em>et</em></span> <span class='ocrx_word' id='word_1_105' title='bbox 564 2089 723 2172; x_wconf 82' lang='lat' dir='ltr'><em>regendas</em></span> <span class='ocrx_word' id='word_1_106' title='bbox 744 2090 1026 2175; x_wconf 86' lang='lat' dir='ltr'><em>moderandasque</em></span> <span class='ocrx_word' id='word_1_107' title='bbox 1057 2090 1229 2155; x_wconf 91' lang='lat' dir='ltr'><em>hominum</em></span> <span class='ocrx_word' id='word_1_108' title='bbox 1255 2092 1441 2157; x_wconf 78' lang='lat' dir='ltr'><em>noluntates</em></span> <span class='ocrx_word' id='word_1_109' title='bbox 1461 2090 1640 2174; x_wconf 84' lang='lat' dir='ltr'><em>pertinent,</em></span> 
     </span>
     <span class='ocr_line' id='line_1_17' title="bbox 512 2196 1640 2283; baseline 0 -23"><span class='ocrx_word' id='word_1_110' title='bbox 512 2215 611 2278; x_wconf 89' lang='lat' dir='ltr'><em>quam</em></span> <span class='ocrx_word' id='word_1_111' title='bbox 635 2196 668 2261; x_wconf 91' lang='lat' dir='ltr'><em>in</em></span> <span class='ocrx_word' id='word_1_112' title='bbox 694 2196 855 2283; x_wconf 85' lang='lat' dir='ltr'><em>Physicis,</em></span> <span class='ocrx_word' id='word_1_113' title='bbox 879 2198 1050 2280; x_wconf 84' lang='lat' dir='ltr'><em>multoque</em></span> <span class='ocrx_word' id='word_1_114' title='bbox 1084 2198 1249 2263; x_wconf 90' lang='lat' dir='ltr'><em>maturiori</em></span> <span class='ocrx_word' id='word_1_115' title='bbox 1269 2198 1391 2283; x_wconf 90' lang='lat' dir='ltr'><em>judicio</em></span> <span class='ocrx_word' id='word_1_116' title='bbox 1417 2216 1501 2281; x_wconf 92' lang='lat' dir='ltr'><em>opus</em></span> <span class='ocrx_word' id='word_1_117' title='bbox 1529 2198 1640 2261; x_wconf 85' lang='lat' dir='ltr'><em>estad</em></span> 
     </span>
     <span class='ocr_line' id='line_1_18' title="bbox 511 2304 1642 2388; baseline 0 -21"><span class='ocrx_word' id='word_1_118' title='bbox 511 2322 625 2369; x_wconf 87' lang='lat' dir='ltr'><em>eorum</em></span> <span class='ocrx_word' id='word_1_119' title='bbox 651 2304 916 2388; x_wconf 81' lang='lat' dir='ltr'><em>intelligentiam,</em></span> <span class='ocrx_word' id='word_1_120' title='bbox 943 2304 1062 2387; x_wconf 89' lang='lat' dir='ltr'><em>quibus</em></span> <span class='ocrx_word' id='word_1_121' title='bbox 1088 2306 1308 2388; x_wconf 89' lang='lat' dir='ltr'><em>componendi</em></span> <span class='ocrx_word' id='word_1_122' title='bbox 1337 2315 1414 2370; x_wconf 89' lang='lat' dir='ltr'><em>sunt</em></span> <span class='ocrx_word' id='word_1_123' title='bbox 1439 2322 1567 2377; x_wconf 88' lang='lat' dir='ltr'><em>mores,</em></span> <span class='ocrx_word' id='word_1_124' title='bbox 1593 2324 1642 2367; x_wconf 84' lang='lat' dir='ltr'><em>rc-</em></span> 
     </span>
     <span class='ocr_line' id='line_1_19' title="bbox 511 2409 1641 2499; baseline 0 -25"><span class='ocrx_word' id='word_1_125' title='bbox 511 2412 616 2494; x_wconf 80' lang='lat' dir='ltr'><em>genda</em></span> <span class='ocrx_word' id='word_1_126' title='bbox 649 2412 783 2488; x_wconf 85' lang='lat' dir='ltr'><em>familia,</em></span> <span class='ocrx_word' id='word_1_127' title='bbox 813 2410 1013 2477; x_wconf 87' lang='lat' dir='ltr'><em>instituenda</em></span> <span class='ocrx_word' id='word_1_128' title='bbox 1050 2413 1232 2496; x_wconf 88' lang='lat' dir='ltr'><em>respublica</em></span> <span class='ocrx_word' id='word_1_129' title='bbox 1260 2409 1327 2499; x_wconf 84' lang='lat'>(4).</span> <span class='ocrx_word' id='word_1_130' title='bbox 1368 2411 1476 2487; x_wconf 81' lang='lat' dir='ltr'><em>Qsare</em></span> <span class='ocrx_word' id='word_1_131' title='bbox 1509 2410 1641 2495; x_wconf 87' lang='lat' dir='ltr'><em>scripsit</em></span> 
     </span>
     <span class='ocr_line' id='line_1_20' title="bbox 513 2517 1645 2606; baseline 0 -24"><span class='ocrx_word' id='word_1_132' title='bbox 513 2517 746 2602; x_wconf 90' lang='lat' dir='ltr'><em>Philosophus,</em></span> <span class='ocrx_word' id='word_1_133' title='bbox 784 2519 926 2583; x_wconf 75' lang='lat' dir='ltr'><em>Politice</em></span> <span class='ocrx_word' id='word_1_134' title='bbox 962 2539 1024 2584; x_wconf 90' lang='lat' dir='ltr'><em>non</em></span> <span class='ocrx_word' id='word_1_135' title='bbox 1057 2539 1121 2584; x_wconf 84' lang='lat' dir='ltr'><em>esse</em></span> <span class='ocrx_word' id='word_1_136' title='bbox 1150 2519 1312 2601; x_wconf 87' lang='lat' dir='ltr'><em>proprium</em></span> <span class='ocrx_word' id='word_1_137' title='bbox 1344 2518 1518 2583; x_wconf 80' lang='lat' dir='ltr'><em>auditorem</em></span> <span class='ocrx_word' id='word_1_138' title='bbox 1543 2522 1645 2606; x_wconf 76' lang='lat' dir='ltr'><em>juce-</em></span> 
     </span>
     <span class='ocr_line' id='line_1_21' title="bbox 511 2622 1645 2712; baseline 0.001 -22"><span class='ocrx_word' id='word_1_139' title='bbox 511 2644 580 2690; x_wconf 89' lang='lat' dir='ltr'><em>nem</em></span> <span class='ocrx_word' id='word_1_140' title='bbox 598 2622 661 2712; x_wconf 79' lang='grc'><strong>(5).</strong></span> <span class='ocrx_word' id='word_1_141' title='bbox 683 2624 780 2703; x_wconf 83' lang='lat' dir='ltr'><em>Quod</em></span> <span class='ocrx_word' id='word_1_142' title='bbox 800 2626 841 2691; x_wconf 91' lang='lat' dir='ltr'><em>sit</em></span> <span class='ocrx_word' id='word_1_143' title='bbox 865 2628 1001 2709; x_wconf 86' lang='lat' dir='ltr'><em>exponit</em></span> <span class='ocrx_word' id='word_1_144' title='bbox 1021 2627 1198 2711; x_wconf 83' lang='lat' dir='ltr'><em>Angelicus</em></span> <span class='ocrx_word' id='word_1_145' title='bbox 1210 2644 1217 2691; x_wconf 91' lang='lat'>:</span> <span class='ocrx_word' id='word_1_146' title='bbox 1230 2627 1364 2709; x_wconf 77' lang='lat' dir='ltr'><em>juvenis</em></span> <span class='ocrx_word' id='word_1_147' title='bbox 1382 2646 1444 2692; x_wconf 90' lang='lat' dir='ltr'><em>non</em></span> <span class='ocrx_word' id='word_1_148' title='bbox 1464 2630 1513 2691; x_wconf 86' lang='lat' dir='ltr'><em>cst</em></span> <span class='ocrx_word' id='word_1_149' title='bbox 1527 2645 1645 2691; x_wconf 80' lang='lat' dir='ltr'><em>concn-</em></span> 
     </span>
     <span class='ocr_line' id='line_1_22' title="bbox 511 2731 1645 2819; baseline 0.003 -22"><span class='ocrx_word' id='word_1_150' title='bbox 511 2731 601 2798; x_wconf 89' lang='lat' dir='ltr'><em>niens</em></span> <span class='ocrx_word' id='word_1_151' title='bbox 626 2734 755 2799; x_wconf 77' lang='lat' dir='ltr'><em>auditor</em></span> <span class='ocrx_word' id='word_1_152' title='bbox 774 2734 935 2810; x_wconf 76' lang='lat' dir='ltr'><em>Politice,</em></span> <span class='ocrx_word' id='word_1_153' title='bbox 960 2738 993 2800; x_wconf 86' lang='lat' dir='ltr'><em>et</em></span> <span class='ocrx_word' id='word_1_154' title='bbox 1023 2735 1118 2800; x_wconf 87' lang='lat' dir='ltr'><em>tatius</em></span> <span class='ocrx_word' id='word_1_155' title='bbox 1150 2735 1279 2801; x_wconf 91' lang='lat' dir='ltr'><em>moralis</em></span> <span class='ocrx_word' id='word_1_156' title='bbox 1306 2734 1458 2811; x_wconf 81' lang='lat' dir='ltr'><em>scientie,</em></span> <span class='ocrx_word' id='word_1_157' title='bbox 1487 2752 1559 2819; x_wconf 78' lang='lat' dir='ltr'><em>qna</em></span> <span class='ocrx_word' id='word_1_158' title='bbox 1585 2736 1645 2800; x_wconf 82' lang='lat' dir='ltr'><em>sntr</em></span> 
     </span>
     <span class='ocr_line' id='line_1_23' title="bbox 509 2841 1647 2926; baseline 0.002 -20"><span class='ocrx_word' id='word_1_159' title='bbox 509 2841 644 2906; x_wconf 88' lang='lat' dir='ltr'><em>Potitica</em></span> <span class='ocrx_word' id='word_1_160' title='bbox 666 2843 952 2924; x_wconf 82' lang='lat' dir='ltr'><em>comprehenditnr;</em></span> <span class='ocrx_word' id='word_1_161' title='bbox 979 2843 1054 2926; x_wconf 81' lang='lat' dir='ltr'><em>quia</em></span> <span class='ocrx_word' id='word_1_162' title='bbox 1081 2843 1164 2909; x_wconf 89' lang='lat' dir='ltr'><em>sicut</em></span> <span class='ocrx_word' id='word_1_163' title='bbox 1187 2843 1308 2908; x_wconf 78' lang='lat' dir='ltr'><em>‹tc‘etnm</em></span> <span class='ocrx_word' id='word_1_164' title='bbox 1334 2846 1394 2918; x_wconf 89' lang='lat' dir='ltr'><em>est,</em></span> <span class='ocrx_word' id='word_1_165' title='bbox 1416 2845 1525 2907; x_wconf 82' lang='lat' dir='ltr'><em>nultus</em></span> <span class='ocrx_word' id='word_1_166' title='bbox 1539 2848 1647 2924; x_wconf 85' lang='lat' dir='ltr'><em>potest</em></span> 
     </span>
     <span class='ocr_line' id='line_1_24' title="bbox 510 2949 1641 3036; baseline 0.002 -23"><span class='ocrx_word' id='word_1_167' title='bbox 510 2951 583 3013; x_wconf 83' lang='lat' dir='ltr'><em>bene</em></span> <span class='ocrx_word' id='word_1_168' title='bbox 592 2949 759 3036; x_wconf 82' lang='lat' dir='ltr'><em>jmticare,</em></span> <span class='ocrx_word' id='word_1_169' title='bbox 777 2950 842 3014; x_wconf 90' lang='lat' dir='ltr'><em>nisi</em></span> <span class='ocrx_word' id='word_1_170' title='bbox 857 2969 895 3014; x_wconf 90' lang='lat' dir='ltr'><em>ea</em></span> <span class='ocrx_word' id='word_1_171' title='bbox 913 2969 981 3034; x_wconf 82' lang='lat' dir='ltr'><em>qna</em></span> <span class='ocrx_word' id='word_1_172' title='bbox 999 2951 1097 3015; x_wconf 88' lang='lat' dir='ltr'><em>novit.</em></span> <span class='ocrx_word' id='word_1_173' title='bbox 1120 2950 1232 3015; x_wconf 89' lang='lat' dir='ltr'><em>Omnis</em></span> <span class='ocrx_word' id='word_1_174' title='bbox 1249 2955 1353 3015; x_wconf 89' lang='lat' dir='ltr'><em>antem</em></span> <span class='ocrx_word' id='word_1_175' title='bbox 1366 2951 1493 3015; x_wconf 82' lang='lat' dir='ltr'><em>auditor</em></span> <span class='ocrx_word' id='word_1_176' title='bbox 1505 2957 1641 3032; x_wconf 82' lang='lat' dir='ltr'><em>oportet,</em></span> 
     </span>
     <span class='ocr_line' id='line_1_25' title="bbox 509 3053 1644 3143; baseline 0.001 -22"><span class='ocrx_word' id='word_1_177' title='bbox 509 3059 592 3141; x_wconf 86' lang='lat' dir='ltr'><em>quod</em></span> <span class='ocrx_word' id='word_1_178' title='bbox 610 3056 683 3121; x_wconf 80' lang='lat' dir='ltr'><em>bene</em></span> <span class='ocrx_word' id='word_1_179' title='bbox 692 3057 866 3143; x_wconf 81' lang='lat' dir='ltr'><em>judicetde</em></span> <span class='ocrx_word' id='word_1_180' title='bbox 884 3057 941 3132; x_wconf 88' lang='lat' dir='ltr'><em>iis,</em></span> <span class='ocrx_word' id='word_1_181' title='bbox 962 3077 1031 3141; x_wconf 79' lang='lat' dir='ltr'><em>qne</em></span> <span class='ocrx_word' id='word_1_182' title='bbox 1048 3053 1156 3134; x_wconf 78' lang='lat' dir='ltr'><em>antiit,</em></span> <span class='ocrx_word' id='word_1_183' title='bbox 1173 3063 1211 3122; x_wconf 88' lang='lat' dir='ltr'><em>nt</em></span> <span class='ocrx_word' id='word_1_184' title='bbox 1222 3057 1342 3123; x_wconf 88' lang='lat' dir='ltr'><em>scilicet</em></span> <span class='ocrx_word' id='word_1_185' title='bbox 1358 3059 1430 3123; x_wconf 85' lang='lat' dir='ltr'><em>bene</em></span> <span class='ocrx_word' id='word_1_186' title='bbox 1453 3059 1539 3122; x_wconf 83' lang='lat' dir='ltr'><em>dicta</em></span> <span class='ocrx_word' id='word_1_187' title='bbox 1559 3061 1644 3124; x_wconf 86' lang='lat' dir='ltr'><em>reci-</em></span> 
     </span>
     <span class='ocr_line' id='line_1_26' title="bbox 504 3164 1646 3250; baseline 0.004 -23"><span class='ocrx_word' id='word_1_188' title='bbox 504 3164 592 3246; x_wconf 88' lang='lat' dir='ltr'><em>piat,</em></span> <span class='ocrx_word' id='word_1_189' title='bbox 613 3168 796 3230; x_wconf 84' lang='lat' dir='ltr'><em>narrantem</em></span> <span class='ocrx_word' id='word_1_190' title='bbox 823 3183 878 3240; x_wconf 88' lang='lat' dir='ltr'><em>ea,</em></span> <span class='ocrx_word' id='word_1_191' title='bbox 906 3183 975 3248; x_wconf 77' lang='lat' dir='ltr'><em>qna</em></span> <span class='ocrx_word' id='word_1_192' title='bbox 997 3168 1077 3230; x_wconf 88' lang='lat' dir='ltr'><em>mate</em></span> <span class='ocrx_word' id='word_1_193' title='bbox 1103 3166 1268 3230; x_wconf 84' lang='lat' dir='ltr'><em>dicuntur.</em></span> <span class='ocrx_word' id='word_1_194' title='bbox 1295 3165 1379 3249; x_wconf 78' lang='lat' dir='ltr'><em>Ergo·</em></span> <span class='ocrx_word' id='word_1_195' title='bbox 1398 3169 1533 3248; x_wconf 80' lang='lat' dir='ltr'><em>oportet,</em></span> <span class='ocrx_word' id='word_1_196' title='bbox 1553 3171 1646 3250; x_wconf 78' lang='lat' dir='ltr'><em>quot</em></span> 
     </span>
     <span class='ocr_line' id='line_1_27' title="bbox 509 3271 1644 3356; baseline 0.001 -21"><span class='ocrx_word' id='word_1_197' title='bbox 509 3274 616 3336; x_wconf 82' lang='lat' dir='ltr'><em>nultus</em></span> <span class='ocrx_word' id='word_1_198' title='bbox 642 3271 687 3336; x_wconf 92' lang='lat' dir='ltr'><em>sit</em></span> <span class='ocrx_word' id='word_1_199' title='bbox 710 3273 837 3336; x_wconf 86' lang='lat' dir='ltr'><em>auditor</em></span> <span class='ocrx_word' id='word_1_200' title='bbox 867 3273 1069 3348; x_wconf 83' lang='lat' dir='ltr'><em>conveniens,</em></span> <span class='ocrx_word' id='word_1_201' title='bbox 1097 3271 1162 3336; x_wconf 86' lang='lat' dir='ltr'><em>nisi</em></span> <span class='ocrx_word' id='word_1_202' title='bbox 1189 3273 1301 3338; x_wconf 85' lang='lat' dir='ltr'><em>habeat</em></span> <span class='ocrx_word' id='word_1_203' title='bbox 1313 3272 1461 3356; x_wconf 81' lang='lat' dir='ltr'><em>‘atiqnam</em></span> <span class='ocrx_word' id='word_1_204' title='bbox 1489 3274 1644 3338; x_wconf 84' lang='lat' dir='ltr'><em>notitiem</em></span> 
     </span>
     <span class='ocr_line' id='line_1_28' title="bbox 507 3380 1642 3463; baseline 0.002 -19"><span class='ocrx_word' id='word_1_205' title='bbox 507 3397 630 3454; x_wconf 80' lang='lat' dir='ltr'><em>carnin,</em></span> <span class='ocrx_word' id='word_1_206' title='bbox 646 3397 716 3463; x_wconf 77' lang='lat' dir='ltr'><em>qum</em></span> <span class='ocrx_word' id='word_1_207' title='bbox 727 3381 818 3444; x_wconf 83' lang='lat' dir='ltr'><em>debet</em></span> <span class='ocrx_word' id='word_1_208' title='bbox 828 3381 952 3446; x_wconf 87' lang='lat' dir='ltr'><em>audire.</em></span> <span class='ocrx_word' id='word_1_209' title='bbox 969 3381 1033 3445; x_wconf 79' lang='lat' dir='ltr'><em>Sed</em></span> <span class='ocrx_word' id='word_1_210' title='bbox 1042 3381 1170 3463; x_wconf 75' lang='lat' dir='ltr'><em>invenis</em></span> <span class='ocrx_word' id='word_1_211' title='bbox 1181 3399 1244 3445; x_wconf 88' lang='lat' dir='ltr'><em>non</em></span> <span class='ocrx_word' id='word_1_212' title='bbox 1260 3381 1350 3445; x_wconf 83' lang='lat' dir='ltr'><em>habet</em></span> <span class='ocrx_word' id='word_1_213' title='bbox 1359 3380 1500 3444; x_wconf 75' lang='lat' dir='ltr'><em>notitam</em></span> <span class='ocrx_word' id='word_1_214' title='bbox 1514 3399 1642 3446; x_wconf 77' lang='lat' dir='ltr'><em>eorrmr.</em></span> 
     </span>
     <span class='ocr_line' id='line_1_29' title="bbox 508 3487 1646 3572; baseline 0.002 -22"><span class='ocrx_word' id='word_1_215' title='bbox 508 3506 577 3570; x_wconf 80' lang='lat' dir='ltr'><em>qum</em></span> <span class='ocrx_word' id='word_1_216' title='bbox 598 3489 759 3568; x_wconf 82' lang='lat' dir='ltr'><em>pertinent</em></span> <span class='ocrx_word' id='word_1_217' title='bbox 773 3491 816 3552; x_wconf 76' lang='lat' dir='ltr'><em>aa</em></span> <span class='ocrx_word' id='word_1_218' title='bbox 832 3489 995 3552; x_wconf 87' lang='lat' dir='ltr'><em>seientiam</em></span> <span class='ocrx_word' id='word_1_219' title='bbox 1018 3491 1183 3564; x_wconf 86' lang='lat' dir='ltr'><em>moralem,</em></span> <span class='ocrx_word' id='word_1_220' title='bbox 1207 3505 1277 3572; x_wconf 79' lang='lat' dir='ltr'><em>anm</em></span> <span class='ocrx_word' id='word_1_221' title='bbox 1295 3487 1428 3551; x_wconf 81' lang='lat' dir='ltr'><em>mraxime</em></span> <span class='ocrx_word' id='word_1_222' title='bbox 1445 3505 1646 3570; x_wconf 82' lang='lat' dir='ltr'><em>cognoscun-</em></span> 
     </span>
     <span class='ocr_line' id='line_1_30' title="bbox 509 3595 1646 3679; baseline 0.002 -21"><span class='ocrx_word' id='word_1_223' title='bbox 509 3597 563 3659; x_wconf 91' lang='lat' dir='ltr'><em>tur</em></span> <span class='ocrx_word' id='word_1_224' title='bbox 577 3603 633 3675; x_wconf 84' lang='lat' dir='ltr'><em>per</em></span> <span class='ocrx_word' id='word_1_225' title='bbox 645 3595 878 3677; x_wconf 85' lang='lat' dir='ltr'><em>experientiam.</em></span> <span class='ocrx_word' id='word_1_226' title='bbox 891 3596 1023 3679; x_wconf 77' lang='lat' dir='ltr'><em>juvenis</em></span> <span class='ocrx_word' id='word_1_227' title='bbox 1040 3598 1145 3660; x_wconf 63' lang='lat' dir='ltr'><em>annm</em></span> <span class='ocrx_word' id='word_1_228' title='bbox 1162 3599 1212 3660; x_wconf 91' lang='lat' dir='ltr'><em>est</em></span> <span class='ocrx_word' id='word_1_229' title='bbox 1226 3595 1404 3676; x_wconf 87' lang='lat' dir='ltr'><em>inexpertus</em></span> <span class='ocrx_word' id='word_1_230' title='bbox 1422 3595 1646 3676; x_wconf 84' lang='lat' dir='ltr'><em>operationum</em></span> 
     </span>
     <span class='ocr_line' id='line_1_31' title="bbox 508 3685 1648 3785; baseline -0.001 -19"><span class='ocrx_word' id='word_1_231' title='bbox 508 3702 749 3767; x_wconf 81' lang='lat' dir='ltr'><em>hunmnmuitae</em></span> <span class='ocrx_word' id='word_1_232' title='bbox 769 3707 900 3785; x_wconf 88' lang='lat' dir='ltr'><em>propter</em></span> <span class='ocrx_word' id='word_1_233' title='bbox 927 3703 1072 3785; x_wconf 87' lang='lat' dir='ltr'><em>temporis</em></span> <span class='ocrx_word' id='word_1_234' title='bbox 1097 3685 1292 3768; x_wconf 76' lang='lat' dir='ltr'><em>brevitatem.</em></span> <span class='ocrx_word' id='word_1_235' title='bbox 1313 3703 1352 3768; x_wconf 73' lang='lat' dir='ltr'><em>lit</em></span> <span class='ocrx_word' id='word_1_236' title='bbox 1378 3706 1479 3767; x_wconf 79' lang='lat' dir='ltr'><em>tamen</em></span> <span class='ocrx_word' id='word_1_237' title='bbox 1500 3705 1648 3770; x_wconf 83' lang='lat' dir='ltr'><em>rationes</em></span> 
     </span>
     <span class='ocr_line' id='line_1_32' title="bbox 507 3809 1646 3894; baseline 0.004 -21"><span class='ocrx_word' id='word_1_238' title='bbox 507 3810 635 3874; x_wconf 86' lang='lat' dir='ltr'><em>moralis</em></span> <span class='ocrx_word' id='word_1_239' title='bbox 651 3810 788 3875; x_wconf 81' lang='lat' dir='ltr'><em>scientia</em></span> <span class='ocrx_word' id='word_1_240' title='bbox 797 3813 973 3891; x_wconf 78' lang='lat' dir='ltr'><em>procedunt</em></span> <span class='ocrx_word' id='word_1_241' title='bbox 985 3830 1024 3876; x_wconf 83' lang='lat' dir='ltr'><em>ex</em></span> <span class='ocrx_word' id='word_1_242' title='bbox 1039 3810 1102 3886; x_wconf 86' lang='lat' dir='ltr'><em>his,</em></span> <span class='ocrx_word' id='word_1_243' title='bbox 1119 3827 1188 3894; x_wconf 81' lang='lat' dir='ltr'><em>qne</em></span> <span class='ocrx_word' id='word_1_244' title='bbox 1200 3810 1361 3892; x_wconf 88' lang='lat' dir='ltr'><em>pertineat</em></span> <span class='ocrx_word' id='word_1_245' title='bbox 1373 3813 1417 3874; x_wconf 84' lang='lat' dir='ltr'><em>aci</em></span> <span class='ocrx_word' id='word_1_246' title='bbox 1429 3813 1520 3874; x_wconf 86' lang='lat' dir='ltr'><em>actus</em></span> <span class='ocrx_word' id='word_1_247' title='bbox 1530 3809 1646 3878; x_wconf 79' lang='lat' dir='ltr'><em>huma-</em></span> 
     </span>
     <span class='ocr_line' id='line_1_33' title="bbox 507 3909 1649 4002; baseline 0.004 -21"><span class='ocrx_word' id='word_1_248' title='bbox 507 3936 557 3981; x_wconf 79' lang='lat' dir='ltr'><em>nae</em></span> <span class='ocrx_word' id='word_1_249' title='bbox 573 3917 665 3992; x_wconf 79' lang='lat' dir='ltr'><em>vitm,</em></span> <span class='ocrx_word' id='word_1_250' title='bbox 684 3921 717 3982; x_wconf 89' lang='lat' dir='ltr'><em>ct</em></span> <span class='ocrx_word' id='word_1_251' title='bbox 734 3917 826 3982; x_wconf 77' lang='lat' dir='ltr'><em>eham</em></span> <span class='ocrx_word' id='word_1_252' title='bbox 843 3909 921 3982; x_wconf 73' lang='lat' dir='ltr'><em>sient</em></span> <span class='ocrx_word' id='word_1_253' title='bbox 935 3921 974 3983; x_wconf 83' lang='lat' dir='ltr'><em>cte</em></span> <span class='ocrx_word' id='word_1_254' title='bbox 992 3919 1051 3984; x_wconf 83' lang='lat' dir='ltr'><em>his.</em></span> <span class='ocrx_word' id='word_1_255' title='bbox 1072 3918 1165 3985; x_wconf 86' lang='lat' dir='ltr'><em>Sicut</em></span> <span class='ocrx_word' id='word_1_256' title='bbox 1182 3918 1214 3984; x_wconf 89' lang='lat' dir='ltr'><em>si</em></span> <span class='ocrx_word' id='word_1_257' title='bbox 1232 3917 1375 3994; x_wconf 82' lang='lat' dir='ltr'><em>dicatur,</em></span> <span class='ocrx_word' id='word_1_258' title='bbox 1396 3921 1479 4002; x_wconf 84' lang='lat' dir='ltr'><em>quod</em></span> <span class='ocrx_word' id='word_1_259' title='bbox 1496 3919 1649 3986; x_wconf 82' lang='lat' dir='ltr'><em>liberalis</em></span> 
     </span>
    </p>
   </div>
   <div class='ocr_carea' id='block_1_3' title="bbox 506 4236 1649 4761">
    <p class='ocr_par' dir='ltr' id='par_1_6' title="bbox 543 4236 1442 4312">
     <span class='ocr_line' id='line_1_34' title="bbox 543 4236 1442 4312; baseline 0.007 -18"><span class='ocrx_word' id='word_1_260' title='bbox 543 4243 584 4304; x_wconf 88' lang='grc' dir='ltr'><em>(ι)</em></span> <span class='ocrx_word' id='word_1_261' title='bbox 622 4237 654 4295; x_wconf 89' lang='lat' dir='ltr'><em>S.</em></span> <span class='ocrx_word' id='word_1_262' title='bbox 670 4237 788 4307; x_wconf 80' lang='lat' dir='ltr'><em>Thom,</em></span> <span class='ocrx_word' id='word_1_263' title='bbox 802 4236 850 4294; x_wconf 92' lang='lat' dir='ltr'><em>lib.</em></span> <span class='ocrx_word' id='word_1_264' title='bbox 867 4246 908 4294; x_wconf 82' lang='lat'><em>2.⁰</em></span> <span class='ocrx_word' id='word_1_265' title='bbox 922 4239 1065 4311; x_wconf 65' lang='lat' dir='ltr'><em>hletapl,</em></span> <span class='ocrx_word' id='word_1_266' title='bbox 1081 4238 1144 4296; x_wconf 86' lang='lat' dir='ltr'><em>lect.</em></span> <span class='ocrx_word' id='word_1_267' title='bbox 1163 4257 1193 4312; x_wconf 76' lang='grc' dir='ltr'><em>ς,</em></span> <span class='ocrx_word' id='word_1_268' title='bbox 1210 4240 1297 4311; x_wconf 90' lang='lat' dir='ltr'><em>paulo</em></span> <span class='ocrx_word' id='word_1_269' title='bbox 1309 4253 1377 4298; x_wconf 84' lang='lat' dir='ltr'><em>ante</em></span> <span class='ocrx_word' id='word_1_270' title='bbox 1390 4239 1442 4300; x_wconf 85' lang='lat' dir='ltr'><em>fin.</em></span> 
     </span>
    </p>

    <p class='ocr_par' dir='ltr' id='par_1_7' title="bbox 543 4327 1548 4401">
     <span class='ocr_line' id='line_1_35' title="bbox 543 4327 1548 4401; baseline 0.007 -18"><span class='ocrx_word' id='word_1_271' title='bbox 543 4333 584 4392; x_wconf 87' lang='lat'><em>(2)</em></span> <span class='ocrx_word' id='word_1_272' title='bbox 621 4327 696 4384; x_wconf 87' lang='lat' dir='ltr'><em>Vide</em></span> <span class='ocrx_word' id='word_1_273' title='bbox 712 4327 842 4385; x_wconf 86' lang='lat' dir='ltr'><em>Barthol.</em></span> <span class='ocrx_word' id='word_1_274' title='bbox 859 4327 969 4396; x_wconf 80' lang='lat' dir='ltr'><em>Amici,</em></span> <span class='ocrx_word' id='word_1_275' title='bbox 985 4329 1099 4401; x_wconf 71' lang='lat' dir='ltr'><em>Logia,</em></span> <span class='ocrx_word' id='word_1_276' title='bbox 1115 4342 1200 4387; x_wconf 86' lang='lat' dir='ltr'><em>tract.</em></span> <span class='ocrx_word' id='word_1_277' title='bbox 1221 4350 1243 4398; x_wconf 84' lang='lat'><em>1,</em></span> <span class='ocrx_word' id='word_1_278' title='bbox 1261 4341 1364 4400; x_wconf 73' lang='lat' dir='ltr'><em>quaest.</em></span> <span class='ocrx_word' id='word_1_279' title='bbox 1382 4350 1413 4396; x_wconf 89' lang='lat'><em>2,</em></span> <span class='ocrx_word' id='word_1_280' title='bbox 1428 4329 1500 4388; x_wconf 85' lang='lat' dir='ltr'><em>dub.</em></span> <span class='ocrx_word' id='word_1_281' title='bbox 1521 4354 1548 4401; x_wconf 87' lang='lat'><em>3.</em></span> 
     </span>
    </p>

    <p class='ocr_par' dir='ltr' id='par_1_8' title="bbox 506 4415 1649 4587">
     <span class='ocr_line' id='line_1_36' title="bbox 543 4415 1649 4493; baseline 0.005 -19"><span class='ocrx_word' id='word_1_282' title='bbox 543 4424 583 4488; x_wconf 83' lang='lat'><em>(3)</em></span> <span class='ocrx_word' id='word_1_283' title='bbox 621 4417 684 4475; x_wconf 77' lang='lat' dir='ltr'><em>cfr.</em></span> <span class='ocrx_word' id='word_1_284' title='bbox 697 4415 787 4475; x_wconf 82' lang='lat' dir='ltr'><em>Arist.</em></span> <span class='ocrx_word' id='word_1_285' title='bbox 810 4430 839 4474; x_wconf 88' lang='lat' dir='ltr'><em>et</em></span> <span class='ocrx_word' id='word_1_286' title='bbox 858 4416 891 4474; x_wconf 89' lang='lat' dir='ltr'><em>S.</em></span> <span class='ocrx_word' id='word_1_287' title='bbox 913 4417 1031 4484; x_wconf 70' lang='lat' dir='ltr'><em>Thom„</em></span> <span class='ocrx_word' id='word_1_288' title='bbox 1050 4419 1100 4477; x_wconf 90' lang='lat' dir='ltr'><em>lib.</em></span> <span class='ocrx_word' id='word_1_289' title='bbox 1116 4420 1133 4474; x_wconf 92' lang='lat'>6</span> <span class='ocrx_word' id='word_1_290' title='bbox 1154 4418 1298 4489; x_wconf 79' lang='lat' dir='ltr'><em>Ethicor.,</em></span> <span class='ocrx_word' id='word_1_291' title='bbox 1313 4419 1376 4478; x_wconf 88' lang='lat' dir='ltr'><em>lect.</em></span> <span class='ocrx_word' id='word_1_292' title='bbox 1394 4441 1426 4493; x_wconf 88' lang='lat'><em>7,</em></span> <span class='ocrx_word' id='word_1_293' title='bbox 1441 4423 1562 4480; x_wconf 76' lang='lat' dir='ltr'><em>Deinde</em></span> <span class='ocrx_word' id='word_1_294' title='bbox 1579 4445 1649 4482; x_wconf 83' lang='lat' dir='ltr'><em>cum</em></span> 
     </span>
     <span class='ocr_line' id='line_1_37' title="bbox 506 4507 814 4587; baseline 0.006 -27"><span class='ocrx_word' id='word_1_295' title='bbox 506 4507 588 4563; x_wconf 84' lang='lat' dir='ltr'><em>dicit:</em></span> <span class='ocrx_word' id='word_1_296' title='bbox 602 4507 683 4587; x_wconf 81' lang='lat' dir='ltr'><em>Quia</em></span> <span class='ocrx_word' id='word_1_297' title='bbox 697 4509 814 4564; x_wconf 81' lang='lat' dir='ltr'><em>ethic...</em></span> 
     </span>
    </p>

    <p class='ocr_par' dir='ltr' id='par_1_9' title="bbox 541 4595 1501 4670">
     <span class='ocr_line' id='line_1_38' title="bbox 541 4595 1501 4670; baseline 0.007 -18"><span class='ocrx_word' id='word_1_298' title='bbox 541 4595 582 4668; x_wconf 85' lang='lat'><em>(4)</em></span> <span class='ocrx_word' id='word_1_299' title='bbox 619 4595 811 4662; x_wconf 89' lang='lat' dir='ltr'><em>Conimbric.,</em></span> <span class='ocrx_word' id='word_1_300' title='bbox 827 4597 993 4669; x_wconf 61' lang='lat' dir='ltr'><em>Phjsicor,</em></span> <span class='ocrx_word' id='word_1_301' title='bbox 1006 4617 1125 4669; x_wconf 89' lang='lat' dir='ltr'><em>prooem.</em></span> <span class='ocrx_word' id='word_1_302' title='bbox 1140 4617 1170 4670; x_wconf 90' lang='lat' dir='ltr'><em>q.</em></span> <span class='ocrx_word' id='word_1_303' title='bbox 1185 4617 1218 4670; x_wconf 82' lang='lat'><em>4,</em></span> <span class='ocrx_word' id='word_1_304' title='bbox 1233 4619 1260 4658; x_wconf 87' lang='lat' dir='ltr'><em>a.</em></span> <span class='ocrx_word' id='word_1_305' title='bbox 1274 4619 1299 4669; x_wconf 84' lang='lat'><em>1,</em></span> <span class='ocrx_word' id='word_1_306' title='bbox 1316 4605 1355 4656; x_wconf 83' lang='lat'><em>2.&#39;</em></span> <span class='ocrx_word' id='word_1_307' title='bbox 1369 4602 1501 4660; x_wconf 85' lang='lat' dir='ltr'><em>conclus.</em></span> 
     </span>
    </p>

    <p class='ocr_par' dir='ltr' id='par_1_10' title="bbox 542 4687 936 4761">
     <span class='ocr_line' id='line_1_39' title="bbox 542 4687 936 4761; baseline 0 -18"><span class='ocrx_word' id='word_1_308' title='bbox 542 4692 583 4759; x_wconf 86' lang='lat'><em>(5)</em></span> <span class='ocrx_word' id='word_1_309' title='bbox 623 4687 816 4755; x_wconf 79' lang='lat' dir='ltr'><em>1.&#39;Etht‘cor.,</em></span> <span class='ocrx_word' id='word_1_310' title='bbox 831 4707 893 4759; x_wconf 85' lang='lat' dir='ltr'><em>cap.</em></span> <span class='ocrx_word' id='word_1_311' title='bbox 911 4707 936 4761; x_wconf 86' lang='lat'><em>3.</em></span> 
     </span>
    </p>
   </div>
   <div class='ocr_carea' id='block_1_4' title="bbox 0 0 1755 5524">
    <p class='ocr_par' dir='ltr' id='par_1_11' title="bbox 0 0 1755 5524">
     <span class='ocr_line' id='line_1_40' title="bbox 0 0 1755 5524; baseline 0 0"><span class='ocrx_word' id='word_1_312' title='bbox 0 0 1755 5524; x_wconf 95' lang='lat' dir='ltr'><em> </em></span> 
     </span>
    </p>
   </div>
  </div>
 </body>
</html>
