3492 5525
464 1139 913 1418 touton
1033 1283 1039 1294 .

351 1615 1035 1768 PROOEMIUM
1157 1656 1160 1663 ·

169 2039 198 2088 r.
249 2019 367 2106 Logica
389 2020 515 2087 definiri
542 2029 653 2106 potest
679 2021 719 2086 ad
746 2031 894 2088 mentem
918 2022 1065 2108 Angelici
1092 2023 1251 2094 Doctoris:
1291 2056 1448 2104 Mena,

116 2131 187 2196 Ars
200 2127 356 2194 directim
373 2129 470 2210 ipsius
491 2133 581 2194 acius
595 2129 728 2195 rationis
750 2132 794 2196 od
815 2149 923 2198 verrem
939 2135 1180 2216 assequendum,
1196 2142 1256 2217 per
1339 2132 1401 2187 τίω*

112 2257 217 2322 quom
233 2237 356 2302 scilieet
370 2237 457 2302 bomo
471 2237 506 2302 in
530 2237 596 2319 ipso
616 2241 690 2320 actu
703 2238 840 2304 rationis
861 2239 1004 2334 ordinere
1024 2243 1053 2305 ei
1060 2240 1206 2326 faciliter
1226 2247 1257 2309 et

112 2348 187 2412 sine
203 2363 311 2411 errore
320 2345 473 2426 procedat
489 2345 502 2429 (
510 2363 518 2409 r
527 2342 552 2433 ).

185 2453 315 2520 Dicitur
327 2469 398 2528 ers,
416 2469 491 2546 quae
509 2453 586 2518 nihil
603 2462 652 2519 est
668 2453 755 2519 aliud
774 2471 816 2519 ex
831 2453 948 2520 eodem
962 2455 1140 2538 Aquinate,
1151 2476 1253 2541 quam

112 2567 207 2628 certo
234 2561 393 2627 ordinatio
417 2561 571 2635 rationis,
596 2580 658 2645 que
676 2569 740 2644 'per
757 2563 964 2628 determinate
981 2564 1082 2629 medie
1101 2567 1145 2630 ed
1169 2567 1255 2632 debi-

113 2670 298 2756 tumfinem
319 2673 408 2734 aetus
419 2668 550 2734 humani
566 2669 758 2751 perveniunt
769 2665 837 2756 (2):
855 2678 905 2735 est
918 2670 1007 2736 enim
1024 2673 1141 2758 Logica
1164 2673 1255 2740 insti-

113 2780 208 2847 tutio
224 2766 377 2862 quaedam
398 2785 546 2843 mentem
562 2777 713 2844 erudiens
728 2778 768 2842 ad
788 2796 903 2845 verum
918 2781 1176 2863 assequendum.
1297 2829 1302 2841 .

187 2886 316 2951 Dicitur
328 2884 479 2950 directiva
494 2884 593 2966 ipsius
606 2888 696 2951 aetus
711 2885 859 2962 ratiom’s,
877 2893 914 2951 ut
928 2886 1169 2955 discriminetur
1180 2897 1253 2956 tum

111 2998 156 3061 ab
168 2994 319 3069 artibus,
336 3012 411 3077 quae
428 2991 574 3077 corporis
596 2992 929 3079 membra'dirigunt,
945 2996 1061 3077 quales
1083 3004 1161 3061 sunt
1186 3016 1255 3063 me·
1342 2979 1347 2989 ¹

109 3100 266 3169 chanicae
281 3112 337 3167 aut
356 3098 501 3177 fabriles,
524 3110 595 3165 turn
612 3100 709 3167 etiam
726 3100 817 3167 abiis
837 3120 912 3185 quae
927 3102 967 3166 ad
988 3104 1066 3168 alias
1089 3104 1188 3170 animi
1210 3104 1256 3169 ia·
1357 3176 1360 3180 ¹

110 3212 263 3277 cultates
286 3208 471 3293 dirigendas
495 3208 602 3275 inesse
624 3206 762 3291 possint.
787 3208 820 3275 id
836 3228 981 3293 namque
1003 3211 1170 3295 proprium
1193 3212 1253 3278 sibi
1351 3214 1356 3223 '

112 3320 245 3404 Logica
260 3314 419 3390 vindicat,
442 3324 479 3380 ut
493 3314 696 3381 intellectum
709 3315 819 3400 ipsum
841 3316 882 3381 ad
904 3318 1075 3385 veritatem
1090 3319 1122 3384 in
1141 3320 1255 3386 'studio

109 3426 336 3494 scientiarum
367 3424 603 3508 capessendam
642 3424 802 3490 instituat.
836 3424 1065 3497 Quamobrem
1097 3428 1255 3493 meritoa

108 3646 211 3708 docet
226 3642 380 3705 docere...
402 3641 493 3704 docet
519 3638 680 3705 discere...
712 3638 775 3704 scii
794 3639 890 3705 scire:
912 3642 981 3705 sola
1004 3641 1135 3707 seientes
1144 3642 1255 3727 facere

110 3771 182 3816 non
198 3749 306 3821 selme
317 3748 401 3823 vult,
417 3748 475 3811 sed
491 3746 584 3811 etiam
594 3749 696 3829 potest
712 3743 724 3834 (
732 3742 781 3833 3).

186 3855 407 3945 Quamquam
425 3852 513 3919 enim
531 3872 598 3919 non
618 3855 707 3920 solos
723 3855 844 3921 mentis
866 3862 960 3921 actus
982 3863 1097 3924 tractat
1116 3856 1252 3943 Logica,

109 3968 174 4033 sed
193 3964 304 4030 multa
319 3980 455 4046 quoque
475 3961 604 4028 disserit
628 3960 668 4027 de
688 3961 840 4045 vocibus;
855 3983 898 4028 eo
912 3971 1026 4029 tamen
1050 3965 1161 4029 omnia
1183 3975 1256 4031 tan·

109 4078 197 4143 dem
216 4070 345 4157 dirigit,
370 4070 654 4154 quemadmodum
674 4088 736 4137 suo
750 4072 822 4137 loco
838 4072 944 4139 fusius
961 4073 1195 4158 disputabitur,
1218 4083 1255 4139 ut

147 4294 196 4358 (r)
239 4286 275 4345 S.
291 4286 398 4344 Thom.
415 4282 614 4343 Commentar.
629 4282 660 4341 in
679 4294 736 4341 r.¹¹¹¹
752 4282 859 4343 librum
874 4285 1034 4345 Posterior.
1055 4256 1261 4361 Anolyte‘cem,

110 4383 273 4543 leitoth.
289 4464 396 4525 Thom.
412 4464 482 4524 ibid.
499 4464 553 4524 Csr
555 4463 830 4525 .Conimbricenees
845 4467 1062 4527 Commertor..
1067 4469 1256 4529 delinien-

109 4584 179 4619 som
197 4558 396 4617 Dialecticem
411 4557 598 4625 Aristoteles,
614 4574 752 4627 prooem,
765 4576 793 4627 q.
814 4577 842 4625 r,
857 4576 916 4614 aa.

147 4654 195 4723 (3)
237 4646 411 4705 DeOrde'ne
433 4644 526 4703 libe.
552 4666 576 4703 c.
601 4667 642 4718 13.
668 4645 730 4703 Cir.
758 4645 883 4703 idemS.
906 4625 1034 4719 August.
1048 4650 1094 4706 De
1113 4649 1257 4707 Doctrina

109 4742 164 4798 chr
166 4742 223 4797 ist.
238 4736 291 4795 lib.
310 4754 337 4793 2.
353 4756 377 4793 c.
395 4756 445 4808 37,
461 4748 490 4794 et
510 4734 610 4795 Contr.
627 4734 763 4794 Crescere.
778 4734 828 4793 lib.
848 4757 871 4794 r.
885 4757 948 4808 cap.
963 4757 1004 4809 ¹3·
