3492 5525
297 429 410 491 Anne.
438 440 494 491 ru·
515 424 605 502 Qun>
627 442 669 487 ετ
690 435 894 501 Quocununx
915 440 1063 487 scurnum
1137 419 1196 503 883

118 605 197 682 mis,
226 622 301 687 quae
325 604 531 689 junguntur,
561 602 613 666 vel
640 612 742 669 extra:
772 603 907 685 quando
934 612 984 668 est
1008 602 1040 667 in
1069 601 1236 696 extremis,

117 721 203 777 earet
232 728 282 777 res
307 728 420 785 causa,
454 719 486 775 et
513 726 570 794 per
598 708 739 794 seipsam
776 709 1003 795 cognoscitur,
1031 717 1068 775 ut
1095 706 1238 793 primum

118 818 327 904 principium3
349 816 481 902 quando
505 834 583 882 vero
594 818 650 885 'est
675 825 782 894 extra,
802 826 881 883 tunc
907 834 958 884 res
975 835 1033 884 seu
1053 816 1240 902 conjunctio

118 928 171 993 illa
199 925 316 993 dicitur
334 923 453 990 habere
480 941 633 1001 causam,
665 941 741 1007 quae
758 923 786 990 si
817 924 1000 1009 ignoretur,
1025 943 1092 990 non
1123 923 1246 1008 poterit-

120 1032 272 1099 radicitus
291 1030 405 1117 attingi
423 1030 635 1117 conjunctio»
654 1027 718 1118 (ι).

187 1138 268 1205 ilinc
295 1148 363 1217 est,
393 1138 483 1222 quod
510 1137 642 1204 scientia
670 1156 726 1221 per
752 1155 903 1215 causam,
927 1136 996 1204 sive
1020 1138 1189 1226 physicam
1208 1146 1241 1203 et
1316 1197 1320 1205 ,

120 1248 309 1323 formalem,
329 1246 398 1312 sive
416 1246 604 1322 virtualem,
621 1245 653 1311 id
672 1254 738 1322 est,
755 1246 888 1313 scientia
907 1245 1015 1312 habita
1034 1264 1091 1330 per
1105 1247 1243 1311 demon-

119 1356 311 1441 strationem
335 1356 463 1438 propter
479 1354 558 1440 quid
575 1354 704 1437 expleat
723 1353 909 1438 plenissime
924 1352 1155 1439 cupiditatem,
1176 1370 1241 1437 qua

120 1464 272 1529 incitatur
290 1462 436 1538 animus,
458 1480 526 1526 rem
542 1459 776 1547 cognoscendi:
794 1460 827 1527 id
845 1462 935 1545 quod
955 1459 1092 1527 minime
1110 1468 1243 1545 praestat

121 1570 254 1637 scientia
283 1570 390 1635 habita
417 1588 474 1653 per
505 1568 818 1634 demonstrationem
841 1570 934 1654 quia,
955 1580 1126 1653 propterea
1152 1567 1243 1652 quod

123 1687 174 1744 est
191 1677 335 1763 cognitio
354 1677 558 1761 imperfecta,
574 1687 606 1743 et
625 1677 803 1743 ostendens
818 1677 1006 1753 dumtaxat,
1023 1675 1114 1760 quod
1130 1694 1182 1743 res
1198 1676 1244 1741 ila

124 1788 183 1863 sit,
205 1804 270 1851 non
290 1794 401 1850 autem
419 1802 478 1850 cur
495 1784 541 1848 ila
556 1784 610 1849 sit.

192 1892 353 1959 Caeterum
370 1910 446 1958 cum
465 1908 562 1957 causa
579 1892 783 1975 quadruplex
802 1891 860 1969 sit,
877 1892 1038 1970 formalis,
1056 1890 1241 1968 materialis,
1308 1907 1413 1967 taqua

124 2000 269 2067 efficiens
283 2012 316 2067 et
327 2000 450 2075 finalis,
467 2008 504 2065 ut
519 2016 606 2065 nunc
620 1998 856 2083 supponimus,
870 2009 996 2083 quaeret
1010 2000 1172 2085 quispiam
1189 2016 1245 2083 per
1268 1980 1448 2098 “xm

125 2126 287 2194 quasnam
308 2125 419 2173 earum
438 2104 572 2172 scientia
591 2116 767 2191 cognoscat
787 2126 849 2173 res.
871 2108 910 2171 Et
932 2108 1102 2192 responsio
1121 2106 1246 2173 Aristo-
1320 2125 1398 2179 poert.
1494 2177 1497 2186 ¹

123 2216 198 2281 telis
226 2225 291 2290 est,
321 2204 488 2281 scientiam
517 2212 812 2279 demonstrationes
840 2232 917 2280 suas
949 2214 1117 2281 instituere
1148 2232 1245 2297 posse

126 2343 183 2408 per
210 2322 389 2406 quamlibet
414 2322 530 2387 barum
559 2330 701 2405 quatuor
727 2340 896 2388 causarum
930 2320 994 2410 (2).
1027 2322 1245 2389 Nihilominus

126 2441 295 2513 nequeunt
318 2428 460 2495 adhiberi
487 2429 519 2494 in
543 2428 633 2494 omni
654 2429 785 2494 materia
805 2429 1085 2497 indiscriminatim
1109 2431 1246 2495 demon·

125 2537 299 2605 strationes
335 2556 376 2603 ex
412 2536 558 2620 qualibet
592 2552 689 2601 causa
727 2536 861 2621 petitas,
900 2537 959 2604 sed
995 2538 1066 2604 aliae
1102 2556 1142 2602 ex
1177 2535 1246 2602 aliis

124 2644 375 2713 convenientius
390 2643 487 2712 fiunt.
509 2644 556 2709 De
580 2661 649 2729 quo
671 2643 770 2710 videri
791 2654 900 2731 potest
923 2643 1115 2712 Aristoteles
1133 2656 1166 2714 et
1184 2643 1249 2710 Co-
1371 2631 1375 2640 ’

127 2752 362 2822 nimbricenses
380 2751 446 2839 (3).

173 2880 250 2947 249.
297 2869 376 2945 Jam
404 2865 435 2927 si
463 2865 631 2928 rationem
658 2865 808 2944 aliquam
836 2862 889 2927 vel
912 2861 1160 2927 declarationem
1184 2868 1249 2926 tra·'
1263 2881 1368 2930 nouem
1383 2884 1462 2931 aenn-

127 2970 203 3037 ditae
241 2968 438 3034 definitionis
470 2967 612 3033 scientiae
645 2977 752 3051 petas,
788 2988 824 3032 ea
857 2969 903 3034 sic
935 2979 1044 3052 potest
1074 2989 1115 3034 ex
1150 2987 1249 3036 sensu
1290 2958 1433 3004 *mli*

94 3163 99 3170 Ι
127 3077 278 3144 omniurn
298 3074 486 3150 communi,
512 3074 601 3142 reddi
626 3094 703 3143 cum
728 3075 919 3142 Aristotele:
945 3077 1021 3160 quia
1041 3080 1105 3143 tam
1121 3077 1250 3144 scientes

126 3203 221 3270 quam
252 3203 314 3249 non
346 3183 495 3259 saunas,
529 3183 716 3248 aestimantes
747 3187 850 3248 ranan
881 3203 914 3249 se
944 3184 1041 3260 scire,
1077 3185 1132 3250 boc
1161 3187 1250 3250 modo

126 3291 289 3373 accipiunt
304 3292 401 3365 scire,
421 3289 505 3355 sicul
519 3291 638 3356 dutum
659 3293 716 3360 est.
736 3290 808 3357 Non
831 3291 962 3358 saunier
975 3293 1076 3369 enim,
1096 3292 1152 3377 qui
1169 3294 1252 3358 cesti·

128 3403 221 3466 mant
243 3417 277 3464 se
298 3398 393 3481 seire,
423 3398 595 3480 opinantur
611 3397 658 3462 sic
674 3417 706 3463 se
732 3397 841 3464 babere
868 3396 903 3463 r‘n
925 3403 1153 3483 cognoscendo,
1172 3401 1255 3466 sicut

127 3508 322 3574 dictumest.
341 3506 597 3572 Scr'entrsaulem
618 3523 690 3570 aere
712 3505 758 3571 sic
780 3523 813 3572 se
835 3507 956 3572 habent.
986 3509 1043 3573 Est
1065 3512 1168 3573 autem
1191 3509 1253 3574 loc

128 3617 216 3683 recta
238 3611 447 3700 mnifestalio
469 3611 673 3700 definitionis.
698 3613 847 3701 Definitio
875 3615 959 3680 enim
976 3618 1025 3681 est
1044 3617 1141 3704 ratio,
1161 3633 1255 3700 quam

128 3721 290 3807 significat
310 3740 437 3797 norun,
458 3725 496 3786 ut
514 3720 634 3786 dicitur
658 3721 694 3785 in
715 3729 768 3808 3?
789 3721 1030 3805 Meiapbysr'cor.
1058 3721 1255 3807 Significatrb

128 3833 235 3897 autem
253 3829 390 3895 nominis
407 3827 588 3911 accipienda
613 3832 664 3894 est
684 3829 725 3894 ab
748 3847 799 3905 eo,
823 3832 909 3915 quod
931 3831 1098 3896 intendunt
1120 3849 1256 3897 commu-

129 3940 216 4004 niter
231 3939 387 4024 loquentes
395 3941 455 4020 per
471 3936 507 4002 id
519 3955 629 4010 nomn
647 3935 834 4022 significare.
853 3939 946 4006 Unde
957 3939 993 4004 in
1006 3947 1059 4007 2.⁰
1075 3937 1265 4022 Topicorum'

170 4263 212 4334 (r)
248 4259 492 4329 Conimbricens.,
510 4257 559 4317 lib.
579 4259 805 4328 r.·Posierior.,
828 4279 892 4333 cap.
916 4279 948 4332 a,
972 4274 1076 4334 quaest.
1105 4283 1128 4331 r,
1151 4278 1206 4323 art.
1228 4283 1256 4335 a,

133 4351 239 4412 Prima
252 4351 377 4409 conclus.
394 4348 457 4408 Cir.
475 4346 508 4407 S.
524 4348 641 4416 Thom,
659 4348 710 4408 lib.
731 4349 775 4407 1.·'
785 4350 961 4419 Posterior„
976 4365 1033 4411 art.
1047 4371 1076 4424 4,
1097 4340 1214 4428 paraqr.
1229 4355 1256 4413 b.

171 4449 213 4511 (ε)
249 4441 326 4500 Vide
345 4440 479 4511 Ariston,
502 4439 552 4500 lib.
574 4447 614 4498 a!
626 4440 798 4509 Posterior„
814 4461 878 4514 cap.
894 4463 921 4515 3.
935 4441 998 4502 Cir.
1013 4441 1084 4502 ibid.
1100 4463 1124 4514 r,
1139 4443 1257 4516 Thom.,

133 4535 202 4592 lect.
212 4552 246 4606 93
262 4529 381 4601 Mauri,
397 4531 591 4604 Parapinae,
606 4529 657 4592 lib.
672 4549 699 4588 a.
713 4531 889 4602 Posterior..
900 4551 964 4604 cap.
974 4533 1003 4592 6.
1014 4531 1259 4606 Conimbrieens.,

134 4623 189 4682 lib.
209 4621 431 4688 1.·Posterior.,
447 4639 510 4693 cap.
526 4639 558 4691 2,
574 4633 678 4693 quaest.
695 4641 721 4693 3.

172 4717 215 4785 (3)
252 4709 286 4772 lu
298 4709 370 4772 loeis
384 4729 478 4784 nuper
490 4707 596 4770 relatis.
