3492 5525
380 458 499 523 Anne.
522 473 582 523 ψ
603 458 800 525 Raansnus
822 478 984 536 arcturon,
1145 459 1204 543 665

122 644 319 713 doctrinam.
341 640 392 733 (1)
418 643 511 711 Unde
530 644 591 711 ista
618 646 776 711 sententia
802 646 965 730 duplicem
993 646 1243 715 indifferentiam

122 770 184 819 seu
203 750 417 837 aptitudinem
437 752 630 819 inexistendi
648 752 681 819 in
701 754 847 838 pluribus
861 753 1036 821 individuis
1052 754 1202 841 agnoscit
1211 756 1244 822 in

124 861 248 929 naturis
266 879 392 937 rerum,
409 862 541 939 alteram
562 862 745 945 proximam
765 870 798 927 et
815 862 1017 947 expeditam,
1037 864 1171 930 alteram
1197 882 1246 928 re⁸

123 979 270 1046 motam,
289 987 348 1035 seu
372 968 561 1055 impeditam
585 969 803 1037 extrinsecus:
834 971 1040 1057 primamque
1059 971 1243 1038 concedunt

124 1087 249 1144 naturae
267 1078 453 1155 communi,
474 1096 549 1143 cum
569 1086 618 1143 est
629 1078 762 1163 praecisa
776 1098 794 1143 a
808 1078 998 1145 differentiis
1011 1098 1048 1144 ac
1062 1077 1147 1145 notis
1165 1097 1243 1145 con-

121 1185 339 1263 trahentibus,
351 1187 498 1263 alteram,
513 1204 587 1251 cum
598 1193 649 1252 est
663 1197 736 1253 actu
746 1186 951 1253 contractam
963 1185 1149 1253 individuis.
1162 1186 1245 1265 Qae

122 1295 245 1378 duplex
264 1294 411 1378 aptitudo
431 1293 523 1360 realis
545 1292 682 1359 omnino
701 1294 818 1361 dicitur
836 1308 926 1369 esse,
953 1294 1057 1359 immo
1073 1313 1138 1360 non
1158 1304 1244 1361 esta
1355 1310 1365 1332 ·

122 1408 213 1485 parte
233 1402 277 1466 rei
293 1400 353 1467 nisi
372 1400 466 1467 unica
480 1402 512 1466 in
531 1400 661 1467 diverso
675 1409 776 1469 statu.
792 1402 1082 1478 Qremadmodum
1108 1401 1244 1468 materia
1293 1428 1297 1435 ·

122 1508 228 1591 prima
248 1508 347 1573 babet
364 1509 406 1574 de
424 1528 458 1574 se
479 1509 596 1574 realem
616 1508 849 1593 aptitudinem,
872 1518 909 1575 ut
927 1527 1013 1575 nunc
1023 1510 1243 1594 supponimus

121 1634 164 1681 ex
198 1616 424 1701 Cosmologia,
455 1615 626 1700 recipiendi
649 1618 787 1682 sormam
812 1616 1009 1700 quamlibet,
1034 1616 1110 1700 quia
1128 1618 1241 1683 eadem

121 1741 262 1789 numero
280 1722 414 1789 materia
433 1724 578 1809 pluribus
597 1725 710 1790 formis
723 1724 889 1789 iniormari
902 1732 1026 1809 potest,
1048 1725 1241 1808 ideoque-ad

120 1850 177 1898 eas
195 1848 312 1897 omnes
331 1833 449 1897 realem
463 1832 559 1897 habet
574 1833 801 1916 aptitudinem.
824 1833 948 1899 Verum
964 1832 1119 1916 quoniam
1136 1834 1243 1915 plures

119 1938 220 2005 simul
240 1940 361 2005 formas
379 1938 520 2021 recipere
540 1938 671 2023 nequit,
688 1940 767 2007 dum
788 1959 888 2006 unam
909 1940 1022 2017 habet,
1038 1940 1186 2025 aptitudo
1202 1940 1242 2006 ad

123 2048 261 2130 reliquas
291 2046 457 2113 habendas
484 2048 639 2131 impedita
668 2058 718 2113 est
745 2045 809 2136 (a).
836 2047 1000 2133 Ejusmodi
1020 2067 1098 2132 ergo
1130 2056 1243 2114 natura

118 2154 307 2221 communis
335 2174 392 2238 per
419 2153 670 2221 indifferentiam
700 2167 834 2224 vocatur
860 2156 958 2222 etiam
985 2154 1168 2223 universale
1190 2175 1244 2222 ne·

117 2264 280 2347 gativum.

188 2368 366 2437 Scotisticae
385 2370 492 2437 affinis
511 2380 561 2437 est
579 2369 751 2457 singularis
778 2370 862 2438 Petri
890 2370 1040 2437 Fonsecae
1065 2371 1240 2449 sententia,
1296 2382 1410 2465 senariae

118 2479 176 2561 qui
204 2477 315 2543 docuit
343 2488 499 2544 «naturas
530 2496 726 2545 communes
743 2498 784 2544 ex
802 2497 875 2545 sese
893 2486 925 2544 et
944 2490 1020 2545 ante
1038 2498 1110 2545 earn
1129 2498 1243 2565 opera-
1256 2451 1456 2500 ⁹⁸⁹⁰²¹¹F⁰¹m⁶¹

117 2585 242 2651 tionem
270 2584 471 2666 intellectus,
498 2605 562 2670 qua
585 2606 602 2650 a
626 2587 693 2652 suis
722 2586 966 2671 particularibus
995 2585 1238 2665 abstrahuntur,

118 2712 238 2778 nempe
266 2692 354 2778 prius
378 2702 502 2772 natura,
533 2712 633 2778 quarn
659 2694 691 2760 in
716 2695 783 2762 suis
812 2693 1055 2780 particularibus
1082 2696 1235 2773 existant,

117 2814 175 2870 aut
192 2809 366 2867 contractae
392 2801 425 2867 in
452 2801 498 2868 eis
517 2802 593 2878 sint,
614 2820 687 2868 esse
709 2805 793 2878 actu,
821 2806 854 2867 et
868 2821 932 2867 non
945 2803 1085 2884 mantia
1105 2807 1238 2881 tantum,

115 2909 328 2989 universales;
346 2909 475 2974 tametsi
504 2928 569 2975 non
595 2910 735 2976 habeant
758 2928 852 2976 suam
879 2909 1155 2976 universalitatem
1174 2911 1241 2976 exi·
1285 2924 1287 2935 ·

114 3021 254 3092 stentem,
283 3015 344 3082 nisi
369 3035 444 3082 curn
471 3016 646 3082 intellectui
665 3017 735 3082 sine
759 3017 948 3083 differentiis
975 3017 1239 3084 contrahentibus

3 3173 5 3178 -
115 3124 337 3208 objiciuntur»
362 3121 426 3211 (3).
456 3125 578 3191 Natura
611 3124 698 3190 enim
726 3127 758 3189 in
786 3125 903 3208 triplici
934 3123 1019 3190 statu
1044 3125 1239 3192 considerari

3 3231 4 3236 ’
115 3239 236 3316 potest:
255 3231 361 3315 primo
379 3231 526 3298 absolute
545 3240 577 3297 et
595 3232 777 3298 secundum
798 3251 846 3308 se,
864 3241 897 3297 et
911 3239 1076 3314 quatenus
1095 3231 1239 3317 implicat

115 3359 155 3406 ea
181 3339 368 3424 praedicata,
393 3357 468 3422 quae
497 3358 554 3424 per
572 3340 642 3425 ejus
660 3340 864 3406 essentialem
886 3338 1111 3408 definitionem
1131 3339 1238 3426 expri-

115 3455 262 3514 muntur:
279 3447 424 3514 secundo
443 3443 539 3531 p’rout
557 3457 607 3514 est
635 3448 666 3514 in
686 3445 877 3529 individuis;
907 3447 1001 3514 tertio
1020 3457 1117 3532 prout
1135 3457 1186 3514 est
1204 3446 1238 3515 in

114 3557 278 3621 intellectu
297 3561 387 3620 certo
406 3554 550 3638 quodam
577 3555 677 3621 modo
692 3554 832 3641 cognita.
859 3556 991 3622 Primus
1008 3563 1113 3622 statas
1131 3557 1238 3623 vocari

113 3671 223 3747 potest
240 3661 420 3744 solitudinis
443 3671 475 3728 et
496 3662 758 3743 nazaraenum
781 3664 861 3727 alter
873 3662 1096 3730 contractionis
1112 3673 1146 3730 et
1168 3682 1240 3730 rea-

112 3771 166 3837 lis·
185 3769 370 3851 catenatam
392 3771 508 3838 tertius
538 3770 757 3852 ababactrbnis
784 3778 817 3836 et
848 3770 1003 3857 objecaaoe
1029 3789 1089 3837 seu
1127 3768 1240 3837 rdeaib

110 3875 296 3944 existentia.
314 3877 394 3944 Dicit
414 3896 492 3963 ergo
511 3876 546 3945 P.
568 3877 709 3943 Fonseca
729 3879 883 3944 naturam'
897 3877 930 3944 in
947 3878 1052 3962 primo
1067 3878 1121 3944 illo
1136 3885 1236 3956 statu,

112 3984 232 4054 habere
262 4003 303 4051 ex
330 4003 402 4050 sese
430 3984 660 4050 antecedenter
683 3985 723 4050 ad
751 4003 886 4051 omnem
906 3986 1126 4070 operationem
1148 3987 1239 4053 intel-

145 4221 186 4285 (ι)
221 4215 363 4274 illustrius
374 4214 443 4275 ibid.
455 4213 513 4274 Alii
523 4227 622 4274 tamen
630 4212 715 4274 aliter
723 4213 868 4274 Subtilem
879 4211 1033 4275 Doctorcm
1043 4215 1238 4290 interpretan-

110 4322 170 4366 tur.
185 4304 262 4365 Vide
270 4326 298 4364 v.
312 4325 341 4376 a.
355 4304 561 4365 Sebastianum
575 4303 762 4377 Dupaequier
771 4304 802 4363 in
811 4303 1149 4381 SummaPiriiosopbr'oe,
1159 4306 1235 4382 Lag.

4 4427 5 4484 ζ
112 4395 189 4467 disp.
208 4417 235 4469 3,
250 4414 279 4474 q.
297 4417 323 4468 3,
337 4395 426 4454 conci.
447 4403 489 4452 2.·

146 4491 185 4551 (a)
222 4485 284 4543 Cir.
301 4483 401 4554 Suae,
416 4484 492 4556 disp.
507 4484 535 4543 6.
554 4483 695 4558 Metapa,
711 4497 781 4544 sect.
795 4503 825 4558 4,
843 4504 873 4542 u.
887 4504 914 4542 a.

145 4575 186 4647 (3)
223 4573 288 4633 Lis.
306 4581 343 4647 5.·
355 4575 495 4649 Meropia,
510 4594 573 4646 cap.
585 4573 629 4642 28,
645 4593 675 4646 q.
689 4593 714 4648 5,
726 4587 795 4632 seen
810 4596 835 4646 3.
853 4571 915 4632 cfr.
928 4585 996 4632 sect.
1009 4593 1038 4646 a,
1050 4586 1079 4632 et
1093 4593 1122 4646 q.
1135 4595 1162 4646 3.
1178 4573 1237 4632 Nec

111 4664 237 4722 multum
267 4666 304 4722 ab
322 4664 376 4720 hac
403 4663 547 4722 sententia
569 4664 685 4722 videtur
708 4663 845 4724 abludere
867 4663 996 4738 Magnus
1023 4663 1177 4735 Albanus,
1202 4665 1237 4723 de

110 4753 363 4820 Praedicabilibus,
377 4767 463 4812 tract.
474 4773 501 4823 2,
517 4773 579 4826 cap.
592 4775 618 4826 3,

4 4739 6 4852 l

788 4891 815 5192 t
