3492 5525
468 534 477 553 .
529 486 590 572 4⁶⁶
651 490 774 555 Lourct
790 485 1021 564 MnJoa—Lru.
1040 502 1109 566 ψ,
1125 486 1214 557 Dtse.
1227 459 1371 555 'ascaro
1392 503 1460 554 nm

490 684 695 759 oppugnent.
730 675 846 758 Neque
873 685 953 741 tunc
981 692 1060 761 ergo
1089 674 1296 758 probabilitas
1321 675 1420 743 unius
1445 675 1614 760 opinionis

490 782 661 848 adversam
676 782 939 867 probabilitatem
953 783 1107 867 perimet.

556 896 675 959 nicea:
691 890 860 977 Oppositae
880 890 1122 975 probabilitates
1139 908 1175 957 se
1193 892 1315 959 habent
1328 902 1366 958 ut
1390 889 1475 958 vires
1494 900 1613 959 mutuo

489 998 718 1085 confligentes,
735 1008 791 1067 aut
810 1000 942 1084 pondus
960 1000 1090 1082 aliquod
1109 999 1141 1065 in
1161 1000 1311 1084 opposita
1327 1009 1473 1066 extrema
1487 1001 1614 1065 trahere

489 1117 660 1174 conantes.
683 1107 781 1190 Atqui
809 1106 842 1173 in
871 1108 1032 1191 ejusmodi
1059 1106 1175 1174 virium
1200 1106 1352 1175 condictu
1381 1110 1486 1194 major
1513 1106 1615 1173 vincit

490 1216 666 1283 minorem.
692 1216 816 1301 Ergo...

554 1330 661 1407 Reap.
680 1323 757 1391 dist.
786 1323 900 1399 Maior.
920 1321 962 1387 Se
979 1323 1101 1389 habent
1122 1332 1293 1405 tamquam
1316 1322 1401 1390 vires
1419 1323 1507 1389 idem
1529 1342 1614 1408 pon·

489 1433 551 1500 dus
577 1432 609 1498 in
639 1431 788 1517 opposita
814 1442 962 1497 extrema
989 1433 1114 1496 trabere
1142 1442 1318 1506 conantes,
1345 1432 1388 1497 ita
1414 1444 1546 1507 tamen,
1576 1444 1614 1499 ut

489 1549 603 1606 neutra
622 1540 691 1606 vim
707 1539 823 1606 habeat
842 1537 1059 1606 sufficientem
1074 1538 1115 1604 ad
1131 1540 1334 1605 movendum
1360 1540 1507 1623 pondus,
1523 1549 1620 1605 conc!

488 1648 580 1713 aliter
598 1666 664 1732 neg.
696 1646 822 1713 Etenim
843 1646 986 1712 rationes
1008 1645 1234 1730 probabilitate
1253 1648 1322 1713 sola
1346 1647 1527 1731 gaudentes
1546 1646 1613 1713 vim

490 1774 555 1822 non
575 1756 695 1823 habent
714 1756 754 1821 ad
769 1754 1035 1837 extorquendum
1056 1771 1245 1829 assensum,
1267 1754 1328 1821 nisi
1352 1756 1486 1823 accedat
1503 1758 1617 1821 volun·

362 1910 367 1922 .
488 1864 563 1929 tatis
578 1863 771 1946 imperium:
789 1863 929 1945 ideoque
949 1880 1015 1927 non
1035 1863 1144 1927 solum
1169 1862 1277 1928 minor
1301 1863 1359 1928 sed
1387 1862 1494 1948 major
1517 1861 1614 1928 etiam

489 1970 697 2057 probabilitas
723 1970 835 2054 nequit
863 1970 1066 2037 intellectum
1087 1988 1299 2053 permovere,
1327 1972 1388 2037 nisi
1408 1970 1616 2055 superveniat

489 2080 667 2145 voluntatis
686 2080 865 2164 impulsus,
884 2096 953 2162 quo
971 2076 1241 2161 superveniente,
1264 2077 1372 2145 minor
1387 2096 1521 2162 quoque
1541 2096 1617 2162 pro

488 2184 635 2252 babiliter
654 2195 763 2272 potest
777 2187 817 2251 ad
833 2204 1006 2252 assensum
1026 2185 1192 2253 inclinare.

555 2292 715 2361 Minorem
739 2294 837 2361 etiarn
860 2294 1029 2377 distinguo.
1051 2294 1085 2359 ln
1106 2292 1295 2378 hujusmodi
1320 2274 1437 2361 virium
1461 2292 1616 2362 conliietu

490 2403 593 2488 major
619 2400 718 2469 vincit
742 2402 922 2493 minorem,
950 2400 1151 2467 destruendo
1175 2400 1282 2481 illam,
1311 2420 1381 2486 neg.
1409 2402 1617 2487 praevalendo

489 2528 588 2595 supra
609 2510 718 2587 illam,
742 2528 830 2575 conc.

558 2617 721 2684 Caeterum
753 2615 881 2702 opinio,
912 2635 1004 2699 quae,
1033 2618 1189 2702 spectatis
1218 2618 1387 2685 contrariis
1419 2617 1613 2694 rationibus,

488 2744 583 2794 suam
611 2744 677 2794 non
708 2734 881 2793 conservat
909 2724 1185 2808 probabilitatem
1216 2727 1303 2793 haud
1332 2726 1464 2795 videtur
1491 2744 1614 2794 nomen

490 2833 605 2900 mereri
626 2833 803 2918 probabilis
818 2829 1013 2922 opinionis(
1037 2832 1065 2919 ).

287 2953 462 3015 optarentne
534 2960 589 3024 4¹·
637 2941 758 3028 Opinio
786 2959 864 3006 vero
897 2940 1027 3006 relative
1058 2941 1232 3025 probabilis
1259 2954 1369 3027 potest
1395 2961 1469 3010 esse
1495 2943 1613 3018 minus,

271 3030 477 3158 „gfflfw
489 3067 574 3134 aque
592 3059 648 3117 aut
666 3039 767 3133 magis
783 3048 969 3133 probabilis,
986 3029 1166 3132 quarn'sua
1182 3049 1345 3134 opposita,
1366 3050 1434 3116 imo
1452 3060 1485 3116 et
1498 3052 1614 3133 probo·

323 3173 357 3218 m
367 3189 430 3230 eque
490 3157 653 3224 ditissima.
673 3155 793 3240 Opinio
813 3175 892 3222 vero
905 3155 1165 3237 probabilissima
1182 3158 1331 3242 opposita
1345 3177 1386 3224 eo
1399 3156 1472 3242 ipso
1488 3159 1524 3223 fit
1537 3159 1616 3224 ievi-

286 3243 460 3371 pffifflss'„
489 3267 537 3330 ter
553 3264 727 3349 probabilis
755 3275 809 3330 aut
837 3264 1069 3346 improbabilis:
1087 3264 1118 3330 id
1144 3266 1234 3350 quod
1253 3285 1272 3330 a
1290 3265 1412 3333 iortiori
1436 3266 1611 3332 dicendum

281 3388 466 3444 pumannum.
488 3381 538 3440 est
552 3373 592 3438 de
610 3371 764 3457 opinione
783 3371 933 3457 opposita
951 3371 1122 3437 sententiae
1137 3373 1228 3438 alicui
1245 3372 1495 3456 quomodolibet
1508 3378 1610 3448 certo,

487 3479 769 3565 prudensquippe
789 3497 853 3544 non
874 3487 924 3544 est
938 3489 1033 3544 certae
1052 3479 1210 3545 doctrinae
1229 3481 1390 3546 reluctari.
1412 3480 1612 3564 contingere

485 3589 583 3654 etiarn
600 3597 724 3672 potest,
743 3595 780 3653 ut
794 3586 906 3670 opinio
919 3586 1042 3669 aliqua,
1059 3585 1186 3653 etiarnsi
1202 3587 1325 3654 nonsit
1339 3586 1611 3672 probabilissima,

485 3697 526 3762 sit
544 3705 655 3763 tamen
670 3695 765 3762 unice
785 3693 975 3778 probabilis,
997 3705 1167 3779 propterea
1186 3694 1277 3779 quod
1298 3713 1364 3761 non
1383 3695 1495 3762 adsint·
1516 3695 1614 3762 ratio·

485 3821 544 3870 nes
569 3821 698 3888 graves,
720 3801 780 3868 nisi
801 3821 860 3886 pro
883 3821 948 3869 una
971 3812 1063 3887 parte
1090 3802 1369 3870 contradictionis:
1390 3821 1459 3887 quo
1482 3802 1515 3870 in
1533 3821 1612 3870 casu

483 3913 582 3978 altera
602 3911 734 3995 quidem
754 3911 814 3976 erit
833 3909 1074 3993 improbabilis,
1100 3927 1167 3976 non
1187 3921 1297 3978 tamen
1318 3909 1501 3978 necessario
1520 3911 1610 3977 salsa.

478 4021 548 4102 Jarn
577 4019 664 4086 enim
693 4019 886 4086 monuimus
913 4035 1011 4103 posse
1038 4017 1245 4103 opinionem,
1273 4017 1372 4086 etiam
1392 4017 1613 4103 probabilissi-

483 4146 590 4202 mam,
612 4127 725 4195 falsam
745 4145 834 4202 esse,
856 4135 890 4193 et
914 4134 1155 4212 consequenter
1176 4126 1423 4196 contradictoria
1448 4128 1537 4214 ejus,
1557 4135 1612 4194 ut·

482 4253 624 4318 cumque
654 4233 896 4320 improbabilis,
922 4252 997 4300 vera
1025 4253 1097 4301 esse
1128 4243 1250 4320 potest.
1279 4233 1356 4312 Quo
1380 4245 1506 4320 spectat
1529 4234 1610 4302 iliud

482 4341 629 4407 ellaturn:
650 4343 754 4408 Multa
767 4345 843 4408 orni
850 4343 941 4426 falsa
950 4339 1164 4424 probabiirbra
1176 4341 1271 4409 veris.
1290 4400 1297 4413 .

520 4703 561 4767 (r)
598 4695 661 4758 Ct'r.
676 4695 763 4757 Card.
781 4695 918 4766 Ptolom,
933 4697 1103 4774 Pbr'iosoplr.
1118 4699 1222 4757 meretis
1232 4711 1261 4758 et
1270 4719 1417 4771 senseram,
1432 4699 1607 4778 dissertat.

378 4769 389 4798 ³
488 4784 760 4866 logico-Plyara,
778 4805 807 4846 n.
823 4781 859 4846 X.
