3492 5525
540 465 598 531 34⁰
726 449 853 515 Locren
873 448 1121 516 Mulon-Drsn
1146 462 1192 535 3.⁸
1213 452 1292 517 Can.
1317 467 1388 519 aum

498 632 614 698 salt'em
628 652 694 700 non
707 643 898 721 reputantur
911 636 1134 703 universaliter
1143 655 1230 713 vera,
1243 638 1358 703 saltem
1369 636 1402 703 in
1417 634 1536 702 divinis
1550 632 1563 721 (
1571 652 1580 699 r
1589 632 1620 719 ):

497 740 539 805 ab
557 741 627 807 aliis
643 743 780 809 demum
800 744 860 809 soli
886 742 1084 827 expositorio
1104 744 1297 830 syllogismo
1322 735 1526 829 applicantur
1551 738 1622 831 (2).

564 848 598 916 ln
618 850 909 918 haccontrouersia
923 852 1074 935 equidem
1089 851 1278 918 crediderim
1293 862 1431 937 utraque
1450 851 1623 938 principia,

497 956 595 1021 etiam
615 957 793 1025 identitatis
811 967 844 1024 et
861 959 1097 1044 discrepantiae,
1118 960 1235 1026 saltem
1255 959 1288 1026 in
1306 960 1433 1037 creatis,
1453 960 1560 1027 valere
1577 959 1624 1024 ad

497 1064 724 1131 declarandam
744 1067 1015 1153 probandamque
1034 1067 1101 1133 vim
1122 1077 1154 1134 et
1172 1066 1344 1135 artificium
1365 1066 1565 1154 syllogismi;
1585 1076 1621 1131 et

497 1170 531 1237 in
550 1174 612 1239 hoc
630 1175 829 1240 conveniunt
847 1175 1117 1241 communissime
1131 1184 1293 1243 auctores
1315 1176 1394 1241 illud
1411 1162 1508 1240 etia‘m
1523 1181 1619 1260 puto,

497 1280 728 1365 syllogismum
759 1281 993 1366 expositorium
1032 1266 1138 1348 multo
1169 1281 1353 1349 evidentius
1387 1282 1487 1349 videri
1516 1281 1621 1347 iulciri

497 1386 655 1473 principio
673 1388 851 1456 identitatis
869 1399 901 1454 et
916 1390 1140 1473 discrepantiae
1159 1388 1223 1477 (3).
1244 1388 1276 1455 Si
1295 1408 1375 1456 vero
1390 1390 1431 1455 de
1445 1388 1514 1455 aliis
1532 1389 1624 1473 prin·

497 1493 588 1579 cipiis
606 1496 719 1580 logicis
737 1496 814 1562 Dici
829 1499 868 1561 de
880 1496 966 1562 omni
983 1507 1016 1564 et
1035 1497 1112 1563 Dici
1123 1498 1163 1563 de
1180 1498 1269 1562 nullo
1291 1498 1483 1581 loquamur,
1504 1496 1621 1561 iisdem

408 1638 412 1645 ·
497 1602 760 1669 manifestissime
787 1602 971 1671 innituntur
997 1623 1035 1669 ac
1053 1602 1232 1687 probantur
1256 1604 1346 1670 modi
1371 1605 1485 1689 primae
1506 1604 1623 1688 figurae

497 1707 642 1791 directae3
663 1710 770 1777 caeteri
789 1729 866 1777 vero
886 1730 953 1777 non
973 1712 1125 1777 videntur
1143 1709 1333 1777 immediate
1352 1712 1443 1777 inniti
1463 1711 1540 1787 illrs,
1561 1713 1623 1777 sed

496 1817 605 1882 solum
626 1816 782 1894 mediate,
805 1836 927 1903 nempe
945 1821 997 1884 vel
1018 1820 1051 1885 vi
1074 1820 1206 1885 alterius
1234 1818 1395 1903 principii,
1416 1820 1467 1885 vel
1486 1818 1561 1902 quia
1580 1818 1624 1883 ad

497 1925 615 1990 modos
629 1926 741 2009 primae
755 1925 870 2011 tigurae
885 1937 1090 2002 revocantur,
1107 1935 1205 2013 atque
1220 1946 1261 1993 ex
1275 1927 1390 1993 iisdem
1406 1923 1533 2013 probari
1547 1944 1627 2011 pos-

413 2051 418 2068 ¹
497 2042 593 2109 sunt,
614 2042 651 2099 ut
665 2034 734 2117 lam
755 2034 987 2101 declarandum
1009 2043 1070 2105 est.

852 2297 1154 2375 ARTICULUS
1176 2299 1267 2374 VII.

543 2466 934 2533 Demonstruntuu
957 2466 1257 2532 novendecim
1276 2465 1400 2531 modi
1424 2466 1574 2530 utiles.

452 2686 463 2770 ‚¹
549 2678 622 2747 ¹57·
668 2660 758 2727 Medi
784 2662 1053 2749 syllogismorum
1078 2661 1269 2728 dividuntur
1295 2660 1328 2725 in
1347 2660 1498 2745 perfectos
1522 2669 1627 2742 atque
1743 2686 1744 2738 l

338 2773 369 2804 ¹¹¹¹
497 2769 699 2856 imperfectos.
720 2771 852 2836 Persecti
870 2779 950 2836 sunt
964 2781 1106 2853 quatuor
1120 2771 1208 2836 modi
1223 2768 1336 2853 primae
1351 2768 1464 2853 figure
1477 2768 1625 2844 directae,

498 2879 716 2962 dicunturque
739 2878 871 2962 perfecti
889 2878 932 2943 ob
960 2896 1054 2943 suam
1081 2877 1342 2962 perspicuitatem
1367 2885 1463 2959 atque
1490 2875 1629 2940 eviden-
1742 2957 1743 2972 χ

498 2985 595 3067 tiam;
617 2986 661 3051 ob
679 3003 779 3069 quam
794 2987 893 3051 etiam
908 3004 926 3051 a
941 2986 1139 3068 quibusdam
1159 2984 1233 3050 dicti
1254 2993 1331 3051 sunt
1346 2991 1403 3068 per
1420 3003 1453 3050 se
1470 2983 1537 3050 noli
1553 2980 1566 3070 (
1596 2981 1624 3069 ),
1742 2975 1743 2996 ¹

500 3093 612 3177 reliqui
632 3112 750 3159 omnes
771 3101 851 3160 sunt
869 3104 902 3159 et
921 3093 1074 3162 dicuntur
1091 3092 1261 3177 imperfecti
1288 3111 1329 3157 ex
1354 3093 1482 3158 deiectu
1511 3090 1626 3173 aliquo

498 3199 670 3276 claritatis,
693 3219 761 3283 quo
775 3219 908 3283 semper
926 3201 1085 3267 laborant.

566 3306 739 3374 Rectitudo
757 3326 887 3392 ergone
907 3307 1083 3374 necessitas
1100 3306 1314 3373 concludendi
1330 3305 1518 3371 immediate
1533 3315 1626 3389 patet
1741 3323 1742 3352 ³

351 3401 357 3412 ’
456 3402 471 3446 ⁵·
499 3414 531 3481 in
563 3425 702 3499 quatuor
742 3416 843 3482 modic
871 3414 1024 3499 perlectis
1061 3433 1101 3480 ex
1128 3412 1456 3498 duobus-principiis
1483 3413 1559 3479 Dici
1585 3417 1629 3480 de

497 3523 586 3588 omni
602 3532 635 3589 et
653 3523 729 3589 Dici
744 3525 783 3588 de
799 3523 901 3588 nullo.
917 3524 1000 3589 Nam
1020 3522 1053 3586 in
1071 3521 1171 3587 modis
1188 3521 1331 3588 Barbara
1346 3529 1379 3586 et
1396 3521 1494 3587 Darii
1513 3521 1625 3588 locum

499 3630 597 3696 habet
620 3615 885 3725 manifestissime
916 3628 1109 3717 principium
1140 3629 1302 3714 primum,
1332 3629 1515 3694 secundum
1544 3647 1626 3694 vero
1740 3693 1741 3698 ,

498 3738 532 3803 in
551 3737 700 3804 Celarenl
716 3748 749 3805 et
773 3737 881 3814 Ferio,
914 3747 950 3804 ut
978 3757 1035 3824 per
1062 3755 1097 3803 se
1125 3745 1227 3822 patet.
1254 3735 1340 3802 Sane
1358 3734 1391 3802 in
1418 3735 1562 3801 Barbara
1591 3747 1627 3802 et

534 3923 575 3984 (r)
612 3915 678 3987 Qua
691 3915 728 3974 de
741 3935 773 3973 re
795 3912 862 3972 vide
876 3913 999 3983 Suarez,
1025 3913 1152 3981 Molina,
1174 3913 1311 3984 Vazquez
1331 3925 1360 3972 et
1383 3911 1472 3982 Ruta,
1489 3909 1627 3985 superius

498 4004 611 4064 citatos.
628 3995 691 4064 Cir.
706 4004 751 4062 De
766 4003 929 4063 Benedictis
943 4005 997 4063 loc.
1013 4003 1062 4062 eit.

533 4101 574 4164 (a)
610 4092 685 4153 Vide
699 4095 837 4163 remees,
859 4094 954 4152 [nent.
970 4095 1088 4152 dialect.
1104 4093 1154 4152 lib.
1169 4093 1197 4162 6,
1220 4111 1283 4165 cap.
1299 4111 1343 4167 ²4³
1369 4089 1479 4150 Moline
1494 4091 1546 4150 loc.
1571 4091 1625 4152 cit.

497 4185 574 4256 disp.
591 4204 618 4242 a.
634 4184 697 4244 etr.
713 4183 860 4252 Valentia,
877 4183 1034 4242 Commeat.
1049 4183 1080 4241 in
1098 4205 1109 4240 1
1133 4195 1208 4256 part.
1223 4183 1300 4255 disp.
1324 4201 1351 4240 a.
1377 4201 1406 4252 q.
1422 4173 1455 4248 a:
1473 4194 1571 4254 punct.
1594 4201 1626 4256 43

499 4273 679 4334 Conimbric.
695 4274 726 4333 in
740 4272 789 4334 lib.
806 4295 822 4346 3
836 4273 990 4346 Physicor.
1003 4293 1067 4345 cop.
1083 4293 1110 4332 a.
1124 4272 1281 4346 explanat,
1304 4291 1420 4344 paragr.
1436 4290 1462 4330 c.

532 4368 574 4434 (3)
609 4362 654 4422 De
669 4361 818 4435 principiis
832 4361 995 4422 identitatis
1006 4382 1039 4420 ec
1053 4361 1254 4435 discrepantias
1268 4360 1331 4420 tuse
1344 4360 1499 4432 disputant
1520 4361 1553 4418 P.
1570 4359 1629 4420 Se-

445 4519 451 4528 ,
497 4449 649 4510 bestiarius
664 4451 830 4523 laquierdo,
843 4451 872 4508 in
888 4452 988 4511 Pharo
996 4452 1196 4522 scientiarum,
1212 4451 1266 4510 loo.
1283 4469 1355 4522 nup.
1370 4449 1431 4520 citt
1447 4464 1477 4510 et
1489 4450 1521 4508 Ρ.
1537 4449 1627 4520 Joan.

498 4539 597 4609 Ulloa,
612 4541 686 4614 Lep.
703 4539 808 4614 Major.
824 4539 902 4612 disp.
920 4561 943 4608 ι,
961 4554 991 4599 et
1003 4539 1034 4599 iu
1049 4541 1215 4611 Prodromo,
1231 4539 1309 4612 disp.
1327 4561 1350 4607 ι,
1367 4557 1431 4610 cap.
1446 4558 1474 4612 4,
1490 4559 1520 4597 n.
1536 4539 1583 4598 28.

532 4634 574 4702 (4)
593 4629 669 4690 Vide
682 4629 840 4690 Alexandr.
857 4629 888 4687 in
902 4627 954 4688 lib.
972 4639 1018 4687 r.¹
1037 4630 1138 4688 Prior.
1153 4651 1217 4702 cap.
1229 4648 1265 4703 43
1289 4627 1371 4688 Scor.
1391 4635 1429 4688 r.·
1442 4627 1539 4698 Sept..
1562 4649 1594 4702 q.
1614 4649 1624 4690 r
1737 4657 1738 4666 κ

496 4718 577 4793 apud
591 4717 616 4778 F
616 4737 721 4779 onseoa
731 4718 804 4780 luel.
816 4719 948 4789 dialect,
963 4717 1015 4778 lib.
1028 4719 1065 4790 6,
1084 4739 1149 4792 cap.
1164 4737 1210 4778 ao.
