3492 5525
240 431 360 497 Anno
377 445 433 495 tn·
448 430 538 511 Quro
553 448 596 495 er
607 447 812 507 quoruenex
822 447 1080 507 consequemur
1121 443 1180 513 305

99 614 284 682 inferretur:
300 634 334 682 v.
349 635 384 701 g.
405 616 518 683 Penus
534 620 583 684 esf
601 616 795 683 ncbstanlia:
809 634 884 701 ergo
900 618 949 683 est
962 616 1097 687 animal.
1118 614 1222 681 Adest
1278 682 1283 688 ,

99 722 237 806 quidem
255 721 308 789 hic
324 724 575 807 consequentia,
595 725 671 808 quia
690 725 804 791 Petrus
829 732 880 792 est
907 721 1089 791 substantia
1107 722 1149 789 de
1166 740 1224 807 ge-

9 831 10 924 }
99 848 178 894 nere
214 829 426 913 animalium;
456 832 515 897 sed
546 839 599 898 est
627 832 799 899 matennlis
831 840 988 908 tantum,
1009 830 1086 916 quia
1108 827 1223 895 similis

9 937 10 952 ¹
100 936 223 1003 modus
240 956 277 1003 ac
295 939 399 1005 forma
417 940 630 1007 concludendi
651 958 717 1007 non
736 941 859 1007 valeret
877 940 913 1010 in¹
930 940 991 1007 alia
1014 936 1165 1013 materia,
1187 943 1224 1002 ut

99 1044 132 1109 in
151 1046 230 1111 bac:
251 1046 344 1127 capis
360 1049 410 1112 esf
421 1047 613 1115 substantia:
631 1066 707 1131 ergo
722 1051 771 1113 est
783 1047 917 1115 animal.

167 1150 319 1236 Spectata
345 1154 469 1220 ratione
488 1156 703 1223 connexionis
718 1154 804 1223 inter
828 1153 1023 1221 antecedens
1050 1160 1083 1217 et
1109 1168 1226 1217 conse·
1277 1198 1401 1244 mm,

99 1277 222 1343 quens,
242 1259 395 1327 dividitur
411 1262 643 1346 consequentia
667 1260 786 1329 iterum
811 1261 844 1328 in
871 1261 1080 1329 necessarium
1103 1268 1137 1325 et
1150 1265 1226 1340 pro-
1256 1270 1424 1362 contegens:

98 1365 234 1433 babilon
262 1369 314 1434 vel
346 1367 585 1454 contingentem,
619 1378 718 1455 prout
741 1369 958 1437 fundamento
985 1366 1141 1435 innitatur
1173 1366 1225 1431 vel

101 1474 283 1542 necessario
312 1484 412 1560 atque
438 1477 606 1591 infallibili,
634 1478 688 1545 vel
711 1478 821 1545 solum
841 1476 1000 1563 probabili
1027 1494 1065 1545 ac
1091 1473 1223 1541 fallibili.

100 1581 281 1649 Probabilis
294 1590 345 1649 est
359 1585 440 1650 lraec:
454 1604 487 1655 ν.
499 1606 534 1671 g.
514 1551 700 1669 'Agricola
715 1586 886 1668 tempestiue
899 1585 987 1653 serit:
999 1584 1079 1668 Ergo
1081 1583 1227 1668 fructum

99 1688 238 1773 colliget.

166 1797 854 1885 Necessariadispesciturinmetapbysicam,
859 1800 1307 1884 physicamnmoralemn
1280 1838 1355 1871 ιιιιιι
1356 1826 1403 1871 arra

101 1904 328 1992 ¹tetaphysrca
340 1916 392 1974 est
409 1908 635 1975 infrustrabilis
651 1928 709 1993 per
720 1926 967 1993 quamcumque
981 1906 1173 1993 potentiam,
1189 1915 1261 2013 utm
1252 1903 1313 1950 ”⁰¹⁶⁵
1290 1904 1380 1941 ΗΜ
1389 1897 1423 1943 '²¹
1529 1897 1532 1905 '

101 2014 186 2077 haec:
210 2014 324 2079 Petrus
344 2017 393 2080 est
406 2014 507 2083 bomo:
524 2034 596 2100 ergo
607 2018 792 2083 estanimul.
813 2016 948 2103 Physica
966 2012 1156 2083 frustrabilis
1174 2021 1225 2080 est
1239 1968 1430 2099 maffia
1404 1969 1438 2015 ¹

100 2119 163 2185 der
184 2118 340 2185 virtutem
366 2119 436 2200 Dei,
466 2122 659 2189 miraculum
687 2122 856 2209 pauentis,
883 2142 917 2191 v
946 2139 996 2208 g.:
1016 2123 1054 2189 Si
1072 2120 1170 2189 lun
1155 2120 1277 2205 cgni
1265 2112 1299 2158 ¹
1308 2112 1404 2166 ¹¹²¹·⁰¹⁸¹

98 2228 274 2309 applnenu
289 2231 412 2311 suppa,
431 2230 637 2321 comburetur.
651 2231 780 2299 Moralis
798 2230 940 2313 denique
959 2228 1151 2297 frustrabilis
1175 2239 1226 2295 est

100 2335 202 2399 etiam
225 2334 350 2419 absque
374 2336 542 2420 miraculo,
565 2339 623 2403 sed
641 2357 713 2405 raro
736 2358 773 2406 ac
799 2338 929 2404 difficile
956 2338 1100 2404 frustrari
1128 2336 1223 2404 solet.

101 2442 313 2527 Exemplum:
333 2444 389 2510 Est
402 2450 515 2513 mater:
529 2446 613 2530 Ergo
629 2445 849 2532 dilapitfilium
860 2464 966 2513 suum.

169 2550 357 2616 Necessaria
370 2570 450 2618 vero
461 2559 571 2636 potest
591 2553 710 2619 iterum
724 2572 798 2619 esse
816 2554 867 2620 vel
886 2553 1036 2619 absoluta
1056 2552 1107 2618 vel
1126 2552 1226 2637 luypo-
1264 2578 1408 2625 ιιιιιιιιιιι

99 2658 224 2725 thetica
242 2675 301 2724 seu
314 2666 431 2726 tenens
449 2660 620 2727 dumtaxat
634 2680 676 2729 ex
688 2660 1042 2748 suppositione'aliqua
1061 2660 1156 2725 facta.
1261 2646 1409 2708 ¹lt⁰¹¹²‘¹¹⁶⁸·

171 2766 267 2831 Hisce
279 2767 479 2852 praestitutis,
491 2778 621 2855 oportet
629 2772 809 2855 praecipuas
817 2771 947 2855 regulas
958 2785 1121 2854 exponere
1129 2767 1225 2834 bonae

101 2877 360 2956 consequentiae,
390 2895 457 2943 non
475 2876 608 2961 quidem
628 2878 816 2955 materialis,
836 2877 896 2943 sed
925 2875 1068 2942 formalis
1096 2875 1227 2942 dumta-

101 2992 172 3048 xat.
189 2981 227 3047 Et
246 2983 326 3048 ratio
347 2992 415 3061 est,
435 2983 512 3068 quia
530 2985 658 3052 bonitas
685 2985 929 3070 consequentia
958 2981 1131 3049 materialis
1149 3001 1226 3048 cum

100 3089 308 3156 decernenda
327 3091 367 3156 sit
386 3110 427 3156 ex
444 3092 590 3177 subjecta
609 3093 755 3174 materia,
777 3111 844 3158 non
863 3099 988 3178 spectat
1003 3091 1044 3156 ad
1059 3090 1224 3175 logicam,

99 3199 160 3263 sed
188 3198 232 3262 ad
249 3197 424 3282 peculiares
442 3199 520 3266 alias
547 3199 741 3284 disciplinas.
767 3200 920 3284 Cumque
949 3197 1075 3285 Logicae
1103 3215 1226 3264 munus

101 3304 274 3389 proprium
296 3305 340 3372 sit
356 3307 479 3374 formas
500 3326 538 3374 ac
559 3309 689 3393 regulas
711 3307 918 3393 praescribere
936 3309 979 3374 ad
1005 3319 1092 3374 recte
1116 3323 1228 3391 proce-

99 3413 251 3478 dendum
269 3412 303 3479 in
327 3413 443 3497 quavis
469 3415 614 3493 materia,
636 3434 703 3482 non
727 3423 837 3500 potest
857 3414 953 3484 bonae
980 3412 1226 3498 consequentiae

100 3519 206 3623 leges,
226 3538 302 3603 quae
319 3527 448 3626 tantum
467 3523 586 3590 habere
607 3523 729 3590 debent
752 3541 851 3590 usum
875 3523 909 3590 in
929 3522 1072 3590 veritatis
1090 3518 1228 3605 inquisi-

97 3621 207 3687 trone,
227 3619 403 3694 praetenre.

239 3843 502 3938 §ll-Renoua
522 3863 700 3916 oenennces
717 3863 812 3916 eone
828 3862 1091 3924 consequentum.

150 4064 229 4130 ¹44·
275 4051 406 4130 Regula
438 4055 484 4114 r:
528 4044 566 4112 ln
596 4046 677 4113 bona
703 4044 937 4132 consequente,
968 4045 1008 4112 ab
1034 4043 1228 4111 antecedente

79 4154 455 4243 -sean'tnrconsequens,
474 4152 512 4220 id
528 4156 577 4219 est
592 4153 633 4219 ab
654 4153 859 4237 affinnatione
876 4154 928 4218 uel
946 4153 1098 4238 positione
1110 4155 1230 4218 antece-

96 4262 208 4334 dentis
224 4262 306 4328 recte
328 4260 510 4346 proceditur
524 4263 570 4326 ad
584 4259 821 4344 affinitafienem
846 4277 903 4328 sen
914 4260 1097 4345 postlimen
1124 4277 1230 4326 conse·

96 4371 242 4458 munds:
260 4387 325 4435 non
342 4387 416 4434 vero
430 4367 498 4434 nice
510 4386 613 4436 uerso

1278 4099 1363 4159 maula
1376 4109 1407 4147 ¹·¹

168 4586 285 4660 Prinna
296 4590 377 4668 pars
394 4591 485 4669 patet
501 4601 544 4652 ex
562 4592 678 4651 natura
692 4583 947 4669 consequentiae,
967 4583 1061 4674 cujus
1079 4581 1113 4650 ln
1125 4601 1165 4652 eo
1180 4590 1231 4650 est

98 4693 241 4786 praecise
270 4691 342 4769 vis,
362 4699 400 4758 ut
417 4709 494 4760 curn
522 4692 738 4760 antecedente
770 4710 976 4775 consequens
1006 4699 1229 4774 connectatur3

1115 4823 1154 4878 20
