3492 5525
309 481 399 563 5111.
421 480 657 545 Pnicosonrnc
677 498 777 545 oarco
797 498 840 545 ετ
860 497 1076 545 naocnassus
1181 495 1217 563 57

134 663 297 742 membra,
327 665 360 730 in
385 660 491 731 unum
512 664 658 731 Thomas
680 665 813 749 collegit
836 673 869 730 et
886 663 1149 749 coagmentavit,
1175 660 1257 727 miro
1354 698 1358 705 ·

133 773 249 839 ordine
270 772 418 858 digessit,
439 783 471 839 et
487 772 614 857 magnis
630 772 841 839 incrementis
856 772 899 837 ita
913 772 1063 847 adauxit,
1081 780 1118 836 ut
1138 770 1259 835 Catho-

134 882 205 946 licae
231 879 378 947 Ecclesiae
402 861 573 967 singulare*
591 880 777 963 presidium
793 889 827 945 et
847 881 966 955 decus,
983 881 1057 965 jure
1076 877 1259 960 meritoque

133 986 306 1056 habeatur.
328 989 382 1053 llle
394 988 529 1071 quidem
553 987 686 1073 ingenio
702 986 814 1053 docilis
830 997 862 1053 et
878 1006 967 1063 acer,
992 986 1150 1052 memoria
1162 984 1261 1051 facilis

133 1105 169 1160 et
191 1108 304 1171 tenax,
330 1095 405 1161 vitae
428 1093 671 1181 integerrimus,
703 1094 847 1161 veritatis
870 1094 967 1161 unice
988 1103 1131 1176 amator,
1151 1091 1267 1159 divina-

133 1205 350 1286 bumanaque
377 1202 513 1269 scientia
530 1202 701 1288 praedives.
729 1200 795 1268 Soli
809 1210 1038 1287 comparatus,
1063 1202 1177 1265 orbem
1198 1208 1263 1266 ter·

134 1326 246 1376 rarum
258 1312 364 1377 calore
377 1311 537 1377 virtutum
551 1310 649 1388 fovit,
667 1318 700 1375 et
714 1310 869 1375 doctrinae
881 1310 1054 1394 splendore
1068 1307 1260 1392 complevit.

131 1418 230 1484 Nulla
246 1430 296 1485 est
321 1417 537 1509 Philosophiae
560 1436 649 1501 pars,
673 1436 774 1501 quam
793 1435 859 1483 non
874 1426 970 1483 acute
985 1415 1088 1483 simul
1103 1428 1136 1481 et
1160 1414 1263 1481 solide
1314 1468 1318 1477 .

133 1524 357 1610 pertractarit:
387 1526 427 1591 de
459 1521 837 1610 legibusratiocinandi,
858 1524 899 1589 de
923 1524 1039 1590 Decet
1066 1520 1265 1608 incorporeis

133 1632 346 1710 substantiis,
366 1634 407 1699 de
421 1625 556 1699 homine
569 1634 704 1715 aliisque
717 1632 924 1700 sensibilibus
936 1632 1050 1709 rebus,
1062 1631 1103 1696 de
1113 1630 1266 1696 humanis
1316 1719 1318 1722 Ι

132 1741 263 1807 actibus
282 1758 465 1824 eorumque
481 1739 646 1825 principiis
663 1738 707 1807 ita
721 1741 917 1825 disputavit,
934 1740 1019 1807 utin
1035 1758 1075 1804 eo
1092 1756 1199 1822 neque
1211 1755 1266 1802 co·

133 1849 227 1932 piosa
254 1847 476 1931 quaestionum
519 1867 633 1933 seges,
668 1866 775 1932 neque
806 1858 881 1933 apta
911 1846 1052 1932 partium
1072 1843 1264 1938 dispositio,

134 1974 246 2037 neque
256 1956 382 2040 optima
394 1956 591 2039 procedendi
601 1954 694 2031 ratio,
707 1973 815 2040 neque
824 1953 1200 2039 principiorumfirmitas
1209 1962 1266 2017 aut

132 2070 408 2147 argumentorum
427 2062 539 2138 robur,
558 2080 666 2145 neque
680 2062 809 2127 dicendi
823 2063 1037 2147 perspicuitas
1050 2069 1107 2126 aut
1122 2059 1266 2144 proprie-

132 2180 198 2247 tas,
216 2188 324 2253 neque
337 2169 483 2235 abstrusa
501 2187 643 2252 quaeque
662 2168 844 2253 explicandi
860 2168 1010 2245 facilitas,
1027 2168 1262 2235 desiderentur.

203 2276 283 2342 lllud
304 2277 401 2342 etiam
423 2275 559 2363 accedit,
574 2278 663 2358 quod
686 2275 928 2361 philosophicas
950 2274 1178 2342 conclusiones
1192 2275 1264 2339 An-

131 2385 261 2469 gelicus
280 2380 401 2450 Doctor
414 2384 602 2467 speculatus
618 2384 708 2449 estin
723 2401 832 2449 rerum
849 2383 1028 2450 rationibus
1041 2394 1074 2449 et
1087 2381 1262 2467 principiis,
1380 2471 1383 2475 A

132 2511 211 2575 quae
221 2510 323 2574 quam
335 2491 489 2557 latissime
500 2499 625 2575 patent,
641 2501 674 2556 et
689 2490 889 2557 infinitarum
900 2492 966 2557 fere
978 2490 1152 2558 veritatum
1166 2490 1264 2555 semi·

133 2618 176 2665 na
203 2618 266 2665 suo
291 2600 381 2665 velut
410 2598 537 2683 gremio
557 2599 810 2674 concludunt‚a
835 2596 1068 2683 posterioribus
1100 2595 1263 2682 magistris

131 2716 324 2792 opportuno
340 2717 490 2791 ternpore
501 2714 534 2770 et
548 2706 713 2772 uberrimo
726 2724 804 2773 cum
826 2706 933 2772 fructu
947 2703 1131 2791 aperienda.
1152 2702 1262 2781 Quam
1322 2760 1327 2770 .

132 2812 386 2899 philosophandi
414 2814 573 2879 rationem
602 2832 678 2878 cum
703 2815 736 2879 in
761 2813 923 2879 erroribus
946 2813 1124 2879 refutandis
1145 2813 1263 2897 pariter

130 2920 337 2997 adhibuerit,
357 2921 466 2986 illuda
485 2939 520 2986 se
539 2921 618 3004 ipso,
628 2921 832 3006 impetravit,
851 2929 888 2985 ut
908 2929 941 2985 et
956 2920 1161 3005 superiorum
1179 2930 1263 2985 tem-

132 3048 255 3114 porum
283 3046 408 3094 errores
433 3046 551 3093 omnes
575 3046 661 3093 unus
680 3027 864 3104 debellarit,
893 3036 925 3092 et
957 3028 997 3091 ad
1027 3026 1259 3111 profligandos

131 3139 190 3220 qui
205 3148 363 3222 perpetua
378 3136 448 3200 vice
462 3134 494 3200 in
512 3143 680 3218 posterum
696 3134 851 3200 exorituri
866 3146 960 3210 sunt,
984 3152 1074 3200 arma
1090 3133 1262 3200 invictissi-

131 3264 187 3310 ma
201 3242 428 3328 suppeditarit.
444 3241 598 3308 Praeterea
614 3241 786 3318 rationem,
802 3250 852 3319 ut,
865 3261 930 3327 par=
936 3251 998 3318 est,
1012 3241 1104 3307 abde
1113 3239 1262 3326 apprime

130 3351 357 3436 distinguens,
389 3359 564 3432 utramque
586 3358 699 3414 tamen
722 3350 826 3415 amice
854 3348 1067 3426 consocians,
1090 3349 1272 3432 utriusque·

128 3471 206 3526 turn
219 3459 293 3544 jura
314 3457 541 3531 conservavit,
557 3464 629 3522 tum
645 3455 794 3541 dignitati
807 3455 990 3538 consuluit;
1010 3456 1054 3522 ita
1067 3457 1202 3540 quidem
1224 3468 1260 3525 ut

131 3568 215 3633 ratio
229 3565 272 3631 ad
284 3565 470 3632 humanum
486 3564 654 3648 fastigium
670 3562 808 3629 Tbomae
823 3565 941 3648 pennis
955 3574 1085 3642 evecta,
1102 3565 1171 3648 jam
1195 3567 1259 3630 fere

130 3684 278 3756 nequeat
292 3670 467 3738 sublimius
480 3689 670 3756 assurgere;
688 3691 796 3755 neque
811 3671 893 3738 fides
908 3691 925 3736 a
941 3671 1064 3737 ratione
1077 3672 1142 3737 fere
1159 3674 1259 3756 possit

132 3784 225 3866 plura
240 3789 298 3844 aut
318 3777 472 3844 validiora
497 3779 689 3863 adjumenta
706 3779 902 3862 praestolari,
919 3798 1018 3862 quam
1034 3797 1110 3863 quae
1126 3782 1194 3865 jam
1210 3788 1258 3846 est

131 3908 191 3975 per
206 3887 374 3966 Thomam
390 3893 596 3952 consecuta»
609 3881 673 3973 (1).

200 3996 377 4060 lnnumera
400 3991 530 4077 scripsit
557 3991 667 4077 Opera
693 3991 814 4059 Doctor
840 3992 1033 4078 Angelicus,
1063 3994 1095 4059 in
1123 3994 1256 4078 quibus,

128 4115 167 4171 ut
183 4099 381 4168 omittamus
397 4099 627 4166 Commentaria
649 4099 683 4163 in
697 4099 732 4166 S.
753 4099 963 4182 Scripturam,
991 4101 1152 4186 praecipua
1166 4106 1256 4168 sunt:

128 4213 264 4279 Summa
285 4207 466 4291 theologica
484 4205 602 4292 (divisa
620 4206 653 4273 in
674 4215 740 4275 tres
762 4220 884 4292 partes,
905 4226 1046 4290 quarum
1058 4209 1202 4276 secunda
1225 4207 1257 4275 in

128 4321 214 4385 duas
229 4315 308 4382 alias
318 4313 525 4400 dispescitur;
539 4313 683 4394 tertiam,
696 4326 800 4382 morte
811 4316 985 4381 immatura
1001 4325 1190 4401 prereptus,
1202 4317 1259 4382 ab

128 4429 262 4493 solvere
278 4441 346 4488 non
363 4424 485 4507 potuit;
502 4423 640 4508 singulae
650 4440 727 4488 vero
741 4424 811 4489 istae
827 4433 933 4508 partes
946 4424 1091 4508 pluribus
1106 4432 1258 4491 constant

163 4678 208 4741 (ι)
250 4670 375 4730 SSmus.
402 4669 547 4730 Dominus
575 4670 633 4729 Leo
656 4669 722 4729 xlll
737 4670 767 4728 in
791 4670 840 4730 cit.
866 4670 958 4744 Epist.
973 4671 1116 4746 Encyclic.
1138 4674 1258 4732 AEterni

127 4763 245 4824 Patris.
688 4779 693 4788 ·
