3492 5525
294 508 413 575 Aarrc.
431 528 490 593 3.„,
504 510 555 575 Da
569 526 717 575 assensu
735 528 895 579 escures.
914 525 956 577 cr
970 528 1132 590 corrosus.
1164 508 1223 592 823

141 701 208 766 est,
228 692 318 775 quod
337 710 404 757 non
424 692 511 777 posit
525 691 606 758 iliud
621 692 763 776 pendere
781 691 823 757 ab
841 692 905 758 alio
919 694 1029 769 clavo,
1046 693 1099 759 vel
1114 712 1133 759 a
1148 713 1262 782 manu.

140 798 248 876 Quare
267 799 406 885 objectio
426 800 503 867 nihil
526 800 642 885 probat
658 796 771 866 contra
790 808 947 869 statutam
967 802 1165 869 doctrinam.
1186 803 1265 871 Cer-

139 917 211 975 tum
231 908 320 975 enim
338 914 390 975 est
406 908 653 974 conclusionem
677 906 710 974 in
734 906 826 974 omni
845 908 913 976 veri
933 908 1077 977 nominis
1097 909 1264 977 ratiocinio

140 1016 282 1101 pendere
311 1015 421 1099 aliquo
441 1014 541 1082 modo
561 1034 579 1080 a
598 1014 794 1099 praemissis;
814 1018 905 1099 quod
923 1034 1002 1083 vero
1021 1018 1161 1101 pendeat
1178 1025 1264 1085 tam

139 1141 238 1207 quarn
263 1144 281 1189 a
304 1142 401 1190 causa
419 1121 593 1199 efficiente,
609 1122 706 1199 satis,
727 1122 842 1199 credo,
864 1123 1072 1207 probabiliter
1088 1124 1264 1192 confirma·

139 1241 211 1298 tum
231 1238 294 1297 est.
316 1231 355 1297 Et
373 1232 442 1297 haec
460 1229 628 1298 sufficiunt
646 1231 688 1296 ad
703 1230 970 1317 respondendum
984 1232 1172 1317 objectioni,
1186 1232 1262 1301 data

138 1337 314 1425 hypothesi
340 1338 391 1404 illa
417 1338 654 1413 conclusionis,
678 1356 753 1421 quae
781 1356 822 1404 ex
845 1340 915 1405 sola
939 1338 1162 1407 recordatione
1179 1341 1259 1405 olim

137 1447 344 1532 cognitarum
369 1438 612 1531 praemissarum
640 1453 798 1530 ponatur,
819 1446 860 1512 de
879 1445 997 1528 quoin
1016 1446 1167 1530 sequenti
1185 1448 1262 1515 arti·

136 1557 211 1621 culo
229 1554 351 1639 aliquid
365 1556 483 1621 iterum
503 1553 680 1620 dicendum
700 1562 764 1621 est.

203 1670 287 1746 Arg.
309 1672 385 1747 7:¹⁰¹
404 1663 437 1727 ln
455 1664 515 1728 hac
533 1660 837 1747 argumentatione:
855 1660 956 1729 Omne
967 1661 1090 1729 animai
1105 1662 1261 1729 rationale

135 1775 184 1835 cst
200 1770 299 1839 bomo.
316 1772 398 1854 Ergo
415 1768 559 1835 Christus
575 1773 623 1835 est
638 1769 746 1853 homa·
764 1768 931 1836 conclusio
957 1787 1023 1835 non
1042 1777 1194 1838 causatur
1217 1770 1258 1835 ab

136 1878 364 1953 antecedente,
385 1877 548 1962 siquidem
568 1887 618 1943 est
633 1875 812 1960 propositio
824 1877 866 1942 de
884 1875 976 1952 Fide,
997 1896 1034 1942 ac
1053 1875 1188 1961 proinde
1202 1896 1260 1944 ve-

138 1984 213 2051 ritas
232 1984 505 2069 supernaturalis,
526 1984 769 2067 supernaturale
793 1992 905 2050 autem
930 1983 1053 2051 causari
1083 1985 1258 2051 anaturali
1315 2039 1318 2047 .

138 2112 203 2159 non
219 2102 341 2176 potest.
362 2092 445 2177 Ergo
462 2110 575 2157 verum
592 2110 658 2158 non
678 2100 744 2167 est,
769 2091 886 2157 saltem
907 2089 1146 2167 universaliter,
1167 2093 1257 2176 quod

134 2200 309 2284 praemissae
328 2206 521 2266 concurrant
538 2199 580 2264 ad
593 2199 838 2279 conclusionem
854 2194 919 2285 (1).

199 2314 304 2391 Resp.
330 2305 504 2373 Conclusio
528 2306 580 2372 illa
599 2305 715 2388 objecti
734 2306 991 2392 enthymematis
1015 2306 1048 2371 in
1067 2322 1103 2372 se
1121 2304 1255 2388 quidem

133 2425 183 2481 est
202 2418 320 2481 veritas
339 2414 379 2479 de
398 2414 485 2479 Fide.
507 2412 538 2478 Si
565 2419 675 2478 autem
695 2400 878 2478 affirmetur
900 2424 1033 2497 propter
1054 2411 1122 2478 vim
1141 2411 1257 2479 illatio-

135 2524 200 2597 nis,
221 2520 348 2588 desinet
367 2524 437 2607 jam
458 2540 530 2611 esse
547 2530 703 2605 assensus
723 2518 825 2595 Fidei,
847 2530 880 2587 et
904 2519 963 2588 erit
981 2520 1153 2587 dumtaxat
1176 2536 1256 2587 con-

132 2630 233 2697 clusio
248 2616 442 2723 theologica.
464 2628 586 2695 Verum
603 2629 671 2727 haec
690 2628 730 2692 ad
749 2626 936 2713 Theologos
955 2636 1114 2713 spectant.

499 2891 800 2969 ARTICULUS
823 2893 889 2968 III.

134 3065 299 3129 Utrum
315 3064 665 3146 pnaemissarum
680 3077 901 3126 assensus
913 3062 1111 3126 existere
1119 3061 1255 3128 debet

175 3191 313 3256 simul
332 3196 540 3272 tempore
552 3203 661 3262 oum
675 3203 871 3252 &sensu
890 3186 1208 3252 conclusionis.

175 3407 252 3471 218.
281 3403 393 3470 'Extra
421 3401 558 3470 dubium
585 3410 651 3476 est,
673 3419 845 3467 assensum
871 3401 1002 3486 Maioris
1020 3401 1152 3479 adesse,
1176 3421 1252 3468 cum

130 3513 278 3578 nondum
303 3513 395 3579 adest
415 3529 569 3577 assensus
588 3507 822 3586 conclusionis
850 3509 927 3591 quia
947 3523 1067 3594 nempe
1097 3510 1186 3594 prius
1204 3511 1254 3577 in·

128 3621 278 3688 tellectus
298 3619 389 3704 ponit
409 3619 563 3704 Maiorem
583 3615 858 3701 propositionem,
888 3632 924 3681 ac
950 3626 1063 3701 postea
1090 3616 1251 3684 Minorem

129 3736 161 3792 et
179 3725 436 3792 conclusionem.
457 3724 561 3791 Simili
581 3725 679 3790 etiam
700 3722 801 3788 modo
820 3724 847 3789 si
867 3741 962 3793 mens
985 3743 1003 3789 a
1022 3723 1139 3790 Minori
1157 3743 1253 3792 exor-

128 3834 215 3901 ditur
232 3851 331 3900 suum
356 3834 560 3924 discursum,
591 3839 718 3897 certum
747 3839 798 3896 est
826 3831 961 3898 Minoris
984 3848 1155 3899 assensum
1182 3833 1250 3900 dari

128 3951 202 4008 ante
222 3959 393 4008 assensum
414 3939 645 4007 conclusionis.

195 4049 261 4116 Sed
279 4049 416 4132 quaestio
435 4057 502 4125 est,
523 4057 634 4114 utrum
653 4063 807 4114 assensus
827 4046 957 4132 Maioris
976 4057 1010 4114 et
1036 4047 1170 4117 Minoris
1194 4050 1251 4116 de-

128 4159 235 4224 sinant
255 4167 329 4222 actu
348 4157 486 4223 existere
504 4154 538 4222 in
568 4154 751 4229 intellectu,
781 4155 914 4238 quando
942 4157 1073 4240 ponitur
1096 4175 1250 4225 assensus

127 4265 364 4340 conclusionis,
389 4282 429 4328 an
454 4281 531 4329 vero
551 4279 705 4328 assensus
724 4263 986 4346 praemissarum,
1003 4273 1183 4350 utcumque
1201 4266 1250 4332 in·

127 4371 271 4456 ceperint
290 4372 395 4456 priuS,
416 4371 556 4437 debeant
574 4368 672 4436 etiam
692 4370 817 4437 tamdiu
833 4371 1023 4455 perdurare,
1043 4373 1147 4440 donec
1166 4373 1249 4442 adsit

127 4498 281 4546 assensus
297 4478 531 4554 conclusionis,
553 4479 604 4544 vel
624 4475 650 4542 si
670 4476 840 4562 interrupti
859 4486 955 4555 sunt,
984 4479 1126 4548 debeant
1143 4481 1256 4566 iterari¹

126 4587 168 4652 ad
187 4579 266 4664 ho'c,
288 4594 324 4652 ut
343 4604 439 4653 mens
458 4583 606 4658 assentiri
624 4584 962 4671 conclusioni-possit.

162 4823 203 4885 (r)
239 4816 325 4889 Apud
341 4816 510 4886 Mestrium,
524 4816 577 4874 loc.
590 4813 640 4879 cit.
657 4834 686 4872 n.
701 4834 746 4873 aa.
