3492 5525
263 489 379 556 Anrrc.
396 506 458 575 4¹¹⁸
470 491 522 555 An
536 510 667 557 nontam
681 510 726 559 os
747 511 853 559 nourr.
871 512 1015 573 conseo.
1032 514 1105 562 erc.
1148 494 1208 580 837

122 676 198 743 lata.
234 674 321 741 Cum
349 674 558 759 potissimum
591 675 625 742 in
652 695 729 744 casu
758 686 871 745 nostro
901 680 1062 765 praecedat
1088 680 1247 765 judicium

120 782 321 865 aequivalens
349 782 501 867 explicito
526 784 609 849 circa
636 784 863 851 necessitatem
892 786 1087 872 obiectivam
1114 788 1247 854 conclu·

118 888 238 963 sionis,
259 900 292 955 et
311 888 389 955 nibil
408 888 514 957 simile
532 892 691 976 procedat
710 892 743 958 in
770 910 848 959 casu
867 894 1035 961 electionis
1061 891 1244 983 medii(1).

88 1004 92 1011 '
164 1002 274 1079 Objic.
295 1002 343 1075 5,.ο
370 996 467 1063 'Voci
492 1016 567 1081 ergo
591 998 624 1065 ln
649 998 859 1069 conclusione
888 1001 1005 1085 positae
1029 1000 1137 1085 aliqua
1159 1010 1246 1068 certe

120 1104 296 1187 respondet
311 1102 466 1189 cognitio.
488 1103 589 1189 Atqui
609 1124 675 1171 non
701 1106 845 1191 cognitio
871 1116 1109 1193 repraesentans
1129 1108 1247 1176 verita-

118 1218 187 1275 tem
203 1210 342 1287 illatam,
359 1230 432 1277 earn
447 1212 535 1277 enim
551 1211 683 1296 reliquae
698 1232 796 1283 voces
811 1214 1033 1283 conclusionis
1044 1214 1243 1301 significant.

119 1318 204 1402 Ergo
221 1316 364 1403 cognitio
383 1326 620 1403 repraesentans
637 1319 823 1396 illationem
834 1338 894 1388 seu
911 1322 1196 1406 oonsequentiam.

187 1432 307 1509 keep,
329 1425 426 1493 «voci
441 1444 514 1510 ergo
528 1427 560 1493 in
575 1427 786 1494 conclusione
801 1428 915 1513 positae
929 1431 1126 1515 respondere
1138 1429 1247 1515 cogni-

118 1532 241 1601 tionem.
251 1532 421 1609 illativum,
442 1552 509 1599 non
522 1534 730 1619 cognitionem
746 1534 788 1600 de
806 1535 948 1603 illatione
965 1534 1098 1624 (saltem
1117 1536 1246 1621 explici·

117 1647 240 1734 tamet
253 1640 497 1725 judicativam);
517 1641 738 1726 cognitionem
758 1650 869 1709 autem
889 1642 1062 1719 illativam,
1083 1642 1162 1711 satis
1180 1654 1242 1721 est,

118 1749 208 1831 quod
227 1749 411 1831 precedant
431 1747 634 1832 praemissa»
654 1745 719 1837 (a).

163 1860 271 1937 objic.
289 1861 339 1922 62⁰
384 1854 475 1939 Saepe
493 1856 657 1921 concessis
677 1854 871 1939 praemissis,
891 1857 962 1923 sola
975 1865 1114 1942 negatur
1127 1876 1243 1925 conse·

118 1963 266 2045 quentia,
290 1981 354 2028 non
375 1982 452 2029 vero
465 1980 685 2047 consequens.
700 1962 764 2031 Sed
783 1964 844 2031 nisi
859 1964 982 2031 dicatur
999 1964 1034 2030 ln
1048 1964 1098 2032 his
1112 1965 1243 2036 casibus

120 2070 229 2155 negari
246 2070 401 2155 judicium
421 2071 462 2137 de
481 2070 626 2135 bonitate
644 2070 904 2153 consequentiae,
934 2072 1049 2155 nequit
1075 2072 1240 2157 explicari,

119 2177 197 2260 quid
223 2185 372 2263 negetur.
400 2178 482 2261 Ergo
509 2188 646 2263 negatur
675 2178 863 2263 hujusmodi
885 2178 1058 2264 judicium.
1084 2179 1187 2263 Atqui
1214 2180 1242 2246 si
1312 2246 1318 2262 ,

119 2286 180 2351 hoc
201 2295 338 2371 negatur
355 2284 388 2349 in
407 2284 526 2350 talibus
545 2283 690 2361 casibus,
711 2284 808 2351 debet
827 2285 941 2353 adesse
966 2286 999 2351 in
1023 2286 1094 2353 aliis
1111 2286 1242 2353 casibus

120 2391 390 2479 syllogismorum
410 2399 495 2458 recte
513 2391 793 2459 concludentium.
816 2392 946 2478 Ergo...

184 2506 289 2582 Resp.
319 2517 390 2582 neg.
421 2498 539 2565 Minor.
566 2500 650 2565 Nam
674 2498 709 2565 in
734 2500 789 2565 tali
811 2518 889 2566 casu
914 2509 1052 2585 negatur
1076 2519 1152 2567 vera
1170 2518 1242 2567 esse
1354 2574 1358 2581 ‚

117 2605 302 2683 conclusio,
325 2624 391 2672 non
410 2607 499 2689 quod
518 2608 597 2671 lalsa
624 2608 666 2672 sit
683 2624 725 2673 ex
744 2608 870 2673 deiectu
898 2607 1039 2693 objecti,
1067 2609 1126 2675 sed
1150 2609 1241 2692 quod

118 2715 195 2780 lalsa
224 2714 265 2780 sit
294 2732 345 2807 ex.
360 2713 460 2780 modo
479 2713 652 2792 tendendi,
672 2715 729 2798 qui
748 2714 941 2800 exprimitur
967 2732 1024 2800 per
1051 2715 1240 2801 particulam

117 2841 207 2905 ergo,
239 2841 314 2907 quae
337 2821 455 2888 indicat
484 2823 569 2891 hanc
595 2821 839 2890 conclusionem
867 2841 910 2888 ex
927 2822 978 2889 his
997 2824 1174 2908 praemissis
1191 2824 1242 2890 in·

120 2928 212 3005 lerri,
233 2930 322 3012 quod
341 2930 459 2995 falsum
478 2939 540 2995 est.
562 2928 654 2995 Sicut
665 2930 751 2996 haec:
772 2933 879 3014 Aqua
896 2930 1092 3028 eslsrigida,
1106 2932 1182 3016 quio
1194 2933 1245 2997 sol

117 3040 206 3102 ortus
222 3041 284 3114 est,
305 3045 454 3121 negatur,
467 3036 541 3102 licet
558 3043 687 3102 constet
706 3037 851 3122 partibus
871 3036 971 3113 veris,
991 3038 1035 3104 ob
1050 3035 1240 3123 particulam

117 3143 192 3228 qula
211 3143 407 3210 indicantem
426 3143 663 3220 causalitatem,
684 3161 758 3228 quae
777 3144 810 3210 in
829 3161 907 3212 casu
927 3162 994 3211 non
1019 3147 1113 3213 adest
1129 3142 1194 3233 (3).

186 3257 306 3318 Dicea:
335 3253 482 3336 Negatur
499 3251 698 3334 quandoque
722 3251 958 3335 consequentia
980 3251 1051 3340 ipsa
1064 3253 1238 3338 objectiva,

117 3357 282 3425 concessis
309 3357 499 3443 praemissis.
528 3357 612 3443 Ergo
641 3377 707 3424 non
739 3367 875 3430 tantum
903 3368 1042 3445 negatur
1072 3359 1239 3427 conclusio

119 3463 242 3530 ratione
271 3465 361 3531 modi
385 3463 558 3540 tendendi,
585 3466 645 3530 sed
664 3476 802 3550 negatur
826 3465 948 3549 aliquid
966 3479 1117 3550 exparte
1135 3465 1239 3552 ipsius

118 3571 252 3657 objecti,
267 3573 357 3656 quod
376 3573 490 3656 nequit
507 3561 658 3656 explicari
676 3572 755 3656 quid
773 3571 832 3649 sit,
854 3572 914 3640 nisi
928 3573 1053 3644 dicatur
1071 3584 1144 3640 esse
1162 3592 1241 3643 con·

119 3678 289 3762 sequentia
307 3678 480 3758 objectiva.

186 3793 291 3870 Resp.
313 3797 435 3870 retorq.
454 3805 585 3871 argum.
605 3786 689 3872 Ergo
708 3787 741 3854 in
760 3787 815 3854 tali
829 3805 908 3854 casu
922 3806 989 3855 non
1004 3796 1141 3878 negatur
1152 3789 1240 3874 judi·

86 3933 93 3944 ·
117 3895 206 3960 cium
229 3895 271 3960 de
296 3894 443 3960 bonitate
468 3893 728 3978 consequentia,
754 3913 830 3961 nam
852 3895 932 3963 illud
951 3915 1018 3962 non
1035 3913 1072 3962 se
1089 3904 1183 3979 tenet
1199 3914 1243 3966 ex

121 4009 212 4084 parte
230 4001 361 4086 objecti.
394 4069 399 4078 ,

163 4115 267 4192 Reap.
290 4108 343 4174 a.⁰
390 4109 423 4174 ln
451 4107 569 4174 talibus
596 4108 724 4174 casibus
753 4110 869 4176 saltem
904 4110 1068 4196 precipue.
1101 4119 1240 4196 negatur

117 4217 352 4299 consequentia
377 4214 537 4291 formalis,
558 4223 591 4280 et
609 4213 682 4282 ideo
700 4218 785 4283 solet
802 4226 1037 4302 argumentans
1059 4228 1181 4303 petere,
1202 4230 1239 4287 ut

117 4324 310 4389 ostendatur
328 4323 388 4389 sibi
407 4323 523 4390 vitium
539 4323 737 4410 syllogismi,
753 4325 829 4407 quia
843 4325 870 4394 si
886 4326 1062 4418 praemissae
1075 4325 1142 4392 sint
1155 4344 1240 4394 verae

121 4515 374 4528 ——

154 4593 195 4656 (l)
232 4589 371 4660 Lossade,
387 4587 428 4647 ib.
443 4607 473 4647 n.
487 4587 515 4646 8.

41 4735 46 4744 .
155 4683 195 4745 (2)
232 4677 350 4748 Soarez,
366 4680 419 4738 loc.
435 4677 496 4748 cit..
508 4699 538 4736 n.
553 4695 599 4752 75,
612 4679 662 4738 Aa
673 4682 800 4740 tertium.

153 4775 196 4841 (3)
236 4769 327 4842 Mayr,
340 4768 410 4828 ibid.
427 4790 456 4826 n.
470 4786 534 4840 935.
