3492 5525
529 434 590 498 oro
643 432 771 501 Loutcn
784 430 1016 510 Maron-Lis.
1035 449 1105 511 ψ,
1120 431 1212 499 Dran.
1229 446 1275 518 4.·
1289 432 1371 499 Cae.
1387 448 1461 499 ψ

490 542 808 565 Ἣ

534 634 583 707 3.·
628 620 725 703 Item,
741 622 768 687 si
779 620 881 691 *testis
897 621 1050 703 loquatut
1063 627 1176 685 contra
1186 637 1224 685 se
1237 636 1357 685 suasve
1371 617 1547 702 opiniones
1561 626 1622 682 aut

489 736 603 795 contra
624 746 702 795 suas
721 726 893 805 utilitates,
914 726 1001 793 haud
1024 724 1137 792 leuiter
1162 744 1257 793 suam
1285 725 1499 793 commendat
1522 734 1633 791 verat

488 828 635 904 citatem.

533 952 582 1025 4.·
627 940 658 1007 Si
674 928 784 1026 plures
796 940 831 1009 in
845 939 1028 1008 narratione
1046 940 1261 1019 conveniant,
1277 940 1394 1007 saltem
1414 938 1524 1023 quoad
1537 938 1621 1005 sub-

488 1049 639 1114 stantiam
652 1050 724 1114 iacti
741 1051 793 1116 vel
807 1048 980 1125 doctrinae,
993 1048 1253 1117 non'vetacitatis
1262 1049 1372 1114 solum
1384 1096 1393 1123 ,
1404 1048 1464 1113 sed
1474 1046 1620 1113 scientiae

488 1173 623 1240 quoque
641 1158 753 1243 majus,
767 1156 878 1243 existit
897 1165 1151 1241 argumentum,
1171 1154 1295 1223 facilius
1313 1154 1437 1239 quippe
1450 1163 1618 1221 estunum

488 1263 635 1347 decipere
653 1274 709 1329 aut
727 1264 851 1349 decipi,
875 1282 975 1347 quam
996 1264 1118 1348 plures.
1139 1263 1229 1339 Dixi,
1248 1266 1360 1330 sallent
1383 1261 1624 1329 stanveniant

487 1372 590 1454 quood
601 1371 811 1439 substantiam
829 1371 903 1437 iacti
919 1372 970 1436 vel
986 1370 1155 1437 doctrinae.
1170 1353 1383 1454 Quamquam
1397 1368 1620 1437 enimdiscor-

487 1476 540 1543 dia
558 1476 590 1543 in
611 1480 789 1554 narrando,
806 1496 882 1562 quae
900 1497 936 1545 se
955 1485 1066 1544 teneat
1080 1496 1123 1543 ex
1143 1486 1232 1561 parte
1252 1478 1482 1562 adjunctorum
1501 1494 1622 1543 secun-

488 1584 670 1661 dariorum,
683 1585 814 1652 officere
830 1592 973 1669 nequeat
984 1582 1119 1651 testium
1131 1584 1295 1651 voracitati
1305 1580 1317 1666 ;‘
1327 1584 1354 1651 si
1366 1603 1444 1651 vero
1458 1582 1620 1649 discordia

487 1692 539 1757 illa
563 1692 779 1759 substantiam
794 1691 911 1777 ipsam
930 1691 1066 1769 afficiat,
1088 1692 1227 1757 narratio
1246 1691 1408 1758 minorem
1435 1692 1532 1757 habet
1561 1711 1621 1756 au-

486 1799 687 1876 ctoritatem,
705 1808 743 1865 ut-
757 1808 864 1884 patet,
881 1817 981 1882 quam
996 1800 1024 1865 si
1038 1816 1125 1867 unus
1136 1800 1296 1866 duntaxat
1308 1800 1437 1867 adesset
1448 1795 1618 1886 testis(r).

486 1903 584 1981 Quod
600 1906 626 1972 si
638 1914 741 1974 testes
757 1925 797 1971 ne
809 1906 920 1991 quoad
934 1906 1150 1973 substantiam
1163 1906 1297 1990 quidem
1309 1905 1382 1973 iacti
1396 1906 1621 1986 consentiant,

487 2013 665 2081 videndum
680 2014 760 2089 erit,
782 2032 841 2098 pro
860 2013 983 2096 quibus
1001 2022 1090 2079 stent
1106 2012 1231 2102 majora
1249 2012 1365 2081 indicia
1377 2022 1410 2079 et
1421 2023 1619 2098 argumenta

485 2120 618 2206 majoris
643 2120 898 2205 probabilitatis:
918 2120 952 2186 id
979 2122 1069 2203 quod
1089 2138 1156 2187 non
1180 2139 1252 2186 raro
1273 2120 1419 2206 judicare
1445 2120 1553 2189 licebit
1576 2140 1618 2185 ex

486 2227 663 2309 adjunctis.

533 2342 581 2421 5.⁰
627 2334 747 2401 Modus
771 2334 870 2401 etiam
896 2335 1046 2403 narrandi
1073 2342 1307 2419 argumentum
1337 2334 1520 2401 veracitatis
1543 2352 1619 2403 esse
1735 2397 1737 2402 .

484 2443 570 2509 solet
588 2442 674 2509 haud
703 2442 874 2526 ineptum;
894 2442 923 2509 si
948 2442 1102 2509 nimirum
1123 2460 1175 2509 res
1196 2440 1336 2525 simplici
1359 2442 1616 2519 alienaretur,

485 2550 555 2615 sine
569 2550 645 2615 suco
665 2549 828 2634 nimisque
843 2548 1006 2633 exquisito
1016 2548 1169 2631 artifici03
1186 2550 1237 2613 vel
1252 2548 1279 2615 si
1295 2557 1451 2616 notentur
1464 2550 1620 2633 adjuncta

484 2656 570 2722 varia
588 2664 794 2739 temporum,
816 2658 962 2722 locorum
982 2676 1018 2721 ac
1043 2674 1279 2739 personarum,
1305 2675 1380 2740 quae
1400 2663 1473 2722 tum
1494 2665 1617 2723 testem

484 2765 624 2849 probant
641 2765 741 2831 tuisse
770 2765 1235 2849 diligentem'inquisitorem,
1266 2772 1339 2830 tum
1362 2764 1461 2830 etiam
1491 2765 1618 2830 facilius

484 2881 594 2937 arcent
607 2871 766 2938 mendacii
782 2871 1022 2956 suspicionem3
1041 2891 1149 2956 neque
1172 2872 1261 2963 enim
1287 2870 1543 2940 existimandum
1564 2883 1617 2938 est

484 2981 675 3044 mendacem
697 2982 782 3046 ultro
802 2978 967 3065 porrigere
982 2980 1066 3045 velle
1080 2979 1203 3055 media,
1221 2966 1343 3064 quibus
1354 2980 1563 3045 mendacium
1576 2999 1615 3046 ac

483 3087 570 3153 fraus
589 3085 691 3170 ipsius
706 3087 815 3164 statim
836 3087 1007 3171 detegatur
1024 3083 1088 3175 (a).
1106 3085 1199 3153 Hisce
1215 3086 1418 3170 praehabitis,
1437 3085 1492 3153 sit:

533 3263 606 3330 127.
655 3248 846 3316 Proposmo
870 3255 914 3315 1.'
932 3253 1190 3314 Testimonium
1208 3253 1356 3314 aliorum
1374 3252 1411 3314 in
1431 3270 1469 3315 re
1485 3253 1617 3316 doctri-

482 3359 553 3422 nali
571 3361 628 3422 vel
646 3360 836 3438 dogmatica
853 3371 950 3438 saepe
971 3368 1085 3437 potest
1102 3360 1274 3421 motivum
1292 3360 1514 3438 suppeditare
1529 3381 1614 3439 pru-

481 3466 596 3529 dentis
613 3485 782 3529 assensus
799 3484 863 3546 pro
882 3468 1042 3540 madibus,
1059 3483 1287 3546 normamque
1305 3467 1478 3530 sentiendi
1491 3469 1615 3547 proba·
1735 3460 1737 3472 '

480 3575 605 3648 bilem;
631 3591 695 3653 pro
717 3575 826 3637 doctis
853 3583 971 3637 autem
994 3585 1029 3638 et
1055 3575 1116 3648 iis,
1142 3576 1201 3653 qui
1228 3575 1411 3637 scientiam
1434 3584 1614 3657 quaerunt,

480 3682 631 3743 internae
648 3681 800 3744 rationes
817 3681 867 3744 rei
886 3691 988 3760 atque
1001 3682 1170 3759 obiectiva
1183 3691 1389 3758 argumenta
1401 3685 1520 3746 valere
1533 3686 1615 3762 plus

479 3789 623 3862 debent,
641 3807 746 3868 quam
759 3806 889 3851 nomen
904 3797 940 3851 et
956 3790 1143 3851 auctoritas
1157 3789 1345 3852 nmrantis.

526 3951 617 4012 Nota
639 3943 691 4012 1.⁰
739 3943 841 4010 Probe
870 3945 1121 4030 intelligendum
1140 3955 1192 4010 est
1212 3945 1245 4011 in
1265 3945 1378 4029 primis
1397 3945 1534 4029 quinam
1558 3965 1614 4014 ru·

481 4051 570 4117 dium
589 4060 621 4116 et
639 4052 774 4135 quinam
800 4054 965 4118 doctorum
991 4053 1043 4117 vel
1061 4051 1249 4135 sapientium
1272 4053 1404 4120 veniant
1424 4052 1561 4120 nomine
1580 4053 1614 4120 in

481 4159 541 4224 hac
563 4159 797 4243 propositione.
821 4157 934 4225 Rudes
957 4158 1045 4225 enim
1066 4178 1134 4226 non
1152 4159 1381 4245 intelliguntur
1390 4155 1614 4231 'solummodo

482 4265 614 4350 penitus
637 4265 796 4334 illitterati
812 4267 989 4351 omnisque
1006 4266 1142 4334 scientia
1165 4266 1331 4335 destituti:
1353 4269 1412 4336 sed
1429 4269 1614 4354 generatim

517 4539 558 4601 (ι)
595 4531 657 4593 cir.
676 4533 709 4592 S.
725 4533 849 4604 Thont.¹
866 4553 893 4591 a.
909 4553 937 4592 a.
953 4553 982 4605 q.
1001 4553 1046 4608 70,
1062 4555 1090 4592 a.
1106 4533 1175 4593 aad
1190 4544 1253 4593 a.¹¹

517 4623 558 4694 (a)
595 4623 657 4683 Cir.
669 4619 840 4697 Tongiorgi,
852 4621 949 4682 instit.
964 4623 1091 4694 Psilos,
1103 4637 1175 4684 tom.
1194 4645 1218 4696 ι,
1231 4645 1261 4683 n.
1272 4625 1341 4698 641:
1351 4623 1532 4700 Liberatore,
1542 4630 1617 4690 last.
1735 4674 1737 4699 ,

480 4713 599 4774 Pteros.
615 4726 636 4774 t.
656 4735 678 4786 r,
696 4713 799 4790 Logic.
818 4733 847 4772 n.
867 4732 928 4788 194,
945 4732 1012 4788 pag.
1030 4733 1083 4788 ²40
1097 4712 1193 4788 Preti,
1211 4716 1290 4774 1881.
