3492 5525
266 503 380 572 Anric.
396 499 457 568 (ψ
470 501 665 570 Divisionies
679 520 793 580 urniQ.
808 521 915 568 rann.
927 517 1109 566 conannas
1153 516 1205 583 ¹4¹

123 689 223 754 unius
238 687 393 765 latitudo,
407 708 446 755 eo
462 687 568 755 minor
581 688 670 756 alteri
684 690 865 756 necessario
877 687 1090 771 relinquenda
1101 694 1164 752 est.
1176 685 1250 750 ideo

123 797 200 877 quia
215 796 329 861 Petrus
343 816 376 860 ν.
392 815 427 880 g.
444 796 607 862 minorem
624 798 722 863 habet
737 798 966 865 extensionem
982 813 1083 877 quarn
1094 793 1202 869 bomo,
1218 801 1252 856 et

123 903 212 967 honio
233 921 333 987 quani
355 903 496 984 aninml;
515 923 577 968 non
592 906 705 971 Perna
726 906 767 970 de
786 904 935 989 pluribus
953 899 1117 986 predicari
1141 907 1252 985 potest

124 1027 227 1091 quain
242 1029 306 1074 non
320 1010 425 1087 homo,
439 1019 471 1074 et
485 1029 549 1076 nan
563 1011 668 1088 homo,
682 1031 782 1094 quani
796 1031 859 1077 non
872 1010 1007 1076 animal.

192 1114 315 1183 Exinde
344 1125 449 1201 patet,
480 1137 580 1201 quani
600 1119 727 1184 diversa
751 1120 792 1185 sit
819 1119 869 1185 vis
891 1116 1057 1201 particulae
1077 1111 1252 1198 negativae,
1328 1129 1409 1187 ‚sio

124 1234 224 1308 proiit
244 1226 295 1288 vel
322 1226 411 1290 solos
430 1227 589 1291 terminos
613 1225 844 1310 propositionis
867 1223 1005 1300 afficiat,
1027 1224 1077 1287 vei
1106 1220 1253 1305 ejusdem
1268 1202 1469 1328 „iffi”

124 1332 296 1416 copulam.
319 1331 405 1397 Cum
425 1333 512 1397 enim
533 1333 694 1400 terminos
718 1331 833 1410 afficit,
855 1331 989 1397 eosdem
1009 1329 1150 1395 infinitat
1170 1336 1203 1390 et
1221 1326 1253 1391 in
1269 1291 1457 1393 lateranensii:

125 1439 206 1504 aiios
241 1438 378 1523 proinde
402 1449 606 1522 commutat3
627 1441 653 1505 si
679 1459 756 1506 vero
779 1439 932 1524 copulam
960 1436 1077 1512 afficit,
1097 1433 1256 1502 terminos
1297 1418 1443 1534 '‘¹¹:¹23‘'

125 1545 263 1611 mininie
287 1545 318 1610 in
343 1534 457 1630 seipsis
484 1546 599 1624 afficit,
621 1541 680 1613 sed
699 1547 820 1612 indicat
843 1543 1057 1613 solummodo
1090 1561 1147 1608 eos
1173 1541 1257 1608 inter
1283 1560 1456 1616 tetimonium

125 1671 161 1718 se
199 1653 392 1737 discrepare.
428 1653 472 1718 ita
501 1655 533 1718 in
567 1656 627 1719 hac
655 1654 891 1739 propositione:
922 1655 996 1721 Non
1014 1651 1101 1716 homo
1131 1649 1255 1713 brutum
1301 1629 1424 1678 '⁰ffi⁰³⁰¹²'³⁸

124 1765 187 1837 est,
210 1760 237 1825 si
259 1760 416 1845 particula
437 1762 587 1846 negativa
608 1781 674 1827 non
697 1762 783 1828 aliud
808 1769 959 1847 praestet,
980 1777 1079 1842 quani
1096 1756 1257 1842 infinitam

124 1865 306 1934 terminum
326 1869 430 1944 borno,
457 1868 635 1952 propositio
657 1868 851 1940 affirmativa
875 1878 941 1945 est,
968 1867 1124 1949 huncque
1152 1863 1256 1928 reddit

124 1993 277 2041 sensum:
296 1978 391 2059 Quod
403 1969 637 2063 non-esthamo,
652 1977 844 2042 brutumast.
862 1975 896 2040 Si
911 1983 1023 2040 autem
1038 1981 1088 2038 est
1101 1972 1255 2056 particula

126 2102 273 2167 negans,
287 2084 467 2169 propositio
479 2083 739 2167 aequivalethuic
749 2083 852 2150 alteri:
871 2085 1045 2148 Homonoia
1061 2079 1253 2145 estbrutum.

127 2191 216 2256 Cum
252 2192 363 2274 itaque
396 2191 556 2284 ejusmodi
591 2192 832 2275 propositiones
859 2196 1065 2286 occurrunt,·
1083 2187 1256 2272 diligenter

124 2299 283 2364 cavendae
302 2307 380 2364 sunt
396 2300 617 2384 sophistarum
644 2298 789 2376 fraudes,
815 2297 983 2381 duplicem
1007 2297 1095 2360 hunc
1118 2311 1254 2359 sensum

124 2407 268 2472 subdole
283 2406 572 2490 permiscentium,
589 2416 626 2471 ut
636 2406 786 2472 incautos
797 2402 974 2490 decipiant.

173 2531 230 2597 27.
272 2512 381 2579 Tertio
391 2511 959 2595 dividiturterminusincomplexum
969 2510 1254 2590 etincomplaxum.
1303 2527 1435 2584 compitis·

125 2621 333 2706 Complexus
346 2631 413 2698 est,
430 2622 487 2706 qui
499 2621 647 2706 pluribus
662 2631 789 2688 constat
805 2621 966 2706 partibus,
983 2616 1119 2684 seorsim
1132 2615 1257 2700 signifi-
1279 2607 1299 2643 ‘¹
1310 2600 1459 2655 ΜΡΝ·

125 2731 297 2807 cantibus,
323 2747 486 2815 suamque
505 2730 537 2795 in
552 2729 781 2814 complexione
796 2725 1072 2814 significationem
1089 2723 1257 2791 retinenti·

125 2840 206 2904 bus.
217 2837 304 2903 Talis
322 2851 371 2905 est
387 2840 456 2904 haec
475 2837 674 2921 complexio:
699 2838 797 2902 Homo
803 2838 923 2923 justus.
941 2833 1170 2917 incomplexus
1191 2839 1254 2908 est,

125 2944 186 3028 qui
202 2945 347 3029 partibus
359 2964 424 3010 non
435 2956 580 3022 constat,
597 2945 777 3029 quidquam
789 2944 927 3010 seorsim
940 2940 1212 3027 significantibus:
1225 2938 1256 3003 id

125 3053 221 3136 quod
234 3053 378 3119 bifariam
393 3054 583 3137 contingere
594 3061 722 3136 potest3
739 3052 790 3116 vei
801 3051 878 3135 quia
890 3069 1000 3116 revera
1010 3046 1171 3114 terminus
1186 3064 1257 3130 par-

124 3172 180 3226 tes
200 3161 304 3226 nullas
318 3160 431 3236 habet,
454 3179 527 3244 quae
543 3168 698 3243 separatae
714 3159 882 3243 quidpiam
898 3156 1103 3243 significent,
1115 3156 1167 3220 vei
1180 3151 1257 3239 quia

126 3270 203 3334 iicet
213 3278 342 3334 constet
357 3268 502 3351 partibus
514 3266 726 3353 hujusmodi,
745 3268 795 3331 hae
810 3275 923 3331 tamen
934 3266 985 3330 iiic
999 3273 1033 3329 et
1052 3259 1187 3330 nuncin
1201 3259 1256 3326 tali

124 3374 272 3442 termino
292 3374 369 3441 nihii
389 3374 591 3459 significant,
613 3381 650 3440 ut
667 3375 771 3450 borno,
793 3370 1254 3449 Beneventumsmmanaca.

124 3482 303 3551 Terminus
316 3484 402 3548 enini
415 3484 501 3548 horno
517 3502 581 3547 non
597 3489 727 3547 constat
752 3480 899 3565 partibus
921 3480 1104 3565 quidquam
1119 3477 1256 3544 seorsim

123 3591 406 3677 significantibus3
424 3592 497 3657 iicet
512 3602 622 3657 autent
642 3590 864 3655 Bonaaentara
884 3588 984 3655 dividi
999 3588 1102 3672 possit
1112 3586 1145 3651 in
1160 3605 1259 3653 voces

122 3702 208 3775 dona
223 3702 373 3775 ventura,
390 3707 422 3763 et
436 3698 629 3765 Salmantica
641 3696 673 3761 in
684 3697 906 3773 Salmantica,
919 3714 993 3779 quae
1005 3703 1145 3779 possunt
1158 3696 1255 3760 etiam

116 3804 267 3873 'seorsim
282 3804 481 3891 significare,
496 3814 609 3871 tamen
624 3804 694 3869 istae
709 3812 906 3888 partescum
922 3812 1043 3871 coeunt
1057 3802 1089 3867 in
1101 3820 1206 3868 unum
1217 3801 1258 3866 ad

121 3913 330 3981 conficienda
345 3913 497 3998 praedicta
510 3912 662 3989 nomina,
679 3914 746 3996 j'ani
763 3930 829 3977 non
845 3913 988 3996 amplius
1007 3911 1147 3976 retinent
1161 3928 1256 3975 suam

122 4023 195 4087 vim
212 4040 249 4086 ac
259 4020 551 4105 significationem,
573 4038 674 4103 quani
688 4019 844 4087 haberent
862 4028 1031 4103 separatae.

195 4128 279 4195 ilinc
294 4128 386 4195 vides
405 4128 445 4194 ad
465 4129 625 4195 rationem
644 4128 809 4211 complexi
829 4126 960 4192 termini
976 4123 1095 4210 requiri
1115 4132 1257 4207 quatuor
1320 4138 1420 4193 orario

119 4234 344 4305 conditiones:
363 4235 486 4322 primo,
509 4246 545 4302 ut
559 4244 688 4302 constet
704 4233 851 4319 pluribus
866 4234 1013 4318 partibus
1027 4229 1099 4320 (i),
1114 4250 1255 4316 quarum
1284 4212 1420 4256 ⁰⁰⁰³ffl⁰⁰³⁸
1430 4209 1459 4255 ²⁶

1303 4284 1441 4338 complexum

119 4346 249 4412 saitem
281 4345 389 4429 aliqua
424 4344 465 4411 sit
507 4343 668 4413 terminus
702 4341 1007 4428 categorematicus:
1043 4340 1180 4416 deinde,
1220 4348 1257 4405 ut
1290 4356 1455 4399 terminumn.

1322 4428 1417 4485 quisita.

153 4620 199 4681 (r)
241 4612 320 4671 Sunt
327 4614 425 4684 plures
435 4610 486 4682 qui
495 4623 614 4675 notarit,
626 4610 786 4667 terminum
795 4630 891 4679 nemo,
902 4608 969 4667 licet
979 4608 1140 4668 formaliter
1148 4606 1259 4665 incom-

117 4709 261 4779 plexum‚
287 4722 350 4759 esse
378 4700 570 4759 nihilominus
592 4699 758 4758 virtualiter
780 4714 809 4759 et
827 4700 1038 4771 aequivalenter
1063 4698 1257 4777 complexura,

116 4809 227 4871 utpote
243 4791 296 4863 qui
311 4810 432 4861 prorsus
444 4790 520 4850 idern
535 4805 621 4849 sonat
635 4804 725 4862 atque
738 4790 885 4851 terminus
894 4790 1009 4847 Nullus
1023 4790 1116 4848 bomo.
