3492 5525
200 443 320 507 Anrrh.
341 458 401 526 μ’
414 442 626 507 lus-Simon
643 455 869 509 suasissem
886 460 1067 506 saciacus.
1099 443 1155 524 385

88 622 184 696 nnita,
197 640 272 704 qaia
284 624 484 705 appellantem
493 623 681 707 sophismata
687 623 785 707 salsa
797 621 1031 690 conclusionum
1046 622 1194 700 rationes,

87 731 111 790 ct
120 730 298 814 paransque
313 731 360 796 ita
369 748 462 798 veras
475 730 646 806 imitantes,
666 734 704 796 ut
719 749 783 796 non
793 733 895 796 sotum
908 731 1026 807 tardos,
1041 733 1098 796 sed
1114 731 1207 816 inge·

85 834 174 900 absos
187 836 283 904 ecum
299 838 404 904 micus
415 839 584 922 diligenter
598 841 730 904 nanos
747 835 930 926 duptam(
956 835 982 926 ).

141 941 352 1011 Ratiocinatio
371 958 437 1013 non
456 955 543 1012 reeta
562 956 670 1030 potest
688 946 830 1023 institui,
846 956 879 1012 et
898 963 974 1012 cum
994 945 1070 1030 quis
1085 965 1196 1022 secum

86 1051 208 1134 cogitat,
228 1061 359 1120 etcum
382 1054 423 1119 ad
442 1037 522 1119 a'lios
545 1072 734 1120 sermonem
762 1053 889 1140 dirigit,
923 1055 984 1120 hoc
1012 1063 1123 1122 tamen
1148 1056 1197 1122 di·
1234 1083 1239 1092 ·

86 1157 233 1235 scrimine,
254 1161 346 1243 quod
361 1161 563 1248 cumoliqms
575 1180 678 1228 secum
694 1161 898 1228 considerans
909 1161 1117 1228 ratiocinatur
1134 1183 1198 1228 non
1253 1231 1255 1236 ,

87 1270 171 1342 recte,
180 1271 298 1348 prater
308 1269 721 1346 intenhoncmbocaccidit,
737 1269 813 1353 qnia
833 1271 943 1334 nullus
956 1269 1008 1334 sui
1032 1269 1132 1352 ipsius
1145 1272 1198 1336 de·
1228 1286 1242 1310 ·“
1289 1293 1299 1320 ³
1411 1285 1415 1295 “

88 1373 236 1455 cepheum
248 1376 395 1454 intendit,
421 1396 491 1442 cum
510 1380 614 1442 auum
632 1380 676 1443 ad
693 1377 794 1442 alium
807 1376 1089 1442 rotmcinaturnon
1104 1381 1196 1456 rech,

87 1481 225 1565 contingit
248 1486 436 1568 quandoque
467 1503 507 1550 ex
532 1485 701 1552 inunctione
723 1483 954 1561 ratiocinantis,
981 1504 1053 1551 cum
1078 1487 1201 1552 sedicet

87 1591 120 1653 te
133 1591 225 1656 altem
241 1591 381 1658 intendit
397 1593 639 1675 experimentum
664 1611 796 1667 sumere,
825 1594 878 1658 vei
903 1593 1065 1659 nuteriam
1090 1593 1200 1660 babere

88 1698 180 1761 adsui
193 1699 327 1782 gloriam
345 1697 410 1788 (2),
436 1700 609 1766 autetiam
628 1701 669 1764 ad
688 1700 773 1766 alios·
785 1699 869 1765 fmes
889 1700 999 1767 minus
1022 1700 1195 1768 honestos.

90 1802 121 1868 Et
136 1805 195 1871 hoc
210 1807 366 1873 ultimum
384 1820 435 1876 est
450 1806 773 1892 opus-sophistarum
792 1826 830 1873 ac
847 1807 1032 1891 sophisticae
1051 1809 1199 1902 disputa-

90 1912 185 1981 tionis.
214 1914 381 2000 Sophistae
411 1916 572 1999 siquidem
596 1914 672 1980 dicti
701 1924 780 1980 sunt
806 1914 840 1990 ii,
871 1916 928 1998 qui
957 1933 1023 1981 non
1052 1917 1198 1984 veritatis

92 2040 198 2098 amore,
216 2024 276 2089 sed
293 2023 524 2100 ostentationis,
538 2033 575 2088 ut
590 2023 700 2091 scribit
711 2021 824 2089 Cicero
838 2020 903 2110 (3),
919 2028 1111 2108 autquestus
1122 2043 1198 2110 gra-

92 2128 128 2191 tia
144 2129 463 2215 philosophabantur.
494 2130 647 2197 llodierni
675 2139 787 2196 autem
810 2131 968 2214 sophistae
993 2135 1089 2217 longe
1108 2134 1198 2200 dete-

93 2235 194 2302 riorem
211 2237 272 2304 sibi
291 2257 380 2322 saepe
398 2238 501 2304 finem
519 2250 725 2322 proponunt,
742 2248 871 2305 mentes
885 2258 1004 2322 nempe
1024 2240 1196 2306 hominum

93 2363 108 2408 a
130 2344 255 2412 veritate
281 2348 451 2412 catholicae
478 2345 634 2413 doctrinae
659 2357 821 2423 avertere,
849 2358 886 2413 ut
910 2348 1046 2431 perdant
1064 2349 1197 2414 tandem

93 2451 202 2519 animas
216 2453 293 2533 jesu
311 2453 432 2520 Christi
450 2455 608 2540 sanguine
625 2455 822 2539 redemptas,
840 2463 938 2537 atque
952 2455 984 2520 in
1004 2455 1125 2522 interos
1143 2457 1203 2526 de-.

94 2561 220 2628 trudant.
250 2563 307 2630 Est
334 2581 414 2647 ergo
440 2561 618 2646 sophistica
646 2581 807 2648 apparens
831 2582 868 2627 ac
902 2565 1007 2628 fucata
1040 2562 1199 2648 sapientia
1289 2611 1293 2618 -

96 2671 287 2754 proceditque
301 2690 342 2736 ex
361 2669 416 2745 iis,
437 2689 513 2752 quae
527 2689 603 2735 vera
617 2670 770 2736 videntur
781 2679 838 2735 aut
852 2670 1042 2754 probabilia,
1058 2673 1117 2736 sed
1132 2690 1197 2737 non

95 2787 170 2843 sunt.
186 2778 434 2863 Argumentatio
453 2778 554 2854 enim,
565 2796 642 2862 quae
655 2787 765 2861 aperte
774 2780 852 2844 falsa
865 2778 1017 2855 assumit,
1033 2788 1088 2845 aut
1097 2782 1204 2847 mani·

96 2885 166 2947 lesto
183 2887 293 2951 iormae
312 2884 392 2951 vitio
412 2885 551 2962 laborat,
572 2886 700 2970 proprie
719 2886 887 2969 sophisma
912 2896 1069 2964 nonest,
1091 2907 1198 2971 neque

96 2993 176 3057 lallax
193 3004 241 3060 est
259 2994 351 3069 illud,
372 2994 544 3076 quod-non
560 2993 656 3059 habet
671 2992 813 3061 veritatis
827 2994 989 3079 speciem,
1005 2996 1064 3062 sed
1079 2992 1196 3061 tarsum

98 3116 156 3165 esse
168 3101 274 3167 statim
292 3102 515 3186 cognoscitur.
576 3123 579 3129 ’

152 3210 279 3276 Fallacia
295 3227 375 3294 ergo
401 3211 454 3275 vel
473 3208 640 3294 sophisma
659 3209 786 3276 deliniri
809 3220 935 3294 potest,
958 3211 1274 3297 argumentatio-Quid
1288 3215 1415 3301 talheim!

96 3332 158 3397 quae
183 3316 325 3399 procedit
350 3336 392 3383 ex
418 3316 663 3401 apparentibus,
695 3327 728 3383 et
745 3317 808 3382 sub
835 3318 903 3384 veri
928 3320 1035 3403 specie
1060 3318 1201 3386 absurde
1252 3290 1374 3346 '‘mm''

97 3424 253 3489 concludit.
286 3426 334 3490 Ac
364 3424 485 3507 duplex
510 3442 582 3491 esse
613 3433 720 3509 potest
747 3423 915 3509 sophisma
944 3446 985 3492 ex
1019 3427 1201 3493 Aristotelis

97 3532 223 3597 doctrina
232 3528 297 3620 (4):
311 3534 451 3598 alterum
462 3534 551 3616 quod
560 3542 671 3617 peccat
684 3532 807 3598 ratione
820 3532 981 3609 materiae,
995 3534 1070 3617 quia
1081 3554 1200 3620 nempe

98 3642 219 3707 assumit
235 3640 423 3724 praemissas
440 3659 498 3706 seu
517 3639 672 3725 principia
690 3642 787 3717 talsa,
817 3641 892 3708 licet
921 3642 1025 3726 possit
1044 3652 1130 3709 recta
1153 3643 1207 3708 uti-

99 3749 201 3829 lorma;
227 3748 367 3816 alterum
388 3759 498 3833 peccat
526 3749 648 3814 ratione
676 3751 806 3825 tormae,
827 3751 904 3832 quia
922 3750 996 3815 licet
1014 3769 1091 3816 vera
1118 3751 1207 3816 torte

98 3865 243 3933 assumat,
264 3864 376 3922 tamen
394 3857 521 3921 occulto
536 3855 644 3939 aliquo
663 3855 742 3922 vitio
768 3868 880 3924 contra
908 3858 997 3942 leges
1025 3866 1119 3925 rectae
1148 3874 1205 3923 ra-

98 3962 298 4030 tiocinationis
323 3972 485 4049 turpatur.
503 3963 719 4051 syllogismus
738 3982 875 4049 peccans
888 3965 922 4030 in
943 3967 1047 4030 torma
1065 3962 1131 4031 'non
1151 3974 1205 4037 est

99 4089 162 4136 vere
174 4071 398 4158 syllogismus,
410 4070 548 4155 ideoque
563 4082 698 4139 vocatur
710 4074 838 4158 proprie
846 4074 1093 4158 paralogismus,
1108 4072 1206 4157 quasi
1233 4094 1402 4153 messanen..

100 4180 183 4244 tusus
200 4180 432 4267 syllogismus3
452 4181 604 4263 quamvis
623 4200 744 4249 nomen
765 4181 971 4266 paralogismi
999 4183 1102 4248 soleat
1119 4198 1204 4265 quo·

128 4380 163 4441 (ι)
196 4374 228 4434 S.
243 4379 371 4449 August.
387 4376 431 4434 Dc
444 4376 544 4433 Doctr.
562 4374 678 4442 christ„
694 4375 744 4436 lib.
758 4395 786 4445 2,
800 4396 863 4448 cap.
881 4396 925 4449 31,
942 4396 970 4435 n.
985 4378 1031 4449 48.

128 4464 164 4537 (a)
197 4464 229 4525 S.
244 4464 351 4524 Thom.
366 4464 507 4538 inopum.
519 4464 724 4534 Metlarius,
740 4464 831 4525 initio.

129 4558 165 4627 (3)
196 4557 344 4624 Academn
361 4554 413 4614 lib.
428 4575 457 4626 a,
470 4576 534 4627 cap.
546 4575 591 4627 32.
604 4553 681 4613 Vide
693 4554 782 4614 etiam
794 4556 928 4651 hristot„
939 4556 1164 4629 Elenehor.,lib.
1178 4580 1200 4628 r,

103 4663 356 4809 calliilwlhristdib,
375 4691 737 4808 ulitonchom,elapsio,⁴
772 4791 776 4801 ,
849 4701 852 4707 ¹
921 4770 924 4779 ·

1041 4774 1097 4921 25¹

232 5064 243 5096 Ι
