3492 5525
568 423 627 489 800
681 428 1051 503 LoorcthJon-Lm.
1069 430 1400 506 2.¹¹³,D1sa.a.¹Csu.
1418 443 1489 507 ψ
1715 360 1717 515 Ι

526 627 592 692 que
611 610 739 677 illorum
759 612 945 687 relationes,
967 619 1003 676 ut
1030 611 1122 695 plane
1149 612 1356 695 pronuntiare
1379 612 1536 689 debeam,
1554 629 1646 675 omne
1715 600 1717 609 '

526 720 622 782 nnn
640 737 704 784 csse
722 723 822 806 nrajns
840 737 899 784 sua
913 721 1004 801 parte
1022 716 1035 806 (
1060 717 1085 806 ).

592 823 747 911 Principia
774 846 851 912 ergo
877 827 984 910 prima
1006 837 1248 913 cognoscuntur
1273 835 1306 893 et
1327 829 1526 912 colliguntur
1548 825 1643 890 indu·
1715 828 1717 897 f

525 932 630 997 ctione
650 933 791 1017 quadam
812 935 1083 1020 eit-singularium
1103 937 1338 1019 experimento.
1715 919 1717 922 ’

592 1045 793 1108 Confirmet
817 1041 949 1126 pulchre
980 1042 1234 1126 propositionem
1267 1042 1458 1107 Aristoteles
1491 1041 1642 1123 exemplo
1715 1024 1717 1059 ¹

527 1147 684 1212 militumi
701 1148 826 1213 Etenim
838 1149 919 1234 susp
936 1149 1019 1224 acic,
1038 1148 1457 1233 etsugs'entibusnilitibus,
1474 1147 1642 1232 anquando
1715 1190 1717 1195 -

524 1259 689 1320 revocatur
718 1273 844 1339 agrian
878 1259 912 1320 ct
933 1273 1044 1321 rursus
1067 1255 1124 1340 fit.
1134 1256 1327 1356 principium
1351 1263 1481 1340 pugna.
1515 1253 1644 1320 Accidit
1715 1288 1717 1298 ι

523 1360 622 1439 enirn,
638 1367 676 1430 nt
686 1381 769 1428 nnus
781 1381 819 1427 cx
828 1353 1204 1448 sugc'cntibns'consistat,
1214 1367 1349 1446 paratio
1365 1366 1410 1429 ad
1421 1363 1642 1446 pugnandum
1715 1436 1717 1452 .

523 1469 635 1534 deinde
663 1470 807 1534 consistit
828 1471 928 1545 alius,
948 1474 1041 1554 atquc
1064 1471 1245 1557 acijnngitrcr
1266 1471 1387 1552 pmnw,
1405 1470 1518 1536 deinde
1543 1469 1639 1540 abus,
1715 1461 1717 1541 ἶ

522 1578 619 1640 donec
626 1577 694 1663 fiat
707 1595 830 1660 agnon,
851 1579 935 1662 quod
949 1581 996 1643 est
1006 1578 1198 1660 principium
1216 1577 1395 1662 pugnandi.
1420 1576 1641 1658 Propertiono·
1715 1593 1717 1617 ³

524 1681 607 1758 liter,
628 1685 705 1749 dum
721 1683 846 1750 animus
863 1691 1063 1768 pessimum
1075 1686 1211 1768 percipit
1235 1684 1393 1750 sensibilia
1414 1683 1642 1768 cognitionibus

513 1789 617 1874 fluxis
634 1794 668 1856 ct
681 1791 907 1869 delabentibus,
927 1793 1013 1858 sistit
1028 1793 1063 1858 in
1079 1793 1185 1858 animo
1199 1801 1256 1875 pcr
1273 1792 1453 1858 numeriam
1469 1796 1501 1856 et
1514 1789 1640 1873 speciem

514 1895 620 1981 mam
636 1899 689 1963 sui
704 1899 839 1982 cognitio
857 1899 992 1990 alicujus
1009 1898 1183 1982 singularis
1198 1900 1371 1966 sensibilis:
1384 1899 1498 1989 deinde
1514 1897 1600 1962 sistit
1613 1899 1644 1960 et

522 2005 709 2089 emungitur
720 2005 854 2088 cognitio
871 2009 903 2071 ct
917 2005 1030 2088 specics
1041 2007 1173 2072 alterius
1185 2007 1357 2091 singularis
1369 2005 1541 2085 sensibilis·
1553 2001 1640 2068 dein·

521 2113 560 2177 de
575 2111 722 2190 alterins,
741 2115 837 2178 donec
854 2112 889 2178 in
906 2113 1013 2178 animo
1028 2113 1122 2178 sistat
1135 2113 1269 2198 cognitio
1286 2113 1492 2189 uniuersalis,
1512 2131 1581 2196 qna
1598 2113 1644 2174 est

517 2217 709 2300 principium
725 2220 928 2292 scientiarum
945 2223 978 2285 ct
990 2221 1108 2286 artium
1125 2217 1188 2309 (2).
1715 2292 1717 2296 ,

566 2343 643 2412 209.
691 2334 738 2394 At
751 2333 841 2394 circa
858 2333 1049 2395 doctrinam
1067 2336 1157 2396 hanc
1183 2327 1454 2413 communissime
1476 2334 1640 2409 receptam
1715 2310 1717 2387 ἓ

521 2433 607 2518 apud
627 2433 858 2511 Scholasticos,
880 2435 966 2500 varia
984 2442 1157 2501 occurrunt
1175 2434 1289 2513 dubia,
1310 2454 1453 2520 quorum
1467 2431 1641 2518 explicatio

521 2541 561 2606 ad
580 2539 747 2607 meliorem
768 2542 810 2607 rei
830 2541 1077 2626 intelligentiam
1093 2543 1232 2627 juvabit.

306 2681 405 2730 1,„„„
424 2692 506 2737 „m
586 2653 630 2714 Et
647 2655 759 2730 primo
777 2654 916 2732 quidem
933 2654 1124 2728 dubitatur,
1147 2661 1257 2715 utrum
1277 2649 1397 2715 modus
1415 2647 1468 2714 hic
1486 2647 1641 2731 colligen-

328 2757 394 2839 uuf·
406 2763 480 2799 Μ
519 2755 551 2820 di
571 2754 725 2840 principia
744 2776 785 2823 ex
803 2735 989 2822 inductione
1008 2765 1041 2822 et
1059 2755 1284 2841 experimento
1307 2755 1543 2841 singularium,
1570 2753 1641 2819 uni·

318 2839 491 2955 ⁰¹¹²,¹,¹‡,³„{',¹,‘}',⁸⁰'
519 2862 652 2928 versalis
677 2862 778 2929 sitae
803 2862 1003 2930 necessarius
1031 2881 1089 2948 pro
1116 2864 1270 2930 omnibus
1297 2882 1431 2946 prorsus
1459 2860 1637 2946 principiis.

315 2968 496 3053 modolpraedteto
518 2969 615 3047 Quod
629 2988 693 3035 non
709 2968 800 3037 aliter
813 2971 1023 3055 colligantur,
1041 2979 1073 3035 et
1087 2980 1326 3057 cognoscantur
1340 2970 1497 3055 principia
1511 2966 1640 3052 propria

335 3043 472 3096 ⁰⁰¹¹¹³¹'¹¹⁰''
518 3085 550 3142 et
568 3075 715 3160 specialia
732 3077 934 3163 singularum
953 3078 1175 3155 scientiarum,
1194 3078 1283 3143 lacile
1299 3077 1494 3143 conceditur
1507 3096 1526 3140 a
1541 3075 1641 3140 Scito

518 3181 654 3259 lacticis,
675 3193 708 3249 et
727 3183 852 3249 videtur
871 3182 968 3249 etiam
988 3185 1065 3250 satis
1084 3193 1192 3267 patere
1211 3184 1280 3268 ipsa
1300 3184 1518 3268 experientia,
1540 3180 1641 3263 siqui-

517 3290 593 3355 dem
612 3291 758 3367 termini,
775 3291 895 3375 quibus
914 3290 1066 3375 praedicta
1083 3291 1236 3377 principia
1253 3299 1425 3366 constant,
1443 3290 1524 3357 satis
1549 3288 1641 3355 tami

517 3396 609 3462 liares
629 3416 694 3463 non
709 3407 786 3463 sunt
804 3398 955 3464 scientias
969 3398 1176 3482 particulares
1195 3399 1300 3482 primo
1319 3398 1564 3473 salutantibus,
1585 3414 1640 3461 nec

517 3514 584 3571 tarn
612 3503 703 3569 facile
725 3504 879 3590 cognosci
907 3506 1029 3593 solent,
1057 3505 1127 3571 sine
1158 3504 1372 3590 singularium
1406 3502 1639 3588 exemplorum

517 3610 758 3695 experimento,
779 3613 895 3677 saltem
915 3611 947 3675 in
968 3612 1079 3677 multis
1097 3610 1235 3678 casibus.

364 3770 376 3801 ο
453 3770 464 3799 ,
584 3716 725 3784 Dubium
757 3729 867 3785 autem
904 3719 1063 3803 praecipue
1094 3727 1240 3783 versatur
1270 3718 1354 3784 circa
1388 3718 1554 3803 principia
1578 3718 1638 3791 illa,
1715 3743 1717 3764 .

375 3828 449 3907 11¹·
517 3824 658 3891 scientiis
685 3826 839 3893 omnibus
866 3826 1073 3901 communia,
1101 3842 1175 3907 quae
1201 3826 1357 3890 monnio
1386 3828 1439 3890 vel
1469 3825 1641 3909 dignitates
1715 3825 1717 3840 '

316 3981 403 4012 mm,
437 3911 487 4011 pff„
518 3932 569 3995 vel
587 3933 679 4014 effata
702 3932 865 3998 dicuntur.
887 3930 1061 3997 Affirmant
1080 3931 1130 3997 alii
1153 3932 1251 3999 etiam
1269 3932 1464 4017 hujusmodi
1485 3932 1641 4016 principia
1715 3943 1717 3960 ¹

324 4038 503 4084 “turtula
517 4039 670 4123 cognosci
691 4058 757 4105 non
776 4057 873 4123 posse
892 4040 1018 4123 absque
1040 4038 1225 4103 inductione
1247 4036 1467 4122 singularium
1490 4048 1526 4105 et
1548 4057 1642 4123 expe·
1715 4130 1717 4134 y

517 4145 671 4213 cimento.
692 4146 738 4213 lta
755 4145 884 4213 videtur
902 4143 1021 4211 sentire
1041 4145 1214 4230 Cajetanus
1231 4139 1283 4232 (3)
1302 4152 1337 4209 et
1360 4144 1512 4225 lavellus
1538 4144 1593 4236 (4)
1610 4162 1642 4210 ac

550 4346 563 4407 (
568 4362 576 4397 ι
580 4352 592 4407 l
627 4338 703 4398 Vide
715 4341 856 4399 Aucto'rea
869 4338 974 4399 citatos
986 4357 1053 4396 eum
1066 4336 1191 4396 Aristole
1204 4348 1234 4395 et
1246 4333 1279 4395 S.
1295 4336 1425 4399 Thomu.

550 4432 591 4496 (a)
628 4428 670 4487 lta
678 4428 862 4499 Aristotelea,
875 4427 927 4486 loc.
942 4426 991 4486 cit.
1008 4446 1044 4485 ex
1055 4427 1244 4501 Peraplrasi
1255 4425 1403 4499 Sylveetri
1421 4428 1541 4504 Mauri,
1559 4432 1607 4491 lib.
1619 4449 1642 4487 a.

514 4517 683 4587 Posterior.,
698 4538 761 4592 cap.
780 4538 870 4588 11,n.
885 4514 916 4575 8.
1271 4525 1273 4540 '
1312 4505 1318 4525 ⁸

511 4678 516 4690 ι
550 4608 592 4681 (3)
625 4607 661 4667 ln
674 4607 725 4667 lib.
743 4628 768 4678 1,
782 4606 956 4676 Posterior..
970 4624 1034 4678 cap.
1050 4603 1145 4665 ultim.
1192 4654 1197 4662 .

549 4696 592 4772 (4)
627 4696 660 4757 ln
675 4695 725 4757 lib.
743 4717 768 4768 t,
784 4695 959 4769 Meraptys,
974 4713 1004 4765 q.
1017 4694 1046 4753 6.
