3492 5525
545 455 604 523 414
665 439 790 505 Lonrm
806 440 1035 514 Maron-Lm.
1057 455 1114 505 ιιι·
1129 441 1219 504 Drse.
1237 453 1282 505 r.·
1297 441 1378 505 Cae.
1398 455 1466 507 ψ

505 641 548 705 tia
568 642 676 724 potius
703 652 753 708 est
770 642 923 730 dicenda,
942 659 1042 726 quam
1069 641 1205 717 falsitas,
1225 641 1266 706 ad
1293 659 1393 726 quam
1410 640 1554 707 ¹omnino
1577 619 1633 706 re·'

505 749 643 832 quiritur
659 748 853 816 difformitas
867 749 1007 834 positiva
1020 745 1086 836 (ι).

324 885 457 942 Quum.
571 856 702 937 falsitas
717 858 820 942 logica
839 857 1018 942 appellatur
1036 874 1169 941 quoque
1183 872 1287 933 error,
1313 857 1368 939 qui
1388 856 1420 922 in
1435 873 1475 921 eo
1494 875 1628 942 semper

504 963 669 1041 consistit,
686 974 722 1032 ut
736 973 952 1050 cognoscatur
966 984 1034 1031 rem
1049 982 1121 1030 esse
1134 963 1181 1040 id,
1201 964 1291 1047 quod
1311 982 1377 1029 non
1395 973 1463 1040 est,
1482 972 1539 1029 aut
1557 982 1625 1030 non

504 1054 579 1136 esse
594 1071 639 1148 id,
657 1073 747 1155 quod
761 1080 823 1154 est.
1454 1148 1461 1154 ,

570 1177 745 1246 Relate'ad
764 1179 911 1247 falsitatis
939 1177 1087 1245 naturam
1106 1177 1222 1245 similis
1248 1179 1387 1262 quaestio
1410 1197 1447 1244 ac
1469 1178 1627 1245 resolutio

503 1287 571 1353 dari
594 1294 702 1371 potest
720 1305 756 1353 ac
778 1289 876 1352 relate
895 1287 935 1352 ad
955 1295 1103 1353 naturam
1123 1285 1286 1364 veritatis,
1305 1286 1348 1352 de
1365 1305 1431 1370 qua
1453 1287 1486 1352 in
1506 1305 1626 1371 praece·

504 1395 594 1490 denti
613 1397 747 1464 articulo
764 1396 888 1462 dictum
908 1403 969 1460 est.
988 1400 991 1404 ‘

289 1527 489 1585 ommim
548 1519 582 1587 7.
630 1501 806 1570 Veritatem
834 1503 955 1589 opponi
980 1501 1128 1580 falsitati,
1155 1502 1243 1587 apud
1261 1519 1379 1568 omnes
1403 1501 1436 1566 in
1455 1511 1628 1586 comperto

331 1609 456 1656 ⁰⁹⁹⁰¹¹⁸l¹¹
504 1618 569 1691 est3
589 1609 761 1678 difficultas
781 1621 891 1680 autem
910 1627 983 1676 esse
998 1617 1105 1693 potest
1122 1608 1155 1675 fn
1173 1609 1371 1693 assignando
1387 1627 1509 1693 genere
1520 1627 1631 1693 oppo-

337 1671 435 1717 lalelntl.

503 1715 646 1795 sitionis,
666 1737 731 1802 qua
751 1716 834 1784 inter
852 1735 888 1783 se
907 1718 1118 1784 reluctantur.
1139 1716 1223 1782 Nam
1247 1715 1388 1801 Magnus
1407 1713 1628 1803 Albertus'(2)

501 1823 618 1890 docere
637 1825 782 1903 videtur,
803 1826 887 1892 inter
909 1823 1079 1892 veritatem
1099 1842 1136 1889 ac
1158 1823 1330 1890 falsitatem
1357 1825 1466 1910 vigere
1494 1821 1630 1908 opposi-

501 1931 625 2000 tionem
645 1933 938 2002 contradictoriam.
960 1931 1004 1998 Αἰ
1023 1950 1101 1998 vero
1117 1929 1152 1999 S.
1169 1928 1313 1998 Thomas
1331 1927 1384 2019 (3)
1397 1930 1516 2018 aliique
1532 1949 1629 1997 com-

501 2040 696 2107 munissime
725 2041 880 2107 Doctores
909 2038 1098 2106 existimant
1121 2057 1236 2106 verum
1260 2047 1292 2104 et
1322 2040 1439 2105 falsum
1466 2038 1629 2105 contrarie

395 2163 398 2170 ·
501 2147 637 2232 opponi.
657 2149 748 2214 lianc
768 2166 829 2215 nos
848 2146 1079 2233 amplectimur
1096 2145 1305 2213 sententiam.
1327 2145 1393 2213 Sed
1416 2155 1454 2212 ut
1471 2149 1554 2213 clare
1574 2146 1630 2212 in·

501 2255 666 2341 telligatur
684 2255 876 2340 quaestionis
895 2263 1013 2332 status,
1035 2254 1121 2321 varia
1139 2265 1216 2321 sunt
1546 2326 1550 2333 ,

545 2367 715 2432 Nolendo.
744 2363 795 2433 r.⁰
838 2363 956 2430 Sermo
980 2381 1045 2429 non
1072 2374 1122 2430 est
1146 2364 1187 2428 de
1215 2350 1294 2448 ipsis
1318 2361 1488 2428 abstractis
1509 2363 1628 2429 formis

387 2461 406 2497 ²⁸
500 2471 736 2538 conformitatis
758 2491 795 2538 ac
813 2471 1047 2546 difformitatis,
1076 2468 1312 2554 adaequationis
1330 2479 1362 2535 et
1390 2469 1629 2554 inadequatio-

501 2581 567 2656 nis,
593 2599 668 2664 quae
689 2579 721 2646 in
746 2588 818 2646 actu
838 2597 917 2645 vero
935 2597 972 2644 ac
1000 2579 1081 2644 falso
1100 2578 1322 2664 reperiuntur3
1351 2577 1410 2643 sed
1435 2576 1477 2642 de
1495 2575 1627 2645 actibus

500 2687 579 2773 ipsis
596 2687 819 2755 conformibus
839 2705 875 2752 ac
890 2686 1096 2753 difformibus
1117 2685 1150 2752 in
1168 2693 1322 2751 concreto
1341 2682 1404 2773 (4).

545 2804 595 2865 2.⁰
641 2788 759 2863 Sermo
777 2796 855 2863 item
877 2813 943 2861 non
958 2805 1008 2863 est
1027 2795 1068 2861 de
1086 2794 1221 2861 veritate
1241 2812 1277 2859 ac
1294 2792 1434 2861 falsitate
1454 2810 1529 2877 quae
1548 2795 1629 2860 acti·

499 2904 562 2975 bus
581 2902 657 2971 insit
674 2904 757 2971 circa
778 2902 1065 2994 objectadiversa,
1085 2903 1137 2968 vel
1156 2902 1237 2968 circa
1259 2919 1363 2969 unum
1385 2900 1540 2985 idemque
1557 2901 1626 2967 sub

497 3012 634 3079 diversis
642 3009 892 3079 circumstantiis
902 3029 939 3076 ac
948 3008 1160 3094 respectibus.
1173 3010 1248 3075 Non
1258 3008 1438 3093 querimus
1449 3026 1482 3073 v.
1495 3027 1530 3093 g.
1542 3024 1627 3091 quo

500 3120 599 3186 modo
616 3120 767 3187 differant
785 3119 946 3184 hiactus:
966 3118 1066 3183 Homo
1082 3121 1130 3183 est
1144 3116 1267 3182 animal
1286 3121 1318 3182 cl
1332 3116 1471 3183 circulus
1487 3120 1627 3200 estquo-

470 3260 472 3266 ·
497 3230 620 3305 aratris,
642 3236 705 3293 etc.
722 3226 760 3292 Et
775 3226 855 3291 ratio
873 3234 941 3302 est,
961 3225 1037 3308 quia
1055 3224 1344 3309 ejusmodiveritas
1358 3242 1395 3289 ac
1413 3224 1533 3291 falsitas
1554 3240 1624 3289 non

499 3334 625 3421 proprie
644 3343 721 3401 sunt
735 3334 913 3420 oppositae,
929 3332 988 3399 sed
1008 3332 1116 3418 potius
1134 3350 1169 3398 se
1188 3332 1310 3397 habent
1326 3332 1428 3399 instar
1445 3331 1626 3417 disparata-

498 3460 570 3515 rum
600 3444 795 3519 formarum,
822 3450 855 3508 et
883 3439 1088 3524 reperiuntur
1114 3439 1212 3505 simul
1232 3439 1264 3505 in
1288 3438 1407 3506 eodem
1438 3438 1622 3516 intellectu,

496 3568 573 3616 cum
607 3569 706 3617 nemo
729 3550 777 3617 sit
807 3548 1013 3626 mortalium,
1040 3546 1095 3632 qui
1118 3547 1288 3613 veritatem
1315 3565 1431 3632 puram
1462 3546 1624 3630 omnique

497 3677 603 3725 errore
622 3658 775 3725 illibatam
790 3664 995 3739 assequatur.
1013 3654 1152 3741 Agimus
1165 3673 1244 3741 ergo
1258 3655 1300 3721 de
1318 3654 1453 3721 veritate
1474 3672 1512 3720 ac
1535 3654 1626 3719 falsi-

496 3775 716 3832 tate-actuum
729 3765 815 3830 circa
833 3764 916 3829 aem
929 3773 961 3829 et
979 3764 1152 3830 recaredum
1163 3763 1258 3830 idem
1378 3764 1384 3773 '

541 3882 592 3944 &⁰
636 3871 785 3949 Qraestio
818 3890 886 3937 non
918 3879 968 3937 est
994 3870 1038 3936 de
1067 3870 1202 3938 veritate
1231 3888 1268 3935 ac
1297 3867 1434 3935 falsitate
1460 3867 1624 3953 simplicis

496 3978 779 4067 apprehensionis,
819 3979 877 4045 sed
901 3976 1023 4064 judicii.
1052 3976 1196 4055 Etenim,
1228 3984 1265 4043 ut
1302 3994 1381 4043 mox
1418 3976 1621 4054 videbimus,

497 4194 776 4209 m

532 4312 573 4375 (ι)
609 4303 672 4365 Clr.
689 4302 854 4370 Conimbr.,
869 4298 995 4359 Dialecl.
1006 4311 1076 4357 torn.
1092 4316 1120 4367 a,
1130 4296 1165 4356 ln
1174 4296 1272 4370 Caput
1284 4295 1460 4374 Designa's,
1471 4308 1576 4369 quest.
1593 4317 1625 4373 5,

496 4390 552 4457 art.
564 4416 593 4470 4;
609 4394 730 4464 Suarez,
745 4392 831 4467 Disp.
848 4390 920 4449 Mel.
934 4411 963 4464 9,
978 4402 1048 4452 aect.
1062 4409 1087 4458 r,
1098 4407 1128 4447 u.
1148 4407 1190 4461 14,
1205 4386 1256 4447 ubi
1262 4386 1379 4464 egregie
1391 4407 1438 4447 ree
1445 4386 1624 4453 declaratur.

532 4490 573 4553 (a)
608 4483 737 4545 Summa.
755 4494 793 4541 r.·
807 4500 836 4553 p.
852 4499 882 4553 q.
900 4498 945 4552 ως,
959 4478 1081 4537 membr.
1093 4496 1120 4551 3.

532 4580 573 4647 (3)
613 4596 637 4633 r.
652 4595 681 4647 p.
697 4594 727 4645 q.
745 4592 787 4645 η,
801 4592 828 4631 a.
843 4589 873 4643 43
887 4582 917 4628 et
929 4576 973 4643 4.·
986 4566 1189 4642 Meaplysic,
1203 4564 1269 4626 lect.
1279 4566 1308 4637 6,
1319 4584 1435 4640 paragr.
1445 4586 1484 4637 eq
1495 4565 1626 4625 eth'·

496 4668 620 4727 hermen.
635 4663 666 4723 in
680 4662 738 4723 fine
751 4680 818 4720 eum
832 4658 956 4719 Aristot.
971 4656 1041 4716 ibid.

533 4757 574 4833 (4)
610 4752 674 4815 cle.
689 4752 723 4812 S.
738 4750 795 4811 Th.
818 4771 843 4810 r.
858 4768 929 4823 p.q.
947 4768 990 4822 η,
1005 4768 1032 4807 a.
1047 4766 1076 4821 4.
