3492 5525
1287 540 1611 558 W·-

524 457 584 520 472
649 440 774 503 Locren
788 438 1021 513 Maron-Lan.
1042 438 1206 502 r.·¹⁸D1sr>.
1224 451 1269 501 a·
1284 437 1365 500 Can.
1377 450 1447 496 anm

482 630 595 689 certus
605 630 617 707 ,⁴
633 622 690 690 sed
710 632 818 707 potest
836 642 909 689 esse
922 622 1020 689 etiarn
1039 621 1237 706 opinatiuus.
1251 620 1285 687 Si
1298 639 1396 687 verus
1414 628 1464 685 est
1482 616 1610 683 solum·

487 731 589 797 modo
616 730 813 808 extrinsece,
842 743 1012 815 propterea
1036 731 1127 813 quod
1144 730 1307 815 objectum
1326 730 1371 795 ita
1396 726 1437 792 de
1463 726 1546 794 facto
1571 742 1609 789 se

489 838 602 911 habet,
619 836 692 903 lic'et
710 838 777 921 ipse
798 858 854 921 per
872 858 908 905 se
925 839 1111 905 indifferens
1124 838 1181 913 sit,
1198 857 1240 903 ex
1252 835 1403 922 specifica
1414 852 1475 901 sua
1494 840 1610 897 natura

489 946 654 1028 modoque
673 946 844 1023 tendendi,
865 947 934 1013 sive
952 948 993 1013 ad
1012 947 1179 1013 veritatem
1194 946 1263 1013 sive
1277 946 1318 1012 ad
1334 944 1520 1021 falsitatem3
1537 943 1609 1025 opi-

490 1053 620 1119 nionem
635 1054 804 1120 dumtaxat
819 1054 1004 1131 constituit,
1020 1074 1125 1138 neque
1139 1055 1179 1119 ad
1194 1056 1363 1119 formalem
1379 1050 1605 1118 certitudinem

489 1159 666 1245 pertinget,
687 1163 768 1228 dum
787 1162 860 1227 talis
879 1181 945 1229 non
964 1163 1024 1239 sit,
1043 1164 1100 1245 qui
1119 1182 1160 1228 ex
1188 1162 1265 1246 ipsis
1283 1161 1464 1228 intrinsecis
1492 1160 1609 1244 praedi·

489 1268 566 1333 catis
582 1268 650 1335 suis
662 1268 899 1337 determinatus
917 1272 959 1336 sit
977 1272 1018 1335 ad
1031 1271 1200 1335 veritatem
1219 1266 1232 1357 (
1257 1268 1284 1355 ).

401 1428 426 1457 u,
534 1392 588 1458 47.
638 1377 682 1443 lta
709 1379 867 1461 explicata
889 1377 1035 1443 definitio
1058 1377 1258 1444 certitudinis
1276 1376 1420 1443 formalis
1438 1376 1604 1460 probatur.

488 1485 571 1549 Nam
592 1496 682 1551 actus
701 1486 880 1551 formaliter
904 1498 1012 1553 certus
1039 1485 1194 1570 distingui
1222 1485 1321 1550 debet
1347 1483 1389 1549 ab
1413 1484 1505 1549 omni
1531 1493 1605 1549 actu

490 1591 666 1657 formaliter
690 1592 826 1659 incerto.
849 1595 949 1677 Atqui
976 1594 1188 1678 distinguitur
1214 1592 1412 1659 sufficienter
1440 1610 1496 1675 per
1523 1593 1606 1656 banc

491 1698 699 1766 intrinsecam
729 1702 990 1768 infallibilitatem
1022 1711 1054 1767 et
1087 1701 1324 1767 connexionem
1352 1717 1428 1765 curn
1456 1699 1603 1766 veritate.

489 1804 607 1873 Omnis
625 1806 712 1873 enim
728 1808 870 1894 cognitio
885 1810 1005 1877 incerta
1018 1808 1204 1875 indifferens
1217 1819 1267 1875 est
1280 1808 1462 1883 secundum
1478 1825 1513 1872 se
1526 1826 1604 1873 curn

489 1913 605 1998 obiecti
623 1915 673 1982 sui
694 1916 863 1983 existentia
883 1928 914 1981 et
934 1916 1161 1999 possibilitate:
1183 1917 1271 1981 unde
1289 1915 1415 1981 etiamsi
1441 1916 1604 2001 objectum

490 2042 555 2089 non
585 2036 671 2090 esset
699 2023 882 2091 autetiam
911 2035 1125 2110 repugnaret,
1146 2024 1233 2089 idem
1260 2024 1329 2109 ipse
1355 2035 1448 2090 actus
1476 2042 1607 2089 manere

491 2130 618 2215 posset,
641 2132 757 2197 eodem
777 2134 879 2198 modo
898 2134 1040 2199 referens
1057 2132 1149 2198 illud.

556 2241 713 2305 Praeterea
733 2240 901 2325 «cognitio
919 2241 1091 2307 intrinsece
1110 2240 1208 2306 affixa
1224 2240 1350 2323 objecto
1363 2257 1458 2316 vero,
1474 2259 1492 2302 a
1506 2258 1608 2323 scopo

489 2346 632 2413 veritatis
651 2347 797 2413 aberrare
817 2366 884 2414 non
905 2357 1025 2433 potest.
1048 2349 1199 2433 cognitio
1221 2359 1332 2415 autern
1358 2359 1473 2432 suapte
1493 2357 1609 2413 natura

489 2472 618 2539 semper
635 2453 801 2540 attingens
816 2473 953 2539 scopum
967 2456 1126 2531 veritatis,
1145 2468 1179 2523 et
1195 2474 1286 2521 exse
1307 2474 1473 2539 nunquam
1490 2463 1609 2540 potens

489 2580 592 2627 errare
612 2562 653 2627 ab
672 2561 740 2637 illa,
762 2564 881 2627 incerta
901 2572 1061 2629 nonest»
1081 2561 1144 2651 (2).

337 2682 413 2768 ‚¹³⁸d.³¹.
551 2672 619 2752 Jam
639 2670 667 2736 si
686 2689 829 2753 quaeras,
852 2672 1016 2736 undenam
1038 2673 1140 2756 possit
1158 2671 1309 2738 advenire
1326 2670 1412 2737 actui
1431 2680 1519 2737 certo
1537 2673 1608 2737 haec

292 2755 456 2873 ᾖξ’,ζξξξξζζξξ
489 2780 659 2845 intrinseca
677 2781 838 2845 connexio
856 2799 933 2846 cum
952 2782 1104 2857 veritate,
1121 2781 1328 2864 respondebo
1345 2800 1418 2844 eam
1433 2799 1475 2846 ex
1489 2781 1608 2864 duplici

329 2899 416 2944 inactu-
489 2888 591 2971 capite
610 2888 683 2953 oriri
698 2887 816 2970 posse:
837 2885 876 2975 α)
895 2908 934 2953 ex
961 2889 1117 2972 principio
1143 2888 1302 2972 efficienti:
1321 2886 1359 2976 β)
1388 2907 1428 2952 ex
1450 2887 1609 2970 principio

480 2997 617 3081 formali
642 3016 699 3062 seu
727 2995 852 3060 molino.
873 2995 919 3060 Ex
939 2996 1094 3080 principio
1112 2995 1264 3062 efficienti
1283 2997 1403 3062 babent
1421 2997 1607 3062 absolutam

490 3105 747 3172 infallibilitatem
778 3113 872 3171 actus
903 3107 1166 3189 supernaturales
1197 3105 1409 3189 cognitionis,
1441 3103 1536 3170 eliciti
1566 3124 1608 3170 ex

489 3213 609 3278 auxilio
628 3213 756 3298 gratiae3
778 3220 938 3297 repugnat
955 3213 1043 3277 eninr
1066 3220 1158 3277 actus
1183 3212 1360 3295 productos
1383 3231 1426 3278 ex
1447 3230 1608 3278 concursu

490 3321 598 3387 auxilii
625 3321 879 3406 supernaturalis
903 3319 1039 3386 falsitate
1064 3320 1203 3404 turpari,
1224 3321 1506 3402 quemadmodum
1527 3339 1610 3404 sup-

491 3430 645 3515 ponimus
663 3449 704 3494 ex
722 3429 912 3514 Theologia.
934 3427 1070 3494 Ratione
1084 3428 1229 3514 principii
1244 3428 1391 3496 formalis
1407 3441 1609 3496 connectun-

484 3547 542 3620 tur
560 3539 731 3604 intrinsece
749 3556 823 3618 cum
844 3536 978 3602 veritate
997 3548 1088 3602 actus
1106 3536 1166 3611 illi,
1187 3536 1243 3619 qui
1266 3555 1307 3602 ex
1325 3537 1381 3602 tali
1400 3539 1525 3604 motivo
1547 3557 1607 3604 seu

490 3649 705 3713 fundamento
731 3653 916 3728 ponuntur,
937 3645 1028 3726 quod
1055 3645 1236 3710 necessario
1261 3643 1377 3710 inferat
1401 3645 1608 3713 enuntiabilis

491 3755 672 3822 veritatem.
694 3751 745 3818 Sic
763 3751 963 3836 impossibile
981 3760 1033 3816 est
1054 3751 1276 3836 cognitionem
1299 3751 1444 3819 innixam
1471 3755 1609 3819 auctori·

489 3863 546 3930 tati
565 3863 775 3938 divinae‚·aut
795 3860 921 3928 motivo
940 3860 1098 3936 evidenti,
1120 3859 1234 3925 falsam
1253 3879 1337 3926 esse.

535 3975 589 4053 48.
637 3975 795 4038 Tandem
821 3974 988 4052 obiectiva
1014 3973 1183 4034 certitudo
1208 3967 1296 4034 aliud
1324 3987 1390 4034 non
1417 3979 1484 4045 est,
1504 3989 1605 4053 quam

481 4079 559 4164 ¹ipsa
576 4080 693 4164 objecti
712 4097 770 4144 seu
790 4075 996 4143 enuntiabilis
1015 4075 1199 4141 necessitas.
1217 4076 1255 4140 Et
1272 4075 1401 4142 videtur
1418 4095 1489 4143 esse
1506 4077 1609 4142 deno·

490 4187 641 4265 minatio,
667 4205 742 4269 quae
770 4185 811 4250 ab
838 4193 913 4250 actu
939 4186 1021 4248 cerlo
1048 4183 1210 4248 derivatur
1236 4183 1269 4248 in
1296 4185 1463 4268 objectum
1491 4183 1604 4269 ipsius.

487 4294 778 4371 Quemadmodum
798 4294 886 4358 enim
905 4291 1070 4376 objectum
1090 4293 1410 4358 transcendentaliter
1427 4279 1491 4359 seu'
1505 4301 1608 4357 meta-

522 4565 564 4634 (ι)
600 4563 675 4622 Vide
691 4561 823 4634 Ripalda,
839 4560 891 4631 qui
907 4560 1043 4632 praelate
1053 4561 1092 4618 de
1104 4561 1161 4619 hac
1180 4581 1222 4630 re,
1237 4561 1290 4620 loc.
1304 4559 1366 4630 cit,
1380 4573 1449 4619 sect.
1465 4579 1489 4628 r,
1505 4577 1535 4618 n.
1549 4561 1607 4632 ς.6

487 4674 568 4726 seqq·
584 4651 646 4712 cfr.
663 4651 787 4712 Hurtad.
796 4663 833 4724 ¹et
846 4649 997 4722 lzquierdo
1007 4649 1078 4710 locis
1090 4650 1197 4710 citatis.

522 4752 562 4814 (a)
600 4741 731 4816 Ripalda,
749 4741 818 4800 ibid.
834 4754 904 4800 sect.
919 4760 949 4808 a,
966 4760 996 4799 n.
1017 4762 1057 4800 rr.
