3492 5525
565 464 623 530 304
755 445 879 509 Lootca
899 444 1150 509 Minora-Drse.
1174 456 1217 527 3.·
1239 442 1317 507 Can.
1346 458 1412 505 ram

526 644 665 703 nexum,
695 644 731 691 ac
757 625 870 691 deesse
904 625 998 691 inter
1019 642 1129 699 veras,
1159 622 1441 707 quemadmodum
1467 623 1535 707 jarn
1565 624 1643 689 alias

525 734 728 802 monuimus.
757 732 832 799 ideo
854 732 953 799 etiam
977 730 1211 816 consequentia
1241 749 1307 797 non
1335 731 1451 798 dicitur
1477 748 1554 796 vera
1583 750 1643 798 nec

513 842 619 927 falsa,
640 820 716 907 nar'n
735 840 853 905 veritas
871 850 905 906 et
924 837 1044 905 falsitas
1062 846 1112 905 est
1131 839 1192 931 dos
1209 836 1483 923 propositionum.

590 949 726 1015 Planum
754 965 851 1032 porro
878 955 929 1013 est
956 944 1195 1013 connexionem
1215 944 1323 1031 illam,
1343 963 1419 1028 quae
1441 963 1644 1029 consequen·

521 1056 600 1122 tiam
619 1056 804 1131 constituit,
825 1073 897 1121 esse
917 1073 1013 1141 posse
1032 1055 1083 1122 vel
1097 1052 1259 1136 physicam
1276 1053 1328 1120 vel
1348 1060 1479 1119 tantum
1499 1054 1642 1137 badam:
1730 1126 1731 1135 .

522 1161 653 1250 physica
671 1164 761 1250 viget
778 1162 863 1229 inter
882 1163 1042 1229 realitates
1057 1162 1243 1238 distinctas,
1258 1160 1363 1251 qualis
1378 1161 1470 1227 adest
1485 1180 1519 1226 v.
1542 1180 1578 1246 g.
1596 1160 1644 1226 in-

520 1279 570 1337 ter
589 1272 739 1338 ellectum
767 1282 800 1337 et
818 1288 967 1352 causam;
988 1270 1093 1355 logica
1122 1286 1200 1335 vero
1223 1288 1282 1335 seu
1297 1269 1534 1355 metaphysica
1559 1268 1644 1334 inter

521 1379 627 1445 varios
660 1387 842 1462 conceptus
873 1377 1052 1463 objectivos
1083 1396 1121 1444 ac
1159 1385 1253 1443 notas
1289 1375 1508 1461 intelligibiles
1545 1376 1643 1441 unius

521 1486 734 1573 ejusdemque
753 1484 887 1571 objecti,
909 1485 1039 1571 penitus
1062 1484 1171 1569 quoad
1200 1502 1268 1551 rem
1288 1482 1394 1568 ipsam
1414 1482 1641 1561 identificatas,
1730 1522 1731 1555 3

437 1583 444 1593 “
521 1592 558 1660 ut
576 1605 655 1662 sunt
675 1594 756 1661 ratio
775 1592 917 1659 hominis
937 1601 969 1658 et
987 1592 1135 1660 animalis
1154 1592 1187 1658 in
1207 1592 1315 1660 Petro.
1730 1610 1731 1621 ¹

341 1716 467 1795 Quamne}
591 1701 906 1785 Consequentiarum
926 1700 1036 1785 plures
1053 1700 1260 1785 perhibentur
1283 1699 1424 1783 species:
1440 1698 1571 1782 simplex
1583 1716 1643 1765 seu

323 1792 488 1845 ‘⁰”⁸“¹¹¹‘¹²¹¹⁸²
521 1806 698 1875 ammata
716 1809 832 1875 dicitur
850 1808 920 1885 illa,
935 1824 1010 1891 quae
1030 1808 1120 1873 nullo
1131 1808 1233 1873 utitur
1243 1806 1351 1873 medio
1366 1807 1416 1873 vel
1431 1815 1641 1893 argumento,
1730 1804 1731 1891 ξ

521 1916 627 2002 qualis
643 1926 693 1982 est
711 1914 945 1999 consequentia
974 1914 1016 1981 ab
1043 1912 1216 1981 universali
1243 1914 1284 1979 ad
1313 1914 1520 1998 particulare:
1544 1926 1644 1998 atque
1730 1934 1731 1939 ¹

341 2016 471 2103 'manna
519 2022 608 2090 idern
640 2032 773 2090 censent
801 2023 895 2089 multi
928 2023 969 2088 de
1004 2021 1248 2107 consequentiis
1283 2022 1366 2088 inter
1397 2021 1644 2106 aequipollentes
1730 2044 1731 2051 ¹

341 2088 475 2140 'mmm'
522 2130 760 2217 propositiones
777 2129 1010 2207 existentibus,
1030 2130 1178 2213 itemque
1196 2128 1280 2196 inter
1302 2146 1494 2195 conversam
1514 2138 1547 2194 et
1565 2147 1646 2195 con·
1730 2134 1731 2205 1

520 2246 723 2315 vertentem,
739 2246 801 2304 etc.
818 2237 1016 2303 Econtrario
1030 2237 1164 2303 cadmia
1179 2244 1229 2303 est
1238 2236 1302 2313 illa,
1319 2255 1394 2320 quae
1410 2236 1519 2303 medio
1526 2237 1641 2314 utitur,
1730 2300 1731 2327 1

521 2355 554 2413 et
571 2345 679 2413 vocari
694 2356 864 2430 propterea
882 2346 966 2410 solet
984 2345 1083 2411 etiam
1102 2342 1280 2411 discursive
1298 2345 1350 2410 vel
1371 2342 1550 2421 rationalis,
1567 2344 1644 2427 quia
1730 2334 1731 2373 ³

521 2455 690 2520 formalem
709 2454 855 2521 continet
872 2452 1071 2520 discursum.

588 2561 654 2628 Sed
673 2562 834 2647 praecipue
851 2560 1086 2644 consequentia
1105 2559 1259 2627 dividitur
1285 2560 1318 2626 in
1337 2558 1449 2625 bonam
1467 2578 1527 2625 seu
1544 2559 1646 2644 legiti-
1730 2554 1731 2623 ζ

520 2687 619 2745 amm,
640 2678 673 2735 et
696 2671 813 2735 malam
840 2687 899 2735 seu
925 2668 1063 2733 notham.
1084 2668 1171 2734 bona
1194 2666 1431 2751 consequentia
1452 2675 1503 2733 est
1522 2668 1587 2744 illa,
1610 2667 1643 2732 in

520 2795 585 2861 qua
603 2778 800 2844 antecedens
820 2795 931 2843 revera
949 2795 1135 2843 connexum
1155 2784 1206 2843 est
1224 2795 1301 2843 curn
1321 2783 1564 2859 consequente,
1581 2754 1643 2843 seu
1730 2781 1731 2848 ἶ

520 2895 570 2952 est
595 2885 696 2952 illatio
722 2886 857 2951 lundata
885 2884 918 2949 in
945 2884 1150 2950 connexione
1176 2883 1398 2951 antecedentis
1422 2901 1498 2950 curn
1529 2901 1646 2949 conse-

520 3001 643 3077 quente
660 3003 822 3077 quantum
841 2993 883 3059 ad
901 2992 1083 3059 veritatem.
1108 2991 1211 3058 Secus
1237 3010 1315 3059 vero
1338 2993 1453 3059 vitiosa
1471 2993 1523 3057 vel
1543 2993 1645 3060 notha
1730 3005 1731 3084 g

521 3100 597 3178 erit,
619 3110 656 3167 ut
674 3101 701 3167 si
720 3101 855 3185 colligas
871 3099 934 3166 sic:
955 3101 1069 3167 Perna
1086 3103 1134 3165 cst
1149 3101 1251 3167 bomo:
1272 3116 1344 3184 crgo
1356 3103 1403 3166 est
1418 3099 1511 3184 lapis.
1532 3099 1647 3166 lixam·
1730 3085 1731 3176 ᾖ

520 3209 573 3292 pla
590 3227 670 3275 vero
688 3207 843 3292 legitimae
858 3206 1011 3274 dedimus
1025 3206 1188 3291 superius,
1210 3226 1246 3274 ac
1266 3226 1363 3293 porro
1382 3207 1547 3273 dabimus.

588 3315 664 3382 llaec
683 3315 815 3392 divisio,
836 3325 872 3382 ut
898 3315 1008 3392 vides,
1029 3333 1095 3381 non
1122 3324 1173 3382 est
1197 3315 1355 3393 univoca,
1376 3315 1435 3382 sed
1462 3314 1644 3399 aequivoca,
1730 3339 1731 3364 ι

521 3425 572 3489 vel
592 3424 747 3509 analoga,
763 3421 840 3506 quia
858 3423 1094 3507 consequentia
1111 3422 1228 3490 vitiosa
1247 3441 1313 3489 non
1328 3430 1378 3489 est
1393 3421 1643 3507 consequentia,

521 3530 579 3598 sed
612 3541 781 3598 externam
813 3539 943 3597 tantum
978 3530 1075 3596 habet
1104 3529 1352 3598 similitudinem
1384 3530 1642 3613 consequentia,
1730 3581 1731 3606 ,

522 3647 620 3723 atque
638 3639 720 3705 adeo
739 3637 877 3704 abusive
897 3656 1018 3704 nomen
1044 3637 1130 3704 illius
1152 3647 1299 3721 usurpat.
1326 3637 1551 3711 Quamobrem
1577 3656 1644 3704 non
1730 3653 1731 3696 l

522 3755 572 3812 est
590 3745 792 3813 desumenda
805 3746 1040 3830 consequentia
1055 3744 1187 3829 praecise
1202 3766 1220 3811 a
1234 3746 1369 3812 veritate
1384 3745 1644 3830 propositionum
1730 3759 1731 3836 j

522 3852 744 3921 antecedentis
763 3860 796 3918 et
814 3853 1059 3950 consequentis.
1730 3901 1731 3940 ,

592 3961 837 4045 Consequentia
852 3961 941 4027 bona
958 3958 1179 4028 subdividitur
1196 3959 1411 4046 informatam
1433 3979 1471 4027 ac
1497 3959 1646 4026 maurata-

521 4073 592 4137 lem.
612 4067 771 4136 Formalis
793 4077 843 4135 est
861 4087 914 4146 ea,
940 4087 1015 4153 quae
1039 4067 1124 4134 inest
1148 4067 1181 4134 vi
1210 4069 1341 4146 iormae,
1362 4067 1406 4136 ita
1435 4078 1471 4134 ut
1490 4069 1518 4135 si
1546 4066 1645 4135 simili

522 4177 626 4243 modo
642 4196 679 4242 ac
697 4176 759 4243 sub
786 4175 883 4243 simili
909 4175 1125 4242 terminorum
1151 4175 1364 4261 dispositione
1388 4175 1421 4242 in
1449 4175 1566 4259 quavis
1583 4175 1646 4241 alia
1730 4201 1731 4266 l

522 4284 657 4351 materia
674 4285 812 4351 alterurn
831 4302 873 4350 ex
890 4285 992 4349 altero
1011 4281 1186 4361 inferatur,
1208 4300 1340 4368 semper
1363 4301 1441 4351 vere
1468 4284 1576 4350 lutura
1602 4283 1647 4350 sit
1730 4319 1731 4356 r

521 4384 767 4477 consequentia.
790 4389 963 4458 Materialis
980 4400 1030 4458 est
1055 4409 1106 4468 ea,
1131 4408 1206 4475 quae
1219 4401 1310 4460 tenet
1329 4392 1503 4459 dumtaxat
1521 4391 1646 4458 ratione

521 4502 676 4589 subjecte
695 4501 853 4578 materie,
873 4499 992 4584 inqua
1012 4497 1166 4565 nimirum
1185 4500 1226 4566 de
1245 4501 1333 4566 facto
1351 4499 1548 4567 antecedens
1564 4517 1649 4566 con·

523 4619 670 4679 nectatur
694 4628 771 4676 cum
797 4607 1026 4692 consequenti:
1047 4606 1092 4673 ita
1109 4615 1146 4673 ut
1172 4606 1205 4673 in
1223 4607 1284 4673 alia
1304 4607 1440 4674 materia
1465 4606 1528 4674 sub
1546 4607 1647 4676 simili

523 4719 628 4786 forma
646 4717 931 4800 terminorumque
958 4713 1172 4801 dispositione
1196 4733 1365 4801 perperam
1389 4733 1496 4783 unum
1519 4733 1560 4780 ex
1581 4715 1649 4781 alio
1730 4771 1731 4776 ,

323 2608 382 2657 bon·
390 2615 409 2653 et
421 2607 488 2657 mala,
