3492 5525
276 469 408 545 hamc.
428 481 486 552 ῳ·
499 465 692 533 Genenaus
706 486 825 535 urvrsto
839 486 1060 535 sctENTlhRUlt
1125 487 1201 551 ¹0¹9

184 650 372 726 Notandum
392 644 522 727 tamen,
539 650 608 735 jam
626 650 702 718 inde
719 671 739 715 a
756 653 857 739 longo
875 662 1041 737 tempore,
1064 672 1106 719 ex
1125 654 1240 739 vulga-

122 755 145 821 ri
171 756 326 841 opinione
355 757 569 843 sapientium,
599 757 846 834 mathematicos
865 778 932 825 non
952 760 1055 827 solere
1081 760 1238 830 recenseri

121 865 203 929 inter
222 865 450 951 Philosophos.
474 864 597 932 Contra
615 865 803 950 praedictam
823 864 1016 933 divisionem

186 966 300 1055 objici*
313 981 438 1057 potest,
458 974 549 1057 quod
571 973 606 1039 in
624 992 662 1039 ea
681 992 740 1040 nec
760 973 885 1059 Logicae
905 992 963 1041 nec
983 976 1114 1041 moralis
1133 974 1241 1041 Philo·
1297 986 1404 1043 Obiecta

121 1080 243 1164 sophiae
263 1069 389 1147 mentio
405 1079 479 1157 fiat,
495 1100 573 1148 cum
590 1090 703 1148 tamen
728 1082 899 1149 videantur
918 1082 1055 1149 omnino
1075 1082 1114 1149 ad
1134 1081 1240 1149 Philo-

121 1188 270 1270 sophiam
290 1188 342 1253 hae
359 1188 434 1253 duae
455 1186 631 1273 disciplinae
651 1186 823 1273 pertinere.

187 1295 238 1360 Ad
258 1296 341 1361 hanc
360 1294 604 1372 difficultatem,
623 1306 786 1379 quantum
806 1296 934 1382 respicit
954 1299 1110 1362 moralem
1134 1297 1240 1364 Philo·
1310 1327 1406 1371 ‚oratus

122 1402 320 1489 losophiam,
342 1404 517 1487 respondet
534 1402 676 1484 loannes
703 1425 721 1469 a
747 1404 784 1473 S.
812 1403 939 1471 Thoma
962 1401 1014 1492 (1)
1039 1424 1111 1470 eam
1138 1406 1241 1471 scien·
1267 1396 1439 1455 'PPPPP

120 1511 214 1590 tiam,
226 1509 252 1577 si
267 1523 416 1579 sumatur
426 1509 574 1596 practice,
590 1510 677 1577 idem
689 1530 760 1579 esse
774 1530 850 1577 cum
866 1510 1050 1595 prudentia,
1062 1530 1161 1595 quare
1173 1531 1238 1579 non

121 1619 203 1683 inter
226 1617 356 1685 habitus
382 1619 615 1703 speculativos,
645 1619 703 1685 sed
722 1619 805 1685 inter
832 1619 987 1703 practices
1008 1621 1237 1687 recensendam

120 1744 208 1807 esse;
229 1728 257 1793 si
282 1744 359 1791 vero
383 1736 533 1793 sumatur
554 1727 753 1811 speculative
776 1744 835 1810 pro
853 1726 986 1793 scientia
1014 1726 1134 1802 ethica,
1163 1746 1237 1810 quae

121 1843 235 1899 tractat
252 1834 295 1899 de
322 1846 435 1903 natura
463 1834 638 1910 virtmum,
670 1834 835 1939 pertinere
856 1836 897 1900 ad
922 1834 1179 1920 Philosophiam,
1207 1844 1239 1903 et
1319 1816 1324 1831 ’

122 1960 194 2009 esse
213 1951 338 2026 partem
353 1943 438 2010 illius
453 1941 613 2019 scientia,
636 1961 710 2025 quae
729 1941 795 2026 agit
814 1940 855 2007 de
874 1942 1010 2018 Anima,
1026 1950 1062 2009 ut
1080 1954 1130 2009 est
1148 1950 1239 2009 actus

121 2050 281 2133 corporis,
301 2059 334 2115 et
347 2060 586 2134 consequenter
599 2050 641 2116 de
655 2050 831 2116 moralibus
844 2050 928 2135 ejus.
944 2048 1113 2127 Quantum
1128 2061 1238 2118 autem

121 2156 295 2223 difficultas
313 2158 441 2243 respicit
464 2158 631 2243 logicam,
661 2158 834 2241 respondet
866 2167 938 2223 tum
966 2156 1036 2242 ipse
1058 2159 1240 2240 loannesa

121 2265 156 2329 S.
168 2265 295 2331 Thoma
307 2263 372 2351 (a),
388 2276 461 2332 tum
476 2264 614 2331 Cosmas
626 2265 666 2331 de
681 2266 794 2331 Lerma
807 2262 870 2353 (3),
889 2266 1038 2350 logicam
1054 2265 1239 2331 abstrahere

120 2373 160 2437 ab
179 2374 270 2439 omni
290 2375 422 2440 materia
439 2375 592 2457 negative,
613 2393 650 2438 ac
668 2374 803 2457 proinde
823 2373 926 2449 aliter,
944 2392 981 2438 ac
999 2373 1156 2439 abstrahit
1171 2375 1239 2440 Me·

119 2464 302 2567 taphysica,
324 2490 357 2547 et
375 2480 420 2547 sic
438 2480 600 2547 diversam
619 2482 659 2547 ab
678 2482 738 2547 hac
759 2480 927 2548 scientiam
955 2499 1043 2563 esse;
1072 2482 1145 2547 licet
1172 2500 1238 2547 non

118 2589 235 2653 eodem
265 2598 363 2673 pacto
387 2590 547 2673 explicare
573 2589 745 2655 videantur
776 2590 872 2654 istam
902 2589 1088 2673 negativam
1116 2589 1240 2656 abstra-

118 2696 274 2764 ctionem.

184 2806 279 2870 Nulla
298 2806 411 2871 harum
427 2804 681 2888 explicationum
701 2805 779 2870 mihi
794 2806 916 2890 placet:
940 2791 1005 2870 non
1025 2803 1143 2890 prima',
1162 2806 1238 2888 quia
1253 2829 1452 2878 minitatione.

116 2911 269 2977 existimo
301 2910 541 2997 Philosophiam
575 2913 731 2979 moralem
765 2914 927 2980 diversam
958 2931 1030 2978 esse
1058 2911 1238 2979 'scientiam

118 3021 160 3085 ab
178 3039 233 3105 ea,
253 3039 327 3103 quae
346 3018 413 3104 agit
436 3020 476 3084 de
496 3018 630 3095 Anima,
651 3027 687 3084 ut
710 3030 760 3086 est
778 3031 869 3086 actus
888 3017 1049 3104 corporis,
1071 3039 1190 3104 nempe
1221 3039 1240 3084 a

119 3125 350 3213 Psyehologia‚
373 3145 432 3194 nec
450 3128 555 3194 ullum
573 3126 730 3194 hactenus
748 3126 812 3192 vidi
833 3128 1029 3203 Auctorem,
1050 3127 1106 3210 qul
1133 3129 1239 3193 Mora·

119 3235 184 3299 lem
203 3242 353 3300 tractaret
372 3243 541 3317 tamquam
561 3245 686 3319 partem
706 3234 928 3321 Psychologiae
948 3243 1005 3300 aut
1023 3233 1238 3320 Philosophiae
1326 3295 1328 3300 .

119 3341 286 3408 naturalis.
301 3342 410 3426 ltaque
424 3357 544 3409 censeo
557 3342 632 3408 ideo
645 3343 802 3408 Moralem
818 3360 884 3408 non
903 3361 974 3408 esse
988 3342 1236 3418 numerandam,

119 3469 179 3515 nec
197 3449 359 3516 numerari
378 3449 597 3517 communiter
611 3451 652 3516 ab
670 3451 856 3518 auctoribus
869 3449 1074 3517 Scholasticis
1089 3451 1121 3516 in
1137 3469 1240 3535 gene-

120 3559 176 3624 rali
204 3557 364 3625 divisione
393 3557 607 3642 Philosophiae
634 3559 684 3624 vel
715 3558 923 3624 scientiarum
950 3557 1236 3642 speculativarum,

117 3665 194 3749 quia
213 3684 279 3732 non
298 3676 349 3732 est
362 3666 494 3733 scientia
512 3665 727 3750 speculativa,
749 3666 807 3732 sed
822 3665 959 3750 practica
971 3663 1036 3753 (4),
1058 3675 1093 3733 ut
1109 3685 1239 3750 expres·

153 3957 194 4018 (ι)
230 3951 318 4027 Log.,
333 3970 362 4022 q.
377 3970 423 4025 27,
439 3972 466 4008 a.
484 3971 508 4020 r,
524 3950 689 4011 Solvuntur
708 3960 893 4028 argumenta,
909 3950 940 4011 iu
956 3971 1031 4024 resp.
1051 3953 1083 4010 1.'
1096 3973 1172 4027 arg„
1187 3953 1237 4013 Aa

113 4044 243 4116 primvm
256 4061 328 4117 ergo
341 4041 513 4114 exemplum.

153 4133 194 4202 (2)
230 4129 302 4189 ibid.

152 4226 194 4289 (ἲ)
229 4223 316 4297 Lag..
333 4220 384 4279 lib.
398 4220 427 4290 8,
443 4241 473 4292 q.
492 4238 533 4293 ις,
548 4219 580 4278 in
594 4239 726 4293 respons.
741 4220 779 4278 ad
793 4231 853 4291 ν·
863 4241 927 4294 arg.

153 4315 195 4384 (4)
232 4311 298 4368 «De
324 4309 511 4383 Philosophia
539 4309 641 4371 morali
666 4331 775 4378 omnes,
806 4311 884 4382 quod
913 4309 1013 4381 sciam,
1044 4311 1238 4384 pronuntient

115 4422 179 4459 mm
201 4421 263 4458 esee
285 4402 439 4458 scientiam
459 4401 630 4473 simpliciter
650 4401 818 4472 practicam.
846 4399 941 4460 Habet
961 4399 1008 4484 ilia
1030 4400 1148 4473 quidem
1169 4423 1239 4463 suas

117 4490 312 4562 speculativas
336 4488 454 4548 notitias
467 4504 496 4548 et
513 4488 748 4551 conclusiones...
772 4489 841 4561 quia
859 4503 957 4548 tamen
973 4491 1033 4548 haec
1055 4491 1153 4550 omnia
1176 4493 1239 4552 Mo·

115 4581 188 4639 ralis
202 4600 260 4638 non
282 4579 446 4638 considerat
458 4577 589 4637 veritatis
604 4592 633 4637 et
655 4577 908 4650 contemplationis
925 4598 1022 4648 muca,
1042 4580 1092 4640 scd
1113 4601 1147 4641 eo
1169 4583 1235 4650 fine,

116 4684 150 4728 ut
176 4669 322 4734 hominem
348 4659 484 4741 disponat
512 4670 549 4727 ad
579 4666 726 4728 felicitatis
749 4669 1002 4739 consecutionem,
1027 4670 1237 4746 praecipuaeque

114 4759 209 4832 ipsiue
231 4758 343 4819 notitiae
364 4758 498 4832 practica
518 4757 588 4830 sint,
606 4770 635 4818 ct
654 4756 786 4818 ideativre
803 4758 1000 4818 virtuosarum
1024 4760 1237 4834 operationum,
