3492 5525
244 486 360 549 llrtrrc.
377 500 436 563 3.¹³⁸
451 483 574 550 Urnun
589 501 770 549 evrnreurrn
785 500 892 547 conas
907 502 949 546 ru>
963 499 1137 547 assensum
1161 496 1215 564 525

132 666 342 743 enuntiabili,
366 668 457 750 quod
476 666 535 733 sibi
554 666 751 733 sufficienter
774 665 978 750 propositum
1005 672 1037 729 et
1060 664 1255 748 applicatum

131 771 407 861 contemplatur(
434 770 460 862 ).

202 872 299 947 Porro
322 881 412 965 quod
435 883 588 949 voluntas
611 878 714 965 possit
739 879 895 946 indirecte
912 876 1070 963 impedire
1087 893 1259 943 assensum

133 1006 212 1073 erga
242 988 458 1065 enuntiabile,
490 987 704 1073 quantumvis
732 985 883 1063 evidens,
913 996 1004 1051 extra
1032 984 1169 1051 dubium
1195 985 1263 1052 est.'

134 1097 246 1161 Potest
261 1094 348 1161 enlm
364 1095 516 1161 voluntas
530 1096 710 1177 permittere
728 1105 784 1162 aut
798 1093 896 1159 etiam
906 1092 1093 1173 precipere,
1111 1101 1148 1157 ut
1167 1108 1262 1157 mens

134 1202 178 1268 ad
197 1202 257 1268 alia
275 1202 445 1287 cogitanda
465 1203 659 1280 divertatur,
681 1221 723 1267 ne
741 1200 820 1267 satis
838 1201 1003 1284 obiectum
1024 1197 1158 1265 evidens
1183 1216 1264 1265 con-
1367 1225 1383 1247 =

134 1308 269 1376 sideret.
288 1307 340 1375 Sic
358 1310 456 1376 etiarn
475 1310 612 1395 impedit
634 1308 806 1385 indirecte,
829 1326 869 1373 ne
892 1308 1009 1373 oculus
1032 1306 1156 1382 videat,
1175 1306 1263 1371 clau-

134 1416 246 1483 dendo
275 1417 388 1493 illum,
420 1419 472 1483 vel
500 1426 600 1503 caput
627 1417 690 1482 alio
719 1416 952 1483 convertendo.
985 1413 1151 1499 Ejusmodi
1184 1430 1263 1478 vero

135 1521 412 1607 impedimentum
433 1523 626 1590 indirectum
647 1524 769 1591 facilius
794 1531 903 1607 potest
926 1524 1082 1588 voluntas
1099 1539 1264 1605 apponere

136 1631 172 1695 in
201 1630 360 1697 evidentia
391 1632 549 1709 mediata,
570 1632 779 1717 potissimum
810 1631 837 1696 si
866 1630 994 1715 longior
1022 1640 1054 1694 et
1081 1628 1263 1695 abstrusior

135 1736 181 1803 sit
199 1738 454 1822 argumentatio,
472 1741 696 1827 majoremque
712 1739 883 1824 postulans
899 1737 1019 1804 mentis
1026 1736 1262 1805 attentionem.

203 1844 286 1919 rora
306 1847 402 1931 hujus
422 1846 652 1931 propositionis
671 1847 817 1913 doctrina
846 1845 992 1930 Angelici
1022 1843 1170 1911 Doctoris
1199 1852 1260 1909 est:

135 1953 373 2020 Attendendum
390 1958 450 2032 est,
461 1954 591 2039 inquit,
606 1957 690 2040 quod
706 1958 794 2019 aetus
812 1954 946 2019 rationis
958 1950 1265 2035 potestcomiderari

135 2060 323 2142 dupliciter:
337 2080 400 2127 uno
417 2042 507 2127 niodo
525 2068 675 2147 quantum
693 2065 736 2126 ad
753 2062 934 2128 exercitium
951 2063 1057 2140 aetram
1072 2063 1102 2125 et
1113 2059 1160 2123 sie
1178 2062 1265 2124 actus

135 2166 273 2233 rationis
302 2177 419 2251 semper
449 2168 598 2252 imperari
618 2172 734 2251 potest,
765 2170 849 2235 sieut
873 2187 945 2235 cum
971 2167 1125 2260 indicitur
1152 2166 1263 2243 alicui,

136 2276 223 2359 quod
238 2278 394 2353 attendat,
410 2280 442 2340 et
457 2277 578 2343 ratione
594 2280 704 2343 utatm
718 2275 774 2364 (en
789 2276 963 2361 imperium
979 2284 1012 2340 et
1025 2274 1263 2360 subjectionem

138 2380 357 2471 indirectam).
378 2383 455 2448 Alio
472 2386 561 2449 modo
579 2388 728 2468 quantum
753 2386 797 2449 act
822 2384 991 2470 adjectum,
1012 2385 1151 2464 respectu
1176 2383 1266 2467 aujrn

116 2488 122 2495 '
137 2490 303 2579 duo-aetus
314 2492 536 2557 attenduntur:
547 2492 652 2573 primo
669 2492 810 2575 quadem,
825 2494 863 2557 ut
872 2491 1034 2556 ueritatem
1047 2490 1132 2555 cirea
1145 2488 1268 2573 aliquit

136 2597 364 2679 apprehendat·
383 2600 483 2665 ethoc
500 2618 564 2665 non
581 2599 679 2665 estin
693 2603 844 2681 potestate
861 2604 989 2676 nostra,
1010 2599 1065 2663 boc
1083 2597 1168 2663 enim
1193 2616 1269 2660 con-

139 2704 232 2788 tingit
242 2712 303 2788 par
317 2706 463 2772 virtutem
479 2708 615 2794 alicujus
640 2707 771 2773 laomr'm's
794 2710 843 2774 uel
866 2706 1023 2773 naturalis
1046 2709 1097 2772 vet
1118 2712 1269 2787 superna-

140 2813 265 2878 turalis.
295 2815 335 2880 Et
361 2814 428 2880 uteo
458 2819 609 2899 quantum
634 2819 679 2881 ad
705 2817 759 2881 laoc
785 2820 873 2882 aetus
901 2815 1034 2881 rationis
1064 2833 1128 2879 non
1159 2814 1268 2878 estin
1349 2821 1353 2828 “

138 2923 288 3001 potestate
299 2925 423 3001 nostra,
436 2941 492 2988 nea·
507 2923 655 3005 imperari
668 2928 779 3005 potest.
801 2926 897 2992 Atius
911 2927 1015 3016 autem
1029 2926 1119 2988 aetus
1134 2921 1269 2987 rationis

139 3031 200 3104 est,
226 3031 302 3094 dum
326 3029 390 3106 his,
411 3049 480 3114 quae
504 3031 721 3113 apprehendit,
746 3032 930 3099 assentitur.
958 3031 997 3096 Si
1021 3030 1121 3114 epum
1138 3026 1272 3113 fuerint

141 3136 219 3201 talea
237 3137 451 3217 apprehensa,
472 3139 584 3222 quitus
601 3139 791 3205 naturaliter
808 3140 982 3205 intellectus
999 3137 1166 3214 assentiat,
1186 3135 1272 3201 sicut
1370 3181 1375 3200 .

140 3243 245 3318 prima
258 3243 436 3326 principia,
449 3264 593 3311 assensus
612 3246 723 3312 talium
739 3249 789 3312 vet
804 3249 965 3313 dissensus
978 3265 1041 3312 noa
1055 3246 1149 3312 estin
1161 3247 1270 3310 nostra

139 3354 306 3433 potestate,
321 3352 428 3416 sedin
445 3353 555 3420 ordine
573 3359 706 3420 natmm
729 3357 769 3420 Et
793 3353 862 3420 ideo
884 3356 1011 3438 proprie
1033 3355 1186 3439 loquendo
1214 3369 1272 3416 na·

143 3461 224 3524 turre
250 3459 377 3540 imperio
404 3461 553 3548 subjacet.
575 3460 661 3528 Sunt
680 3465 784 3528 autem
810 3465 954 3546 quiedam
976 3461 1182 3543 apprehensa,
1203 3478 1273 3543 que

142 3585 209 3632 non
239 3569 316 3632 adeo
349 3569 543 3635 ronvinaunt
576 3571 780 3647 intellectum,
809 3571 885 3654 quin
908 3569 1012 3651 possit
1039 3565 1191 3633 assentiri
1224 3567 1275 3631 vel

141 3674 323 3750 dissentire,
340 3677 391 3740 vet
401 3679 513 3742 saltem
525 3695 686 3742 assensum
698 3679 749 3744 vet
760 3677 935 3744 dissensum
946 3679 1135 3760 suppendere
1144 3677 1275 3756 propter

141 3781 284 3864 aliquam
308 3801 452 3851 causam:
468 3787 500 3850 et
524 3783 558 3848 in
586 3785 702 3851 tatibus
727 3803 873 3851 assensus
891 3786 955 3867 ipse
979 3787 1032 3850 aet
1052 3784 1211 3850 dissensus
1238 3783 1274 3846 in

142 3891 292 3954 potestate
310 3894 418 3956 nostra
431 3895 491 3968 est,
513 3895 545 3956 et
560 3893 618 3958 sub
636 3893 765 3974 imperio
783 3891 895 3982 eadit(
921 3891 946 3981 ).

215 3997 333 4064 Utrum
362 4010 473 4066 autem
504 3999 572 4064 ltaec
594 4000 772 4100 propositio
799 4001 1011 4086 intelligenda
1038 4000 1081 4066 sit
1108 3997 1206 4064 etiam
1234 4000 1275 4064 de

147 4103 324 4188 praemissis
344 4105 582 4189 probabilibus,
604 4108 678 4174 vide
697 4109 785 4193 apud
805 4109 946 4177 Lossada
967 4107 1037 4196 (3),
1059 4107 1114 4193 qui
1133 4106 1277 4174 affirma·

149 4213 219 4277 tive
237 4213 412 4298 respondet
431 4226 544 4282 contra
563 4217 599 4281 P.
622 4215 668 4282 De
687 4217 882 4284 benedictis.

181 4415 222 4478 (r)
260 4407 324 4468 clr.
338 4410 374 4468 de
389 4411 443 4468 hae
458 4411 579 4470 materia
599 4411 796 4483 Conimbric.,
814 4413 864 4472 lib.
885 4424 923 4470 1.·
936 4414 1097 4472 Posterior.
1121 4412 1154 4470 ln
1171 4432 1234 4484 eap.
1251 4432 1275 4480 1,

144 4501 183 4558 de
197 4499 393 4574 Proecognilis
406 4542 413 4570 ‚
427 4520 456 4572 q.
472 4519 505 4574 4,
521 4521 548 4560 a.
565 4522 597 4570 a,
620 4515 650 4560 et
669 4503 783 4561 Cursus
800 4503 917 4575 antiqui
929 4503 1039 4576 passim
1060 4502 1091 4561 in
1107 4502 1227 4560 materia
1241 4501 1278 4559 de

145 4589 276 4648 Scientia
290 4602 320 4647 et
333 4589 369 4647 de
385 4591 651 4650 Demonstratione.

185 4686 224 4748 tr)
264 4682 546 4753 umerum-6·

182 4773 225 4843 (3)
263 4769 330 4830 Loe.
348 4789 405 4843 sup
418 4770 469 4829 eit.
