3492 5525
443 473 557 536 Anrrc.
580 485 642 552 4¹²·
662 471 713 534 Da:
734 469 860 536 Somne
1113 487 1167 551 371
1251 521 1256 543 ,
1284 535 1289 542 ,

87 654 257 739 subnectam
269 654 382 735 brinta
394 649 595 740 conjungitur
611 670 683 718 cam
696 651 867 734 pradbato
879 650 1062 733 penultimae
1070 647 1212 732 proposi-

89 759 195 826 tionis.
225 759 438 844 Exemplum:
463 759 584 826 Anima
608 760 744 826 bumana
761 762 808 824 cst
823 757 999 824 maturatio
1024 755 1209 840 inteltgens.

89 868 271 934 Substantia
297 868 472 952 intebigens
492 871 539 933 est
553 867 740 950 spinibaab’s.
768 865 952 934 Substantia
972 864 1149 948 spiritalis
1168 865 1217 928 est

90 974 288 1042 immortalis.
308 974 491 1044 Substantia
505 973 689 1044 immortalis
705 973 944 1059 aternumfelix
956 973 1008 1037 oei
1019 971 1132 1056 infelix
1149 988 1214 1037 esse

89 1079 189 1151 debet.
204 1081 288 1166 Ergo
305 1083 413 1148 antara
434 1082 571 1148 baanna
593 1081 830 1166 aternamselix
846 1082 898 1146 vei
913 1079 1025 1165 irata
1037 1097 1101 1144 esse
1113 1077 1212 1142 debet.

159 1190 271 1256 Potest
294 1207 428 1274 quoque
446 1188 568 1255 Sorites
585 1187 654 1253 lreri
672 1207 730 1272 per
754 1185 994 1272 propositiones
1011 1185 1215 1251 conditiona-

92 1295 141 1360 les
159 1295 219 1372 ita,
244 1307 281 1362 ut
306 1296 566 1364 conditionatum
595 1297 692 1362 unius
712 1293 943 1380 propositionis
969 1301 1155 1360 assumatur
1181 1291 1215 1356 in

92 1402 317 1468 conditionem
342 1404 592 1494 subsequentis,
612 1404 718 1468 donec
736 1401 769 1468 in
788 1403 917 1479 ultima,
941 1402 1055 1486 primae
1068 1399 1217 1484 proposi-

92 1507 192 1575 tionis
227 1511 426 1578 antecedens
451 1530 527 1577 cum
556 1509 747 1595 penultimae
774 1509 998 1602 conditiqnato
1028 1509 1213 1593 copuletur.

94 1616 137 1682 V.
156 1637 193 1702 g.
212 1617 251 1686 Si
262 1619 376 1686 Petrus
392 1623 439 1685 est
451 1617 553 1696 bamb,
567 1623 615 1685 est
626 1619 757 1686 nnintal.
772 1617 810 1684 Si
822 1620 870 1682 esi
880 1617 1017 1694 animal,
1032 1620 1079 1682 est
1094 1617 1215 1681 vivens.

92 1723 131 1790 Si
147 1725 331 1804 estviveru,
351 1729 398 1792 est
412 1726 599 1794 substantia.
613 1725 653 1793 Si
664 1729 713 1792 est
721 1724 911 1800 substantia,
926 1727 1051 1790 astans.
1066 1723 1145 1806 Ergo
1157 1724 1219 1789 Pe·

93 1835 163 1896 trus
177 1830 267 1898 siast
283 1832 384 1910 borno,
403 1837 527 1900 astans.
660 1821 664 1829 ’

163 1939 239 2005 llaec
257 1939 551 2026 argumentationis
566 1941 670 2006 torma
685 1938 830 2026 captiosa
846 1949 914 2016 est,
935 1939 1218 2023 quemadmodum
1253 1955 1258 1967 ¹

93 2044 194 2112 etiam
225 2047 351 2114 notavit
373 2047 485 2115 Cicero
503 2044 572 2136 (r),
592 2046 732 2132 ideoque
761 2065 827 2114 non
855 2048 999 2114 multum
1029 2056 1215 2131 usurpatur.

94 2151 133 2218 Et
162 2153 244 2220 ratio
261 2163 322 2240 est,
340 2157 416 2239 quia
434 2155 514 2224 dum
538 2162 588 2221 tot
606 2165 830 2240 congeruntur
848 2155 1107 2238 propositiones,
1128 2154 1219 2218 iacile

92 2261 234 2344 irrepere
249 2272 387 2345 possunt
400 2262 677 2347 aequivocationes
692 2271 789 2346 atque
804 2261 1003 2328 assertiones
1016 2263 1122 2337 falsae,
1138 2261 1219 2344 quin

93 2369 319 2437 advertantur.
352 2369 404 2436 Sic
431 2371 509 2438 olim
539 2369 639 2436 Stoici
674 2370 825 2436 fallaciter
852 2370 1092 2435 concludebant
1119 2385 1218 2433 omne

93 2475 223 2542 bonum
236 2495 308 2544 esse
321 2479 498 2545 honestum
514 2477 547 2543 in
564 2478 814 2544 buncmodum:
829 2477 868 2544 Si
876 2478 1005 2554 bonane,
1024 2477 1121 2560 igitur
1137 2479 1220 2558 opta·

93 2563 385 2666 irradiatura,
404 2585 618 2668 amandum.
635 2583 673 2648 sa·
689 2585 908 2670 apennaam,
922 2584 1104 2670 agnitorem
1118 2583 1217 2649 eant.

92 2691 132 2758 Si
145 2691 328 2775 dignitatern
339 2691 441 2769 babet,
462 2689 620 2758 laudabile
632 2695 687 2757 est.
711 2690 751 2756 Si
766 2691 938 2769 laudabile,
964 2690 1134 2756 honestum.
1158 2690 1222 2774 lgi-

93 2802 151 2865 tar
174 2800 206 2865 si
230 2800 354 2879 bonum,
380 2801 536 2867 bonestum
558 2804 614 2867 est.
636 2799 698 2865 Ubi
718 2800 843 2871 ¹salsitas
864 2798 968 2865 tertiae
991 2798 1221 2883 propositionis

94 2908 214 2973 salsam
235 2907 339 2973 reddit
356 2906 601 2975 conclusionem
616 2904 679 2996 (2).
916 2908 920 2915 “

164 3012 197 3079 Si
215 3024 326 3081 autem
346 3015 474 3082 nullum
493 3016 577 3083 adsit
591 3014 710 3081 vitium
726 3014 759 3080 in
774 3014 913 3099 singulis
928 3012 1218 3098 propositionibus,

96 3133 175 3205 apta
194 3132 244 3189 est
263 3125 504 3208 argumentatio
523 3124 658 3201 sorites,
684 3124 822 3207 ejusque
848 3122 899 3189 vis
921 3121 1135 3189 concludendi
1156 3120 1223 3187 evi·

96 3228 406 3297 beatissimarum
433 3232 461 3298 si
479 3232 542 3297 sub
562 3232 667 3298 lorma
685 3228 894 3297 conditionali
914 3239 1134 3313 proponatur,
1154 3246 1224 3293 ma·

98 3336 215 3401 niieste
233 3335 381 3403 innititur
398 3337 440 3403 in¹
451 3339 564 3424 regula
582 3338 723 3423 septima
741 3336 1052 3421 consequentiarum
1072 3335 1223 3419 superius

96 3442 260 3527 exposita.
302 3452 305 3459 “

166 3548 198 3615 Si
217 3568 296 3617 vero
314 3570 355 3617 ex
374 3552 652 3637 propositionibus
666 3551 855 3637 categoricis
869 3550 1072 3627 conficiatur,
1092 3549 1221 3635 probari

96 3658 198 3725 etiam
219 3668 327 3742 potest
350 3662 421 3745 ejus
440 3660 612 3728 rectitudo.
633 3658 754 3735 Primo,
776 3658 854 3743 quia
877 3658 967 3725 facile
986 3658 1094 3725 reduci
1115 3648 1223 3745 potest

95 3766 140 3831 ad
159 3766 298 3832 lormam
318 3767 583 3835 conditionalem.
605 3766 740 3843 Deinde,
756 3766 834 3851 quia
853 3766 964 3853 negari
984 3766 1097 3849 nequit
1115 3766 1225 3851 subje-

95 3881 193 3941 ctum
212 3871 400 3941 identificari
418 3874 602 3941 cumomni
621 3893 752 3943 cocum
771 3893 839 3958 quo
855 3874 1085 3959 praedicatum,
1107 3892 1225 3958 quem-

95 3980 281 4047 admodum
299 3964 428 4049 cbnstat
455 4001 496 4048 ex
522 3980 700 4049 identitatis
727 4000 766 4048 ae
793 3981 1021 4067 discrepantia
1045 3980 1222 4068 principiis.

94 4090 169 4155 Nec
183 4088 305 4157 diutius
323 4089 357 4155 in
376 4108 411 4156 re
429 4090 525 4175 plana
543 4088 711 4159 immorari
727 4106 861 4157 necesse
879 4099 943 4157 est.

149 4197 225 4280 178.
266 4197 337 4279 Jam
357 4196 384 4264 si
403 4196 550 4267 intimius
578 4196 696 4264 sorites
723 4196 897 4264 artificium
922 4197 1059 4265 scrutari
1085 4197 1167 4264 velis
1192 4205 1226 4262 et

96 4302 325 4373 reductionem
352 4304 394 4373 ad
420 4304 653 4393 syllogismum
680 4323 917 4381 communem,
948 4305 1088 4372 observa
1111 4303 1145 4371 in
1163 4304 1226 4371 hac
1249 4315 1349 4361 uttan·
1360 4314 1432 4361 dete

134 4484 180 4549 (1)
214 4482 416 4541 Academicor.
431 4480 482 4540 lib.
499 4502 526 4553 a,
541 4500 604 4553 cap.
625 4481 668 4540 16.
1022 4544 1030 4560 ‚

134 4570 180 4641 (a)
214 4571 301 4643 Apud
317 4570 463 4641 Fonseea,
478 4570 580 4630 instit.
592 4572 724 4643 dialect,
739 4571 792 4633 lib.
803 4571 831 4641 6,
846 4590 911 4645 cap.
928 4588 953 4646 5,
972 4572 1015 4631 8.·
1027 4572 1145 4651 regula.
1161 4570 1225 4631 Cir.

96 4660 207 4721 sorites
219 4659 324 4734 Velleji
337 4661 416 4735 apud
437 4660 625 4733 Ciceronem,
648 4662 683 4721 dc
696 4662 813 4722 Natura
832 4662 1026 4735 deoram„lib.
1051 4684 1076 4734 1,
1096 4684 1159 4737 cap.
1184 4662 1227 4724 18:

96 4770 191 4824 quem
205 4748 294 4811 solvis
308 4748 396 4813 Cotta
411 4748 482 4815 ibid.
496 4768 560 4825 cap.
581 4769 625 4824 32·

1301 3034 1322 3072 el
1335 3025 1368 3071 via

1251 3098 1410 3166 ‘concludendir

1279 4241 1395 4288 artificium

1308 4395 1378 4433 ntur.
