3492 5525
544 435 606 517 726
666 435 789 498 Locren
805 432 1034 509 Maron-Lm.
1054 446 1114 494 aru
1127 418 1216 494 Drsn.
1235 441 1280 494 1.⁸
1295 430 1375 494 Cae.
1391 444 1463 512 4¹¹¹·

503 616 731 686 terminorum.
748 617 781 686 ld
799 620 888 702 quod
904 620 973 703 jam
987 619 1043 684 diu
1063 625 1230 683 notaverat
1250 613 1397 697 Aquinas
1415 614 1502 679 hisce
1516 608 1634 676 verbis
1733 586 1735 589 ⁵

507 725 579 792 Una
597 727 729 793 intentio
746 731 898 811 erigentes
914 731 948 791 et
960 726 1073 808 spms
1089 725 1224 792 diversis
1241 718 1455 808 respicimus(
1477 718 1507 805 ).

548 839 655 916 objic.
682 834 735 902 5.⁰
782 834 971 902 Universale
993 842 1044 899 est
1066 835 1225 900 terminus
1247 830 1398 898 secundae
1421 825 1634 894 intentionis.

504 940 605 1026 Atqui
637 941 798 1008 terminus
829 943 981 1010 secundae
1012 941 1202 1008 intentionis
1238 939 1392 1006 constitui
1423 935 1536 1019 nequit
1570 953 1637 1020 pet
1734 1002 1735 1009 ,

502 1048 725 1133 cognitionem
761 1050 974 1134 praecisivam3
1002 1049 1126 1134 quippe
1158 1066 1233 1132 quae
1260 1046 1399 1114 intentio
1430 1044 1535 1129 prima
1561 1050 1634 1118 est,
1734 1030 1735 1063 ¹

502 1157 644 1224 secunda
660 1176 737 1224 vero
756 1155 893 1224 intentio
912 1158 1119 1224 reflexionem
1136 1159 1302 1242 importat.
1318 1155 1445 1239 Ergo...

569 1271 674 1348 Resp.
700 1266 774 1331 dist.
811 1267 924 1352 Major.
957 1265 1144 1333 Universale
1172 1273 1222 1330 est
1251 1263 1410 1329 terminus
1439 1259 1637 1344 exprimens

502 1373 678 1438 secundam
697 1372 913 1439 intentionem
933 1373 1140 1458 objectivam,
1159 1393 1261 1448 conc„
1289 1370 1457 1436 formalem
1475 1367 1634 1442 ruodrut„

502 1480 682 1545 universale
704 1479 892 1546 absolutum
912 1491 967 1546 aut
991 1481 1251 1568 metaphysicum
1274 1481 1324 1544 vel
1343 1478 1515 1550 directum,
1534 1495 1633 1560 neg„
1736 1486 1738 1559 j

503 1589 673 1653 relativum
694 1607 731 1653 ac
748 1588 921 1665 reilexum,
935 1605 1022 1654 conc.
1736 1570 1737 1585 ¹

556 1695 607 1760 .Et
625 1697 809 1764 contradist.
829 1695 960 1774 Minori,
979 1715 1045 1779 neg.
1065 1714 1199 1779 conseq.

564 1797 797 1869 'Probationem
821 1822 955 1887 quoque
970 1803 1103 1870 Minoris
1121 1804 1267 1871 similiter
1283 1802 1376 1884 dist.;
1387 1802 1532 1888 cognitio
1544 1822 1636 1886 prae-

501 1910 602 1977 cisiva
620 1920 671 1977 est
690 1910 792 1995 prima
811 1911 948 1978 intentio
963 1913 1120 1988 formalis,
1140 1931 1227 1979 conc.
1246 1910 1419 1995 objectiva,
1438 1929 1511 1994 neg.

527 2095 537 2116 ι
569 2019 687 2086 Recole
706 2019 854 2103 superius
873 2019 1030 2104 explicata
1049 2017 1061 2107 (
1087 2018 1113 2106 ).

532 2131 653 2210 “obite
685 2135 732 2194 §.⁰
778 2129 902 2194 Natrrra
928 2127 1066 2192 marana
1092 2147 1125 2192 v.
1154 2146 1188 2212 g.
1215 2145 1272 2210 per
1292 2129 1395 2192 solam
1425 2125 1632 2211 praecisivam

501 2234 723 2320 cognitionem
743 2231 916 2309 intellecta,
933 2233 1038 2301 adhuc
1057 2243 1107 2301 est
1119 2234 1316 2310 indifferens,
1332 2244 1371 2302 ut
1383 2234 1427 2300 sit
1439 2235 1631 2328 subjeetum

502 2341 553 2406 vei
573 2341 794 2425 praedicatum,
816 2352 847 2408 et
867 2343 1001 2420 animal,
1022 2351 1057 2410 ut
1076 2343 1119 2408 sit
1132 2361 1232 2427 genus
1254 2344 1306 2408 vel
1324 2344 1448 2424 spect'es,
1470 2351 1570 2426 prout
1587 2345 1631 2408 ad

502 2447 647 2515 diversos
669 2449 829 2514 terminos
856 2451 1021 2516 referatur.
1042 2450 1126 2535 Ergo
1153 2449 1251 2516 debet
1278 2450 1426 2515 accedere
1453 2450 1567 2515 relatio
1596 2461 1631 2515 et

502 2557 701 2640 comparatio
715 2557 755 2622 ad
770 2558 848 2634 hoc,
862 2567 901 2624 ut
913 2556 995 2622 fiant
1011 2557 1265 2624 determinatum
1281 2558 1480 2634 universale,
1495 2556 1628 2640 species,

501 2666 553 2730 vel
565 2682 676 2748 genus,
696 2665 866 2753 subjectum
883 2667 935 2730 vel
946 2665 1163 2746 predicatum.

571 2779 675 2858 Reep.
696 2792 763 2856 neg.
784 2792 921 2857 conseq.
941 2775 1025 2840 Nam
1044 2774 1193 2857 exempla
1211 2781 1414 2860 oggeruntur
1433 2773 1630 2841 universalis

505 2880 625 2945 relativi
654 2900 690 2945 ac
719 2879 845 2945 reilexi:
876 2873 1148 2965 ideoquesolum
1172 2881 1328 2965 probatur
1351 2892 1439 2948 certa
1470 2884 1629 2965 quaedam

504 2988 713 3064 universalia,
734 3006 809 3072 quae
829 3007 949 3074 nempe
967 2990 1194 3074 concipiuntur
1213 2998 1249 3056 ut
1265 2990 1410 3067 relativa,
1426 2998 1460 3056 et
1473 2992 1628 3059 ordinem

504 3098 545 3162 ad
563 3096 650 3161 aliud
670 3095 838 3171 habentia,
864 3114 960 3181 egere
978 3096 1237 3180 comparatione,
1264 3096 1400 3163 minime
1418 3107 1530 3163 autem
1551 3118 1629 3183 pro·

502 3205 599 3271 batur
618 3203 797 3269 universale
816 3204 883 3270 ve‘ri
903 3204 1045 3270 nominis
1065 3207 1191 3270 nullum
1211 3205 1319 3271 haberi
1335 3224 1431 3291 posse
1448 3226 1506 3291 per
1519 3209 1628 3275 solam

503 3311 724 3398 cognitionem
743 3311 955 3395 praecisivam.

913 3558 1113 3645 CAPUT
1141 3560 1213 3645 lV.

619 3744 726 3807 DE
749 3740 1506 3813 PROPRIETATIRUS

724 3874 783 3939 ΕΤ
809 3872 1050 3938 DIVISIONE
1079 3872 1399 3939 UNIVERSALIS.

570 4071 700 4143 Restat,
724 4066 924 4133 utbreviter
949 4064 1207 4151 perstringamus
1228 4064 1406 4151 praecipuas
1429 4068 1625 4137 universalis

502 4176 731 4262 proprietates,
767 4192 832 4240 non
862 4191 917 4239 eas
948 4173 1099 4256 quidem,
1130 4191 1205 4257 quae
1236 4175 1358 4240 naturis
1385 4174 1624 4245 universalibus

501 4284 683 4352 secundum
703 4302 738 4349 se
757 4281 926 4367 spectatis,
947 4280 1095 4358 sedeas,
1115 4300 1190 4366 quae
1209 4280 1342 4359 iisdem,
1362 4292 1525 4367 quatenus
1542 4296 1625 4353 sunt

501 4393 719 4467 universales,
739 4386 951 4457 conveniunt.

535 4558 575 4619 (1)
612 4550 645 4609 S.
666 4551 784 4619 Thom,
805 4548 915 4619 opusc.
940 4557 982 4605 2.⁶
1001 4548 1036 4605 de
1057 4548 1223 4619 Universal,
1239 4549 1314 4609 eirca
1336 4550 1413 4608 med.
1437 4548 1501 4609 etr.
1519 4550 1624 4624 Suam,

497 4640 572 4713 disp.
590 4642 717 4714 Metapi.
731 4640 759 4709 6,
775 4652 843 4698 sect.
858 4638 887 4704 8,
902 4657 930 4695 n.
945 4655 959 4709 5
975 4656 1055 4709 seqq.

534 4736 574 4797 (a)
612 4730 645 4789 ln
660 4730 714 4787 hae
728 4728 805 4800 disp.
820 4747 850 4785 n.
870 4728 929 4799 167.
