3492 5525
286 496 401 559 Aurio.
429 494 879 573 1.¹¹·Qu1oerouorur>r.ex
901 515 1082 562 evroeurra
1151 512 1212 581 513.

122 685 159 740 et
176 676 342 759 cognosci,
367 686 399 743 et
432 676 477 743 sic
499 696 671 744 assensum
700 678 819 747 mentis
841 679 1056 746 determinare
1087 698 1145 764 per
1162 678 1250 763 seip

122 801 201 849 sum
225 781 291 871 (r).

167 886 226 975 w69.
274 892 320 959 Ex
338 911 403 976 quo
427 893 520 977 sequi
538 893 665 963 videtur
684 894 882 963 evidentiam
897 894 931 959 in
945 895 1074 980 objecto
1085 894 1249 980 praecipue
1273 908 1453 958 unanimi-ano

124 996 255 1063 desumi
270 1018 327 1083 per
340 1000 487 1066 ordinem
507 1001 547 1068 ad
561 1001 773 1069 intellectum.
791 1002 829 1067 Et
847 1003 928 1069 ratio
941 1011 1009 1077 est,
1021 1000 1251 1085 'quiaeviden-
1302 982 1429 1109 ἰξήξζῇῗζο
1454 1031 1457 1035 ’

123 1105 170 1169 tia
197 1106 360 1173 enascitur
387 1127 427 1175 ex
452 1109 592 1185 lumine,
622 1111 734 1175 lumen
760 1119 872 1178 autem
893 1110 925 1175 in
950 1109 1191 1194 cognitionibus
1217 1120 1251 1181 et
1313 1102 1426 1169 mutet?

125 1213 262 1297 objectis
280 1213 548 1283 intellectualibus
566 1218 699 1283 tandem
719 1216 759 1283 ad
778 1218 933 1283 virtutem
957 1215 1140 1286 intellectus
1159 1235 1251 1284 revo-

124 1331 233 1396 catur,
255 1320 309 1386 illa
330 1312 420 1387 enim‘
437 1332 503 1399 est,
524 1342 597 1408 quae
620 1324 838 1391 abstrahendo
856 1324 981 1409 species
1004 1345 1023 1391 a
1041 1326 1253 1409 phantasma-

125 1426 213 1495 tibus
242 1430 368 1515 objecta
395 1430 499 1498 reddit
526 1432 736 1517 intelligibilia
763 1430 796 1497 in
824 1442 916 1507 actu,
945 1432 972 1499 si
1001 1450 1111 1499 sermo
1138 1432 1180 1499 sit
1210 1433 1251 1498 de

123 1536 396 1613 enuntiabilibus,
422 1558 496 1621 quae
523 1538 720 1610 immediatis
743 1540 871 1625 judiciis
896 1538 1137 1623 exprimuntur.
1165 1540 1253 1605 Con·

124 1643 291 1709 clusiones
318 1664 395 1710 vero
420 1646 587 1713 evidentes
611 1646 672 1713 illae
704 1656 798 1722 sunt,
830 1665 905 1729 que
928 1648 970 1714 ab
1001 1647 1168 1715 intellectu
1194 1664 1255 1731 per,

124 1751 374 1834 applicationem
401 1767 437 1817 ac
460 1754 571 1819 lumen
597 1752 824 1839 principiorum
853 1753 953 1819 videri
979 1765 1131 1837 possunt.
1158 1755 1251 1819 Unde

125 1859 256 1924 videtur
275 1859 366 1943 sequi
385 1880 519 1929 omnem
539 1862 672 1928 tandem
696 1861 892 1928 evidentiam
912 1861 1105 1947 objectivam
1124 1878 1182 1944 per
1200 1879 1253 1925 or·
1364 1938 1368 1944 g

125 1966 238 2032 dinem
254 1967 295 2032 ad
314 1968 467 2035 virtutem
483 1989 518 2034 ac
533 1970 643 2035 lumen
659 1960 875 2035 intellectuale
889 1969 949 2035 dici
966 1966 1029 2056 (a).
1048 1968 1140 2035 Sicut
1152 1968 1250 2033 etiam
1334 1996 1338 2003 ’
1361 2009 1365 2017 -
1429 1996 1433 2003 ·

126 2075 310 2159 objectum,
336 2076 506 2160 supposito
529 2076 669 2152 lumine,
699 2077 815 2143 dicitur
833 2078 918 2143 clare
941 2075 1066 2143 visibile
1085 2094 1143 2159 per
1167 2075 1254 2140 ordi·
1368 2144 1372 2151 ,

127 2200 204 2246 nem
229 2182 271 2247 ad
290 2182 426 2249 visivam
445 2183 599 2249 virtutem
619 2204 655 2249 ac
677 2183 972 2269 perspicacitatem,
993 2201 1068 2266 quae
1087 2184 1251 2267 objectum
1334 2221 1337 2225 ι

126 2289 205 2354 illud
229 2290 263 2353 in
289 2308 324 2355 se
351 2290 499 2357 distincte
523 2291 680 2375 attingere
703 2293 819 2363 valeat.
846 2290 884 2357 Et
907 2293 976 2356 haec
1002 2290 1131 2357 videtur
1152 2289 1253 2356 etiam·

125 2414 240 2472 causa,
262 2416 318 2462 cur
333 2416 435 2463 unum
455 2398 607 2481 idemque
625 2399 806 2483 objectum,
821 2400 913 2493 quod
932 2399 987 2463 uni
1006 2406 1057 2463 est
1075 2398 1250 2463 obscurum

127 2514 158 2569 et
178 2505 364 2581 inevidens‚
382 2506 471 2571 alteri
490 2505 531 2571 sit
549 2506 698 2581 evidens,
715 2507 758 2572 ob
778 2506 995 2591 potentiorem
1011 2524 1131 2589 nempe
1150 2506 1260 2571 virtu-2

126 2623 194 2678 tem
218 2614 421 2701 intellectus,
442 2613 524 2679 sicut
547 2634 649 2681 unum
675 2614 827 2697 idemque
853 2614 1019 2699 objectum
1041 2614 1165 2680 visibile
1189 2615 1252 2681 sub

126 2721 244 2787 eodem
270 2720 395 2787 lumine
418 2732 567 2799 externo,
589 2724 629 2788 ab
653 2722 721 2794 aliis
741 2723 822 2788 clare
846 2722 990 2799 videtur,
1016 2721 1056 2786 ab
1079 2721 1148 2788 aliis
1173 2739 1251 2788 vero

126 2847 212 2903 non,
234 2848 294 2912 pro
312 2828 464 2895 varietate
483 2829 593 2898 visivae
612 2830 754 2898 virtutis.

172 2955 227 3020 70.
277 2936 439 3019 Explicata
458 2937 580 3004 ratione
598 2937 769 3004 evidentiae
783 2936 971 3023 objectivae,
984 2937 1053 3022 jam
1070 2935 1190 3002 nullius
1202 2945 1251 3002 est

124 3044 252 3132 negotii
271 3043 466 3110 evidentiam
486 3044 682 3130 cognitionis
706 3045 880 3113 declarare.
904 3047 988 3112 Nam
1017 3044 1162 3131 cognitio
1185 3046 1252 3112 evi-

124 3155 211 3219 dens
232 3152 293 3216 alia
310 3169 382 3218 esse
402 3171 466 3224 uon
492 3161 617 3237 potest,
646 3152 707 3219 nisi
736 3173 789 3232 ea,
816 3173 895 3239 quae*
915 3154 1036 3238 paritur
1058 3154 1099 3219 ab
1123 3153 1251 3240 objecto

125 3260 291 3334 evidenti,
304 3260 345 3325 ad
363 3259 508 3344 illudque
518 3259 726 3344 terminatur;
749 3263 799 3330 vel
820 3261 979 3348 cognitio,
999 3281 1064 3345 qua
1083 3261 1250 3347 objectum
1320 3337 1324 3342 ⁸

125 3371 173 3436 ita
192 3367 286 3454 inse
314 3367 385 3452 ipso
410 3367 594 3452 inspicitur,
625 3377 662 3435 ut
685 3371 726 3434 ad
755 3368 840 3437 illius
866 3387 1038 3436 assensum
1063 3389 1159 3436 mens
1184 3389 1251 3437 non

124 3475 261 3542 aliunde
275 3475 521 3543 determinetur.
543 3475 580 3542 Et
596 3477 751 3560 quoniam
771 3476 916 3563 cognitio
932 3479 982 3544 vel
1001 3486 1052 3542 est
1063 3477 1252 3560 simpliciter

124 3584 364 3670 apprehensiva
383 3584 434 3650 vel
449 3583 641 3670 judicativa,
657 3583 714 3650 illa
726 3594 775 3652 est
789 3587 1004 3670 apprehensio
1014 3586 1165 3664 evidens,
1177 3605 1252 3670 quae

124 3694 173 3760 ita
192 3701 404 3774 repraesentat
427 3692 584 3758 terminos
607 3692 740 3778 alicujus
765 3692 989 3771 enuntiabilis,
1011 3702 1047 3760 ut
1069 3693 1155 3764 illico
1179 3713 1254 3779 pro-

125 3800 272 3869 nuntiari
292 3800 393 3883 possit
406 3799 533 3882 absque
547 3799 608 3865 alio
624 3801 749 3869 motivo
757 3801 917 3886 judiciuin
931 3812 1058 3868 certum
1069 3801 1110 3866 de
1122 3802 1252 3868 illorum

123 3907 300 3976 identitate
322 3926 358 3971 ac
376 3905 609 3992 discrepantia;
640 3909 719 3975 illud
743 3928 820 3976 vero
848 3919 899 3976 est
921 3908 1081 3995 judicium
1104 3907 1250 3987 evidens,

122 4015 220 4100 quod
245 4023 303 4080 aut
327 4033 368 4080 ex
387 4015 457 4080 sola
481 4014 697 4084 terminorum
721 4017 981 4102 apprehensione
1004 4017 1251 4096 determinatur,

123 4189 397 4206 -u—n———n

162 4253 205 4316 (r)
244 4247 314 4304 Haec
327 4259 371 4304 est
384 4245 472 4303 etiarn
489 4265 572 4306 mens
586 4247 693 4306 Eximit
707 4247 854 4316 Doctoris,
871 4264 905 4310 ut
917 4247 1064 4323 colligitur
1077 4269 1111 4308 ex
1125 4249 1172 4308 his
1185 4271 1254 4309 ver·

121 4341 187 4400 bis:
204 4337 376 4396 Intellectus
396 4357 453 4394 non
473 4338 680 4396 determinatur
702 4359 739 4397 cx
762 4341 934 4398 necessitate
957 4341 994 4397 od
1009 4339 1171 4415 judicium,
1195 4341 1257 4400 uisi

122 4429 224 4489 media
238 4426 392 4484 evidentia:
398 4427 445 4482 rei
458 4427 596 4500 cognite,
611 4437 643 4486 ut
655 4430 839 4501 experientia
853 4430 921 4504 ipse
934 4431 1016 4487 docet
1032 4438 1060 4487 et
1074 4432 1168 4498 ratio:
1185 4431 1256 4503 quia

120 4523 235 4593 absque
249 4517 400 4574 euidentia
409 4514 549 4589 objectum
562 4537 619 4576 non
627 4523 752 4592 perfecte
762 4520 930 4594 applicatur
938 4521 1085 4593 potentiae,
1100 4528 1133 4576 ur
1144 4539 1208 4577 eom
1218 4521 1256 4578 ad

120 4631 156 4670 se
170 4629 213 4669 ex
225 4607 400 4664 necessitate
409 4606 508 4664 trater
518 4625 552 4666 ac
561 4609 728 4666 determinet
739 4608 826 4681 (disp.
843 4631 871 4682 7.
888 4610 1021 4685 Metapa.
1037 4622 1105 4669 sect.
1122 4631 1151 4680 a,
1166 4629 1196 4669 u.
1211 4611 1253 4678 6).

159 4705 205 4768 (a)
242 4695 319 4754 Vide
333 4693 366 4754 S.
381 4695 498 4767 Thous„
511 4698 547 4756 de
569 4696 658 4757 Veni.
674 4711 779 4769 quaest.
797 4720 839 4769 rr,
853 4712 910 4759 art.
928 4711 977 4770 ιθ,
992 4706 1031 4772 3!
1044 4699 1113 4759 dist.
1130 4719 1164 4773 23
1179 4721 1208 4772 q.
1225 4721 1254 4771 a,

120 4813 150 4852 a.
168 4810 197 4848 2.
216 4786 305 4848 solut.
325 4806 347 4844 ι.
776 4809 778 4814 ’

1171 4907 1207 4974 33
