3492 5525
1259 254 1265 289 ἰ
1293 306 1297 314 .

267 450 383 517 Anne.
403 464 462 536 5³¹·
475 450 644 530 Quonooo
658 470 778 517 conca.
796 471 962 519 arsinoas
975 470 1161 521 aaamssas
1181 452 1239 539 843

156 640 271 702 movet
288 634 398 701 medio
416 635 479 701 alio
497 646 569 701 actu
594 634 816 721 precedente:
838 636 871 705 id
899 638 989 704 enim
1007 655 1095 722 saepe
1120 635 1280 723 contingit

143 741 188 827 ¹in
208 740 333 809 actibus
351 740 517 827 imperatis
535 743 713 811 voluntatis
732 752 766 809 et
784 744 816 811 in
841 744 994 811 humanis
1017 743 1200 812 actionibus
1223 763 1280 811 ex·

154 846 295 915 ternis».
307 850 377 916 Hoc
385 858 496 916 tamen
509 853 617 917 locum
634 850 752 917 habere
767 850 881 935 nequit
894 852 927 918 in
942 862 1033 927 actu,
1052 851 1135 935 «qui
1150 852 1278 921 nullum

154 954 241 1022 aliud
260 955 399 1049 attingat
416 958 578 1025 motivum
598 976 655 1025 seu
676 959 811 1026 formale
830 957 996 1045 objectum
1015 957 1076 1025 sibi
1096 956 1277 1036 sufficiens,

154 1062 316 1148 praecipue
329 1082 408 1131 vero
422 1064 455 1130 in
470 1082 605 1133 assensu
620 1065 817 1143 discursivo,
833 1065 890 1150 qui
906 1065 1057 1151 peculiari
1071 1065 1167 1135 titulo
1181 1066 1279 1133 debet

154 1188 227 1237 esse
246 1170 410 1239 rationalis
425 1170 597 1240 intrinsece
615 1192 652 1239 ac
678 1173 803 1240 ratione
821 1173 886 1239 sui.
907 1171 1015 1249 Quare
1034 1172 1278 1259 praemissarum

153 1277 317 1362 objectum
338 1288 488 1364 respectu
513 1280 731 1348 conclusionis
750 1292 781 1347 et
805 1290 855 1348 est
872 1279 1040 1366 objectum
1069 1282 1205 1347 formale
1230 1281 1280 1347 in·

154 1385 331 1453 trinsecum
350 1404 410 1453 seu
429 1386 692 1467 ternrinativum,
712 1397 745 1453 et
763 1388 862 1455 simtd
876 1386 1041 1455 motivum
1056 1387 1277 1455 extrinsecum

153 1488 242 1579 (licet
261 1512 327 1560 non
343 1492 438 1583 pure)
453 1504 617 1580 quatenus
632 1495 749 1563 mediis
764 1496 940 1581 praemissis
955 1494 1156 1562 intellectum
1173 1496 1279 1562 deter-

153 1598 256 1665 minat
274 1601 315 1667 ad
332 1602 577 1669 conclusionem
597 1602 812 1671 eliciendam»
832 1600 897 1691 (ι).

218 1712 375 1777 Secunda
392 1732 473 1794 pars
492 1710 722 1797 propositionis
747 1718 897 1777 constare
915 1709 1044 1777 videtur
1067 1709 1275 1795 experientia,

152 1832 226 1897 quae
244 1822 398 1893 testatur,
419 1818 571 1903 quamvis
591 1817 718 1903 possint
742 1837 782 1884 ex
802 1818 939 1903 imperio
957 1816 1136 1884 voluntatis
1157 1817 1275 1885 iterum

151 1921 183 1986 in
204 1940 340 1989 assensu
369 1925 589 1991 conclusionis
609 1904 709 2010 repeti
728 1934 828 2008 atque
854 1924 1008 1991 affirmari
1026 1925 1176 2010 explicite
1195 1943 1278 2011 prae-

150 2031 277 2106 missa,
296 2032 456 2099 ordinarie
475 2040 586 2099 tamen
606 2033 638 2100 id
657 2051 724 2099 non
742 2032 824 2101 fieri.
846 2030 1014 2101 Ordinarie
1039 2026 1188 2118 'namque
1215 2032 1275 2101 soli

151 2132 284 2223 objectet
311 2140 531 2207 conclusionis
564 2141 734 2208 adhibetur
770 2158 942 2217 assensus,
981 2141 1055 2208 licet
1087 2141 1275 2226 hujusmodi

151 2264 306 2315 assensus
326 2264 392 2313 non
411 2248 525 2315 tendat
542 2247 585 2314 ad
602 2266 702 2315 suum
722 2247 801 2314 illud
828 2248 1012 2333 objectum,
1033 2248 1094 2315 nisi
1111 2257 1276 2333 quatenus

150 2353 340 2438 dependens
357 2373 377 2419 a
395 2354 583 2439 praemissis.
605 2355 689 2433 Qnae
706 2372 804 2423 causa
823 2363 890 2431 est,
914 2373 972 2421 cur
990 2356 1157 2423 conclusio
1180 2354 1277 2422 attin·

149 2470 207 2545 gat
223 2461 394 2530 intrinsece
413 2482 450 2531 ac
469 2462 649 2529 formaliter
668 2462 853 2548 premissas
872 2472 907 2531 ut
925 2463 1084 2529 rationem
1104 2463 1275 2531 formalem
1364 2498 1373 2521 =
1426 2457 1430 2465 ’

149 2570 201 2636 sui
220 2586 391 2646 assensus,
412 2578 512 2655 atque
532 2571 613 2639 adeo
632 2572 671 2640 ut
686 2588 760 2655 quo.

478 2728 674 2798 Sotvumun
697 2705 944 2799 nrrrrcutrares.
1017 2776 1021 2785 ·

193 2910 271 2980 ²30·
319 2900 428 2979 Objic.
451 2900 499 2962 1.⁰
518 2892 553 2960 st
568 2911 643 2959 vera
661 2893 744 2960 foret
762 2903 873 2960 nostra
890 2893 1069 2960 sententia:
1087 2891 1123 2982 a)
1137 2911 1178 2962 ex
1195 2913 1276 2980 prae-
1377 2969 1382 2976 ,

149 2999 258 3067 missis
284 2999 474 3089 categoricis
500 3017 566 3066 non
597 2999 766 3066 inferretur
793 3001 959 3068 conclusio
985 3001 1188 3087 categorica,
1213 3001 1275 3082 sed

148 3107 369 3196 hypothetica.
389 3109 474 3176 Nam
493 3109 520 3176 si
539 3107 704 3176 conclusio
719 3105 892 3186 reflectitur
905 3107 939 3174 in
954 3106 1159 3193 praemissas,
1174 3111 1274 3197 syllo·

146 3214 244 3300 gismi
276 3217 374 3302 hujus
404 3216 582 3284 conclusio:
618 3214 718 3282 Omna
750 3215 873 3282 aninral
904 3219 954 3282 est
984 3217 1179 3285 suostanru:
1211 3216 1277 3284 Sed

147 3322 235 3388 homo
252 3327 299 3390 est
313 3322 450 3390 animi:
469 3325 551 3408 Ergo
565 3323 652 3389 honio
665 3323 917 3399 estsubstantr'a,
943 3341 1054 3408 reapse
1079 3333 1166 3392 esset
1190 3325 1271 3392 haec:

148 3429 230 3514 Ergo
242 3430 333 3498 lamo
342 3429 680 3520 estsuosanria„qua
696 3431 783 3496 homo
796 3431 991 3508 estanimal,
1007 3434 1142 3497 alanne
1153 3432 1276 3498 animal

146 3542 193 3604 est
204 3538 395 3605 subsanna:
408 3536 443 3626 β)
457 3538 579 3604 Deinde
593 3538 620 3604 si
635 3537 749 3604 eadem
764 3537 924 3604 doctrirna
937 3556 1013 3604 vera
1026 3548 1129 3614 esset,
1145 3539 1274 3607 medius

147 3647 308 3712 terminus
326 3645 548 3732 ingrederetur
565 3646 829 3720 conclusionem,
849 3656 965 3713 contra
984 3647 1114 3732 regulas
1131 3647 1274 3715 dialecti-

146 3773 212 3820 cas.
234 3754 325 3820 Patet
348 3753 382 3820 id
398 3753 430 3820 in
450 3755 547 3818 allato
566 3753 736 3836 exemplo,
760 3753 815 3818 ubi
835 3752 927 3820 vides
946 3754 1125 3823 terminum
1151 3755 1277 3822 aninral

152 3861 283 3946 reperiri
293 3861 325 3926 in
338 3860 547 3928 conclusione
563 3871 735 3944 tamquam
752 3872 878 3945 partem
895 3861 1065 3946 utriusque
1078 3863 1269 3948 praernissae,

147 3969 346 4036 continentis
365 3969 523 4036 rationem
543 3987 580 4034 ac
599 3969 763 4034 motivum
783 3967 870 4036 illius
887 3986 1054 4036 assensus.

213 4084 318 4161 Resp.
340 4077 380 4142 ad
399 4074 456 4164 a),
476 4095 544 4161 neg.
567 4083 741 4142 assertum.
760 4074 900 4144 Necesse
919 4077 1006 4143 enirn
1026 4085 1159 4144 nonest
1177 4077 1272 4144 ratio-

148 4203 224 4252 nem
244 4184 426 4252 affirmandi
441 4183 590 4277 explicite
603 4183 757 4250 affirmari
772 4202 830 4270 per
839 4202 1013 4252 assensum
1027 4183 1153 4270 ipsum,
1169 4203 1270 4272 quem

147 4290 363 4370 determinat,
383 4293 456 4358 licet
476 4292 517 4358 ab
535 4310 576 4358 eo
594 4292 786 4376 attingatur.
801 4292 835 4358 ld
853 4293 944 4376 quod
963 4301 1052 4377 patet
1070 4292 1121 4359 vel
1140 4293 1173 4358 in
1191 4292 1271 4378 ipsis

146 4398 425 4486 propositionibus
439 4398 650 4466 immediatis.
668 4397 719 4466 Sic
737 4415 815 4466 curn
835 4397 968 4465 asseris:
990 4398 1272 4488 Tourmestmajus

143 4526 203 4574 sua
217 4511 322 4590 parte,
345 4505 426 4573 ratio
445 4523 599 4575 assensus
625 4515 677 4573 est
701 4505 927 4572 convenientia
952 4509 1003 4572 vel
1031 4505 1183 4576 identitas
1206 4515 1271 4574 ter·

179 4739 221 4812 (ι)
257 4737 396 4810 banda,
412 4738 464 4797 loc.
480 4736 531 4797 cit.
546 4757 610 4810 cap.
626 4755 652 4811 4,
671 4755 701 4796 n.
721 4755 780 4795 roa.
