<?xml version="1.0" encoding="UTF-8"?>
<!DOCTYPE html PUBLIC "-//W3C//DTD XHTML 1.0 Transitional//EN"
    "http://www.w3.org/TR/xhtml1/DTD/xhtml1-transitional.dtd">
<html xmlns="http://www.w3.org/1999/xhtml" xml:lang="en" lang="en">
 <head>
  <title>
</title>
<meta http-equiv="Content-Type" content="text/html;charset=utf-8" />
  <meta name='ocr-system' content='tesseract 3.04.00' />
  <meta name='ocr-capabilities' content='ocr_page ocr_carea ocr_par ocr_line ocrx_word'/>
</head>
<body>
  <div class='ocr_page' id='page_1' title='image "./institutionesph00urrgoog/institutionesph00urrgoog_0267.png"; bbox 0 0 3492 5525; ppageno 0'>
   <div class='ocr_carea' id='block_1_1' title="bbox 406 427 1196 510">
    <p class='ocr_par' dir='ltr' id='par_1_1' title="bbox 406 427 1196 510">
     <span class='ocr_line' id='line_1_1' title="bbox 406 427 1196 510; baseline -0.004 -18"><span class='ocrx_word' id='word_1_1' title='bbox 406 430 525 494; x_wconf 79' lang='lat' dir='ltr'><em>Anrrc.</em></span> <span class='ocrx_word' id='word_1_2' title='bbox 551 441 608 510; x_wconf 66' lang='lat' dir='ltr'><em>so*</em></span> <span class='ocrx_word' id='word_1_3' title='bbox 629 429 680 492; x_wconf 78' lang='lat' dir='ltr'><em>Du</em></span> <span class='ocrx_word' id='word_1_4' title='bbox 699 427 947 494; x_wconf 75' lang='lat' dir='ltr'><em>Pnonosrrroun</em></span> <span class='ocrx_word' id='word_1_5' title='bbox 1138 445 1196 510; x_wconf 77' lang='lat'><em>²43</em></span> 
     </span>
    </p>
   </div>
   <div class='ocr_carea' id='block_1_2' title="bbox 7 609 1428 1448">
    <p class='ocr_par' dir='ltr' id='par_1_2' title="bbox 7 609 1428 1448">
     <span class='ocr_line' id='line_1_2' title="bbox 115 609 1234 696; baseline -0.002 -18"><span class='ocrx_word' id='word_1_6' title='bbox 115 616 194 694; x_wconf 85' lang='lat' dir='ltr'><em>tem,·</em></span> <span class='ocrx_word' id='word_1_7' title='bbox 205 613 279 677; x_wconf 86' lang='lat' dir='ltr'><em>inde</em></span> <span class='ocrx_word' id='word_1_8' title='bbox 295 615 356 690; x_wconf 85' lang='lat' dir='ltr'><em>est,</em></span> <span class='ocrx_word' id='word_1_9' title='bbox 373 613 458 696; x_wconf 78' lang='lat' dir='ltr'><em>quod</em></span> <span class='ocrx_word' id='word_1_10' title='bbox 473 611 509 676; x_wconf 93' lang='lat' dir='ltr'><em>iu</em></span> <span class='ocrx_word' id='word_1_11' title='bbox 519 613 610 677; x_wconf 87' lang='lat' dir='ltr'><em>nulla</em></span> <span class='ocrx_word' id='word_1_12' title='bbox 620 629 728 678; x_wconf 80' lang='lat' dir='ltr'><em>eanum</em></span> <span class='ocrx_word' id='word_1_13' title='bbox 740 609 901 678; x_wconf 75' lang='lat' dir='ltr'><em>invenitor</em></span> <span class='ocrx_word' id='word_1_14' title='bbox 915 612 1090 677; x_wconf 83' lang='lat' dir='ltr'><em>verum-vet</em></span> <span class='ocrx_word' id='word_1_15' title='bbox 1098 611 1234 694; x_wconf 82' lang='lat' dir='ltr'><em>salsum,</em></span> 
     </span>
     <span class='ocr_line' id='line_1_3' title="bbox 115 717 1236 804; baseline -0.004 -18"><span class='ocrx_word' id='word_1_16' title='bbox 115 722 174 786; x_wconf 87' lang='lat' dir='ltr'><em>sed</em></span> <span class='ocrx_word' id='word_1_17' title='bbox 183 722 285 786; x_wconf 79' lang='lat' dir='ltr'><em>sotrum</em></span> <span class='ocrx_word' id='word_1_18' title='bbox 296 719 333 784; x_wconf 91' lang='lat' dir='ltr'><em>in</em></span> <span class='ocrx_word' id='word_1_19' title='bbox 348 718 559 795; x_wconf 74' lang='lat' dir='ltr'><em>enuntiativa,</em></span> <span class='ocrx_word' id='word_1_20' title='bbox 574 737 644 804; x_wconf 78' lang='lat' dir='ltr'><em>pera</em></span> <span class='ocrx_word' id='word_1_21' title='bbox 655 717 815 803; x_wconf 57' lang='lat' dir='ltr'><em>mutuat</em></span> <span class='ocrx_word' id='word_1_22' title='bbox 825 719 871 797; x_wconf 87' lang='lat' dir='ltr'><em>id,</em></span> <span class='ocrx_word' id='word_1_23' title='bbox 885 719 968 803; x_wconf 85' lang='lat' dir='ltr'><em>quod</em></span> <span class='ocrx_word' id='word_1_24' title='bbox 980 720 1019 784; x_wconf 90' lang='lat' dir='ltr'><em>de</em></span> <span class='ocrx_word' id='word_1_25' title='bbox 1031 718 1121 784; x_wconf 81' lang='lat' dir='ltr'><em>retus</em></span> <span class='ocrx_word' id='word_1_26' title='bbox 1134 718 1236 787; x_wconf 68' lang='lat' dir='ltr'><em>comt</em></span> 
     </span>
     <span class='ocr_line' id='line_1_4' title="bbox 114 825 1238 910; baseline -0.002 -18"><span class='ocrx_word' id='word_1_27' title='bbox 114 828 215 909; x_wconf 64' lang='lat' dir='ltr'><em>pitrcm</em></span> <span class='ocrx_word' id='word_1_28' title='bbox 228 827 352 892; x_wconf 78' lang='lat' dir='ltr'><em>Etinrde</em></span> <span class='ocrx_word' id='word_1_29' title='bbox 362 829 424 903; x_wconf 84' lang='lat' dir='ltr'><em>est,</em></span> <span class='ocrx_word' id='word_1_30' title='bbox 437 827 521 910; x_wconf 82' lang='lat' dir='ltr'><em>quod</em></span> <span class='ocrx_word' id='word_1_31' title='bbox 532 844 637 892; x_wconf 86' lang='lat' dir='ltr'><em>omnes</em></span> <span class='ocrx_word' id='word_1_32' title='bbox 647 826 704 891; x_wconf 89' lang='lat' dir='ltr'><em>isti</em></span> <span class='ocrx_word' id='word_1_33' title='bbox 715 827 801 893; x_wconf 88' lang='lat' dir='ltr'><em>modi</em></span> <span class='ocrx_word' id='word_1_34' title='bbox 809 825 1002 904; x_wconf 85' lang='lat' dir='ltr'><em>orationum,</em></span> <span class='ocrx_word' id='word_1_35' title='bbox 1017 826 1053 890; x_wconf 89' lang='lat' dir='ltr'><em>iu</em></span> <span class='ocrx_word' id='word_1_36' title='bbox 1063 825 1175 910; x_wconf 71' lang='lat' dir='ltr'><em>quibem</em></span> <span class='ocrx_word' id='word_1_37' title='bbox 1188 826 1238 890; x_wconf 92' lang='lat' dir='ltr'><em>iu-</em></span> 
     </span>
     <span class='ocr_line' id='line_1_5' title="bbox 115 931 1354 1018; baseline -0.001 -20"><span class='ocrx_word' id='word_1_38' title='bbox 115 934 244 999; x_wconf 84' lang='lat' dir='ltr'><em>venitur</em></span> <span class='ocrx_word' id='word_1_39' title='bbox 259 951 368 1000; x_wconf 89' lang='lat' dir='ltr'><em>verum</em></span> <span class='ocrx_word' id='word_1_40' title='bbox 387 935 439 999; x_wconf 84' lang='lat' dir='ltr'><em>vet</em></span> <span class='ocrx_word' id='word_1_41' title='bbox 445 931 586 1017; x_wconf 83' lang='lat' dir='ltr'><em>falsum,</em></span> <span class='ocrx_word' id='word_1_42' title='bbox 609 934 666 1001; x_wconf 77' lang='lat' dir='ltr'><em>sut</em></span> <span class='ocrx_word' id='word_1_43' title='bbox 683 933 895 1000; x_wconf 76' lang='lat' dir='ltr'><em>enuntiatione</em></span> <span class='ocrx_word' id='word_1_44' title='bbox 910 933 1124 1011; x_wconf 83' lang='lat' dir='ltr'><em>continentur,</em></span> <span class='ocrx_word' id='word_1_45' title='bbox 1144 951 1237 1018; x_wconf 79' lang='lat' dir='ltr'><em>quarn</em></span> <span class='ocrx_word' id='word_1_46' title='bbox 1352 937 1354 942; x_wconf 86' lang='lat'>&#39;</span> 
     </span>
     <span class='ocr_line' id='line_1_6' title="bbox 115 1040 1238 1124; baseline 0.002 -20"><span class='ocrx_word' id='word_1_47' title='bbox 115 1041 245 1124; x_wconf 75' lang='lat' dir='ltr'><em>qnidam</em></span> <span class='ocrx_word' id='word_1_48' title='bbox 261 1040 374 1107; x_wconf 88' lang='lat' dir='ltr'><em>dicunt</em></span> <span class='ocrx_word' id='word_1_49' title='bbox 390 1040 592 1106; x_wconf 78' lang='lat' dir='ltr'><em>indicativam</em></span> <span class='ocrx_word' id='word_1_50' title='bbox 609 1043 661 1106; x_wconf 89' lang='lat' dir='ltr'><em>vet</em></span> <span class='ocrx_word' id='word_1_51' title='bbox 675 1040 907 1124; x_wconf 78' lang='lat' dir='ltr'><em>suppositivam.</em></span> <span class='ocrx_word' id='word_1_52' title='bbox 932 1041 1117 1108; x_wconf 81' lang='lat' dir='ltr'><em>Dubitativa</em></span> <span class='ocrx_word' id='word_1_53' title='bbox 1133 1044 1238 1106; x_wconf 86' lang='lat' dir='ltr'><em>autem</em></span> 
     </span>
     <span class='ocr_line' id='line_1_7' title="bbox 7 1144 1233 1235; baseline -0.001 -22"><span class='ocrx_word' id='word_1_54' title='bbox 7 1224 9 1228; x_wconf 6' lang='grc' dir='ltr'>μ</span> <span class='ocrx_word' id='word_1_55' title='bbox 114 1148 424 1232; x_wconf 79' lang='lat' dir='ltr'><em>adinterrogativam</em></span> <span class='ocrx_word' id='word_1_56' title='bbox 432 1148 592 1214; x_wconf 88' lang='lat' dir='ltr'><em>reducitur</em></span> <span class='ocrx_word' id='word_1_57' title='bbox 596 1144 1201 1234; x_wconf 82' lang='lat' dir='ltr'><em>,ssicutetoptativaaddeprecativam(</em></span> <span class='ocrx_word' id='word_1_58' title='bbox 1209 1144 1233 1235; x_wconf 93' lang='lat'><em>).</em></span> 
     </span>
     <span class='ocr_line' id='line_1_8' title="bbox 7 1248 1428 1340; baseline 0 -21"><span class='ocrx_word' id='word_1_59' title='bbox 7 1248 8 1295; x_wconf 62' lang='lat'><em>²</em></span> <span class='ocrx_word' id='word_1_60' title='bbox 186 1254 311 1322; x_wconf 84' lang='lat' dir='ltr'><em>Verum</em></span> <span class='ocrx_word' id='word_1_61' title='bbox 330 1256 536 1323; x_wconf 84' lang='lat' dir='ltr'><em>exomnibus</em></span> <span class='ocrx_word' id='word_1_62' title='bbox 549 1255 785 1322; x_wconf 81' lang='lat' dir='ltr'><em>istisorationis</em></span> <span class='ocrx_word' id='word_1_63' title='bbox 800 1255 986 1340; x_wconf 81' lang='lat' dir='ltr'><em>generibus,</em></span> <span class='ocrx_word' id='word_1_64' title='bbox 1008 1257 1110 1322; x_wconf 81' lang='lat' dir='ltr'><em>solam</em></span> <span class='ocrx_word' id='word_1_65' title='bbox 1131 1273 1237 1320; x_wconf 84' lang='lat' dir='ltr'><em>enun-</em></span> <span class='ocrx_word' id='word_1_66' title='bbox 1273 1281 1350 1330; x_wconf 59' lang='lat' dir='ltr'><em>snum</em></span> <span class='ocrx_word' id='word_1_67' title='bbox 1360 1286 1428 1332; x_wconf 75' lang='grc'>,,,,,,</span> 
     </span>
     <span class='ocr_line' id='line_1_9' title="bbox 118 1357 1417 1448; baseline 0 -20"><span class='ocrx_word' id='word_1_68' title='bbox 118 1361 266 1429; x_wconf 83' lang='lat' dir='ltr'><em>tiativam</em></span> <span class='ocrx_word' id='word_1_69' title='bbox 284 1362 467 1428; x_wconf 84' lang='lat' dir='ltr'><em>considerat</em></span> <span class='ocrx_word' id='word_1_70' title='bbox 484 1363 616 1448; x_wconf 83' lang='lat' dir='ltr'><em>Logica,</em></span> <span class='ocrx_word' id='word_1_71' title='bbox 632 1383 673 1429; x_wconf 85' lang='lat' dir='ltr'><em>ex</em></span> <span class='ocrx_word' id='word_1_72' title='bbox 691 1362 875 1429; x_wconf 83' lang='lat' dir='ltr'><em>Aristotelis</em></span> <span class='ocrx_word' id='word_1_73' title='bbox 894 1361 989 1430; x_wconf 84' lang='lat' dir='ltr'><em>acD.</em></span> <span class='ocrx_word' id='word_1_74' title='bbox 1006 1361 1142 1428; x_wconf 87' lang='lat' dir='ltr'><em>Thomae</em></span> <span class='ocrx_word' id='word_1_75' title='bbox 1161 1381 1238 1428; x_wconf 86' lang='lat' dir='ltr'><em>sen·</em></span> <span class='ocrx_word' id='word_1_76' title='bbox 1283 1369 1342 1408; x_wconf 68' lang='lat'><em>⁰¹¹³</em></span> <span class='ocrx_word' id='word_1_77' title='bbox 1312 1357 1417 1402; x_wconf 61' lang='lat' dir='ltr'><em>¹¹³³⁸¹¹¹t⁸</em></span> 
     </span>
    </p>
   </div>
   <div class='ocr_carea' id='block_1_3' title="bbox 118 1427 1412 1558">
    <p class='ocr_par' dir='ltr' id='par_1_3' title="bbox 118 1427 1412 1558">
     <span class='ocr_line' id='line_1_10' title="bbox 118 1427 1412 1558; baseline 0.003 -24"><span class='ocrx_word' id='word_1_78' title='bbox 118 1469 240 1545; x_wconf 86' lang='lat' dir='ltr'><em>tentia,</em></span> <span class='ocrx_word' id='word_1_79' title='bbox 260 1478 393 1536; x_wconf 83' lang='lat' dir='ltr'><em>caetervs</em></span> <span class='ocrx_word' id='word_1_80' title='bbox 414 1471 601 1554; x_wconf 82' lang='lat' dir='ltr'><em>relinquens</em></span> <span class='ocrx_word' id='word_1_81' title='bbox 623 1470 804 1540; x_wconf 83' lang='lat' dir='ltr'><em>oratoribus</em></span> <span class='ocrx_word' id='word_1_82' title='bbox 827 1489 864 1535; x_wconf 87' lang='lat' dir='ltr'><em>ac</em></span> <span class='ocrx_word' id='word_1_83' title='bbox 882 1471 1007 1558; x_wconf 82' lang='lat' dir='ltr'><em>poetis</em></span> <span class='ocrx_word' id='word_1_84' title='bbox 1033 1469 1131 1556; x_wconf 77' lang='lat' dir='ltr'><em>er&#39;us</em></span> <span class='ocrx_word' id='word_1_85' title='bbox 1155 1470 1242 1536; x_wconf 86' lang='lat' dir='ltr'><em>ratio</em></span> <span class='ocrx_word' id='word_1_86' title='bbox 1286 1427 1412 1554; x_wconf 48' lang='lat' dir='ltr'><em>‘maes&#39;</em></span> 
     </span>
    </p>
   </div>
   <div class='ocr_carea' id='block_1_4' title="bbox 7 1577 1238 1769">
    <p class='ocr_par' dir='ltr' id='par_1_4' title="bbox 7 1577 1238 1769">
     <span class='ocr_line' id='line_1_11' title="bbox 7 1577 1237 1666; baseline 0 -24"><span class='ocrx_word' id='word_1_87' title='bbox 7 1614 8 1621; x_wconf 24' lang='grc' dir='ltr'><strong>κ</strong></span> <span class='ocrx_word' id='word_1_88' title='bbox 117 1580 181 1654; x_wconf 90' lang='lat' dir='ltr'><em>cst,</em></span> <span class='ocrx_word' id='word_1_89' title='bbox 196 1577 272 1661; x_wconf 78' lang='lat' dir='ltr'><em>pura</em></span> <span class='ocrx_word' id='word_1_90' title='bbox 288 1578 492 1644; x_wconf 63' lang='lat' dir='ltr'><em>consideratio</em></span> <span class='ocrx_word' id='word_1_91' title='bbox 510 1578 604 1666; x_wconf 80' lang='lat' dir='ltr'><em>hujus</em></span> <span class='ocrx_word' id='word_1_92' title='bbox 620 1578 696 1643; x_wconf 84' lang='lat' dir='ltr'><em>iibri</em></span> <span class='ocrx_word' id='word_1_93' title='bbox 706 1577 820 1643; x_wconf 88' lang='lat' dir='ltr'><em>directe</em></span> <span class='ocrx_word' id='word_1_94' title='bbox 836 1577 1004 1643; x_wconf 89' lang='lat' dir='ltr'><em>ordinatur</em></span> <span class='ocrx_word' id='word_1_95' title='bbox 1016 1578 1060 1642; x_wconf 89' lang='lat' dir='ltr'><em>ad</em></span> <span class='ocrx_word' id='word_1_96' title='bbox 1076 1577 1237 1642; x_wconf 91' lang='lat' dir='ltr'><em>scientiam</em></span> 
     </span>
     <span class='ocr_line' id='line_1_12' title="bbox 7 1684 1238 1769; baseline 0 -19"><span class='ocrx_word' id='word_1_97' title='bbox 7 1706 8 1713; x_wconf 50' lang='lat'>¹</span> <span class='ocrx_word' id='word_1_98' title='bbox 116 1685 324 1750; x_wconf 82' lang='lat' dir='ltr'><em>demvrutrat‘</em></span> <span class='ocrx_word' id='word_1_99' title='bbox 310 1703 410 1761; x_wconf 85' lang='lat' dir='ltr'><em>marn,</em></span> <span class='ocrx_word' id='word_1_100' title='bbox 432 1685 467 1749; x_wconf 92' lang='lat' dir='ltr'><em>iu</em></span> <span class='ocrx_word' id='word_1_101' title='bbox 484 1703 547 1769; x_wconf 80' lang='lat' dir='ltr'><em>quo</em></span> <span class='ocrx_word' id='word_1_102' title='bbox 558 1685 684 1750; x_wconf 90' lang='lat' dir='ltr'><em>animus</em></span> <span class='ocrx_word' id='word_1_103' title='bbox 702 1684 833 1750; x_wconf 79' lang='lat' dir='ltr'><em>bominis</em></span> <span class='ocrx_word' id='word_1_104' title='bbox 841 1691 901 1766; x_wconf 82' lang='lat' dir='ltr'><em>per</em></span> <span class='ocrx_word' id='word_1_105' title='bbox 914 1684 1064 1750; x_wconf 78' lang='lat' dir='ltr'><em>rationem</em></span> <span class='ocrx_word' id='word_1_106' title='bbox 1077 1684 1238 1750; x_wconf 79' lang='lat' dir='ltr'><em>inducitur</em></span> 
     </span>
    </p>
   </div>
   <div class='ocr_carea' id='block_1_5' title="bbox 113 1791 1437 3059">
    <p class='ocr_par' dir='ltr' id='par_1_5' title="bbox 113 1791 1437 3059">
     <span class='ocr_line' id='line_1_13' title="bbox 117 1791 1237 1877; baseline 0.004 -23"><span class='ocrx_word' id='word_1_107' title='bbox 117 1793 163 1854; x_wconf 86' lang='lat' dir='ltr'><em>ad</em></span> <span class='ocrx_word' id='word_1_108' title='bbox 178 1791 429 1858; x_wconf 81' lang='lat' dir='ltr'><em>corumtiendrun</em></span> <span class='ocrx_word' id='word_1_109' title='bbox 446 1811 575 1858; x_wconf 84' lang='lat' dir='ltr'><em>vervex</em></span> <span class='ocrx_word' id='word_1_110' title='bbox 588 1791 651 1868; x_wconf 86' lang='lat' dir='ltr'><em>his,</em></span> <span class='ocrx_word' id='word_1_111' title='bbox 664 1811 733 1877; x_wconf 83' lang='lat' dir='ltr'><em>qua</em></span> <span class='ocrx_word' id='word_1_112' title='bbox 746 1791 965 1873; x_wconf 78' lang='lat' dir='ltr'><em>propn&#39;asunt</em></span> <span class='ocrx_word' id='word_1_113' title='bbox 979 1791 1027 1857; x_wconf 90' lang='lat' dir='ltr'><em>rei</em></span> <span class='ocrx_word' id='word_1_114' title='bbox 1035 1811 1043 1858; x_wconf 91' lang='lat'>:</span> <span class='ocrx_word' id='word_1_115' title='bbox 1063 1794 1094 1858; x_wconf 92' lang='lat' dir='ltr'><em>et</em></span> <span class='ocrx_word' id='word_1_116' title='bbox 1105 1791 1172 1856; x_wconf 91' lang='lat' dir='ltr'><em>ideo</em></span> <span class='ocrx_word' id='word_1_117' title='bbox 1183 1793 1237 1858; x_wconf 90' lang='lat' dir='ltr'><em>de-</em></span> 
     </span>
     <span class='ocr_line' id='line_1_14' title="bbox 116 1889 1235 1984; baseline 0.004 -22"><span class='ocrx_word' id='word_1_118' title='bbox 116 1901 306 1965; x_wconf 87' lang='lat' dir='ltr'><em>monstrator</em></span> <span class='ocrx_word' id='word_1_119' title='bbox 314 1917 378 1964; x_wconf 88' lang='lat' dir='ltr'><em>uon</em></span> <span class='ocrx_word' id='word_1_120' title='bbox 388 1889 740 1984; x_wconf 73' lang='lat' dir='ltr'><em>utituradscuu&#39;nsinem</em></span> <span class='ocrx_word' id='word_1_121' title='bbox 750 1899 816 1964; x_wconf 91' lang='lat' dir='ltr'><em>nisi</em></span> <span class='ocrx_word' id='word_1_122' title='bbox 822 1898 1024 1972; x_wconf 73' lang='lat' dir='ltr'><em>enuntiativis</em></span> <span class='ocrx_word' id='word_1_123' title='bbox 1032 1899 1235 1976; x_wconf 78' lang='lat' dir='ltr'><em>orationibus,</em></span> 
     </span>
     <span class='ocr_line' id='line_1_15' title="bbox 116 2004 1234 2093; baseline 0.001 -24"><span class='ocrx_word' id='word_1_124' title='bbox 116 2004 367 2088; x_wconf 57' lang='lat' dir='ltr'><em>significantibus</em></span> <span class='ocrx_word' id='word_1_125' title='bbox 383 2025 450 2084; x_wconf 85' lang='lat' dir='ltr'><em>res,</em></span> <span class='ocrx_word' id='word_1_126' title='bbox 470 2008 639 2072; x_wconf 73' lang='lat' dir='ltr'><em>nuendum</em></span> <span class='ocrx_word' id='word_1_127' title='bbox 651 2009 735 2093; x_wconf 82' lang='lat' dir='ltr'><em>quod</em></span> <span class='ocrx_word' id='word_1_128' title='bbox 752 2024 862 2072; x_wconf 90' lang='lat' dir='ltr'><em>earum</em></span> <span class='ocrx_word' id='word_1_129' title='bbox 873 2006 988 2072; x_wconf 90' lang='lat' dir='ltr'><em>veritas</em></span> <span class='ocrx_word' id='word_1_130' title='bbox 1005 2006 1096 2072; x_wconf 90' lang='lat' dir='ltr'><em>estin</em></span> <span class='ocrx_word' id='word_1_131' title='bbox 1116 2006 1234 2072; x_wconf 87' lang='lat' dir='ltr'><em>animo.</em></span> 
     </span>
     <span class='ocr_line' id='line_1_16' title="bbox 116 2111 1234 2198; baseline 0.003 -21"><span class='ocrx_word' id='word_1_132' title='bbox 116 2111 182 2177; x_wconf 88' lang='lat' dir='ltr'><em>Sed</em></span> <span class='ocrx_word' id='word_1_133' title='bbox 193 2113 309 2180; x_wconf 78' lang='lat' dir='ltr'><em>Rhetor</em></span> <span class='ocrx_word' id='word_1_134' title='bbox 320 2116 352 2178; x_wconf 90' lang='lat' dir='ltr'><em>et</em></span> <span class='ocrx_word' id='word_1_135' title='bbox 362 2114 457 2179; x_wconf 78' lang='lat' dir='ltr'><em>Poeta</em></span> <span class='ocrx_word' id='word_1_136' title='bbox 474 2117 595 2179; x_wconf 91' lang='lat' dir='ltr'><em>ducunt</em></span> <span class='ocrx_word' id='word_1_137' title='bbox 604 2116 648 2180; x_wconf 91' lang='lat' dir='ltr'><em>ad</em></span> <span class='ocrx_word' id='word_1_138' title='bbox 663 2113 893 2179; x_wconf 88' lang='lat' dir='ltr'><em>assentiendum</em></span> <span class='ocrx_word' id='word_1_139' title='bbox 905 2113 947 2190; x_wconf 85' lang='lat' dir='ltr'><em>ei,</em></span> <span class='ocrx_word' id='word_1_140' title='bbox 962 2115 1047 2198; x_wconf 80' lang='lat' dir='ltr'><em>quod</em></span> <span class='ocrx_word' id='word_1_141' title='bbox 1059 2113 1234 2190; x_wconf 85' lang='lat' dir='ltr'><em>intendunt,</em></span> 
     </span>
     <span class='ocr_line' id='line_1_17' title="bbox 116 2219 1249 2304; baseline 0.001 -21"><span class='ocrx_word' id='word_1_142' title='bbox 116 2236 181 2283; x_wconf 89' lang='lat' dir='ltr'><em>non</em></span> <span class='ocrx_word' id='word_1_143' title='bbox 192 2222 294 2285; x_wconf 90' lang='lat' dir='ltr'><em>sotum</em></span> <span class='ocrx_word' id='word_1_144' title='bbox 305 2227 366 2301; x_wconf 92' lang='lat' dir='ltr'><em>per</em></span> <span class='ocrx_word' id='word_1_145' title='bbox 376 2239 413 2287; x_wconf 92' lang='lat' dir='ltr'><em>ea</em></span> <span class='ocrx_word' id='word_1_146' title='bbox 424 2240 494 2304; x_wconf 81' lang='lat' dir='ltr'><em>qua</em></span> <span class='ocrx_word' id='word_1_147' title='bbox 510 2226 586 2286; x_wconf 85' lang='lat' dir='ltr'><em>sunt</em></span> <span class='ocrx_word' id='word_1_148' title='bbox 597 2221 726 2303; x_wconf 89' lang='lat' dir='ltr'><em>propria</em></span> <span class='ocrx_word' id='word_1_149' title='bbox 740 2222 788 2287; x_wconf 87' lang='lat' dir='ltr'><em>rei</em></span> <span class='ocrx_word' id='word_1_150' title='bbox 795 2269 804 2297; x_wconf 89' lang='lat'>,</span> <span class='ocrx_word' id='word_1_151' title='bbox 823 2219 984 2286; x_wconf 81' lang='lat' dir='ltr'><em>sedetiam</em></span> <span class='ocrx_word' id='word_1_152' title='bbox 995 2228 1054 2302; x_wconf 88' lang='lat' dir='ltr'><em>per</em></span> <span class='ocrx_word' id='word_1_153' title='bbox 1064 2220 1249 2301; x_wconf 66' lang='lat' dir='ltr'><em>dispositio</em></span> 
     </span>
     <span class='ocr_line' id='line_1_18' title="bbox 116 2327 1236 2411; baseline 0.004 -23"><span class='ocrx_word' id='word_1_154' title='bbox 116 2344 173 2389; x_wconf 87' lang='lat' dir='ltr'><em>nes</em></span> <span class='ocrx_word' id='word_1_155' title='bbox 189 2328 358 2394; x_wconf 86' lang='lat' dir='ltr'><em>audientis.</em></span> <span class='ocrx_word' id='word_1_156' title='bbox 377 2328 467 2394; x_wconf 82' lang='lat' dir='ltr'><em>Unde</em></span> <span class='ocrx_word' id='word_1_157' title='bbox 481 2329 626 2395; x_wconf 84' lang='lat' dir='ltr'><em>Rhetores</em></span> <span class='ocrx_word' id='word_1_158' title='bbox 638 2331 672 2392; x_wconf 91' lang='lat' dir='ltr'><em>et</em></span> <span class='ocrx_word' id='word_1_159' title='bbox 680 2328 783 2393; x_wconf 80' lang='lat' dir='ltr'><em>Poeta</em></span> <span class='ocrx_word' id='word_1_160' title='bbox 789 2330 970 2411; x_wconf 83' lang='lat' dir='ltr'><em>pierumque</em></span> <span class='ocrx_word' id='word_1_161' title='bbox 983 2332 1105 2393; x_wconf 87' lang='lat' dir='ltr'><em>movent</em></span> <span class='ocrx_word' id='word_1_162' title='bbox 1115 2327 1236 2392; x_wconf 77' lang='lat' dir='ltr'><em>audito</em></span> 
     </span>
     <span class='ocr_line' id='line_1_19' title="bbox 116 2433 1237 2518; baseline 0.002 -21"><span class='ocrx_word' id='word_1_163' title='bbox 116 2452 169 2498; x_wconf 87' lang='lat' dir='ltr'><em>res</em></span> <span class='ocrx_word' id='word_1_164' title='bbox 191 2433 228 2497; x_wconf 92' lang='lat' dir='ltr'><em>in</em></span> <span class='ocrx_word' id='word_1_165' title='bbox 247 2453 362 2512; x_wconf 89' lang='lat' dir='ltr'><em>unum,</em></span> <span class='ocrx_word' id='word_1_166' title='bbox 381 2439 580 2517; x_wconf 70' lang='lat' dir='ltr'><em>movocoudo</em></span> <span class='ocrx_word' id='word_1_167' title='bbox 601 2439 651 2500; x_wconf 84' lang='lat' dir='ltr'><em>&#39;eos</em></span> <span class='ocrx_word' id='word_1_168' title='bbox 674 2439 718 2500; x_wconf 90' lang='lat' dir='ltr'><em>ad</em></span> <span class='ocrx_word' id='word_1_169' title='bbox 739 2436 863 2518; x_wconf 66' lang='lat' dir='ltr'><em>alripuas</em></span> <span class='ocrx_word' id='word_1_170' title='bbox 880 2435 1081 2516; x_wconf 85' lang='lat' dir='ltr'><em>passiones...</em></span> <span class='ocrx_word' id='word_1_171' title='bbox 1106 2436 1145 2500; x_wconf 84' lang='lat' dir='ltr'><em>Et</em></span> <span class='ocrx_word' id='word_1_172' title='bbox 1168 2435 1237 2500; x_wconf 91' lang='lat' dir='ltr'><em>ideo</em></span> 
     </span>
     <span class='ocr_line' id='line_1_20' title="bbox 115 2542 1237 2626; baseline 0.001 -21"><span class='ocrx_word' id='word_1_173' title='bbox 115 2542 324 2607; x_wconf 74' lang='lat' dir='ltr'><em>ammederatio</em></span> <span class='ocrx_word' id='word_1_174' title='bbox 336 2542 491 2608; x_wconf 74' lang='lat' dir='ltr'><em>cuneum</em></span> <span class='ocrx_word' id='word_1_175' title='bbox 507 2543 673 2625; x_wconf 73' lang='lat' dir='ltr'><em>specierum</em></span> <span class='ocrx_word' id='word_1_176' title='bbox 685 2543 855 2617; x_wconf 79' lang='lat' dir='ltr'><em>orationis,</em></span> <span class='ocrx_word' id='word_1_177' title='bbox 870 2561 939 2626; x_wconf 81' lang='lat' dir='ltr'><em>quoe</em></span> <span class='ocrx_word' id='word_1_178' title='bbox 947 2543 1085 2623; x_wconf 88' lang='lat' dir='ltr'><em>pertinet</em></span> <span class='ocrx_word' id='word_1_179' title='bbox 1095 2544 1139 2607; x_wconf 87' lang='lat' dir='ltr'><em>ad</em></span> <span class='ocrx_word' id='word_1_180' title='bbox 1151 2543 1237 2608; x_wconf 91' lang='lat' dir='ltr'><em>ordi-</em></span> 
     </span>
     <span class='ocr_line' id='line_1_21' title="bbox 114 2648 1236 2734; baseline 0.002 -22"><span class='ocrx_word' id='word_1_181' title='bbox 114 2649 274 2713; x_wconf 86' lang='lat' dir='ltr'><em>natiouem</em></span> <span class='ocrx_word' id='word_1_182' title='bbox 290 2649 446 2715; x_wconf 65' lang='lat' dir='ltr'><em>amientis</em></span> <span class='ocrx_word' id='word_1_183' title='bbox 465 2649 500 2716; x_wconf 92' lang='lat' dir='ltr'><em>in</em></span> <span class='ocrx_word' id='word_1_184' title='bbox 516 2650 640 2734; x_wconf 67' lang='lat' dir='ltr'><em>otmnid</em></span> <span class='ocrx_word' id='word_1_185' title='bbox 648 2701 656 2727; x_wconf 86' lang='lat'><em>,</em></span> <span class='ocrx_word' id='word_1_186' title='bbox 675 2649 764 2716; x_wconf 89' lang='lat' dir='ltr'><em>cadit</em></span> <span class='ocrx_word' id='word_1_187' title='bbox 772 2650 899 2731; x_wconf 87' lang='lat' dir='ltr'><em>proprie</em></span> <span class='ocrx_word' id='word_1_188' title='bbox 916 2649 973 2714; x_wconf 84' lang='lat' dir='ltr'><em>sab</em></span> <span class='ocrx_word' id='word_1_189' title='bbox 990 2648 1236 2716; x_wconf 81' lang='lat' dir='ltr'><em>consideratione</em></span> 
     </span>
     <span class='ocr_line' id='line_1_22' title="bbox 114 2755 1437 2841; baseline 0 -18"><span class='ocrx_word' id='word_1_190' title='bbox 114 2755 289 2823; x_wconf 71' lang='lat' dir='ltr'><em>Rhetorica</em></span> <span class='ocrx_word' id='word_1_191' title='bbox 298 2758 352 2823; x_wconf 91' lang='lat' dir='ltr'><em>vet</em></span> <span class='ocrx_word' id='word_1_192' title='bbox 360 2757 507 2833; x_wconf 74' lang='lat' dir='ltr'><em>Poma,</em></span> <span class='ocrx_word' id='word_1_193' title='bbox 522 2758 642 2825; x_wconf 88' lang='lat' dir='ltr'><em>ratione</em></span> <span class='ocrx_word' id='word_1_194' title='bbox 655 2757 707 2823; x_wconf 88' lang='lat' dir='ltr'><em>sui</em></span> <span class='ocrx_word' id='word_1_195' title='bbox 714 2757 898 2841; x_wconf 57' lang='lat' dir='ltr'><em>significatu</em></span> <span class='ocrx_word' id='word_1_196' title='bbox 909 2758 953 2822; x_wconf 90' lang='lat' dir='ltr'><em>ad</em></span> <span class='ocrx_word' id='word_1_197' title='bbox 961 2755 1235 2823; x_wconf 78' lang='lat' dir='ltr'><em>considerationem</em></span> <span class='ocrx_word' id='word_1_198' title='bbox 1365 2811 1370 2824; x_wconf 94' lang='lat'>.</span> <span class='ocrx_word' id='word_1_199' title='bbox 1432 2774 1437 2781; x_wconf 87' lang='lat'>·</span> 
     </span>
     <span class='ocr_line' id='line_1_23' title="bbox 113 2863 1235 2948; baseline 0.002 -21"><span class='ocrx_word' id='word_1_200' title='bbox 113 2868 218 2928; x_wconf 85' lang='lat' dir='ltr'><em>autem</em></span> <span class='ocrx_word' id='word_1_201' title='bbox 228 2863 445 2943; x_wconf 83' lang='lat' dir='ltr'><em>Grannmatici,</em></span> <span class='ocrx_word' id='word_1_202' title='bbox 456 2864 817 2947; x_wconf 81' lang='lat' dir='ltr'><em>proutcouscderaturin</em></span> <span class='ocrx_word' id='word_1_203' title='bbox 830 2864 875 2930; x_wconf 89' lang='lat' dir='ltr'><em>eis</em></span> <span class='ocrx_word' id='word_1_204' title='bbox 892 2882 1031 2948; x_wconf 82' lang='lat' dir='ltr'><em>congrua</em></span> <span class='ocrx_word' id='word_1_205' title='bbox 1045 2883 1154 2931; x_wconf 89' lang='lat' dir='ltr'><em>vocum</em></span> <span class='ocrx_word' id='word_1_206' title='bbox 1162 2884 1235 2930; x_wconf 93' lang='lat' dir='ltr'><em>con-</em></span> 
     </span>
     <span class='ocr_line' id='line_1_24' title="bbox 113 2960 968 3059; baseline 0.001 -24"><span class='ocrx_word' id='word_1_207' title='bbox 113 2971 246 3037; x_wconf 83' lang='lat' dir='ltr'><em>structio</em></span> <span class='ocrx_word' id='word_1_208' title='bbox 264 2967 328 3059; x_wconf 83' lang='lat'><strong>(2).</strong></span> <span class='ocrx_word' id='word_1_209' title='bbox 963 2960 968 2969; x_wconf 76' lang='grc'>’</span> 
     </span>
    </p>
   </div>
   <div class='ocr_carea' id='block_1_6' title="bbox 489 3235 864 3312">
    <p class='ocr_par' dir='ltr' id='par_1_6' title="bbox 489 3235 864 3312">
     <span class='ocr_line' id='line_1_25' title="bbox 489 3235 864 3312; baseline 0 -1"><span class='ocrx_word' id='word_1_210' title='bbox 489 3235 788 3312; x_wconf 89' lang='lat' dir='ltr'>ARTICULUS</span> <span class='ocrx_word' id='word_1_211' title='bbox 810 3236 864 3311; x_wconf 94' lang='lat' dir='ltr'><em>V.</em></span> 
     </span>
    </p>
   </div>
   <div class='ocr_carea' id='block_1_7' title="bbox 158 3403 1189 3485">
    <p class='ocr_par' dir='ltr' id='par_1_7' title="bbox 158 3403 1189 3485">
     <span class='ocr_line' id='line_1_26' title="bbox 158 3403 1189 3485; baseline 0.002 -18"><span class='ocrx_word' id='word_1_212' title='bbox 158 3404 231 3467; x_wconf 83' lang='lat' dir='ltr'><em>De</em></span> <span class='ocrx_word' id='word_1_213' title='bbox 248 3404 452 3469; x_wconf 81' lang='lat' dir='ltr'><em>oratione</em></span> <span class='ocrx_word' id='word_1_214' title='bbox 468 3405 751 3470; x_wconf 78' lang='lat' dir='ltr'><em>enuntiativa</em></span> <span class='ocrx_word' id='word_1_215' title='bbox 766 3421 851 3470; x_wconf 80' lang='lat' dir='ltr'><em>seu</em></span> <span class='ocrx_word' id='word_1_216' title='bbox 867 3403 1189 3485; x_wconf 69' lang='lat' dir='ltr'><em>propositione.</em></span> 
     </span>
    </p>
   </div>
   <div class='ocr_carea' id='block_1_8' title="bbox 110 3614 1233 4347">
    <p class='ocr_par' dir='ltr' id='par_1_8' title="bbox 110 3614 1233 4347">
     <span class='ocr_line' id='line_1_27' title="bbox 164 3614 1233 3702; baseline 0 -21"><span class='ocrx_word' id='word_1_217' title='bbox 164 3634 238 3701; x_wconf 78' lang='lat'><strong>¹05·</strong></span> <span class='ocrx_word' id='word_1_218' title='bbox 286 3614 392 3683; x_wconf 86' lang='lat' dir='ltr'><em>Oratis</em></span> <span class='ocrx_word' id='word_1_219' title='bbox 410 3618 572 3701; x_wconf 85' lang='lat' dir='ltr'><em>expressio</em></span> <span class='ocrx_word' id='word_1_220' title='bbox 587 3617 714 3702; x_wconf 85' lang='lat' dir='ltr'><em>judicii,</em></span> <span class='ocrx_word' id='word_1_221' title='bbox 734 3634 809 3700; x_wconf 84' lang='lat' dir='ltr'><em>quae</em></span> <span class='ocrx_word' id='word_1_222' title='bbox 828 3616 868 3682; x_wconf 83' lang='lat' dir='ltr'><em>ad</em></span> <span class='ocrx_word' id='word_1_223' title='bbox 886 3616 1024 3701; x_wconf 81' lang='lat' dir='ltr'><em>logicam</em></span> <span class='ocrx_word' id='word_1_224' title='bbox 1048 3615 1233 3683; x_wconf 85' lang='lat' dir='ltr'><em>considera-</em></span> 
     </span>
     <span class='ocr_line' id='line_1_28' title="bbox 111 3724 1232 3807; baseline 0 -18"><span class='ocrx_word' id='word_1_225' title='bbox 111 3724 239 3790; x_wconf 81' lang='lat' dir='ltr'><em>tionem</em></span> <span class='ocrx_word' id='word_1_226' title='bbox 252 3733 392 3807; x_wconf 85' lang='lat' dir='ltr'><em>spectat,</em></span> <span class='ocrx_word' id='word_1_227' title='bbox 408 3734 540 3790; x_wconf 83' lang='lat' dir='ltr'><em>vocatur</em></span> <span class='ocrx_word' id='word_1_228' title='bbox 553 3724 741 3805; x_wconf 75' lang='lat' dir='ltr'><em>enuntiatio,</em></span> <span class='ocrx_word' id='word_1_229' title='bbox 758 3725 811 3790; x_wconf 87' lang='lat' dir='ltr'><em>vel</em></span> <span class='ocrx_word' id='word_1_230' title='bbox 824 3724 1010 3807; x_wconf 84' lang='lat' dir='ltr'><em>propositio,</em></span> <span class='ocrx_word' id='word_1_231' title='bbox 1031 3742 1232 3807; x_wconf 85' lang='lat' dir='ltr'><em>quamquam</em></span> 
     </span>
     <span class='ocr_line' id='line_1_29' title="bbox 112 3830 1232 3918; baseline 0.001 -23"><span class='ocrx_word' id='word_1_232' title='bbox 112 3831 281 3897; x_wconf 84' lang='lat' dir='ltr'><em>interdum</em></span> <span class='ocrx_word' id='word_1_233' title='bbox 305 3832 388 3897; x_wconf 84' lang='lat' dir='ltr'><em>solet</em></span> <span class='ocrx_word' id='word_1_234' title='bbox 414 3830 511 3898; x_wconf 87' lang='lat' dir='ltr'><em>etiam</em></span> <span class='ocrx_word' id='word_1_235' title='bbox 540 3832 589 3898; x_wconf 85' lang='lat' dir='ltr'><em>his</em></span> <span class='ocrx_word' id='word_1_236' title='bbox 616 3832 804 3898; x_wconf 88' lang='lat' dir='ltr'><em>nominibus</em></span> <span class='ocrx_word' id='word_1_237' title='bbox 822 3831 984 3918; x_wconf 78' lang='lat' dir='ltr'><em>designari</em></span> <span class='ocrx_word' id='word_1_238' title='bbox 1012 3840 1101 3898; x_wconf 86' lang='lat' dir='ltr'><em>actus</em></span> <span class='ocrx_word' id='word_1_239' title='bbox 1130 3830 1232 3915; x_wconf 87' lang='lat' dir='ltr'><em>ipsius</em></span> 
     </span>
     <span class='ocr_line' id='line_1_30' title="bbox 114 3936 1233 4023; baseline 0.001 -20"><span class='ocrx_word' id='word_1_240' title='bbox 114 3938 268 4005; x_wconf 82' lang='lat' dir='ltr'><em>mentalis</em></span> <span class='ocrx_word' id='word_1_241' title='bbox 282 3938 410 4022; x_wconf 81' lang='lat' dir='ltr'><em>judicii3</em></span> <span class='ocrx_word' id='word_1_242' title='bbox 427 3947 459 4003; x_wconf 89' lang='lat' dir='ltr'><em>et</em></span> <span class='ocrx_word' id='word_1_243' title='bbox 476 3938 574 4004; x_wconf 86' lang='lat' dir='ltr'><em>etiam</em></span> <span class='ocrx_word' id='word_1_244' title='bbox 593 3939 816 4023; x_wconf 79' lang='lat' dir='ltr'><em>interpretatio.</em></span> <span class='ocrx_word' id='word_1_245' title='bbox 832 3936 993 4017; x_wconf 80' lang='lat' dir='ltr'><em>Quamvis</em></span> <span class='ocrx_word' id='word_1_246' title='bbox 1011 3940 1098 4004; x_wconf 87' lang='lat' dir='ltr'><em>enim</em></span> <span class='ocrx_word' id='word_1_247' title='bbox 1118 3957 1233 4005; x_wconf 86' lang='lat' dir='ltr'><em>secun-</em></span> 
     </span>
     <span class='ocr_line' id='line_1_31' title="bbox 111 4043 1233 4134; baseline 0 -22"><span class='ocrx_word' id='word_1_248' title='bbox 111 4048 195 4112; x_wconf 86' lang='lat' dir='ltr'><em>dum</em></span> <span class='ocrx_word' id='word_1_249' title='bbox 215 4046 365 4115; x_wconf 74' lang='lat' dir='ltr'><em>Boetium</em></span> <span class='ocrx_word' id='word_1_250' title='bbox 382 4043 433 4134; x_wconf 77' lang='lat'><em>(3)</em></span> <span class='ocrx_word' id='word_1_251' title='bbox 452 4047 584 4112; x_wconf 86' lang='lat' dir='ltr'><em>nomina</em></span> <span class='ocrx_word' id='word_1_252' title='bbox 603 4065 734 4131; x_wconf 89' lang='lat' dir='ltr'><em>quoque</em></span> <span class='ocrx_word' id='word_1_253' title='bbox 753 4065 790 4112; x_wconf 87' lang='lat' dir='ltr'><em>ac</em></span> <span class='ocrx_word' id='word_1_254' title='bbox 807 4047 907 4113; x_wconf 88' lang='lat' dir='ltr'><em>verba</em></span> <span class='ocrx_word' id='word_1_255' title='bbox 924 4056 957 4113; x_wconf 87' lang='lat' dir='ltr'><em>et</em></span> <span class='ocrx_word' id='word_1_256' title='bbox 974 4046 1097 4131; x_wconf 81' lang='lat' dir='ltr'><em>quaevis</em></span> <span class='ocrx_word' id='word_1_257' title='bbox 1116 4048 1233 4112; x_wconf 84' lang='lat' dir='ltr'><em>oratio-</em></span> 
     </span>
     <span class='ocr_line' id='line_1_32' title="bbox 112 4153 1231 4237; baseline 0 -17"><span class='ocrx_word' id='word_1_258' title='bbox 112 4172 173 4220; x_wconf 88' lang='lat' dir='ltr'><em>nes</em></span> <span class='ocrx_word' id='word_1_259' title='bbox 187 4153 250 4219; x_wconf 88' lang='lat' dir='ltr'><em>dici</em></span> <span class='ocrx_word' id='word_1_260' title='bbox 264 4153 390 4237; x_wconf 86' lang='lat' dir='ltr'><em>possint</em></span> <span class='ocrx_word' id='word_1_261' title='bbox 410 4153 692 4237; x_wconf 81' lang='lat' dir='ltr'><em>interpretationes,</em></span> <span class='ocrx_word' id='word_1_262' title='bbox 710 4154 922 4221; x_wconf 88' lang='lat' dir='ltr'><em>nihilominus</em></span> <span class='ocrx_word' id='word_1_263' title='bbox 941 4172 1051 4221; x_wconf 85' lang='lat' dir='ltr'><em>umneu</em></span> <span class='ocrx_word' id='word_1_264' title='bbox 1064 4154 1231 4221; x_wconf 86' lang='lat' dir='ltr'><em>etverbum</em></span> 
     </span>
     <span class='ocr_line' id='line_1_33' title="bbox 110 4260 1231 4347; baseline 0.002 -20"><span class='ocrx_word' id='word_1_265' title='bbox 110 4260 216 4346; x_wconf 75' lang='lat' dir='ltr'><em>magis</em></span> <span class='ocrx_word' id='word_1_266' title='bbox 232 4260 494 4343; x_wconf 72' lang='lat' dir='ltr'><em>interpretationis</em></span> <span class='ocrx_word' id='word_1_267' title='bbox 504 4261 665 4343; x_wconf 75' lang='lat' dir='ltr'><em>principia</em></span> <span class='ocrx_word' id='word_1_268' title='bbox 681 4279 745 4327; x_wconf 87' lang='lat' dir='ltr'><em>esse</em></span> <span class='ocrx_word' id='word_1_269' title='bbox 762 4262 924 4338; x_wconf 85' lang='lat' dir='ltr'><em>vr&#39;dentur,</em></span> <span class='ocrx_word' id='word_1_270' title='bbox 939 4280 1033 4347; x_wconf 75' lang='lat' dir='ltr'><em>meam</em></span> <span class='ocrx_word' id='word_1_271' title='bbox 1050 4262 1231 4345; x_wconf 83' lang='lat' dir='ltr'><em>interpreta-</em></span> 
     </span>
    </p>
   </div>
   <div class='ocr_carea' id='block_1_9' title="bbox 144 4523 975 4686">
    <p class='ocr_par' dir='ltr' id='par_1_9' title="bbox 144 4523 975 4686">
     <span class='ocr_line' id='line_1_34' title="bbox 145 4523 975 4603; baseline 0.002 -16"><span class='ocrx_word' id='word_1_272' title='bbox 145 4535 188 4598; x_wconf 84' lang='lat' dir='ltr'><em>(r)</em></span> <span class='ocrx_word' id='word_1_273' title='bbox 226 4526 261 4585; x_wconf 84' lang='lat' dir='ltr'><em>S.</em></span> <span class='ocrx_word' id='word_1_274' title='bbox 276 4526 380 4586; x_wconf 76' lang='lat' dir='ltr'><em>Thoen.</em></span> <span class='ocrx_word' id='word_1_275' title='bbox 393 4525 444 4587; x_wconf 79' lang='lat' dir='ltr'><em>lib.</em></span> <span class='ocrx_word' id='word_1_276' title='bbox 462 4548 487 4586; x_wconf 86' lang='lat'><em>1.</em></span> <span class='ocrx_word' id='word_1_277' title='bbox 488 4523 679 4588; x_wconf 76' lang='lat' dir='ltr'><em>’Peribarm</em></span> <span class='ocrx_word' id='word_1_278' title='bbox 693 4528 758 4588; x_wconf 81' lang='lat' dir='ltr'><em>leet</em></span> <span class='ocrx_word' id='word_1_279' title='bbox 772 4551 799 4602; x_wconf 81' lang='grc'><em>7,</em></span> <span class='ocrx_word' id='word_1_280' title='bbox 814 4550 931 4603; x_wconf 80' lang='lat' dir='ltr'><em>paragr</em></span> <span class='ocrx_word' id='word_1_281' title='bbox 946 4530 975 4589; x_wconf 86' lang='lat' dir='ltr'><em>b.</em></span> 
     </span>
     <span class='ocr_line' id='line_1_35' title="bbox 144 4614 384 4686; baseline 0 -9"><span class='ocrx_word' id='word_1_282' title='bbox 144 4624 193 4686; x_wconf 74' lang='lat' dir='ltr'><em>(a)</em></span> <span class='ocrx_word' id='word_1_283' title='bbox 224 4614 260 4677; x_wconf 86' lang='lat' dir='ltr'><em>S.</em></span> <span class='ocrx_word' id='word_1_284' title='bbox 274 4616 331 4676; x_wconf 83' lang='lat' dir='ltr'><em>Th.</em></span> <span class='ocrx_word' id='word_1_285' title='bbox 344 4616 384 4677; x_wconf 81' lang='lat' dir='ltr'><em>ib.</em></span> 
     </span>
    </p>
   </div>
   <div class='ocr_carea' id='block_1_10' title="bbox 142 4699 854 4782">
    <p class='ocr_par' dir='ltr' id='par_1_10' title="bbox 142 4699 854 4782">
     <span class='ocr_line' id='line_1_36' title="bbox 142 4699 854 4782; baseline 0.001 -14"><span class='ocrx_word' id='word_1_286' title='bbox 142 4709 186 4782; x_wconf 63' lang='grc' dir='ltr'><em>(ς)</em></span> <span class='ocrx_word' id='word_1_287' title='bbox 222 4707 258 4766; x_wconf 85' lang='lat' dir='ltr'><em>tn</em></span> <span class='ocrx_word' id='word_1_288' title='bbox 272 4699 491 4768; x_wconf 79' lang='lat' dir='ltr'><em>Commentario</em></span> <span class='ocrx_word' id='word_1_289' title='bbox 503 4707 541 4766; x_wconf 81' lang='lat' dir='ltr'><em>de</em></span> <span class='ocrx_word' id='word_1_290' title='bbox 551 4706 749 4782; x_wconf 81' lang='lat' dir='ltr'><em>interpretat</em></span> <span class='ocrx_word' id='word_1_291' title='bbox 761 4706 854 4769; x_wconf 88' lang='lat' dir='ltr'><em>initio.</em></span> 
     </span>
    </p>
   </div>
   <div class='ocr_carea' id='block_1_11' title="bbox 0 0 1750 5525">
    <p class='ocr_par' dir='ltr' id='par_1_11' title="bbox 0 0 1750 5525">
     <span class='ocr_line' id='line_1_37' title="bbox 0 0 1750 5525; baseline 0 3"><span class='ocrx_word' id='word_1_292' title='bbox 0 0 1750 5525; x_wconf 95' lang='lat' dir='ltr'><em> </em></span> 
     </span>
    </p>
   </div>
  </div>
 </body>
</html>
