3492 5525
553 473 612 561 874
668 476 795 543 Locren
809 474 1126 551 Maron-Lm..·2u=‚
1141 473 1235 539 Drsn.
1252 488 1297 559 3.·
1310 474 1391 539 Cre.
1408 490 1480 539 ann

514 660 584 727 istae
603 660 885 746 interpretationes
903 678 979 725 vere
997 659 1176 744 explicent,
1196 661 1365 743 quomodo
1383 661 1493 727 omnis
1515 661 1639 727 doctri·
1729 641 1730 652 ¹

514 750 555 835 na
574 777 606 835 et
632 766 800 853 disciplina
818 787 858 834 ex
887 766 1081 852 praecedenti
1109 765 1165 831 irat
1189 767 1393 851 cognitione;
1421 767 1637 835 nihilominus

514 875 606 943 tertia
621 876 818 961 praelerenda
833 875 977 951 videtur,
995 882 1110 959 utpote
1126 876 1231 958 magis
1245 875 1423 942 conformis
1441 874 1516 952 lini,
1532 894 1636 960 quem
1730 959 1732 970 Ι

513 983 573 1049 sibi
593 982 731 1068 praefixit
749 982 913 1068 Stagirita.
933 982 972 1047 Et
990 979 1037 1047 sic
1054 980 1200 1047 sentiunt
1220 981 1304 1047 inter
1316 982 1397 1048 alios
1415 981 1550 1050 Toletus
1567 980 1635 1070 (1),

513 1090 638 1157 Rubius
656 1086 724 1178 (a),
748 1088 1035 1157 Conimbncenses
1053 1085 1122 1175 (3),
1143 1086 1396 1173 Complutenses
1409 1085 1478 1178 (4),
1493 1089 1638 1171 loannes

514 1218 531 1263 a
550 1196 584 1263 S.
604 1198 731 1264 Tboma
747 1193 816 1286 (5),
837 1197 955 1280 aliique
973 1188 1048 1262 c'um
1068 1194 1203 1262 Alberto
1229 1203 1262 1261 et
1281 1196 1395 1263 multis
1414 1197 1527 1281 priscis
1544 1216 1639 1263 com-

515 1306 750 1372 mentatoribus
769 1301 832 1393 (6).
1730 1375 1731 1382 ¹

579 1411 648 1493 Jam
668 1412 853 1497 supposito,
875 1412 966 1494 quod
984 1410 1094 1476 omnis
1108 1409 1286 1477 discursive
1300 1412 1443 1495 cognitio
1457 1431 1500 1477 ex
1518 1413 1638 1495 praevia
1730 1435 1731 1446 ¹

514 1519 574 1584 alia
597 1518 784 1605 cognitione
805 1518 873 1584 lieri
897 1518 1032 1593 debeat,
1058 1536 1193 1601 eaquae
1221 1528 1297 1583 ante
1319 1519 1636 1585 demonstrationem

514 1644 780 1713 praecognoscere
799 1634 945 1711 oportet,
966 1643 1003 1690 ac
1020 1626 1156 1703 modos,
1176 1626 1296 1707 quibus
1313 1639 1633 1710 praecognoscentur,

515 1752 602 1801 nunc
620 1734 809 1801 declaranda
829 1734 978 1799 veniunt.
999 1731 1059 1798 Pro
1078 1751 1219 1816 quorum
1234 1731 1444 1818 intelligentia

372 1854 433 1908 Qure
583 1840 830 1907 Advertendum
851 1848 900 1906 est
919 1860 957 1905 ea
975 1840 1036 1904 dici
1050 1840 1258 1923 praecognita,
1278 1859 1418 1922 quorum
1431 1841 1577 1925 cognitio
1588 1853 1637 1905 est

312 1926 498 2057 5ζῇῗίῗίζῇ
516 1947 696 2015 necessaria
716 1948 775 2033 ipsi
795 1947 1064 2013 demonstrationi
1084 1926 1183 2024 adeo,
1205 1955 1241 2012 ut
1259 1948 1494 2013 demonstratio
1512 1949 1636 2030 absque

515 2057 568 2122 tali
590 2074 703 2123 eorum
723 2056 911 2141 cognitione
941 2072 1007 2120 non
1036 2055 1137 2137 possit
1156 2054 1347 2139 procedere;
1377 2074 1443 2120 non
1471 2059 1636 2121 tamenin
1731 2125 1732 2134 χ

515 2162 584 2247 ipsa
604 2163 899 2238 demonstratione,
920 2163 978 2228 sed
992 2172 1086 2227 extra
1099 2172 1356 2246 cognoscuntur.
1374 2162 1513 2229 «Modus
1526 2173 1637 2228 autem

514 2269 725 2357 cognitionis,
746 2289 813 2355 quo
833 2272 903 2335 haec
920 2287 1184 2354 praecognoscere
1203 2287 1335 2335 necesse
1352 2278 1419 2345 est,
1433 2270 1638 2355 praecognitio
1731 2261 1732 2270 ’

514 2378 658 2445 dicitur»
677 2374 740 2467 (7).

340 2498 398 2553 om
417 2500 461 2545 nn
559 2504 638 2572 243·
686 2487 724 2553 Et
743 2484 942 2571 praecognita
968 2484 1102 2567 quidem
1132 2504 1173 2550 ex
1200 2483 1384 2551 Aristotelis
1402 2493 1435 2550 et
1463 2488 1638 2551 communi

333 2573 472 2629 ⁹¹²⁰⁰‘¹³⁵¹⁸·
513 2603 662 2661 veterum
682 2584 929 2659 Dialecticorum
948 2591 1109 2658 sententia
1126 2594 1185 2657 tria
1199 2600 1427 2667 recensentur,
1446 2592 1634 2679 mljectum,

508 2702 615 2786 passio
633 2710 665 2768 et
679 2701 855 2786 principia,
872 2699 1065 2786 Subiectum
1080 2699 1192 2776 estid,
1209 2700 1250 2766 de
1265 2718 1333 2784 quo
1355 2698 1474 2784 aliquid
1497 2700 1638 2768 demon·

514 2819 613 2878 strare
631 2811 848 2891 intendimus;
870 2808 979 2892 passio
998 2807 1098 2874 estin
1127 2810 1186 2874 hac
1213 2808 1405 2876 tractatione
1422 2808 1636 2891 predicatum

514 2917 612 2996 illud,
633 2917 724 3001 quod
748 2918 789 2983 de
808 2915 957 3002 subjecto
981 2915 1277 2983 demonstrandum
1302 2915 1518 2984 assumimus.
1552 2915 1637 2982 Nam

514 3025 614 3092 «licet
631 3023 664 3090 in
679 3022 958 3091 demonstratione
977 3040 1044 3089 non
1062 3041 1195 3108 semper
1206 3021 1419 3090 concludatur
1434 3041 1510 3088 vera
1529 3023 1639 3109 passio

514 3133 555 3200 de
574 3131 738 3218 subjecto,
758 3139 796 3198 ut
814 3148 892 3196 cum
911 3147 1070 3214 unapars
1097 3129 1295 3208 essentialis,
1321 3138 1379 3196 aut
1397 3147 1464 3196 una
1490 3115 1638 3198 delinitio

514 3259 571 3327 per
590 3238 686 3306 allam
716 3238 890 3322 probatur,
911 3236 1040 3302 vocavit
1065 3245 1177 3302 autem
1205 3236 1397 3304 Aristoteles
1426 3256 1526 3304 omne
1553 3241 1640 3324 ejus·

514 3347 604 3414 modi
624 3345 834 3431 praedicatum
855 3342 1057 3429 passionem3
1078 3355 1111 3411 et
1129 3345 1223 3428 quia,
1251 3345 1332 3410 dum
1351 3345 1395 3410 ita
1417 3346 1637 3424 concluditur,

516 3453 830 3541 passionismodum
851 3453 965 3531 habet,
986 3461 1020 3518 et
1037 3451 1115 3535 quia
1133 3453 1327 3537 plerumque
1343 3453 1583 3520 demonstratio
1606 3455 1639 3520 in

515 3563 601 3629 veris
619 3560 826 3646 passionibus
840 3559 1042 3652 conficitur»
1060 3556 1124 3648 (8).
1140 3559 1297 3645 Principia
1310 3560 1451 3644 denique
1464 3571 1543 3628 sunt
1557 3581 1639 3646 prae·

515 3669 644 3746 missae,
669 3669 853 3751 exquibus
878 3667 1040 3754 colligitur
1058 3667 1090 3735 in
1109 3668 1318 3734 conclusione
1345 3668 1532 3751 passionem
1559 3669 1640 3736 sub

511 3779 600 3864 jecto
618 3775 793 3842 convenire
810 3771 875 3862 (9).

550 3959 591 4022 (ι)
627 3953 659 4012 ln
673 3952 724 4012 lib.
742 3952 920 4021 r.⁰Poster.,
934 3970 997 4023 cap.
1015 3971 1039 4010 r.

550 4044 592 4116 (a)
628 4040 700 4102 lbid.
716 4060 746 4114 q.
765 4061 787 4098 r.

551 4138 592 4206 (3)
628 4131 701 4191 ibid.
717 4150 747 4202 q.
763 4149 790 4200 a,
805 4143 859 4188 art.
877 4150 901 4188 r.

552 4227 592 4297 (4)
630 4219 719 4298 Lag„
733 4219 808 4291 disp.
830 4241 870 4292 17,
887 4239 918 4291 q.
936 4240 960 4279 t.

552 4316 594 4382 (ς)
632 4311 752 4387 Legio,
767 4328 797 4381 q.
812 4327 858 4381 aa,
873 4323 929 4367 ert.
948 4329 971 4367 r.

552 4401 594 4467 (6)
629 4399 707 4457 Vide
720 4397 785 4456 illos
797 4397 876 4470 apud
890 4397 1184 4457 conimbricenseset
1195 4397 1341 4457 Toletum.

553 4489 596 4564 (7)
632 4489 765 4556 Toletus,
782 4487 835 4546 loe.
851 4486 900 4547 cit.
916 4507 946 4546 n.
962 4508 989 4559 3,
1004 4501 1033 4546 et
1045 4499 1155 4546 auctor.
1170 4485 1262 4558 antiq.
1277 4486 1394 4560 passim.

553 4581 594 4646 (8)
631 4575 820 4654 Conimbric„
840 4587 879 4635 ιθ
892 4579 1018 4648 Foster„
1033 4563 1139 4650 capsi,
1152 4589 1256 4648 quaest.
1273 4599 1299 4651 3,
1313 4591 1369 4637 art.
1380 4597 1412 4650 4,
1426 4577 1520 4639 initio.

553 4669 594 4742 (9)
630 4667 707 4726 Vide
726 4667 763 4726 de
777 4667 823 4725 his
837 4666 1029 4737 Conimbric.,
1047 4668 1101 4727 loc.
1117 4685 1189 4740 nup.
1203 4666 1252 4726 eit.
1272 4679 1367 4738 quest
1378 4688 1406 4741 3,
1420 4681 1477 4728 art.
1495 4690 1521 4742 3,
1542 4689 1638 4743 eeqq.;

524 4758 652 4819 Rubium
666 4757 737 4818 ibid.
751 4771 847 4832 quaest
860 4779 877 4816 a
890 4771 920 4819 et
933 4779 960 4834 33
975 4755 1081 4819 sotum
1095 4757 1168 4818 ibid.
1181 4756 1214 4818 in
1231 4758 1403 4834 exposition.
1416 4759 1522 4834 capitia
1538 4761 1638 4835 palmi.
