3492 5525
341 448 453 507 narie.
480 458 538 525 3³²¹
559 442 765 507 Souvuurun
786 462 1051 509 otxrrcucrnres
1167 442 1229 525 689

138 629 266 713 possint
286 634 409 693 naturae
433 625 622 695 individuae.
643 626 725 711 Ergo
752 626 838 693 idem
865 627 1041 693 dicendum
1068 627 1109 693 de
1134 625 1267 692 univer-

137 736 197 802 sali
217 744 341 801 naturae
364 734 500 799 unitate.
1037 813 1042 825 ἱ

205 850 309 924 Resp.
334 859 405 924 neg.
428 841 545 906 Minor.
568 838 618 906 Ad
633 842 860 929 probationem
880 842 957 910 dist.
977 849 1084 907 antec.
1107 840 1162 906 llla
1181 859 1263 925 prae-

136 951 241 1017 dicata
260 948 458 1015 conveniunt
477 957 602 1016 naturae
616 950 812 1016 secundum
841 940 877 1015 s'e
897 968 955 1034 per
972 949 1157 1015 intellectus
1182 940 1265 1032 prae-

136 1056 311 1131 cisionem,
333 1058 447 1129 trans„
469 1076 487 1119 a
506 1063 596 1140 parte
615 1056 676 1132 rei,
692 1076 763 1141 neg.

206 1166 286 1231 Rem
315 1163 443 1249 egregie
472 1163 612 1231 declarat
640 1164 786 1229 Eximius
813 1163 945 1229 Doctor:
967 1163 1169 1229 «Dicendum
1200 1172 1261 1239 est,

139 1272 262 1355 inquit,
294 1289 366 1337 esse
394 1270 604 1354 sophisticam
626 1270 936 1353 aequivocationem
970 1269 1144 1356 multiplex
1173 1271 1262 1337 enim

135 1387 245 1463 potest
263 1396 335 1443 esse
354 1391 472 1443 sensus
499 1377 627 1443 illarum
656 1378 884 1462 negationum.
917 1378 1045 1444 Primus
1070 1388 1137 1454 est,
1172 1378 1264 1462 quod

137 1494 254 1559 natura
271 1486 433 1555 abstracta
452 1503 513 1551 nec
530 1486 693 1570 generari,
708 1504 766 1551 nec
777 1486 960 1569 corrumpi,
981 1503 1041 1551 nec
1052 1504 1127 1551 esse
1140 1493 1260 1570 potest

135 1603 172 1659 et
189 1594 250 1659 boc
269 1594 369 1659 modo
384 1603 461 1659 sunt
480 1611 566 1657 verae
579 1593 642 1659 illae
662 1593 867 1678 negationes:
888 1604 1001 1693 tamen
1021 1592 1048 1659 si
1064 1602 1150 1659 recte
1168 1592 1263 1658 intel·
1385 1680 1388 1686 Ι

135 1702 295 1786 ligantur,
316 1719 382 1767 non
402 1700 555 1767 dicuntur
572 1701 614 1764 de
642 1708 756 1765 natura
784 1701 966 1768 secundum
992 1718 1045 1776 se,
1061 1710 1094 1767 et
1114 1699 1263 1767 absolute

132 1816 285 1892 sumpta,
303 1808 362 1873 sed
379 1818 414 1874 ut
429 1807 773 1891 habente-quemdam
792 1817 930 1883 statum,
946 1827 1047 1891 quem
1067 1808 1175 1875 solum
1206 1828 1264 1893 per

132 1915 336 1982 intellectum
356 1914 475 1983 habere
493 1923 618 1999 potest;
640 1916 765 1981 realiter
783 1915 869 1982 enim
895 1916 984 1982 nulla
1001 1923 1052 1981 est
1071 1924 1186 1982 natura
1214 1915 1261 1981 sic

131 2022 297 2089 abstracta
311 2031 344 2087 et
357 2021 514 2098 solitaria,
530 2022 589 2089 sed
604 2041 662 2107 per
679 2023 881 2089 intellectum
896 2023 1136 2099 consideratur,
1154 2033 1187 2088 et
1201 2023 1258 2100 illi,

132 2138 175 2195 ut
193 2130 238 2196 sic
249 2130 476 2205 considerate,
491 2128 758 2197 attribuiturtalis
774 2130 917 2215 negatio.
932 2128 1041 2205 Quare
1056 2130 1177 2196 mirum
1193 2148 1259 2195 non
1329 2148 1334 2153 ·

131 2248 199 2317 est,
212 2236 302 2320 quod
316 2237 348 2302 in
362 2236 535 2303 individuis
547 2236 590 2303 illi
606 2256 672 2303 non
687 2238 876 2313 conveniat,
893 2238 968 2321 quia
981 2256 1038 2320 per
1053 2236 1259 2304 existentiam

131 2344 168 2409 in
195 2343 368 2411 individuis
395 2344 572 2411 destruitur
599 2345 651 2409 ille
680 2350 803 2420 status,
833 2342 958 2410 ratione
986 2347 1079 2430 cujus
1107 2345 1260 2411 convenit

131 2457 261 2517 naturae
279 2452 351 2518 talis
371 2450 514 2535 negatio.
535 2452 645 2527 Unde,
666 2450 693 2517 si
714 2452 766 2516 illa
780 2450 888 2517 unitas
903 2452 1103 2536 praecisionis
1116 2453 1260 2518 cumbis

132 2558 364 2643 negationibus
382 2560 600 2643 comparanda
620 2567 686 2633 est,
709 2559 782 2624 hinc
801 2558 910 2642 potius
924 2559 1086 2644 colligitur
1100 2578 1167 2625 non
1182 2578 1261 2625 con·

129 2665 246 2732 venire
264 2674 403 2742 naturae,
425 2665 485 2731 nisi
502 2673 538 2730 ut
556 2664 671 2731 subest
683 2666 861 2749 operationi
873 2666 1058 2733 intellectus
1070 2667 1261 2733 abstrahen-

128 2775 178 2840 tis
196 2785 228 2840 et
247 2774 490 2857 praescindentis
508 2773 610 2839 illam.
632 2773 724 2846 Alius
743 2791 861 2840 sensus
889 2774 1016 2840 illarum
1046 2776 1259 2860 negationum

131 2889 199 2956 est,
220 2881 310 2964 quod
336 2888 451 2946 natura
469 2881 657 2946 communis
685 2881 833 2946 absolute
857 2900 924 2948 non
951 2890 1125 2966 generatur
1152 2901 1260 2966 neque

131 2988 368 3072 corrumpitur,
390 2996 423 3053 et
442 2990 503 3054 hoc
523 2997 631 3072 potest
649 2987 783 3072 intelligi
804 2990 855 3054 vel
882 2989 973 3070 quod
998 3008 1065 3055 non
1084 3002 1260 3073 generatur

132 3096 203 3162 ullo
218 3095 334 3172 modo,
351 3103 383 3160 et
397 3096 506 3164 sicsst
521 3097 658 3172 laisum,
676 3114 751 3160 nam
768 3096 884 3162 saltem
897 3104 1089 3180 generatur,
1102 3107 1136 3162 et
1150 3096 1260 3164 existit

95 3187 99 3192 ’
131 3203 168 3268 in
189 3201 374 3270 individuis.
396 3201 455 3268 Vel
474 3202 565 3286 quod
585 3220 650 3269 non
669 3210 842 3288 generatur
861 3211 920 3286 p'er
938 3221 975 3268 se
993 3203 1116 3287 primo,
1133 3205 1191 3271 sed
1211 3223 1261 3270 ra·

131 3311 224 3376 tione
242 3308 501 3385 individuorum,
522 3318 556 3374 et
574 3311 636 3376 hoc
653 3319 704 3375 est
721 3328 853 3375 verum:
875 3319 988 3377 tamen
1004 3311 1065 3376 hoc
1079 3310 1177 3377 etiam
1197 3310 1259 3378 dici

133 3425 245 3503 potest
263 3419 303 3483 de
322 3427 436 3484 natura
454 3416 614 3484 existente
633 3417 665 3482 in
685 3415 878 3494 individuis,
898 3417 981 3484 sicut
1001 3419 1194 3485 Aristoteles
1211 3418 1260 3485 di·

132 3525 180 3592 cit
194 3525 352 3591 secundas
366 3523 566 3592 substantias
581 3524 767 3590 existerein
783 3524 914 3609 primis,
930 3533 963 3590 et
977 3525 1100 3592 ratione
1115 3526 1257 3602 illarum,

132 3645 170 3701 et
189 3643 426 3717 consequenter
445 3651 510 3698 non
531 3650 588 3716 per
610 3651 647 3698 se
665 3632 783 3717 primo.
806 3632 899 3698 Unde
919 3635 988 3699 haec
1004 3633 1135 3717 negatio
1150 3633 1182 3699 in
1198 3635 1260 3699 boc

132 3758 236 3807 sensu
255 3749 387 3825 sumpta
406 3759 472 3807 non
491 3739 644 3806 convenit
664 3747 787 3805 naturae
802 3741 1046 3824 contingenter,
1071 3735 1129 3807 ¹sed
1149 3759 1205 3824 per
1223 3760 1259 3808 se

133 3865 175 3914 ac
195 3848 392 3930 neeessario;
412 3848 497 3914 sicut
516 3868 533 3911 e
552 3847 711 3913 contrario
726 3847 795 3913 fieri
807 3857 840 3913 et
854 3865 929 3914 esse
940 3867 998 3932 per
1011 3867 1048 3913 se
1062 3848 1169 3933 primo
1182 3867 1261 3915 con·

133 3955 227 4022 venit
246 3955 436 4031 individuis,
456 3955 484 4021 si
504 3955 596 4020 alicui
615 3955 789 4021 convenire
808 3955 917 4022 debet.
936 3957 1034 4023 Nulla
1050 3976 1130 4042 ergo
1144 3957 1261 4041 praedi·

132 4070 206 4129 cata
225 4063 462 4148 contingentia,
493 4063 590 4128 etiam
610 4063 776 4148 negativa,
797 4064 998 4130 conveniunt
1023 4065 1259 4132 communibus

134 4171 278 4247 naturis,
300 4170 361 4237 nisi
380 4172 432 4238 vel
452 4170 575 4236 ratione
589 4170 848 4256 individuorum,
867 4172 918 4237 vel
933 4171 967 4237 in
979 4172 1057 4256 ipsis
1069 4171 1257 4240 individuis.
1294 4188 1298 4192 ’

134 4278 191 4345 vel
211 4278 332 4344 ratione
351 4284 472 4353 status,
489 4296 589 4361 quem
610 4277 642 4343 in
662 4278 826 4344 intellectu
846 4277 1028 4364 habente(
1052 4277 1077 4366 ).

133 4450 404 4466 m

172 4513 214 4578 (r)
251 4507 371 4580 Suarez,
386 4506 462 4582 disp.
478 4505 612 4583 Metopi.
629 4509 657 4579 6,
673 4520 742 4568 sect.
760 4530 787 4583 3,
804 4529 835 4568 n.
850 4530 882 4583 4.
932 4533 936 4540 ·
