3492 5525
194 450 312 513 Anric.
334 463 389 513 iii·
402 447 598 513 Disaiucuio
612 466 653 511 ετ
667 444 896 513 a'neciricario
911 464 1098 527 scienriiiii.
1120 465 1176 530 97¹

95 633 339 719 perfectionem.
357 631 458 717 Atqui
477 650 518 697 ex
532 631 689 717 principio
704 631 855 703 efficienti
879 640 1048 717 nequeunt
1068 630 1219 716 specifice

93 740 250 827 distingui
266 739 410 807 scientia
422 740 577 807 humanae
592 759 629 807 ac
649 740 825 817 naturales,
845 758 922 807 nam
943 738 1136 825 principium
1159 742 1220 807 liu·

86 847 236 935 jusmodi
266 867 398 931 semper.
422 848 510 915 idem
538 858 601 925 est,
631 868 752 932 nempe
784 848 968 915 intellectus
995 847 1151 915 hominis.
1182 848 1220 915 Et

91 964 222 1022 constat
241 955 338 1023 etiam
362 956 492 1023 aliunde
516 942 672 1023 eumdem
697 955 898 1023 intellectum
925 973 997 1021 esse
1022 953 1216 1040 principium

89 1064 295 1131 diversorum
311 1072 462 1140 actuum,
483 1084 517 1132 v.
532 1083 567 1148 g.
587 1063 731 1129 scientiae
747 1073 781 1150 et
796 1061 971 1147 opinionis,
988 1071 1020 1128 et
1035 1062 1218 1129 diversissi-

92 1190 225 1238 morum
243 1174 341 1239 etiam
356 1180 489 1237 actuum
504 1169 659 1238 scientiae.
679 1170 806 1255 Ergo..

160 1286 272 1361 Major
298 1287 426 1347 constat
449 1297 490 1343 ex
518 1277 573 1343 illo
602 1278 787 1362 proloquio:
817 1277 870 1343 Ab
890 1278 1004 1363 objecto
1031 1281 1063 1343 cl
1079 1276 1218 1361 potentia

85 1387 217 1469 parion
244 1386 370 1462 notitia,
402 1385 491 1469 quod
520 1385 675 1469 probatur
701 1385 734 1449 in
762 1392 900 1451 tractatu
928 1385 967 1449 de
1000 1384 1131 1459 Anima,
1162 1384 1217 1449 ubi

93 1494 271 1559 necessitas
281 1494 476 1560 vindicanda
490 1502 540 1558 est
551 1490 802 1577 intelligibilium
817 1491 1014 1575 specierum.
1030 1492 1217 1560 intellectus
1277 1490 1279 1493 ’

90 1600 180 1665 enim
197 1602 319 1666 nullam
335 1600 449 1666 elicere
467 1600 689 1686 cognitionem
709 1600 807 1675 valet,
830 1597 889 1666 nisi
913 1598 1001 1682 prius
1020 1607 1168 1665 actuetur
1181 1619 1217 1665 ac

91 1708 284 1775 fecundetur
304 1707 509 1775 intentionali
538 1705 750 1773 similitudine
776 1706 907 1790 objecti,
934 1724 991 1771 seu
1024 1706 1130 1789 specie
1156 1706 1218 1772 im-

92 1834 204 1898 pressa
227 1814 435 1900 intelligibili,
465 1834 484 1879 a
513 1833 578 1897 qua
599 1796 780 1888 mutuatur,
801 1822 839 1879 ut
862 1813 905 1879 ita
924 1812 1044 1889 dicam,
1075 1814 1222 1889 colores,

89 1923 212 2006 quibus
237 1922 392 2007 depingat
424 1934 522 2005 atque
556 1921 716 2006 exprimat
741 1920 920 2006 imaginem
955 1920 1054 1998 illius,
1086 1920 1118 1987 in
1151 1940 1217 2005 qua

88 2008 239 2097 consistit
250 2030 408 2115 cognitio.

157 2137 267 2221 ltaque
282 2138 355 2203 licet
373 2157 414 2203 ex
428 2136 548 2203 unione
573 2144 606 2201 et
626 2150 788 2203 concursu
809 2124 962 2219 potentiae
983 2146 1082 2220 atque
1096 2138 1215 2221 objecti

89 2246 243 2330 procedat
253 2244 442 2321 intellectio,
462 2252 495 2309 at
514 2244 680 2329 objectum
696 2236 824 2308 videtur
838 2242 1023 2327 specificare
1041 2244 1216 2311 tribuendo

87 2352 131 2418 illi
148 2353 325 2420 «ultimam
340 2352 553 2418 differentiam
568 2351 771 2436 specificam,
793 2349 937 2434 potentia
957 2370 1035 2417 vero
1055 2370 1122 2417 non
1145 2362 1214 2419 tam

87 2460 271 2546 specificat,
306 2480 407 2546 quani
433 2460 611 2546 generirof,
632 2468 747 2544 utpote
774 2457 923 2525 tribueris
944 2460 1014 2525 sola
1044 2461 1217 2544 praedicata

87 2569 251 2653 generica.
270 2566 364 2634 Ratio
379 2579 441 2642 est,
458 2568 533 2650 quia
546 2585 622 2634 cum
635 2566 787 2633 videmus
800 2566 985 2633 albedinem
1006 2585 1039 2632 v.
1052 2587 1088 2653 g.
1101 2578 1218 2652 poten-

88 2677 135 2742 tia
145 2675 250 2743 visiva
259 2676 416 2743 assimilat
426 2676 487 2741 sibi
497 2674 656 2741 visionem
667 2673 699 2739 in
711 2673 891 2758 praedicatis
900 2674 1019 2751 vitalis,
1034 2674 1129 2741 visivi
1136 2684 1214 2753 etc„

88 2805 165 2870 quae
185 2794 263 2852 sunt
285 2785 455 2870 praedicata
481 2781 629 2869 generica
648 2794 681 2849 et
699 2782 889 2848 communia
912 2782 1059 2867 pluribus
1085 2783 1217 2850 visioni-

86 2895 152 2960 bus
169 2894 252 2969 olbi',
272 2893 371 2978 nigri,
391 2893 482 2957 rubri
504 2902 583 2973 etc.;
606 2891 771 2976 objectum
791 2909 882 2967 vero,
910 2890 1064 2961 nimirum
1085 2892 1213 2968 albedo,

88 3001 201 3067 tribuit
216 3000 332 3089 visioni
346 2999 557 3084 praedicatum
584 2997 809 3074 differentiale,
829 2998 921 3081 quod
944 3008 996 3064 est
1020 2998 1216 3067 determina·

86 3109 135 3175 tio
149 3109 285 3176 visionis
298 3108 437 3174 ocularis
450 3107 490 3172 ad
504 3109 583 3184 lioc,
600 3114 637 3171 ut
654 3106 696 3172 sit
710 3105 867 3187 expressio
885 3105 1050 3174 albedinis.

156 3223 225 3284 «Et
241 3205 482 3290 confirmatur,
504 3213 581 3296 quia
610 3213 693 3280 sicut
711 3230 789 3278 cum
809 3213 859 3278 sol
882 3221 916 3278 et
934 3231 1047 3280 semen
1076 3213 1210 3282 lactucae

87 3326 273 3410 producunt
300 3325 476 3399 lactucam,
506 3323 555 3388 sol
583 3321 745 3388 concurrit
773 3327 809 3386 ut
827 3339 926 3386 causa
957 3319 1147 3388 universalis
1177 3341 1213 3388 ac

83 3432 285 3519 generigons,
302 3449 415 3498 semen
427 3440 463 3497 ut
473 3447 571 3496 causa
585 3428 784 3511 particularis
798 3446 835 3493 ac
848 3427 1056 3513 specificans3
1073 3431 1117 3496 sic
1132 3447 1208 3496 cuin

86 3539 231 3624 potentia
250 3538 353 3605 visiva
369 3546 402 3603 et
421 3537 543 3622 species
562 3534 732 3611 albedinis,
753 3553 828 3620 quae
845 3543 896 3602 est
922 3535 1012 3603 velut
1031 3555 1146 3604 semen
1165 3538 1211 3604 al·

87 3646 231 3722 bedinis,
264 3646 449 3730 producunt
476 3644 635 3712 visionem
668 3642 841 3718 albedinis,
870 3661 930 3709 seu
963 3643 1146 3712 albedinem
1178 3644 1211 3711 in

87 3775 160 3822 esse
183 3752 401 3828 intentionali,
425 3752 568 3836 potentia
588 3751 688 3818 visiva
714 3749 875 3818 concurrit
900 3759 936 3816 ut
961 3769 1057 3818 causa
1081 3752 1212 3818 univer·

89 3862 165 3930 salis
184 3871 217 3927 et
227 3860 417 3947 genarirons
434 3859 608 3934 visionem,
628 3857 752 3943 species
775 3876 853 3924 vero
872 3858 1029 3926 albedinis
1054 3869 1090 3926 ut
1114 3878 1209 3926 causa

90 3969 289 4054 particularis
307 3976 341 4034 et
359 3965 575 4052 specificans»
595 3961 658 4053 (i).

156 4075 256 4153 Qrod
284 4095 363 4142 vero
380 4074 498 4141 dicitur
525 4073 703 4141 invisione
725 4075 768 4141 de
787 4073 941 4158 potentia
954 4073 1073 4152 visiva,
1103 4075 1210 4142 valere

91 4194 199 4270 potest
217 4203 284 4252 non
303 4185 412 4250 solum
432 4181 642 4267 prescientia
664 4181 797 4260 actuali,
818 4182 877 4248 sed
900 4181 999 4248 etiam
1029 4201 1088 4268 pro
1120 4182 1211 4249 liabi-

90 4293 186 4377 tuali,
211 4292 373 4375 siquidem
392 4289 523 4356 habitus
546 4290 774 4375 specificantur
795 4307 852 4374 per
869 4297 979 4367 actus,
996 4290 1036 4357 ad
1054 4308 1140 4374 quos
1159 4290 1208 4358 in·

89 4401 222 4468 clinant.
239 4399 272 4466 Si
288 4418 367 4485 ergo
381 4406 473 4464 actus
487 4396 714 4482 specificantur
728 4417 769 4463 ex
783 4396 929 4482 object0,
946 4397 1062 4464 ultima
1075 4397 1209 4466 tandem

89 4508 178 4574 radix
192 4505 440 4591 specificationis
457 4505 554 4572 etiam
574 4505 705 4572 habitus
722 4513 773 4571 est
791 4506 823 4571 iii
842 4502 988 4589 objecto.

123 4743 163 4813 (r)
200 4738 342 4814 Sylveatr.
358 4735 465 4804 Mauri,
480 4734 640 4818 Qiioesta‘oii.
656 4736 783 4806 Pisias..
797 4734 849 4794 lib.
866 4753 893 4806 i,
908 4755 938 4808 q.
950 4757 976 4810 3.
