3492 5525
281 459 394 523 narie.
421 472 479 524 1.¹¹⁸
499 458 622 522 Uaaun
642 458 836 522 Loorca‘sn
856 477 1056 525 necessarus
1075 444 1081 452 ⁶
1118 474 1194 543 1077

178 645 215 710 Et
228 644 412 709 confradrst.
430 642 547 709 Minor.
564 662 635 727 neg.
656 662 789 726 conseq.
810 639 826 730 (
850 641 876 732 ).

157 758 268 836 Objic.
295 750 348 819 5.⁰
396 752 494 817 «Non
520 750 657 815 babetur
689 750 862 817 scientifice
890 752 1141 828 demonstratio,
1172 752 1233 819 nisi

110 868 329 946 cognoscatur
347 868 384 925 ut
401 858 575 923 infallibilis
593 867 626 922 et
644 859 779 924 minime
797 860 983 925 claudicans
999 879 1058 925 nec
1077 872 1232 944 exparte

110 969 273 1042 materiae,
295 986 354 1032 nec
372 985 413 1031 ex
432 974 520 1049 parte
536 967 665 1046 formae;
682 965 810 1032 sienim
830 966 1038 1031 formidinem
1061 966 1181 1051 patitur
1191 968 1232 1033 dc

110 1076 161 1142 sui
187 1075 320 1141 veritate
338 1086 370 1141 et
389 1074 599 1149 rectitudine,
616 1075 685 1159 jam
706 1092 772 1139 non
791 1075 885 1138 difert
905 1095 923 1138 a
941 1074 1134 1161 syllogismo
1159 1094 1232 1158 pro-

110 1182 223 1259 babili,
245 1183 300 1265 qui
320 1182 360 1245 ad
378 1181 597 1266 generandam
631 1181 797 1246 scientiam
825 1180 947 1246 inutilis
978 1192 1039 1246 est.
1066 1182 1098 1247 ld
1119 1194 1229 1247 autem

109 1292 178 1355 sine
206 1288 322 1374 logica
343 1288 480 1355 obtineri
499 1307 564 1353 non
591 1306 705 1373 posse,
735 1288 905 1373 probatur,
933 1288 967 1376 α)
995 1290 1081 1372 quia,
1105 1290 1232 1355 seclusa

111 1398 243 1483 logica,
264 1416 341 1462 cum
367 1396 485 1479 quovis
500 1396 645 1461 discursu
664 1397 806 1461 cohaeret
824 1397 964 1461 formido
990 1397 1071 1472 falsi,
1092 1406 1163 1461 tum
1189 1416 1230 1462 ex

111 1515 200 1588 parte
220 1502 379 1579 materiae,
400 1522 476 1569 cum
497 1522 583 1585 saepe
600 1502 676 1567 falsa
696 1513 918 1586 proponantur
937 1504 998 1569 sub
1018 1505 1123 1584 specie
1145 1507 1227 1582 veri,

111 1622 143 1675 et
167 1612 213 1677 sic
244 1614 352 1695 ipsum
373 1610 567 1694 principium
588 1610 781 1690 identitatis;
814 1610 892 1691 Quoe
921 1617 991 1675 runt
1022 1614 1127 1675 eadem
1160 1613 1230 1676 uni-

110 1720 201 1783 tertio
219 1732 281 1783 etc.
302 1720 382 1784 fallit
408 1721 439 1784 in
472 1721 532 1783 hoc
556 1718 759 1803 syllogismo.
785 1720 859 1782 Haec
889 1718 1019 1782 essentia
1046 1720 1156 1783 diar'na
1187 1725 1233 1783 est

110 1828 226 1891 Pater:
251 1826 352 1892 filius
370 1831 416 1890 est
433 1828 494 1890 brac
512 1826 642 1890 essentia
660 1825 789 1891 diuina:
808 1826 889 1907 Ergo
909 1826 1003 1889 Pater
1025 1834 1070 1889 est
1094 1828 1228 1906 Filius,·>›

109 1948 182 1999 tum
212 1954 251 1998 ex
280 1946 370 2016 parte
399 1936 529 2009 formae,
559 1953 659 2015 quam
690 1933 789 1998 nescit
822 1916 1004 1998 intellectus
1021 1934 1090 1998 sine
1116 1935 1228 2017 logica

109 2043 282 2108 discutere.
304 2038 339 2128 β)
358 2042 441 2117 Quia
461 2058 495 2105 ut
516 2041 751 2106 demonstratio
770 2041 956 2105 firmitatem
989 2042 1105 2107 babeat
1126 2042 1230 2106 scien-

109 2148 162 2215 tiae
181 2147 363 2232 propriam,
380 2148 453 2214 talis
465 2166 536 2214 esse
550 2149 663 2223 debet,
682 2152 720 2212 ut
729 2166 825 2231 neque
837 2148 872 2211 in
884 2166 919 2212 ea
932 2149 1096 2232 quisquam
1109 2167 1227 2225 errare,

108 2276 165 2321 nec
187 2256 374 2341 quibuslibet
385 2256 634 2331 adversantibus,
654 2254 806 2337 impulsus
827 2259 939 2320 nutare
952 2257 1059 2321 debeat
1074 2253 1137 2343 (2);
1153 2276 1228 2321 cum
1261 2324 1267 2331 ,

110 2375 222 2429 tamen
254 2366 386 2448 ignarus
419 2363 545 2447 Logicae
581 2364 698 2447 quovis
731 2362 764 2426 in
797 2362 994 2429 contrarium
1028 2363 1228 2446 sophismate

110 2454 204 2549 putet
222 2469 285 2559 (3).

177 2588 280 2663 Resp.
297 2599 368 2663 neg.
385 2578 503 2644 Minor.
520 2579 587 2644 Nec
602 2597 680 2644 vero
700 2580 809 2643 valent
823 2579 989 2662 quidpiam
1006 2578 1224 2662 probationes,
1299 2662 1302 2671 .

110 2688 216 2753 Prima
234 2678 372 2753 instatur
391 2688 424 2752 in
445 2686 565 2772 regulis
584 2686 662 2770 ipsis
681 2686 809 2771 logicis,
839 2688 879 2752 de
899 2705 1038 2770 quarum
1058 2687 1154 2752 etiam
1174 2687 1228 2752 tir-

111 2799 223 2863 mitate
243 2796 389 2862 dubitare
410 2796 482 2878 quis
503 2795 636 2878 poterit,
665 2793 767 2860 immo
795 2803 828 2859 et
855 2796 895 2859 de
920 2795 1031 2878 primis
1052 2795 1224 2880 principiis

109 2905 229 2988 quibus
248 2902 364 2989 logica
384 2905 510 2988 regulat
528 2905 667 2968 formam
682 2901 929 2988 syllogisticam.
945 2905 1029 2968 Nam
1046 2903 1134 2968 unde
1152 2903 1225 2982 scit,

110 3032 150 3076 an
169 3013 238 3096 ipse
258 3013 342 3076 bene
360 3009 520 3095 intelligat
539 3012 607 3076 haec
627 3011 730 3092 prima
745 3008 915 3094 principia,
933 3010 984 3075 vel
1000 3029 1041 3074 an
1061 3011 1227 3095 indigeant

109 3118 319 3202 explicatione
344 3136 403 3184 seu
432 3103 641 3195 limitatione,
670 3116 753 3184 sicut
782 3115 905 3202 indiget
932 3117 1029 3184 illud:
1059 3119 1138 3200 Quae
1155 3121 1232 3184 sunt

107 3229 213 3291 eadem
230 3225 289 3291 uni
306 3226 397 3290 fertio
409 3229 483 3302 etc„
505 3233 541 3289 ut
560 3233 669 3289 teneat
687 3224 720 3289 in
734 3223 872 3289 divinis?
890 3223 972 3290 Tota
992 3245 1071 3309 ergo
1091 3226 1227 3292 firmitas

108 3351 262 3398 assensus
277 3332 442 3398 scientifici
463 3331 574 3397 nititur
588 3331 696 3397 indole
716 3351 800 3397 verae
819 3331 1008 3410 evidentiae,
1027 3351 1101 3417 quae
1120 3351 1227 3416 perse
1269 3375 1277 3391 .

110 3439 287 3505 formaliter
305 3440 449 3506 excludit
471 3458 606 3505 omnem
627 3438 853 3516 formidinem,
882 3459 940 3505 nec
965 3441 1084 3524 patitur
1103 3440 1227 3506 intelle-

108 3559 198 3614 ctum
228 3548 392 3623 dubitare,
422 3547 635 3632 quantumvis
659 3547 802 3613 reflectat
831 3556 864 3612 et
887 3548 1138 3632 circumspiciat,
1161 3569 1226 3616 non

110 3656 240 3740 praecise
259 3657 335 3740 quia
350 3655 685 3740 proponitobjectum
704 3656 767 3720 sub
792 3655 984 3722 omnimoda
1005 3657 1127 3723 ratione
1146 3659 1225 3735 veri,

108 3764 165 3829 sed
185 3763 261 3845 quia
283 3764 338 3829 tali
357 3764 500 3829 claritate
520 3763 687 3846 proponit,
717 3773 754 3829 ut
781 3765 918 3830 omnino
938 3764 1038 3848 rapiat
1057 3783 1226 3832 assensum

108 3871 291 3936 intellectus
319 3871 416 3935 etiam
450 3870 777 3954 circumspectissimi.
812 3871 888 3937 Haec
922 3882 1032 3937 autem
1066 3873 1227 3940 evidentia

109 3979 227 4044 residet
245 3979 278 4042 in
298 3979 575 4044 demonstratione
594 3979 729 4055 directa,
746 3981 829 4047 sicut
847 3979 880 4045 in
900 3997 1034 4048 assensu
1056 3982 1228 4068 principio-

110 4104 202 4160 rum,
218 4086 288 4151 sine
307 4085 435 4170 logica.

176 4193 317 4257 lnstatur
336 4192 483 4258 similiter
500 4193 711 4278 syllogismus
735 4195 786 4260 ille
805 4195 904 4261 falsus
924 4197 1005 4262 circa
1025 4195 1138 4262 SSam.
1159 4197 1228 4263 Tri·

109 4299 259 4366 nitatem.
291 4299 393 4375 Nam,
423 4300 547 4366 seclusa
575 4297 666 4376 Fide,
694 4319 735 4365 ne
762 4319 917 4370 summus
940 4303 1073 4387 quidem
1091 4302 1227 4392 Logicus

113 4489 382 4507 -n—o—

144 4573 185 4634 (a)
222 4566 299 4624 Vide
314 4567 448 4635 Lossad.,
464 4566 503 4625 ib.
515 4587 544 4625 n.
555 4567 601 4636 28,
612 4588 692 4639 seqq.

143 4661 184 4727 (2)
223 4656 256 4714 S.
269 4658 408 4731 August,
424 4656 473 4715 lib.
491 4678 514 4714 r.
531 4657 630 4715 Contr.
644 4659 793 4726 Academ„
805 4681 868 4732 cap.
889 4683 914 4736 7.

144 4751 187 4820 (3)
224 4747 310 4818 Apud
324 4746 465 4812 Loasada,
480 4766 509 4804 n.
527 4765 571 4817 30,
583 4768 627 4818 31,
638 4746 686 4804 ubi
702 4747 764 4806 haec
775 4747 869 4808 fusius
881 4751 1049 4812 dilatantur.
