3492 5525
537 462 612 530 1054
724 419 849 512 Looicn
870 447 1101 522 Minoa—Lis.
1127 462 1195 525 aar,
1220 447 1309 511 Drsn.
1336 457 1381 530 5.·

492 652 564 697 eam
582 632 783 715 aptissimam
802 651 875 698 esse
895 632 1143 717 philosophandi
1163 630 1320 699 rationem
1339 628 1517 703 conclusit,
1538 648 1611 711 quae

492 740 652 823 quidquid
671 741 703 806 in
722 739 817 806 variis
835 750 867 805 et
886 739 1139 806 contradictoriis
1153 737 1341 826 systematis
1355 737 1558 812 continetur,
1579 736 1612 801 in

493 862 596 933 unum
627 866 745 933 corpus
771 858 992 933 coagmentet.
1027 846 1069 913 At
1098 846 1241 911 doctrina
1271 846 1339 911 haec
1366 856 1453 910 stare
1483 842 1610 927 nequit,

492 965 606 1039 utpote
619 972 694 1047 quae
709 955 840 1021 ruinoso
856 954 1002 1021 innititur
1016 955 1243 1020 fundamento.
1261 950 1351 1019 Sicut
1363 952 1450 1019 enirn
1464 952 1552 1017 aliud
1564 962 1613 1017 est

491 1070 596 1128 tacere
611 1063 650 1128 de
667 1082 699 1128 re
714 1062 838 1146 aliqua,
855 1071 888 1127 et
903 1062 988 1129 aliud
1004 1062 1148 1143 mentiri,
1167 1060 1212 1126 sic
1227 1060 1314 1127 aliud
1329 1070 1378 1125 est
1394 1078 1460 1127 non
1481 1062 1610 1143 plenam

491 1169 659 1235 veritatem
679 1170 759 1235 circa
785 1170 951 1254 objectum
978 1168 1109 1253 aliquod
1138 1157 1317 1254 possidere,
1339 1176 1373 1233 et
1400 1168 1487 1233 aliud
1507 1186 1612 1232 errare

399 1275 406 1290 ‘
490 1276 572 1343 circa
591 1276 686 1353 illud,
708 1296 827 1362 nempe
841 1276 928 1343 aliud
949 1287 996 1343 est
1015 1276 1219 1360 inadequate
1238 1294 1452 1360 cognoscere,
1473 1285 1505 1340 et
1524 1275 1612 1339 aliud

490 1404 659 1470 perperam
677 1402 890 1471 cognoscere;
912 1404 1000 1450 error
1012 1385 1134 1470 quippe
1150 1402 1216 1449 non
1236 1391 1286 1449 est
1306 1382 1445 1469 simplex
1463 1382 1613 1449 defectus

489 1492 699 1578 cognitionis,
720 1494 778 1560 sed
797 1492 941 1579 cognitio
966 1492 1126 1559 difformis
1150 1491 1296 1578 objecto,
1326 1492 1611 1574 quemadmodum

489 1600 640 1684 superius
658 1600 801 1667 vidimus
820 1597 833 1688 l
858 1598 883 1688 ).
1161 1594 1167 1609 '

555 1690 640 1774 Nilril
656 1728 734 1794 ergo
747 1708 884 1784 mirum,
901 1708 927 1774 si
943 1727 983 1773 ex
996 1720 1064 1774 tam
1076 1707 1217 1773 absurdo
1230 1706 1386 1791 principio
1400 1705 1611 1773 falsissimum

487 1816 739 1882 eclecticismum
765 1816 929 1882 Cousinus
949 1815 1159 1891 derivaverit,
1179 1815 1363 1899 talemque,
1385 1814 1441 1898 qui
1465 1834 1531 1881 non
1556 1836 1614 1881 ve-

489 1942 557 1989 ram
578 1924 744 1990 scientiam
764 1924 898 2009 gignere
914 1924 1013 1999 valet,
1031 1924 1089 1989 sed
1104 1931 1289 1988 monstrum
1304 1921 1436 2005 aliquod
1451 1923 1614 1989 duntaxat
1731 1990 1732 1995 ,

488 2032 643 2108 informe,
664 2033 759 2115 quale
783 2032 935 2100 describit
959 2030 1110 2099 Horatius
1136 2030 1267 2097 Flaccus
1291 2029 1381 2095 initio
1402 2030 1550 2113 epistolae
1571 2032 1613 2095 ad

488 2140 622 2206 Pisones
641 2141 682 2205 de
701 2142 781 2206 Arte
793 2138 926 2221 metria.

419 2304 441 2333 m
555 2246 716 2314 Caeterum
736 2247 852 2331 siquis
869 2250 968 2313 talem
985 2245 1239 2313 eclecticismum
1255 2253 1359 2321 amet,
1374 2243 1442 2328 qui,
1459 2244 1614 2313 admissis

294 2378 319 2407 ec
341 2360 440 2443 ficismu
486 2363 584 2439 atque
604 2356 636 2422 in
656 2364 728 2421 tuto
748 2356 862 2439 positis
877 2357 989 2441 primis
1005 2356 1166 2441 principiis
1186 2364 1218 2419 et
1238 2352 1427 2420 veritatibus
1438 2353 1611 2431 omnibus,

347 2448 410 2479 ’Μ’
485 2481 567 2546 quas
584 2471 640 2529 aut
659 2464 739 2528 ratio
758 2464 892 2529 evidens
912 2457 1131 2538 demonstrat,
1153 2473 1209 2528 aut
1230 2462 1324 2528 Fides
1346 2461 1454 2528 divina
1474 2460 1615 2529 firmiter

485 2572 642 2637 tenendas
661 2570 829 2656 proponit,
852 2580 982 2654 respuat
1001 2580 1170 2655 tamquam
1191 2571 1321 2645 falsum,
1338 2569 1497 2654 quidquid
1522 2570 1614 2643 hisce

484 2679 674 2745 veritatibus
701 2678 908 2754 contradicit,
930 2688 962 2744 et
980 2678 1013 2743 in
1034 2678 1164 2762 reliquis
1184 2673 1299 2763 seligat
1317 2696 1372 2743 eas
1390 2678 1557 2743 doctrinas
1577 2699 1614 2745 ac

484 2787 679 2864 sententias,
699 2806 782 2870 quas
802 2769 914 2862 mens,
936 2786 1127 2872 praejudiciis
1153 2786 1309 2852 omnibus
1330 2785 1448 2862 libera,
1478 2789 1615 2854 confor-

485 2894 606 2959 miores
641 2893 754 2958 rationi
787 2894 1051 2978 deprehenderit,
1086 2912 1208 2978 easque
1238 2905 1312 2977 apte
1344 2903 1377 2957 et
1408 2895 1614 2961 cohaerentcr

483 3000 697 3082 ordinaverit;
719 3019 785 3066 non
813 3001 841 3066 is
868 3020 931 3086 ego
958 3021 1048 3078 sum,
1070 3001 1126 3085 qui
1145 3001 1333 3088 hujusmodi
1354 2983 1612 3068 eclecticismum

484 3110 717 3192 reprehensum
743 3106 859 3183 velim,
880 3118 936 3174 aut
963 3127 1028 3175 non
1055 3109 1164 3193 potius
1191 3111 1412 3195 maximopere
1437 3129 1615 3178 commen-

483 3216 575 3280 dem.
596 3215 685 3280 llanc
704 3214 792 3281 enim
813 3226 895 3298 puto
915 3215 1164 3301 philosophandi
1190 3216 1348 3282 rationem
1376 3217 1521 3284 tenuisse
1546 3221 1616 3304 pri-

485 3341 578 3389 murn
599 3323 708 3389 Patres
726 3323 872 3389 Ecclesiae
892 3319 941 3410 (2)
963 3343 999 3390 ac
1023 3343 1102 3389 mox
1121 3323 1275 3392 Doctores
1299 3323 1529 3402 Scholasticos,
1551 3329 1613 3410 qul

484 3430 644 3515 quidquid
662 3432 695 3497 in
721 3431 907 3497 auctoribus
935 3430 1047 3517 priscis
1071 3443 1275 3516 repererunt,
1298 3441 1353 3498 aut
1378 3431 1613 3502 ecclesiasticae

483 3540 638 3606 doctrinae
658 3541 844 3616 conforme,
862 3548 918 3606 aut
937 3540 976 3605 ad
996 3559 1067 3605 eam
1088 3535 1359 3624 propugnandam
1375 3549 1490 3625 aptum
1510 3542 1616 3609 ratio-

484 3647 584 3733 nique
603 3656 877 3724 consentaneum,
903 3648 1087 3715 avidissime
1111 3647 1333 3731 arripuerunt,
1354 3656 1452 3731 atque
1480 3649 1522 3712 ad
1552 3648 1615 3716 frc-

484 3757 670 3824 missimum
701 3775 796 3840 aeque
827 3774 864 3820 ac
894 3755 1148 3839 pulcherrimum
1188 3754 1395 3822 scientiarum
1428 3754 1613 3823 aedificium

483 3866 737 3940 exstruendum,
758 3865 848 3930 velut
865 3862 1002 3929 totidem
1023 3864 1143 3929 affabre
1163 3874 1270 3930 sectos
1289 3863 1427 3948 lapides
1449 3863 1617 3930 adhibue-

483 3979 573 4041 runt.
607 3972 797 4055 Eodemque
829 3969 939 4037 studio
971 3989 1027 4036 eos
1058 3972 1220 4037 animatos
1257 3989 1328 4038 esse
1364 3979 1513 4054 oportet,
1547 3975 1614 4056 qui

481 4079 620 4145 evadere
652 4079 797 4165 insignes
830 4079 966 4163 cupiunt
994 4063 1030 4144 in'
1048 4077 1276 4163 ‚philosophica
1308 4077 1470 4155 doctrina,
1503 4081 1616 4163 potis·

481 4187 604 4254 simum
623 4205 699 4253 curn
718 4185 751 4252 in
770 4188 873 4254 varias
892 4185 1038 4253 incidunt
1062 4186 1240 4254 sententias
1262 4185 1294 4252 in
1316 4185 1482 4253 catholicis
1508 4189 1617 4256 scho-

486 4377 739 4394 ψ

517 4479 559 4540 (ι)
593 4475 701 4550 Logic.
719 4473 838 4548 Major„
854 4492 883 4531 n.
900 4473 928 4531 6.

516 4563 558 4635 (a)
594 4563 670 4621 Vide
688 4563 833 4622 clement.
853 4561 1024 4631 Alexandr,
1039 4561 1190 4631 stromat,
1210 4559 1262 4621 lib.
1284 4576 1532 4637 1,oap.7et13;
1549 4563 1615 4626 La·

480 4665 571 4713 ctant.
587 4653 733 4723 Firmian,
749 4653 887 4711 Diuinar.
901 4653 1090 4720 institution„
1107 4651 1156 4710 lib.
1175 4673 1207 4726 7,
1230 4672 1292 4724 cap.
1316 4673 1348 4725 73
1372 4651 1404 4712 S.
1428 4653 1611 4728 Augustis„

482 4743 526 4801 De
540 4742 631 4806 civit.
644 4741 703 4802 Dei
707 4785 715 4814 ‚
731 4741 781 4802 lib.
795 4743 830 4815 8,
844 4761 908 4815 cap.
923 4764 951 4816 9.
