<?xml version="1.0" encoding="UTF-8"?>
<!DOCTYPE html PUBLIC "-//W3C//DTD XHTML 1.0 Transitional//EN"
    "http://www.w3.org/TR/xhtml1/DTD/xhtml1-transitional.dtd">
<html xmlns="http://www.w3.org/1999/xhtml" xml:lang="en" lang="en">
 <head>
  <title>
</title>
<meta http-equiv="Content-Type" content="text/html;charset=utf-8" />
  <meta name='ocr-system' content='tesseract 3.04.00' />
  <meta name='ocr-capabilities' content='ocr_page ocr_carea ocr_par ocr_line ocrx_word'/>
</head>
<body>
  <div class='ocr_page' id='page_1' title='image "./institutionesph00urrgoog/institutionesph00urrgoog_0133.png"; bbox 0 0 3492 5525; ppageno 0'>
   <div class='ocr_carea' id='block_1_1' title="bbox 374 401 1181 480">
    <p class='ocr_par' dir='ltr' id='par_1_1' title="bbox 374 401 1181 480">
     <span class='ocr_line' id='line_1_1' title="bbox 374 401 1181 480; baseline -0.006 -12"><span class='ocrx_word' id='word_1_1' title='bbox 374 405 483 477; x_wconf 67' lang='lat' dir='ltr'><strong>¹Aren:</strong></span> <span class='ocrx_word' id='word_1_2' title='bbox 508 417 567 466; x_wconf 62' lang='grc' dir='ltr'><strong>μ’*</strong></span> <span class='ocrx_word' id='word_1_3' title='bbox 590 401 681 480; x_wconf 88' lang='lat' dir='ltr'><strong>Quro</strong></span> <span class='ocrx_word' id='word_1_4' title='bbox 701 420 752 466; x_wconf 81' lang='lat' dir='ltr'><strong>sir</strong></span> <span class='ocrx_word' id='word_1_5' title='bbox 774 420 903 468; x_wconf 83' lang='lat' dir='ltr'><strong>stonun</strong></span> <span class='ocrx_word' id='word_1_6' title='bbox 1118 420 1181 465; x_wconf 83' lang='lat'><strong>111.</strong></span> 
     </span>
    </p>
   </div>
   <div class='ocr_carea' id='block_1_2' title="bbox 68 588 1410 2719">
    <p class='ocr_par' dir='ltr' id='par_1_2' title="bbox 95 588 1408 890">
     <span class='ocr_line' id='line_1_2' title="bbox 152 588 1408 676; baseline 0 -20"><span class='ocrx_word' id='word_1_7' title='bbox 152 590 345 658; x_wconf 87' lang='lat' dir='ltr'><strong>Secundum</strong></span> <span class='ocrx_word' id='word_1_8' title='bbox 362 590 442 657; x_wconf 85' lang='lat' dir='ltr'><strong>alios</strong></span> <span class='ocrx_word' id='word_1_9' title='bbox 455 589 590 676; x_wconf 89' lang='lat' dir='ltr'><strong>signum</strong></span> <span class='ocrx_word' id='word_1_10' title='bbox 602 588 896 673; x_wconf 86' lang='lat' dir='ltr'><strong>diciturquidquid</strong></span> <span class='ocrx_word' id='word_1_11' title='bbox 911 589 1067 674; x_wconf 84' lang='lat' dir='ltr'><strong>potentiae</strong></span> <span class='ocrx_word' id='word_1_12' title='bbox 1089 607 1214 674; x_wconf 73' lang='lat' dir='ltr'><strong>cogno,</strong></span> <span class='ocrx_word' id='word_1_13' title='bbox 1247 602 1408 650; x_wconf 58' lang='lat' dir='ltr'><strong>Atticiano</strong></span> 
     </span>
     <span class='ocr_line' id='line_1_3' title="bbox 95 676 1402 800; baseline 0 -38"><span class='ocrx_word' id='word_1_14' title='bbox 95 691 1213 800; x_wconf 68' lang='lat' dir='ltr'><strong>scitivae,praetersuicognitionem,alteriusquoquereicognitionem</strong></span> <span class='ocrx_word' id='word_1_15' title='bbox 1253 676 1402 792; x_wconf 57' lang='lat' dir='ltr'><strong>“ffi&#39;jm</strong></span> 
     </span>
     <span class='ocr_line' id='line_1_4' title="bbox 95 802 1211 890; baseline 0.001 -21"><span class='ocrx_word' id='word_1_16' title='bbox 95 807 216 890; x_wconf 83' lang='lat' dir='ltr'><strong>ingerit.</strong></span> <span class='ocrx_word' id='word_1_17' title='bbox 232 805 317 882; x_wconf 80' lang='lat' dir='ltr'><strong>Quae</strong></span> <span class='ocrx_word' id='word_1_18' title='bbox 332 802 482 874; x_wconf 79' lang='lat' dir='ltr'><strong>definitio</strong></span> <span class='ocrx_word' id='word_1_19' title='bbox 497 805 606 890; x_wconf 83' lang='lat' dir='ltr'><strong>colligi</strong></span> <span class='ocrx_word' id='word_1_20' title='bbox 622 803 752 872; x_wconf 88' lang='lat' dir='ltr'><strong>videtur</strong></span> <span class='ocrx_word' id='word_1_21' title='bbox 766 824 807 871; x_wconf 86' lang='lat' dir='ltr'><strong>ex</strong></span> <span class='ocrx_word' id='word_1_22' title='bbox 823 803 885 870; x_wconf 90' lang='lat' dir='ltr'><strong>illis</strong></span> <span class='ocrx_word' id='word_1_23' title='bbox 901 803 1074 888; x_wconf 85' lang='lat' dir='ltr'><strong>Aquinatis</strong></span> <span class='ocrx_word' id='word_1_24' title='bbox 1090 804 1211 872; x_wconf 81' lang='lat' dir='ltr'><strong>uerbis:</strong></span> 
     </span>
    </p>

    <p class='ocr_par' dir='ltr' id='par_1_3' title="bbox 93 912 1213 1107">
     <span class='ocr_line' id='line_1_5' title="bbox 93 912 1213 1004; baseline 0 -26"><span class='ocrx_word' id='word_1_25' title='bbox 93 914 217 997; x_wconf 77' lang='lat' dir='ltr'><em>Signum</em></span> <span class='ocrx_word' id='word_1_26' title='bbox 243 915 392 996; x_wconf 74' lang='lat' dir='ltr'><em>importat</em></span> <span class='ocrx_word' id='word_1_27' title='bbox 413 912 538 998; x_wconf 75' lang='lat' dir='ltr'><strong>aliquid</strong></span> <span class='ocrx_word' id='word_1_28' title='bbox 565 912 765 1004; x_wconf 76' lang='lat' dir='ltr'><strong>manifestum</strong></span> <span class='ocrx_word' id='word_1_29' title='bbox 792 915 898 997; x_wconf 70' lang='lat' dir='ltr'><strong>quoad</strong></span> <span class='ocrx_word' id='word_1_30' title='bbox 916 932 992 988; x_wconf 86' lang='lat' dir='ltr'><strong>nos,</strong></span> <span class='ocrx_word' id='word_1_31' title='bbox 1023 931 1085 997; x_wconf 85' lang='lat' dir='ltr'><strong>quo</strong></span> <span class='ocrx_word' id='word_1_32' title='bbox 1102 931 1213 978; x_wconf 67' lang='lat' dir='ltr'><strong>manta</strong></span> 
     </span>
     <span class='ocr_line' id='line_1_6' title="bbox 93 1015 740 1107; baseline 0.002 -23"><span class='ocrx_word' id='word_1_33' title='bbox 93 1022 232 1086; x_wconf 81' lang='lat' dir='ltr'><em>ducimur</em></span> <span class='ocrx_word' id='word_1_34' title='bbox 254 1023 288 1086; x_wconf 85' lang='lat' dir='ltr'><strong>in</strong></span> <span class='ocrx_word' id='word_1_35' title='bbox 305 1021 439 1088; x_wconf 80' lang='lat' dir='ltr'><strong>alterius</strong></span> <span class='ocrx_word' id='word_1_36' title='bbox 454 1020 661 1104; x_wconf 75' lang='lat' dir='ltr'><strong>cognitionem</strong></span> <span class='ocrx_word' id='word_1_37' title='bbox 676 1015 689 1107; x_wconf 92' lang='lat'>(</span> <span class='ocrx_word' id='word_1_38' title='bbox 714 1018 740 1106; x_wconf 92' lang='lat'><strong>).</strong></span> 
     </span>
    </p>

    <p class='ocr_par' dir='ltr' id='par_1_4' title="bbox 88 1127 1281 1868">
     <span class='ocr_line' id='line_1_7' title="bbox 151 1127 1211 1213; baseline 0 -19"><span class='ocrx_word' id='word_1_39' title='bbox 151 1127 275 1195; x_wconf 89' lang='lat' dir='ltr'><strong>Verum</strong></span> <span class='ocrx_word' id='word_1_40' title='bbox 305 1130 374 1195; x_wconf 88' lang='lat' dir='ltr'><strong>haec</strong></span> <span class='ocrx_word' id='word_1_41' title='bbox 402 1128 501 1194; x_wconf 85' lang='lat' dir='ltr'><strong>etiam</strong></span> <span class='ocrx_word' id='word_1_42' title='bbox 522 1127 687 1206; x_wconf 80' lang='lat' dir='ltr'><strong>definitio,</strong></span> <span class='ocrx_word' id='word_1_43' title='bbox 714 1129 839 1213; x_wconf 89' lang='lat' dir='ltr'><strong>placere</strong></span> <span class='ocrx_word' id='word_1_44' title='bbox 866 1130 980 1196; x_wconf 90' lang='lat' dir='ltr'><strong>multis</strong></span> <span class='ocrx_word' id='word_1_45' title='bbox 1000 1146 1211 1212; x_wconf 84' lang='lat' dir='ltr'>nequaquam</span> 
     </span>
     <span class='ocr_line' id='line_1_8' title="bbox 93 1235 1211 1321; baseline 0 -19"><span class='ocrx_word' id='word_1_46' title='bbox 93 1245 205 1320; x_wconf 88' lang='lat' dir='ltr'><strong>potest.</strong></span> <span class='ocrx_word' id='word_1_47' title='bbox 221 1235 320 1312; x_wconf 87' lang='lat' dir='ltr'><strong>Quod</strong></span> <span class='ocrx_word' id='word_1_48' title='bbox 340 1247 376 1303; x_wconf 94' lang='lat' dir='ltr'><strong>ut</strong></span> <span class='ocrx_word' id='word_1_49' title='bbox 391 1238 486 1321; x_wconf 87' lang='lat' dir='ltr'><strong>plane</strong></span> <span class='ocrx_word' id='word_1_50' title='bbox 502 1235 628 1312; x_wconf 80' lang='lat' dir='ltr'><strong>videas,</strong></span> <span class='ocrx_word' id='word_1_51' title='bbox 654 1255 751 1302; x_wconf 92' lang='lat' dir='ltr'><strong>nosse</strong></span> <span class='ocrx_word' id='word_1_52' title='bbox 765 1236 866 1303; x_wconf 89' lang='lat' dir='ltr'><strong>debes</strong></span> <span class='ocrx_word' id='word_1_53' title='bbox 883 1256 923 1302; x_wconf 88' lang='lat' dir='ltr'><strong>ex</strong></span> <span class='ocrx_word' id='word_1_54' title='bbox 935 1237 1211 1303; x_wconf 76' lang='lat' dir='ltr'><strong>communissima</strong></span> 
     </span>
     <span class='ocr_line' id='line_1_9' title="bbox 93 1343 1211 1430; baseline 0.001 -23"><span class='ocrx_word' id='word_1_55' title='bbox 93 1343 262 1422; x_wconf 85' lang='lat' dir='ltr'><strong>sententia,</strong></span> <span class='ocrx_word' id='word_1_56' title='bbox 284 1353 464 1429; x_wconf 86' lang='lat' dir='ltr'><strong>conceptus</strong></span> <span class='ocrx_word' id='word_1_57' title='bbox 482 1343 603 1410; x_wconf 88' lang='lat' dir='ltr'><strong>mentis</strong></span> <span class='ocrx_word' id='word_1_58' title='bbox 619 1363 695 1417; x_wconf 85' lang='lat' dir='ltr'><strong>vera</strong></span> <span class='ocrx_word' id='word_1_59' title='bbox 706 1363 779 1410; x_wconf 85' lang='lat' dir='ltr'><strong>esse</strong></span> <span class='ocrx_word' id='word_1_60' title='bbox 792 1363 919 1426; x_wconf 88' lang='lat' dir='ltr'><strong>rerum,</strong></span> <span class='ocrx_word' id='word_1_61' title='bbox 938 1362 1021 1428; x_wconf 84' lang='lat' dir='ltr'><strong>quas</strong></span> <span class='ocrx_word' id='word_1_62' title='bbox 1034 1344 1211 1430; x_wconf 86' lang='lat' dir='ltr'><strong>cognosci-</strong></span> 
     </span>
     <span class='ocr_line' id='line_1_10' title="bbox 93 1450 1264 1538; baseline 0.003 -24"><span class='ocrx_word' id='word_1_63' title='bbox 93 1471 178 1530; x_wconf 86' lang='lat' dir='ltr'><strong>mus,</strong></span> <span class='ocrx_word' id='word_1_64' title='bbox 209 1453 316 1538; x_wconf 84' lang='lat' dir='ltr'><strong>signa.</strong></span> <span class='ocrx_word' id='word_1_65' title='bbox 344 1454 443 1519; x_wconf 89' lang='lat' dir='ltr'><strong>Porro</strong></span> <span class='ocrx_word' id='word_1_66' title='bbox 467 1453 586 1518; x_wconf 87' lang='lat' dir='ltr'><strong>docent</strong></span> <span class='ocrx_word' id='word_1_67' title='bbox 616 1451 747 1536; x_wconf 83' lang='lat' dir='ltr'><strong>plurimi</strong></span> <span class='ocrx_word' id='word_1_68' title='bbox 768 1471 833 1518; x_wconf 91' lang='lat' dir='ltr'><strong>non</strong></span> <span class='ocrx_word' id='word_1_69' title='bbox 865 1452 910 1519; x_wconf 86' lang='lat' dir='ltr'><strong>ita</strong></span> <span class='ocrx_word' id='word_1_70' title='bbox 934 1462 1115 1536; x_wconf 89' lang='lat' dir='ltr'><strong>conceptus</strong></span> <span class='ocrx_word' id='word_1_71' title='bbox 1139 1471 1211 1520; x_wconf 88' lang='lat' dir='ltr'><strong>esse</strong></span> <span class='ocrx_word' id='word_1_72' title='bbox 1241 1450 1264 1529; x_wconf 71' lang='lat' dir='ltr'>J</span> 
     </span>
     <span class='ocr_line' id='line_1_11' title="bbox 91 1546 1281 1646; baseline 0.003 -23"><span class='ocrx_word' id='word_1_73' title='bbox 91 1578 189 1626; x_wconf 88' lang='lat' dir='ltr'><strong>rerum</strong></span> <span class='ocrx_word' id='word_1_74' title='bbox 212 1562 322 1646; x_wconf 86' lang='lat' dir='ltr'><strong>signa,</strong></span> <span class='ocrx_word' id='word_1_75' title='bbox 352 1568 389 1626; x_wconf 91' lang='lat' dir='ltr'><strong>ut</strong></span> <span class='ocrx_word' id='word_1_76' title='bbox 416 1559 506 1644; x_wconf 91' lang='lat' dir='ltr'><strong>prius</strong></span> <span class='ocrx_word' id='word_1_77' title='bbox 519 1560 552 1626; x_wconf 91' lang='lat' dir='ltr'><strong>in</strong></span> <span class='ocrx_word' id='word_1_78' title='bbox 576 1577 610 1640; x_wconf 82' lang='lat' dir='ltr'><strong>se</strong></span> <span class='ocrx_word' id='word_1_79' title='bbox 633 1558 694 1643; x_wconf 86' lang='lat' dir='ltr'><strong>ipsi</strong></span> <span class='ocrx_word' id='word_1_80' title='bbox 710 1559 950 1645; x_wconf 85' lang='lat' dir='ltr'><strong>percipiantur,</strong></span> <span class='ocrx_word' id='word_1_81' title='bbox 975 1559 1080 1643; x_wconf 87' lang='lat' dir='ltr'><strong>iisque</strong></span> <span class='ocrx_word' id='word_1_82' title='bbox 1095 1546 1210 1626; x_wconf 83' lang='lat' dir='ltr'><strong>mediis</strong></span> <span class='ocrx_word' id='word_1_83' title='bbox 1275 1582 1281 1610; x_wconf 78' lang='lat'><em>1</em></span> 
     </span>
     <span class='ocr_line' id='line_1_12' title="bbox 89 1664 1210 1760; baseline 0.002 -30"><span class='ocrx_word' id='word_1_84' title='bbox 89 1667 199 1734; x_wconf 88' lang='lat' dir='ltr'><strong>deinde</strong></span> <span class='ocrx_word' id='word_1_85' title='bbox 215 1669 248 1735; x_wconf 92' lang='lat' dir='ltr'><strong>in</strong></span> <span class='ocrx_word' id='word_1_86' title='bbox 265 1686 372 1734; x_wconf 89' lang='lat' dir='ltr'><strong>rerum</strong></span> <span class='ocrx_word' id='word_1_87' title='bbox 401 1667 649 1752; x_wconf 82' lang='lat' dir='ltr'><strong>progrediamur</strong></span> <span class='ocrx_word' id='word_1_88' title='bbox 667 1666 817 1734; x_wconf 82' lang='lat' dir='ltr'><strong>notitiam</strong></span> <span class='ocrx_word' id='word_1_89' title='bbox 839 1664 907 1760; x_wconf 70' lang='grc' dir='ltr'><strong>Ι(2).</strong></span> <span class='ocrx_word' id='word_1_90' title='bbox 934 1667 1036 1751; x_wconf 85' lang='lat' dir='ltr'><strong>Atqui</strong></span> <span class='ocrx_word' id='word_1_91' title='bbox 1057 1685 1133 1734; x_wconf 90' lang='lat' dir='ltr'><strong>cum</strong></span> <span class='ocrx_word' id='word_1_92' title='bbox 1159 1665 1210 1732; x_wconf 90' lang='lat' dir='ltr'><strong>his</strong></span> 
     </span>
     <span class='ocr_line' id='line_1_13' title="bbox 88 1773 1207 1868; baseline 0 -30"><span class='ocrx_word' id='word_1_93' title='bbox 88 1783 167 1839; x_wconf 86' lang='lat' dir='ltr'><strong>stare</strong></span> <span class='ocrx_word' id='word_1_94' title='bbox 191 1774 306 1857; x_wconf 91' lang='lat' dir='ltr'><strong>nequit</strong></span> <span class='ocrx_word' id='word_1_95' title='bbox 322 1775 416 1840; x_wconf 81' lang='lat' dir='ltr'><strong>allata</strong></span> <span class='ocrx_word' id='word_1_96' title='bbox 439 1773 602 1850; x_wconf 77' lang='lat' dir='ltr'><strong>definitio,</strong></span> <span class='ocrx_word' id='word_1_97' title='bbox 618 1792 694 1857; x_wconf 83' lang='lat' dir='ltr'><strong>quae</strong></span> <span class='ocrx_word' id='word_1_98' title='bbox 709 1773 749 1840; x_wconf 90' lang='lat' dir='ltr'><strong>ad</strong></span> <span class='ocrx_word' id='word_1_99' title='bbox 765 1773 925 1841; x_wconf 85' lang='lat' dir='ltr'><strong>rationem</strong></span> <span class='ocrx_word' id='word_1_100' title='bbox 941 1775 1026 1859; x_wconf 86' lang='lat' dir='ltr'><strong>signi</strong></span> <span class='ocrx_word' id='word_1_101' title='bbox 1050 1775 1207 1868; x_wconf 85' lang='lat' dir='ltr'><strong>postulat,</strong></span> 
     </span>
    </p>

    <p class='ocr_par' dir='ltr' id='par_1_5' title="bbox 68 1876 1366 1968">
     <span class='ocr_line' id='line_1_14' title="bbox 68 1876 1366 1968; baseline -0.001 -20"><span class='ocrx_word' id='word_1_102' title='bbox 68 1881 172 1948; x_wconf 83' lang='lat' dir='ltr'><strong>utsit</strong></span> <span class='ocrx_word' id='word_1_103' title='bbox 186 1881 308 1966; x_wconf 89' lang='lat' dir='ltr'><strong>aliquid</strong></span> <span class='ocrx_word' id='word_1_104' title='bbox 335 1884 424 1966; x_wconf 90' lang='lat' dir='ltr'><strong>prius</strong></span> <span class='ocrx_word' id='word_1_105' title='bbox 444 1883 475 1948; x_wconf 94' lang='lat' dir='ltr'><strong>in</strong></span> <span class='ocrx_word' id='word_1_106' title='bbox 493 1900 529 1948; x_wconf 88' lang='lat' dir='ltr'><strong>se</strong></span> <span class='ocrx_word' id='word_1_107' title='bbox 543 1881 616 1966; x_wconf 91' lang='lat' dir='ltr'><strong>ipso</strong></span> <span class='ocrx_word' id='word_1_108' title='bbox 641 1891 776 1959; x_wconf 90' lang='lat' dir='ltr'><strong>notum,</strong></span> <span class='ocrx_word' id='word_1_109' title='bbox 798 1902 839 1948; x_wconf 88' lang='lat' dir='ltr'><strong>ex</strong></span> <span class='ocrx_word' id='word_1_110' title='bbox 863 1885 959 1968; x_wconf 86' lang='lat' dir='ltr'><strong>cujus</strong></span> <span class='ocrx_word' id='word_1_111' title='bbox 977 1882 1132 1966; x_wconf 87' lang='lat' dir='ltr'><strong>deinceps</strong></span> <span class='ocrx_word' id='word_1_112' title='bbox 1155 1900 1210 1947; x_wconf 92' lang='lat' dir='ltr'><strong>co-</strong></span> <span class='ocrx_word' id='word_1_113' title='bbox 1364 1876 1366 1879; x_wconf 74' lang='grc'><strong>’</strong></span> 
     </span>
    </p>

    <p class='ocr_par' dir='ltr' id='par_1_6' title="bbox 90 1981 1410 2189">
     <span class='ocr_line' id='line_1_15' title="bbox 90 1981 1262 2074; baseline 0.002 -21"><span class='ocrx_word' id='word_1_114' title='bbox 90 1991 234 2072; x_wconf 88' lang='lat' dir='ltr'><strong>gnitione</strong></span> <span class='ocrx_word' id='word_1_115' title='bbox 249 1990 466 2056; x_wconf 82' lang='lat' dir='ltr'><strong>deveniamus</strong></span> <span class='ocrx_word' id='word_1_116' title='bbox 479 1989 513 2054; x_wconf 93' lang='lat' dir='ltr'><strong>in</strong></span> <span class='ocrx_word' id='word_1_117' title='bbox 530 1991 663 2056; x_wconf 87' lang='lat' dir='ltr'><strong>alterius</strong></span> <span class='ocrx_word' id='word_1_118' title='bbox 677 1989 917 2074; x_wconf 89' lang='lat' dir='ltr'><strong>cognitionem.</strong></span> <span class='ocrx_word' id='word_1_119' title='bbox 1180 1986 1182 1998; x_wconf 90' lang='lat'>&#39;</span> <span class='ocrx_word' id='word_1_120' title='bbox 1260 1981 1262 1985; x_wconf 73' lang='grc'><strong>’</strong></span> 
     </span>
     <span class='ocr_line' id='line_1_16' title="bbox 145 2095 1410 2189; baseline 0.002 -28"><span class='ocrx_word' id='word_1_121' title='bbox 145 2097 256 2180; x_wconf 84' lang='lat' dir='ltr'><strong>ltaque</strong></span> <span class='ocrx_word' id='word_1_122' title='bbox 268 2107 305 2162; x_wconf 92' lang='lat' dir='ltr'><strong>ut</strong></span> <span class='ocrx_word' id='word_1_123' title='bbox 320 2095 545 2162; x_wconf 84' lang='lat' dir='ltr'><strong>definitionem</strong></span> <span class='ocrx_word' id='word_1_124' title='bbox 560 2099 736 2163; x_wconf 82' lang='lat' dir='ltr'><strong>afferamus</strong></span> <span class='ocrx_word' id='word_1_125' title='bbox 755 2099 980 2189; x_wconf 73' lang='lat' dir='ltr'><strong>adaequatam,</strong></span> <span class='ocrx_word' id='word_1_126' title='bbox 1002 2115 1146 2181; x_wconf 89' lang='lat' dir='ltr'><strong>quaeque</strong></span> <span class='ocrx_word' id='word_1_127' title='bbox 1161 2118 1210 2164; x_wconf 88' lang='lat' dir='ltr'><strong>re·</strong></span> <span class='ocrx_word' id='word_1_128' title='bbox 1237 2106 1410 2153; x_wconf 74' lang='lat' dir='ltr'><strong>Vendefinitio·</strong></span> 
     </span>
    </p>

    <p class='ocr_par' dir='ltr' id='par_1_7' title="bbox 83 2188 1299 2291">
     <span class='ocr_line' id='line_1_17' title="bbox 83 2188 1299 2291; baseline 0.007 -26"><span class='ocrx_word' id='word_1_129' title='bbox 83 2201 184 2283; x_wconf 87' lang='lat' dir='ltr'><strong>spuia</strong></span> <span class='ocrx_word' id='word_1_130' title='bbox 209 2202 342 2268; x_wconf 89' lang='lat' dir='ltr'><strong>nemine</strong></span> <span class='ocrx_word' id='word_1_131' title='bbox 362 2201 590 2268; x_wconf 84' lang='lat' dir='ltr'><strong>rationabiliter</strong></span> <span class='ocrx_word' id='word_1_132' title='bbox 608 2204 728 2288; x_wconf 87' lang='lat' dir='ltr'><strong>possit,</strong></span> <span class='ocrx_word' id='word_1_133' title='bbox 754 2190 984 2289; x_wconf 70' lang='lat' dir='ltr'><strong>dicoeignum</strong></span> <span class='ocrx_word' id='word_1_134' title='bbox 1005 2188 1093 2282; x_wconf 80' lang='lat' dir='ltr'><strong>esse,</strong></span> <span class='ocrx_word' id='word_1_135' title='bbox 1117 2207 1209 2291; x_wconf 66' lang='lat' dir='ltr'><strong>quid</strong></span> <span class='ocrx_word' id='word_1_136' title='bbox 1294 2190 1299 2204; x_wconf 72' lang='grc'>’</span> 
     </span>
    </p>

    <p class='ocr_par' dir='ltr' id='par_1_8' title="bbox 82 2311 1206 2403">
     <span class='ocr_line' id='line_1_18' title="bbox 82 2311 1206 2403; baseline 0.006 -29"><span class='ocrx_word' id='word_1_137' title='bbox 82 2313 154 2392; x_wconf 70' lang='lat' dir='ltr'><strong>queit</strong></span> <span class='ocrx_word' id='word_1_138' title='bbox 167 2311 314 2394; x_wconf 67' lang='lat' dir='ltr'><strong>potentia</strong></span> <span class='ocrx_word' id='word_1_139' title='bbox 326 2313 539 2394; x_wconf 78' lang='lat' dir='ltr'><strong>cognoscitiaae</strong></span> <span class='ocrx_word' id='word_1_140' title='bbox 551 2311 675 2396; x_wconf 85' lang='lat' dir='ltr'><strong>aliquid</strong></span> <span class='ocrx_word' id='word_1_141' title='bbox 686 2332 706 2377; x_wconf 88' lang='lat' dir='ltr'><strong>a</strong></span> <span class='ocrx_word' id='word_1_142' title='bbox 717 2331 750 2377; x_wconf 82' lang='lat' dir='ltr'><strong>se</strong></span> <span class='ocrx_word' id='word_1_143' title='bbox 760 2312 919 2379; x_wconf 80' lang='lat' dir='ltr'><strong>divirsum</strong></span> <span class='ocrx_word' id='word_1_144' title='bbox 932 2318 1132 2380; x_wconf 68' lang='lat' dir='ltr'><strong>representat</strong></span> <span class='ocrx_word' id='word_1_145' title='bbox 1141 2312 1206 2403; x_wconf 78' lang='lat'><strong>(3).</strong></span> 
     </span>
    </p>

    <p class='ocr_par' dir='ltr' id='par_1_9' title="bbox 82 2417 1208 2511">
     <span class='ocr_line' id='line_1_19' title="bbox 82 2417 1208 2511; baseline 0.007 -31"><span class='ocrx_word' id='word_1_146' title='bbox 82 2417 127 2484; x_wconf 86' lang='lat' dir='ltr'><strong>Sic</strong></span> <span class='ocrx_word' id='word_1_147' title='bbox 140 2421 255 2485; x_wconf 79' lang='lat' dir='ltr'><strong>fumus</strong></span> <span class='ocrx_word' id='word_1_148' title='bbox 271 2420 382 2505; x_wconf 82' lang='lat' dir='ltr'><strong>ignem</strong></span> <span class='ocrx_word' id='word_1_149' title='bbox 396 2419 586 2511; x_wconf 73' lang='lat' dir='ltr'><strong>‚sceptrum</strong></span> <span class='ocrx_word' id='word_1_150' title='bbox 604 2420 725 2504; x_wconf 86' lang='lat' dir='ltr'><strong>regiam</strong></span> <span class='ocrx_word' id='word_1_151' title='bbox 746 2419 959 2503; x_wconf 84' lang='lat' dir='ltr'><strong>dignitatem,</strong></span> <span class='ocrx_word' id='word_1_152' title='bbox 977 2419 1138 2487; x_wconf 86' lang='lat' dir='ltr'><strong>internam</strong></span> <span class='ocrx_word' id='word_1_153' title='bbox 1155 2424 1208 2488; x_wconf 85' lang='lat' dir='ltr'><strong>iae-</strong></span> 
     </span>
    </p>

    <p class='ocr_par' dir='ltr' id='par_1_10' title="bbox 84 2525 1200 2611">
     <span class='ocr_line' id='line_1_20' title="bbox 84 2525 1200 2611; baseline 0.01 -23"><span class='ocrx_word' id='word_1_154' title='bbox 84 2525 182 2591; x_wconf 85' lang='lat' dir='ltr'><strong>titiam</strong></span> <span class='ocrx_word' id='word_1_155' title='bbox 212 2525 377 2611; x_wconf 81' lang='lat' dir='ltr'><strong>significat</strong></span> <span class='ocrx_word' id='word_1_156' title='bbox 405 2527 502 2593; x_wconf 89' lang='lat' dir='ltr'><strong>risus.</strong></span> <span class='ocrx_word' id='word_1_157' title='bbox 539 2528 784 2610; x_wconf 82' lang='lat' dir='ltr'><strong>Repraesentare</strong></span> <span class='ocrx_word' id='word_1_158' title='bbox 812 2527 900 2592; x_wconf 89' lang='lat' dir='ltr'><strong>idem</strong></span> <span class='ocrx_word' id='word_1_159' title='bbox 931 2540 1028 2595; x_wconf 86' lang='lat' dir='ltr'><strong>sonat</strong></span> <span class='ocrx_word' id='word_1_160' title='bbox 1052 2549 1087 2595; x_wconf 91' lang='lat' dir='ltr'><strong>ac</strong></span> <span class='ocrx_word' id='word_1_161' title='bbox 1107 2542 1200 2600; x_wconf 90' lang='lat' dir='ltr'><strong>ment</strong></span> 
     </span>
    </p>

    <p class='ocr_par' dir='ltr' id='par_1_11' title="bbox 82 2634 1210 2719">
     <span class='ocr_line' id='line_1_21' title="bbox 82 2634 1210 2719; baseline 0.011 -25"><span class='ocrx_word' id='word_1_162' title='bbox 82 2653 222 2715; x_wconf 84' lang='lat' dir='ltr'><strong>praesens</strong></span> <span class='ocrx_word' id='word_1_163' title='bbox 231 2635 350 2700; x_wconf 85' lang='lat' dir='ltr'><strong>sistere</strong></span> <span class='ocrx_word' id='word_1_164' title='bbox 370 2634 531 2719; x_wconf 83' lang='lat' dir='ltr'><strong>objective</strong></span> <span class='ocrx_word' id='word_1_165' title='bbox 555 2643 654 2718; x_wconf 86' lang='lat' dir='ltr'><strong>atque</strong></span> <span class='ocrx_word' id='word_1_166' title='bbox 678 2635 948 2713; x_wconf 87' lang='lat' dir='ltr'><strong>intentionaliter,</strong></span> <span class='ocrx_word' id='word_1_167' title='bbox 973 2636 1129 2702; x_wconf 87' lang='lat' dir='ltr'><strong>nimirum</strong></span> <span class='ocrx_word' id='word_1_168' title='bbox 1150 2659 1210 2706; x_wconf 92' lang='lat' dir='ltr'><strong>no·</strong></span> 
     </span>
    </p>
   </div>
   <div class='ocr_carea' id='block_1_3' title="bbox 75 2739 1318 3371">
    <p class='ocr_par' dir='ltr' id='par_1_12' title="bbox 80 2739 1207 2833">
     <span class='ocr_line' id='line_1_22' title="bbox 80 2739 1207 2833; baseline 0.008 -28"><span class='ocrx_word' id='word_1_169' title='bbox 80 2739 179 2807; x_wconf 87' lang='lat' dir='ltr'><strong>titiam</strong></span> <span class='ocrx_word' id='word_1_170' title='bbox 196 2743 334 2828; x_wconf 86' lang='lat' dir='ltr'><strong>alicujus</strong></span> <span class='ocrx_word' id='word_1_171' title='bbox 357 2744 401 2808; x_wconf 91' lang='lat' dir='ltr'><strong>rei</strong></span> <span class='ocrx_word' id='word_1_172' title='bbox 424 2741 615 2827; x_wconf 89' lang='lat' dir='ltr'><strong>ingerendo.</strong></span> <span class='ocrx_word' id='word_1_173' title='bbox 633 2743 732 2833; x_wconf 86' lang='lat' dir='ltr'><strong>Porro</strong></span> <span class='ocrx_word' id='word_1_174' title='bbox 756 2741 890 2829; x_wconf 89' lang='lat' dir='ltr'><strong>signum</strong></span> <span class='ocrx_word' id='word_1_175' title='bbox 913 2744 1030 2811; x_wconf 89' lang='lat' dir='ltr'><strong>dicitur</strong></span> <span class='ocrx_word' id='word_1_176' title='bbox 1054 2746 1207 2830; x_wconf 89' lang='lat' dir='ltr'><strong>aliquida</strong></span> 
     </span>
    </p>

    <p class='ocr_par' dir='ltr' id='par_1_13' title="bbox 77 2850 1208 2941">
     <span class='ocr_line' id='line_1_23' title="bbox 77 2850 1208 2941; baseline 0.007 -29"><span class='ocrx_word' id='word_1_177' title='bbox 77 2867 110 2913; x_wconf 86' lang='lat' dir='ltr'><strong>se</strong></span> <span class='ocrx_word' id='word_1_178' title='bbox 124 2852 296 2917; x_wconf 87' lang='lat' dir='ltr'><strong>diversum</strong></span> <span class='ocrx_word' id='word_1_179' title='bbox 312 2860 560 2935; x_wconf 82' lang='lat' dir='ltr'><strong>repraesentare;</strong></span> <span class='ocrx_word' id='word_1_180' title='bbox 578 2850 656 2916; x_wconf 88' lang='lat' dir='ltr'><strong>nihil</strong></span> <span class='ocrx_word' id='word_1_181' title='bbox 680 2850 768 2915; x_wconf 90' lang='lat' dir='ltr'><strong>enim</strong></span> <span class='ocrx_word' id='word_1_182' title='bbox 793 2853 921 2935; x_wconf 91' lang='lat' dir='ltr'><strong>proprie</strong></span> <span class='ocrx_word' id='word_1_183' title='bbox 936 2851 1081 2938; x_wconf 88' lang='lat' dir='ltr'><strong>seipsum</strong></span> <span class='ocrx_word' id='word_1_184' title='bbox 1106 2855 1208 2941; x_wconf 88' lang='lat' dir='ltr'><strong>signi·</strong></span> 
     </span>
    </p>

    <p class='ocr_par' dir='ltr' id='par_1_14' title="bbox 77 2956 1207 3040">
     <span class='ocr_line' id='line_1_24' title="bbox 77 2956 1207 3040; baseline 0.009 -20"><span class='ocrx_word' id='word_1_185' title='bbox 77 2956 162 3040; x_wconf 65' lang='grc' dir='ltr'><strong><em>ἵκει,</em></strong></span> <span class='ocrx_word' id='word_1_186' title='bbox 179 2958 242 3025; x_wconf 89' lang='lat' dir='ltr'><strong>sed</strong></span> <span class='ocrx_word' id='word_1_187' title='bbox 255 2958 359 3035; x_wconf 81' lang='lat' dir='ltr'><strong>aliud,</strong></span> <span class='ocrx_word' id='word_1_188' title='bbox 376 2960 444 3025; x_wconf 87' lang='lat' dir='ltr'><strong>sive</strong></span> <span class='ocrx_word' id='word_1_189' title='bbox 460 2977 494 3023; x_wconf 86' lang='lat' dir='ltr'><strong>re</strong></span> <span class='ocrx_word' id='word_1_190' title='bbox 508 2958 577 3025; x_wconf 88' lang='lat' dir='ltr'><strong>sive</strong></span> <span class='ocrx_word' id='word_1_191' title='bbox 592 2960 708 3025; x_wconf 88' lang='lat' dir='ltr'><strong>saltem</strong></span> <span class='ocrx_word' id='word_1_192' title='bbox 729 2959 852 3026; x_wconf 85' lang='lat' dir='ltr'><strong>ratione</strong></span> <span class='ocrx_word' id='word_1_193' title='bbox 866 2958 1072 3029; x_wconf 90' lang='lat' dir='ltr'><strong>distinctum.</strong></span> <span class='ocrx_word' id='word_1_194' title='bbox 1096 2962 1207 3039; x_wconf 74' lang='lat' dir='ltr'><strong>Quare</strong></span> 
     </span>
    </p>

    <p class='ocr_par' dir='ltr' id='par_1_15' title="bbox 75 3047 1318 3371">
     <span class='ocr_line' id='line_1_25' title="bbox 77 3047 1318 3152; baseline 0.006 -23"><span class='ocrx_word' id='word_1_195' title='bbox 77 3084 135 3129; x_wconf 92' lang='lat' dir='ltr'><strong>non</strong></span> <span class='ocrx_word' id='word_1_196' title='bbox 151 3066 287 3133; x_wconf 87' lang='lat' dir='ltr'><strong>videtur</strong></span> <span class='ocrx_word' id='word_1_197' title='bbox 300 3065 388 3131; x_wconf 91' lang='lat' dir='ltr'><strong>idem</strong></span> <span class='ocrx_word' id='word_1_198' title='bbox 404 3084 477 3132; x_wconf 89' lang='lat' dir='ltr'><strong>esse</strong></span> <span class='ocrx_word' id='word_1_199' title='bbox 491 3047 628 3132; x_wconf 82' lang='lat' dir='ltr'><strong>oinnino</strong></span> <span class='ocrx_word' id='word_1_200' title='bbox 642 3064 825 3151; x_wconf 80' lang='lat' dir='ltr'><strong>significare</strong></span> <span class='ocrx_word' id='word_1_201' title='bbox 842 3086 879 3132; x_wconf 89' lang='lat' dir='ltr'><strong>ac</strong></span> <span class='ocrx_word' id='word_1_202' title='bbox 903 3078 1136 3152; x_wconf 73' lang='lat' dir='ltr'><strong>representare</strong></span> <span class='ocrx_word' id='word_1_203' title='bbox 1150 3080 1207 3137; x_wconf 82' lang='lat' dir='ltr'><strong>aut</strong></span> <span class='ocrx_word' id='word_1_204' title='bbox 1314 3069 1318 3074; x_wconf 79' lang='grc'><strong>’</strong></span> 
     </span>
     <span class='ocr_line' id='line_1_26' title="bbox 75 3172 1208 3263; baseline 0.01 -29"><span class='ocrx_word' id='word_1_205' title='bbox 75 3172 167 3238; x_wconf 87' lang='lat' dir='ltr'><strong>etiam</strong></span> <span class='ocrx_word' id='word_1_206' title='bbox 186 3174 410 3241; x_wconf 80' lang='lat' dir='ltr'><strong>manifestare.</strong></span> <span class='ocrx_word' id='word_1_207' title='bbox 430 3172 521 3258; x_wconf 17' lang='lat' dir='ltr'><strong>sitinii</strong></span> <span class='ocrx_word' id='word_1_208' title='bbox 541 3173 629 3239; x_wconf 90' lang='lat' dir='ltr'><strong>enim</strong></span> <span class='ocrx_word' id='word_1_209' title='bbox 645 3180 747 3250; x_wconf 86' lang='lat' dir='ltr'><strong>ve&#39;tat,</strong></span> <span class='ocrx_word' id='word_1_210' title='bbox 763 3173 944 3256; x_wconf 88' lang='lat' dir='ltr'><strong>quominus</strong></span> <span class='ocrx_word' id='word_1_211' title='bbox 967 3177 1089 3260; x_wconf 90' lang='lat' dir='ltr'><strong>aliquid</strong></span> <span class='ocrx_word' id='word_1_212' title='bbox 1105 3180 1208 3263; x_wconf 88' lang='lat' dir='ltr'><strong>possit</strong></span> 
     </span>
     <span class='ocr_line' id='line_1_27' title="bbox 75 3280 1249 3371; baseline 0.009 -29"><span class='ocrx_word' id='word_1_213' title='bbox 75 3282 167 3345; x_wconf 89' lang='lat' dir='ltr'><strong>etiam</strong></span> <span class='ocrx_word' id='word_1_214' title='bbox 183 3284 335 3366; x_wconf 89' lang='lat' dir='ltr'><strong>seipsum</strong></span> <span class='ocrx_word' id='word_1_215' title='bbox 361 3290 592 3365; x_wconf 71' lang='lat' dir='ltr'><strong>representare</strong></span> <span class='ocrx_word' id='word_1_216' title='bbox 611 3300 647 3346; x_wconf 89' lang='lat' dir='ltr'><strong>ac</strong></span> <span class='ocrx_word' id='word_1_217' title='bbox 662 3280 886 3359; x_wconf 83' lang='lat' dir='ltr'><strong>manifestare,</strong></span> <span class='ocrx_word' id='word_1_218' title='bbox 903 3301 969 3349; x_wconf 92' lang='lat' dir='ltr'><strong>non</strong></span> <span class='ocrx_word' id='word_1_219' title='bbox 990 3302 1068 3351; x_wconf 89' lang='lat' dir='ltr'><strong>vero</strong></span> <span class='ocrx_word' id='word_1_220' title='bbox 1081 3286 1207 3371; x_wconf 84' lang='lat' dir='ltr'><strong>signifi·</strong></span> <span class='ocrx_word' id='word_1_221' title='bbox 1243 3316 1249 3327; x_wconf 89' lang='lat'><strong>·</strong></span> 
     </span>
    </p>
   </div>
   <div class='ocr_carea' id='block_1_4' title="bbox 69 3529 1205 4775">
    <p class='ocr_par' dir='ltr' id='par_1_16' title="bbox 71 3529 1205 4056">
     <span class='ocr_line' id='line_1_28' title="bbox 104 3529 1204 3614; baseline 0.005 -26"><span class='ocrx_word' id='word_1_222' title='bbox 104 3536 142 3597; x_wconf 86' lang='grc' dir='ltr'><strong>(ι)</strong></span> <span class='ocrx_word' id='word_1_223' title='bbox 179 3544 228 3605; x_wconf 74' lang='lat'><strong>4⁰</strong></span> <span class='ocrx_word' id='word_1_224' title='bbox 244 3531 321 3591; x_wconf 78' lang='lat' dir='ltr'><strong>Dist.</strong></span> <span class='ocrx_word' id='word_1_225' title='bbox 335 3554 359 3602; x_wconf 87' lang='lat'><strong>1,</strong></span> <span class='ocrx_word' id='word_1_226' title='bbox 375 3551 404 3603; x_wconf 90' lang='lat' dir='ltr'><strong>q.</strong></span> <span class='ocrx_word' id='word_1_227' title='bbox 425 3552 435 3589; x_wconf 88' lang='lat' dir='ltr'><strong>r</strong></span> <span class='ocrx_word' id='word_1_228' title='bbox 453 3552 481 3589; x_wconf 81' lang='lat' dir='ltr'><strong>n.</strong></span> <span class='ocrx_word' id='word_1_229' title='bbox 500 3551 524 3601; x_wconf 78' lang='grc' dir='ltr'><strong>ι,</strong></span> <span class='ocrx_word' id='word_1_230' title='bbox 540 3529 715 3603; x_wconf 82' lang='lat' dir='ltr'><strong>quaestiunc.</strong></span> <span class='ocrx_word' id='word_1_231' title='bbox 736 3551 746 3586; x_wconf 87' lang='lat'>1</span> <span class='ocrx_word' id='word_1_232' title='bbox 761 3530 798 3614; x_wconf 71' lang='lat' dir='ltr'><strong>ed</strong></span> <span class='ocrx_word' id='word_1_233' title='bbox 814 3531 841 3604; x_wconf 72' lang='grc' dir='ltr'><strong>ςξ</strong></span> <span class='ocrx_word' id='word_1_234' title='bbox 856 3531 1031 3603; x_wconf 76' lang='lat' dir='ltr'><strong>quaestione.</strong></span> <span class='ocrx_word' id='word_1_235' title='bbox 1048 3553 1064 3591; x_wconf 85' lang='lat'><em>2</em></span> <span class='ocrx_word' id='word_1_236' title='bbox 1078 3534 1110 3593; x_wconf 88' lang='lat' dir='ltr'><strong>in</strong></span> <span class='ocrx_word' id='word_1_237' title='bbox 1123 3534 1204 3594; x_wconf 83' lang='lat' dir='ltr'><strong>solu·</strong></span> 
     </span>
     <span class='ocr_line' id='line_1_29' title="bbox 72 3620 1205 3697; baseline -0.001 -21"><span class='ocrx_word' id='word_1_238' title='bbox 72 3620 135 3681; x_wconf 88' lang='lat' dir='ltr'><strong>tion.</strong></span> <span class='ocrx_word' id='word_1_239' title='bbox 149 3620 272 3680; x_wconf 81' lang='lat' dir='ltr'><strong>Similia</strong></span> <span class='ocrx_word' id='word_1_240' title='bbox 282 3622 371 3681; x_wconf 85' lang='lat' dir='ltr'><strong>habet</strong></span> <span class='ocrx_word' id='word_1_241' title='bbox 380 3620 413 3681; x_wconf 84' lang='lat' dir='ltr'><strong>S.</strong></span> <span class='ocrx_word' id='word_1_242' title='bbox 429 3620 549 3691; x_wconf 78' lang='lat' dir='ltr'><strong>Doct0r‚</strong></span> <span class='ocrx_word' id='word_1_243' title='bbox 562 3631 666 3692; x_wconf 78' lang='lat' dir='ltr'><strong>quaest.</strong></span> <span class='ocrx_word' id='word_1_244' title='bbox 679 3640 698 3693; x_wconf 90' lang='lat'>9</span> <span class='ocrx_word' id='word_1_245' title='bbox 709 3620 744 3677; x_wconf 76' lang='lat' dir='ltr'><strong>de</strong></span> <span class='ocrx_word' id='word_1_246' title='bbox 758 3620 851 3678; x_wconf 86' lang='lat' dir='ltr'><strong>Verit.</strong></span> <span class='ocrx_word' id='word_1_247' title='bbox 867 3642 895 3679; x_wconf 86' lang='lat' dir='ltr'><strong>a.</strong></span> <span class='ocrx_word' id='word_1_248' title='bbox 914 3641 942 3695; x_wconf 85' lang='lat'><strong>4.</strong></span> <span class='ocrx_word' id='word_1_249' title='bbox 964 3623 1013 3681; x_wconf 82' lang='lat' dir='ltr'><strong>ad.</strong></span> <span class='ocrx_word' id='word_1_250' title='bbox 1027 3636 1071 3697; x_wconf 77' lang='grc'><strong>4.·</strong></span> <span class='ocrx_word' id='word_1_251' title='bbox 1096 3626 1205 3685; x_wconf 76' lang='lat' dir='ltr'><strong>«Com-</strong></span> 
     </span>
     <span class='ocr_line' id='line_1_30' title="bbox 73 3710 1204 3789; baseline 0.009 -25"><span class='ocrx_word' id='word_1_252' title='bbox 73 3714 194 3769; x_wconf 75' lang='lat' dir='ltr'><strong>muniter</strong></span> <span class='ocrx_word' id='word_1_253' title='bbox 208 3721 368 3787; x_wconf 76' lang='lat' dir='ltr'><strong>possumus</strong></span> <span class='ocrx_word' id='word_1_254' title='bbox 382 3712 501 3787; x_wconf 74' lang='lat' dir='ltr'><strong>signum</strong></span> <span class='ocrx_word' id='word_1_255' title='bbox 514 3712 612 3767; x_wconf 83' lang='lat' dir='ltr'><strong>dicere</strong></span> <span class='ocrx_word' id='word_1_256' title='bbox 626 3710 822 3783; x_wconf 79' lang='lat' dir='ltr'><strong>quodcumque</strong></span> <span class='ocrx_word' id='word_1_257' title='bbox 836 3722 946 3782; x_wconf 75' lang='lat' dir='ltr'><strong>notum,</strong></span> <span class='ocrx_word' id='word_1_258' title='bbox 961 3714 993 3770; x_wconf 80' lang='lat' dir='ltr'><strong>in</strong></span> <span class='ocrx_word' id='word_1_259' title='bbox 1011 3734 1067 3788; x_wconf 83' lang='lat' dir='ltr'><strong>quo</strong></span> <span class='ocrx_word' id='word_1_260' title='bbox 1088 3715 1204 3789; x_wconf 76' lang='lat' dir='ltr'><strong>aliquid</strong></span> 
     </span>
     <span class='ocr_line' id='line_1_31' title="bbox 73 3798 1202 3879; baseline 0.009 -24"><span class='ocrx_word' id='word_1_261' title='bbox 73 3812 298 3873; x_wconf 77' lang='lat' dir='ltr'><strong>cognoscatur.»</strong></span> <span class='ocrx_word' id='word_1_262' title='bbox 313 3801 351 3859; x_wconf 82' lang='lat' dir='ltr'><strong>Et</strong></span> <span class='ocrx_word' id='word_1_263' title='bbox 361 3800 467 3860; x_wconf 86' lang='lat' dir='ltr'><strong>ibidem</strong></span> <span class='ocrx_word' id='word_1_264' title='bbox 477 3800 514 3858; x_wconf 83' lang='lat' dir='ltr'><strong>ad</strong></span> <span class='ocrx_word' id='word_1_265' title='bbox 531 3810 577 3873; x_wconf 51' lang='lat'><strong>5!</strong></span> <span class='ocrx_word' id='word_1_266' title='bbox 588 3798 633 3856; x_wconf 89' lang='lat' dir='ltr'><strong>De</strong></span> <span class='ocrx_word' id='word_1_267' title='bbox 644 3801 761 3857; x_wconf 84' lang='lat' dir='ltr'><strong>ratione</strong></span> <span class='ocrx_word' id='word_1_268' title='bbox 770 3802 856 3877; x_wconf 75' lang='lat' dir='ltr'><strong>signi</strong></span> <span class='ocrx_word' id='word_1_269' title='bbox 874 3804 997 3877; x_wconf 75' lang='lat' dir='ltr'><strong>proprie</strong></span> <span class='ocrx_word' id='word_1_270' title='bbox 1010 3812 1132 3879; x_wconf 77' lang='lat' dir='ltr'><strong>accepta</strong></span> <span class='ocrx_word' id='word_1_271' title='bbox 1145 3826 1202 3865; x_wconf 75' lang='lat' dir='ltr'><strong>non</strong></span> 
     </span>
     <span class='ocr_line' id='line_1_32' title="bbox 71 3889 1202 3969; baseline 0.009 -26"><span class='ocrx_word' id='word_1_272' title='bbox 71 3900 115 3957; x_wconf 80' lang='lat' dir='ltr'><strong>est,</strong></span> <span class='ocrx_word' id='word_1_273' title='bbox 130 3894 208 3965; x_wconf 82' lang='lat' dir='ltr'><strong>quod</strong></span> <span class='ocrx_word' id='word_1_274' title='bbox 222 3892 327 3948; x_wconf 78' lang='lat' dir='ltr'><strong>situel</strong></span> <span class='ocrx_word' id='word_1_275' title='bbox 338 3891 421 3965; x_wconf 73' lang='lat' dir='ltr'><strong>prius</strong></span> <span class='ocrx_word' id='word_1_276' title='bbox 432 3892 481 3949; x_wconf 79' lang='lat' dir='ltr'><strong>uel</strong></span> <span class='ocrx_word' id='word_1_277' title='bbox 490 3889 681 3965; x_wconf 73' lang='lat' dir='ltr'><strong>posterius-in</strong></span> <span class='ocrx_word' id='word_1_278' title='bbox 696 3900 815 3959; x_wconf 81' lang='lat' dir='ltr'><strong>natura,</strong></span> <span class='ocrx_word' id='word_1_279' title='bbox 831 3893 884 3949; x_wconf 78' lang='lat' dir='ltr'><strong>sed</strong></span> <span class='ocrx_word' id='word_1_280' title='bbox 891 3895 1070 3953; x_wconf 80' lang='lat' dir='ltr'><strong>solummodo</strong></span> <span class='ocrx_word' id='word_1_281' title='bbox 1079 3898 1202 3969; x_wconf 81' lang='lat' dir='ltr'><strong>quodsit</strong></span> 
     </span>
     <span class='ocr_line' id='line_1_33' title="bbox 71 3982 406 4056; baseline -0.003 -19"><span class='ocrx_word' id='word_1_282' title='bbox 71 3982 143 4039; x_wconf 73' lang='lat' dir='ltr'><strong>uobis</strong></span> <span class='ocrx_word' id='word_1_283' title='bbox 157 3982 406 4056; x_wconf 75' lang='lat' dir='ltr'><strong>praecognitum.»</strong></span> 
     </span>
    </p>

    <p class='ocr_par' dir='ltr' id='par_1_17' title="bbox 70 4070 1201 4325">
     <span class='ocr_line' id='line_1_34' title="bbox 99 4070 1201 4148; baseline 0.008 -23"><span class='ocrx_word' id='word_1_284' title='bbox 99 4075 138 4137; x_wconf 67' lang='grc' dir='ltr'><strong>(ι)</strong></span> <span class='ocrx_word' id='word_1_285' title='bbox 174 4072 248 4129; x_wconf 87' lang='lat' dir='ltr'><strong>Non</strong></span> <span class='ocrx_word' id='word_1_286' title='bbox 263 4083 309 4128; x_wconf 87' lang='lat' dir='ltr'><strong>est</strong></span> <span class='ocrx_word' id='word_1_287' title='bbox 324 4070 413 4141; x_wconf 81' lang='lat' dir='ltr'><strong>hujus</strong></span> <span class='ocrx_word' id='word_1_288' title='bbox 434 4070 503 4141; x_wconf 85' lang='lat' dir='ltr'><strong>loci,</strong></span> <span class='ocrx_word' id='word_1_289' title='bbox 519 4084 552 4131; x_wconf 88' lang='lat' dir='ltr'><strong>ut</strong></span> <span class='ocrx_word' id='word_1_290' title='bbox 566 4072 727 4145; x_wconf 82' lang='lat' dir='ltr'><strong>quidquam</strong></span> <span class='ocrx_word' id='word_1_291' title='bbox 741 4074 781 4141; x_wconf 86' lang='lat' dir='ltr'><strong>de¹</strong></span> <span class='ocrx_word' id='word_1_292' title='bbox 798 4074 852 4133; x_wconf 87' lang='lat' dir='ltr'><strong>hac</strong></span> <span class='ocrx_word' id='word_1_293' title='bbox 866 4072 1004 4146; x_wconf 85' lang='lat' dir='ltr'><strong>opinione</strong></span> <span class='ocrx_word' id='word_1_294' title='bbox 1017 4090 1070 4133; x_wconf 79' lang='lat' dir='ltr'><strong>aut</strong></span> <span class='ocrx_word' id='word_1_295' title='bbox 1086 4074 1201 4148; x_wconf 76' lang='lat' dir='ltr'><strong>deeius</strong></span> 
     </span>
     <span class='ocr_line' id='line_1_35' title="bbox 71 4159 1199 4231; baseline 0.008 -16"><span class='ocrx_word' id='word_1_296' title='bbox 71 4159 195 4231; x_wconf 77' lang='lat' dir='ltr'><strong>opposita</strong></span> <span class='ocrx_word' id='word_1_297' title='bbox 212 4160 401 4218; x_wconf 78' lang='lat' dir='ltr'><strong>decernatur.</strong></span> <span class='ocrx_word' id='word_1_298' title='bbox 416 4160 491 4219; x_wconf 89' lang='lat' dir='ltr'><strong>lllihi</strong></span> <span class='ocrx_word' id='word_1_299' title='bbox 505 4181 585 4220; x_wconf 85' lang='lat' dir='ltr'><strong>nunc</strong></span> <span class='ocrx_word' id='word_1_300' title='bbox 596 4161 722 4223; x_wconf 83' lang='lat' dir='ltr'><strong>sufficiat</strong></span> <span class='ocrx_word' id='word_1_301' title='bbox 736 4178 853 4224; x_wconf 82' lang='lat' dir='ltr'><strong>notasse</strong></span> <span class='ocrx_word' id='word_1_302' title='bbox 866 4163 985 4222; x_wconf 80' lang='lat' dir='ltr'><strong>allatam</strong></span> <span class='ocrx_word' id='word_1_303' title='bbox 1000 4163 1199 4224; x_wconf 83' lang='lat' dir='ltr'><strong>definitionem</strong></span> 
     </span>
     <span class='ocr_line' id='line_1_36' title="bbox 70 4248 963 4325; baseline 0.009 -22"><span class='ocrx_word' id='word_1_304' title='bbox 70 4248 274 4310; x_wconf 80' lang='lat' dir='ltr'><strong>controversiis</strong></span> <span class='ocrx_word' id='word_1_305' title='bbox 290 4248 522 4322; x_wconf 88' lang='lat' dir='ltr'><strong>opinionumque</strong></span> <span class='ocrx_word' id='word_1_306' title='bbox 535 4251 675 4312; x_wconf 81' lang='lat' dir='ltr'><strong>varietate</strong></span> <span class='ocrx_word' id='word_1_307' title='bbox 688 4274 785 4315; x_wconf 79' lang='lat' dir='ltr'><strong>curere</strong></span> <span class='ocrx_word' id='word_1_308' title='bbox 799 4274 857 4313; x_wconf 89' lang='lat' dir='ltr'><strong>non</strong></span> <span class='ocrx_word' id='word_1_309' title='bbox 868 4272 963 4325; x_wconf 81' lang='lat' dir='ltr'><strong>posse.</strong></span> 
     </span>
    </p>

    <p class='ocr_par' dir='ltr' id='par_1_18' title="bbox 69 4339 1200 4775">
     <span class='ocr_line' id='line_1_37' title="bbox 97 4339 1200 4414; baseline 0.005 -16"><span class='ocrx_word' id='word_1_310' title='bbox 97 4342 135 4411; x_wconf 82' lang='lat'><strong>(3)</strong></span> <span class='ocrx_word' id='word_1_311' title='bbox 173 4340 244 4399; x_wconf 83' lang='lat' dir='ltr'><strong>cfr.</strong></span> <span class='ocrx_word' id='word_1_312' title='bbox 268 4340 399 4398; x_wconf 80' lang='lat' dir='ltr'><strong>Fooseca</strong></span> <span class='ocrx_word' id='word_1_313' title='bbox 413 4353 443 4399; x_wconf 86' lang='lat' dir='ltr'><strong>et</strong></span> <span class='ocrx_word' id='word_1_314' title='bbox 457 4339 710 4403; x_wconf 84' lang='lat' dir='ltr'><strong>Conimbricenses</strong></span> <span class='ocrx_word' id='word_1_315' title='bbox 724 4345 778 4404; x_wconf 85' lang='lat' dir='ltr'><strong>loe.</strong></span> <span class='ocrx_word' id='word_1_316' title='bbox 793 4345 856 4414; x_wconf 83' lang='lat' dir='ltr'><strong>cit.;</strong></span> <span class='ocrx_word' id='word_1_317' title='bbox 871 4344 1001 4403; x_wconf 80' lang='lat' dir='ltr'><strong>Lossade</strong></span> <span class='ocrx_word' id='word_1_318' title='bbox 1014 4343 1113 4403; x_wconf 79' lang='lat' dir='ltr'><strong>instit.</strong></span> <span class='ocrx_word' id='word_1_319' title='bbox 1124 4347 1200 4405; x_wconf 78' lang='lat' dir='ltr'><strong>Die-</strong></span> 
     </span>
     <span class='ocr_line' id='line_1_38' title="bbox 69 4426 1199 4507; baseline 0.008 -22"><span class='ocrx_word' id='word_1_320' title='bbox 69 4426 136 4493; x_wconf 78' lang='lat' dir='ltr'><strong>lect..</strong></span> <span class='ocrx_word' id='word_1_321' title='bbox 150 4429 236 4502; x_wconf 78' lang='lat' dir='ltr'><strong>disp.</strong></span> <span class='ocrx_word' id='word_1_322' title='bbox 257 4451 268 4487; x_wconf 79' lang='grc' dir='ltr'>ι</span> <span class='ocrx_word' id='word_1_323' title='bbox 286 4449 350 4501; x_wconf 82' lang='lat' dir='ltr'><strong>cap.</strong></span> <span class='ocrx_word' id='word_1_324' title='bbox 370 4451 394 4497; x_wconf 84' lang='lat'><strong>1,</strong></span> <span class='ocrx_word' id='word_1_325' title='bbox 411 4450 440 4489; x_wconf 93' lang='lat' dir='ltr'><strong>n.</strong></span> <span class='ocrx_word' id='word_1_326' title='bbox 461 4452 485 4501; x_wconf 83' lang='lat'><strong>1,</strong></span> <span class='ocrx_word' id='word_1_327' title='bbox 500 4444 606 4505; x_wconf 83' lang='lat' dir='ltr'><strong>etcap.</strong></span> <span class='ocrx_word' id='word_1_328' title='bbox 621 4452 653 4499; x_wconf 79' lang='lat' dir='ltr'><strong>a,</strong></span> <span class='ocrx_word' id='word_1_329' title='bbox 676 4454 707 4492; x_wconf 89' lang='lat' dir='ltr'><strong>n.</strong></span> <span class='ocrx_word' id='word_1_330' title='bbox 726 4455 775 4507; x_wconf 80' lang='lat'><strong>¹73</strong></span> <span class='ocrx_word' id='word_1_331' title='bbox 796 4434 902 4503; x_wconf 86' lang='lat' dir='ltr'><strong>Joann.</strong></span> <span class='ocrx_word' id='word_1_332' title='bbox 917 4455 935 4492; x_wconf 82' lang='lat' dir='ltr'>a</span> <span class='ocrx_word' id='word_1_333' title='bbox 956 4433 989 4492; x_wconf 89' lang='lat' dir='ltr'><strong>S.</strong></span> <span class='ocrx_word' id='word_1_334' title='bbox 1011 4434 1069 4493; x_wconf 88' lang='lat' dir='ltr'><strong>Th.</strong></span> <span class='ocrx_word' id='word_1_335' title='bbox 1086 4435 1199 4495; x_wconf 81' lang='lat' dir='ltr'><strong>Cursus</strong></span> 
     </span>
     <span class='ocr_line' id='line_1_39' title="bbox 70 4518 1198 4602; baseline 0.011 -30"><span class='ocrx_word' id='word_1_336' title='bbox 70 4518 244 4594; x_wconf 73' lang='lat' dir='ltr'><strong>philosoph..</strong></span> <span class='ocrx_word' id='word_1_337' title='bbox 268 4518 400 4591; x_wconf 77' lang='lat' dir='ltr'><strong>Logicae,</strong></span> <span class='ocrx_word' id='word_1_338' title='bbox 420 4533 495 4591; x_wconf 82' lang='lat' dir='ltr'><strong>part.</strong></span> <span class='ocrx_word' id='word_1_339' title='bbox 508 4541 520 4578; x_wconf 90' lang='lat' dir='ltr'><strong>r</strong></span> <span class='ocrx_word' id='word_1_340' title='bbox 535 4534 566 4579; x_wconf 89' lang='lat' dir='ltr'><strong>et</strong></span> <span class='ocrx_word' id='word_1_341' title='bbox 579 4534 654 4595; x_wconf 75' lang='lat' dir='ltr'><strong>part.</strong></span> <span class='ocrx_word' id='word_1_342' title='bbox 671 4544 697 4582; x_wconf 81' lang='lat'><strong>2.</strong></span> <span class='ocrx_word' id='word_1_343' title='bbox 712 4536 818 4597; x_wconf 84' lang='lat' dir='ltr'><strong>quaest.</strong></span> <span class='ocrx_word' id='word_1_344' title='bbox 833 4524 1013 4602; x_wconf 82' lang='lat' dir='ltr'><strong>21.;Tlnom.</strong></span> <span class='ocrx_word' id='word_1_345' title='bbox 1039 4523 1198 4597; x_wconf 78' lang='lat' dir='ltr'><strong>compton,</strong></span> 
     </span>
     <span class='ocr_line' id='line_1_40' title="bbox 71 4608 1199 4687; baseline 0.014 -28"><span class='ocrx_word' id='word_1_346' title='bbox 71 4608 173 4667; x_wconf 69' lang='lat' dir='ltr'><strong>iiiios.</strong></span> <span class='ocrx_word' id='word_1_347' title='bbox 196 4610 376 4678; x_wconf 71' lang='lat' dir='ltr'><strong>Universa..</strong></span> <span class='ocrx_word' id='word_1_348' title='bbox 391 4610 498 4686; x_wconf 80' lang='lat' dir='ltr'><strong>Logic.</strong></span> <span class='ocrx_word' id='word_1_349' title='bbox 512 4611 588 4684; x_wconf 79' lang='lat' dir='ltr'><strong>disp.</strong></span> <span class='ocrx_word' id='word_1_350' title='bbox 603 4631 654 4685; x_wconf 81' lang='lat'><strong>42,</strong></span> <span class='ocrx_word' id='word_1_351' title='bbox 665 4625 735 4673; x_wconf 82' lang='lat' dir='ltr'><strong>sect.</strong></span> <span class='ocrx_word' id='word_1_352' title='bbox 748 4636 772 4684; x_wconf 71' lang='grc' dir='ltr'><strong>ις</strong></span> <span class='ocrx_word' id='word_1_353' title='bbox 785 4612 931 4687; x_wconf 84' lang='lat' dir='ltr'><strong>Georgius</strong></span> <span class='ocrx_word' id='word_1_354' title='bbox 943 4614 1070 4685; x_wconf 80' lang='lat' dir='ltr'><strong>Rhodes,</strong></span> <span class='ocrx_word' id='word_1_355' title='bbox 1084 4615 1199 4677; x_wconf 77' lang='lat' dir='ltr'><strong>cursus</strong></span> 
     </span>
     <span class='ocr_line' id='line_1_41' title="bbox 72 4694 658 4775; baseline 0.022 -26"><span class='ocrx_word' id='word_1_356' title='bbox 72 4694 251 4775; x_wconf 58' lang='lat' dir='ltr'><strong>Piraeum..</strong></span> <span class='ocrx_word' id='word_1_357' title='bbox 267 4697 319 4755; x_wconf 90' lang='lat' dir='ltr'><strong>lib.</strong></span> <span class='ocrx_word' id='word_1_358' title='bbox 339 4718 363 4767; x_wconf 75' lang='lat' dir='ltr'><strong>r.</strong></span> <span class='ocrx_word' id='word_1_359' title='bbox 378 4698 453 4770; x_wconf 89' lang='lat' dir='ltr'><strong>disp.</strong></span> <span class='ocrx_word' id='word_1_360' title='bbox 470 4721 497 4773; x_wconf 78' lang='lat'><strong>3,</strong></span> <span class='ocrx_word' id='word_1_361' title='bbox 512 4715 658 4773; x_wconf 74' lang='lat' dir='ltr'><strong>qttaest..1.</strong></span> 
     </span>
    </p>
   </div>
   <div class='ocr_carea' id='block_1_5' title="bbox 0 0 1750 5525">
    <p class='ocr_par' dir='ltr' id='par_1_19' title="bbox 0 0 1750 5525">
     <span class='ocr_line' id='line_1_42' title="bbox 0 0 1750 5525; baseline 0 7"><span class='ocrx_word' id='word_1_362' title='bbox 0 0 1750 5525; x_wconf 95' lang='lat' dir='ltr'><strong> </strong></span> 
     </span>
    </p>
   </div>
  </div>
 </body>
</html>
