3492 5525
251 473 365 538 Arene.
391 472 767 556 3a21teconveasrone
788 471 1056 538 enonosrrtonun
1118 470 1176 554 287

157 655 307 740 Denique
330 657 500 722 conversio
529 673 586 739 per
603 655 918 740 contrapositionem
948 664 998 723 est
1015 674 1070 732 ea,
1098 654 1131 721 in
1151 674 1215 739 qua
1229 692 1251 730 „
1263 696 1430 741 „„„„„.

90 765 249 830 retinetur
267 763 400 847 quidem
419 763 584 846 quantitas
602 782 788 840 conversae,
809 780 926 829 verum
950 764 1081 830 termini
1111 780 1151 829 ex
1178 760 1217 827 sr-
1275 757 1386 803 ’‘imvm-

91 872 167 939 nitis
190 881 442 937 commutantur
455 872 489 937 in
508 870 652 938 infinitos
671 891 706 938 v.
726 890 761 957 g.
778 871 893 939 Omnis
910 872 997 937 homo
1014 874 1063 937 est
1080 870 1215 937 animal:

89 998 169 1064 ergo
182 982 274 1045 omae
290 997 354 1045 nan
371 979 494 1045 animal
510 984 558 1045 est
581 996 644 1045 non
667 979 767 1044 boma:
785 979 915 1064 aliquod
937 980 1060 1045 animal
1081 996 1145 1044 non
1172 981 1219 1045 est

89 1088 195 1152 boma:
214 1105 294 1172 ergo
306 1088 436 1171 aliquod
455 1104 519 1151 non
542 1087 630 1151 horno
655 1105 718 1152 non
740 1090 788 1151 est
807 1104 870 1152 nan
888 1086 1019 1177 animal.
1040 1086 1105 1152 Sed
1133 1088 1214 1161 haec,

89 1205 126 1261 ut
143 1194 254 1271 vides,
271 1201 404 1260 nonest
426 1194 494 1259 veri
509 1193 652 1261 nominis
663 1195 851 1271 conversio,
862 1212 942 1262 cum
959 1212 1026 1259 non
1040 1195 1106 1261 sint
1117 1194 1215 1259 iidem

90 1301 220 1370 termini
243 1302 276 1368 in
295 1320 455 1369 conversa
472 1310 504 1368 et
522 1310 752 1379 convertente,
773 1303 831 1368 sed
849 1302 902 1368 alii
930 1300 1061 1387 penitus
1084 1300 1214 1369 diversi.

139 1428 214 1496 ¹33·
261 1408 294 1475 Si
312 1408 345 1475 in
369 1410 564 1477 memoriam
591 1428 725 1477 revoces
751 1430 790 1475 ea
817 1429 893 1494 quae
921 1410 962 1475 de
989 1409 1216 1495 suppositione

89 1516 253 1602 praedicari
278 1518 313 1583 in
332 1516 614 1602 propositionibus
640 1518 709 1585 sive
737 1518 942 1586 affirmativis
969 1517 1037 1583 sive
1057 1516 1217 1602 negativis
1253 1530 1257 1539 ’

88 1626 242 1710 superius
258 1625 414 1702 diximus,
436 1626 526 1691 facile
544 1625 680 1711 colliges
699 1629 758 1692 lras
779 1628 909 1712 regulas
932 1643 991 1710 pro
1003 1624 1216 1691 conversione

90 1734 294 1800 diversarum
304 1732 593 1818 propositionum.

139 1848 189 1908 1.⁸
206 1846 350 1935 Regula:
399 1841 571 1907 Conversio
583 1842 716 1923 simplex
730 1840 903 1926 oisormae,
919 1842 1020 1906 imum
1035 1840 1144 1906 babere
1164 1856 1218 1904 ne·
1280 1860 1378 1917 naurs:

89 1948 183 2033 quil,
207 1948 272 2013 nisi
298 1949 334 2014 in
351 1948 560 2031 propositione
595 1944 768 2015 aniamali
799 1948 941 2033 negativa
970 1952 1001 2014 el
1027 1944 1220 2031 particulari
1253 1933 1408 1990 ”minii

90 2054 293 2139 affirmativa.

158 2162 265 2232 Ratio.
292 2142 383 2239 Quia'
401 2180 460 2229 nec
487 2162 677 2231 universalis
695 2163 893 2231 affirmativa
923 2181 982 2229 nec
1015 2162 1217 2247 particularis
1246 2172 1248 2181 ’

91 2269 246 2355 negativa
260 2271 407 2337 converti
422 2280 560 2355 possunt
573 2272 773 2355 simpliciter,
791 2272 852 2337 nisi
871 2272 1022 2336 alteretur
1036 2268 1218 2354 suppositio

88 2378 329 2455 terminorum,
350 2379 441 2462 quod
461 2398 527 2445 non
548 2379 634 2446 licet.
654 2381 738 2445 Nam
766 2380 799 2444 in
828 2378 1000 2444 universali
1025 2377 1219 2444 affirmativa

90 2486 304 2572 praedicatum
332 2486 474 2553 sumitur
502 2487 750 2571 particulariter:
780 2487 807 2551 si
833 2504 914 2572 crgo
941 2486 974 2552 in
1004 2493 1216 2551 convertente

89 2602 233 2679 ponatur
250 2594 490 2671 universaliter,
510 2595 580 2680 jam
596 2593 737 2661 variatur
759 2594 959 2679 suppositio,
984 2595 1123 2677 ideoque
1149 2608 1216 2658 non

91 2702 198 2769 aderit
214 2702 452 2786 consequentia
470 2700 627 2789 aisorma
644 2699 709 2790 (r).
730 2702 767 2767 Et
790 2702 886 2768 simili
906 2700 1007 2768 modo
1026 2699 1058 2767 in
1079 2700 1218 2785 particu·
1289 2663 1313 2764 ἲ

89 2811 147 2876 lari
173 2810 343 2896 negativa,
374 2809 532 2893 quoniam
562 2810 775 2893 praedicatum
804 2809 947 2878 sumitur
978 2807 1214 2884 universaliter,
1288 2805 1295 2830 '

89 2917 408 3003 quomodocumque
435 2916 493 2983 liat
518 2918 692 2984 conversio
711 2917 780 2984 sive
800 2915 989 3001 simpliciter
1007 2916 1075 2982 sive
1091 2933 1147 3001 per
1166 2903 1219 2981 ac'·

89 3025 219 3101 cidens,
239 3023 475 3108 consequentia
488 3042 554 3092 non
570 3024 705 3100 tenebit,
727 3025 804 3108 quia
822 3025 1008 3111 subjectum
1027 3021 1218 3108 particulare

90 3130 325 3218 propositionis
356 3149 524 3199 conversae
551 3131 702 3199 transiret
733 3133 766 3198 in
794 3133 1006 3218 praedicatum
1036 3130 1242 3197 universale

89 3239 327 3307 convertentis.
482 3225 486 3232 ’

157 3347 182 3412 E
201 3364 361 3413 converso
378 3347 557 3431 propositio
577 3347 768 3414 universalis
782 3344 951 3431 negativa,
972 3355 1004 3414 et
1021 3345 1219 3432 particularis

90 3453 299 3532 affirmativa,
314 3454 466 3537 quamvis
477 3463 711 3522 convertantur
723 3453 925 3539 simpliciter,
939 3455 1060 3521 nullam
1074 3454 1217 3521 subeunt

91 3563 310 3631 mutationem
338 3571 440 3647 atque
465 3563 692 3630 alterationem
716 3562 749 3628 in
774 3561 991 3630 terminorum
1021 3563 1221 3648 suppositio-

96 3689 140 3736 ne
157 3665 224 3758 (2).

136 3785 190 3844 a?
209 3783 352 3860 Regula.
400 3777 574 3860 Proposilio
600 3777 791 3844 uniuersalis
812 3777 1001 3862 affirmativa
1030 3776 1274 3860 conuerlr'iurpf⁰
1294 3801 1434 3848 ,unwanus

86 3894 149 3968 par
163 3884 329 3966 accidens;
347 3893 381 3950 et
399 3893 509 3968 potest
525 3885 623 3951 etiam
649 3885 745 3952 simili
766 3885 867 3952 modo
884 3885 1030 3953 converti
1055 3886 1222 3952 universa·
1253 3872 1412 3929 ⁹⁶¹⁸“¹‘¹⁰⁰⁸’

91 3991 131 4059 lis
151 3991 317 4079 negativa.

98 4219 354 4234 m

127 4323 169 4384 (r)
210 4314 260 4384 Vi,
276 4313 530 4386 inquam,sormoe.
561 4312 636 4371 Nam
651 4313 679 4371 vi
707 4313 835 4372 materiae
858 4313 920 4373 fieri
944 4315 1052 4388 poterit
1078 4315 1221 4390 ejusmodi

91 4404 244 4465 conversio
256 4405 381 4476 simplex
394 4405 481 4462 etiam
496 4403 535 4462 in·
542 4402 700 4462 universali
714 4401 903 4475 affirmativa,
919 4405 1097 4478 ubicumque
1111 4407 1221 4479 preadi-

91 4509 190 4554 cetum
214 4493 351 4566 exprimit
364 4492 476 4566 aliquid
488 4493 665 4553 conveniens
682 4493 762 4551 omni
772 4507 802 4553 et
822 4496 881 4552 soli
900 4495 1045 4566 subiecto,
1070 4509 1103 4556 ut
1117 4496 1223 4556 accidit

91 4605 158 4643 eum
181 4584 373 4658 prodientem
400 4582 517 4642 exhibet
542 4581 757 4668 definitionem,
772 4582 965 4670 differentiam
992 4583 1222 4659 spatiamur

90 4672 330 4734 ammoniatam
344 4672 552 4746 proprietatem
568 4671 702 4746 subjecti.
860 4683 865 4691 ·
917 4681 921 4690 ’

127 4768 169 4831 (a)
205 4763 284 4822 Vide
298 4756 400 4835 Arist„
416 4761 467 4822 lib.
487 4783 498 4821 r
515 4763 615 4822 Prior.
631 4763 822 4836 analyticen,
837 4783 900 4836 cap.
917 4783 944 4826 a.
