3492 5525
565 446 627 529 946
694 445 817 511 Lootca
831 444 1061 522 Meton-Lm.
1079 462 1150 525 ψ,
1167 445 1256 510 Dese.
1272 460 1318 529 4·
1336 444 1414 509 Cae.
1433 459 1508 507 ψ’

593 636 710 699 Minor
736 631 867 699 adducti
896 631 1075 721 syllogismi
1106 630 1274 697 manifesta
1292 638 1360 695 est:
1382 626 1459 713 quia
1485 626 1644 711 appetitus

528 738 681 804 naturalis
699 737 742 804 rei
762 740 970 823 impossibilis
990 740 1168 806 naturalem
1188 736 1460 804 inordinationem
1477 734 1643 819 importat.

593 851 706 929 Major
724 864 802 912 vero
829 847 985 931 probatur
1003 847 1044 913 ab
1063 844 1225 930 Aquinate
1246 842 1299 931 (ι)
1323 844 1426 910 tribus
1454 842 1643 915 renonibus,

528 970 666 1036 quarum
686 954 755 1019 haec
774 950 909 1020 summa
922 963 988 1031 est,
1005 954 1081 1037 quia
1095 972 1214 1037 nempe
1229 956 1329 1018 homo
1345 950 1537 1018 naturaliter
1554 968 1647 1033 appe-

527 1058 582 1126 tlt:
602 1058 638 1146 a)
651 1078 744 1126 suam
761 1061 1010 1145 perfectionem:
1032 1058 1067 1149 β)
1086 1060 1325 1145 operationem:
1346 1056 1383 1149 γ)
1396 1067 1429 1123 et
1450 1056 1645 1121 felicitatem.

572 1165 575 1168 ’
594 1167 747 1249 Proponit
757 1168 855 1252 igitur
867 1170 971 1251 primo
989 1165 1212 1256 (Aristoteles)
1224 1169 1307 1251 quad
1319 1166 1463 1232 omnibus
1477 1164 1649 1229 leominilrno

527 1275 716 1340 naturaliter
741 1276 930 1341 &suarium
954 1276 1035 1341 inest
1059 1278 1103 1340 ad
1128 1275 1298 1341 sciendum.
1329 1273 1431 1361 Cujus
1453 1272 1540 1336 rana
1557 1274 1651 1353 potest

526 1400 592 1447 esse
608 1382 740 1463 triplex:
758 1380 793 1470 α)
808 1383 1068 1467 primoquidem,
1089 1382 1164 1468 quia
1182 1399 1374 1465 unaquaeqne
1391 1398 1444 1445 res
1462 1378 1651 1444 naturaliter

399 1493 402 1504 “
525 1489 643 1571 appetit
653 1490 867 1575 perfectionem
884 1491 953 1557 sui:
976 1492 1059 1556 unde
1080 1494 1112 1554 et
1131 1490 1262 1555 materia
1285 1489 1404 1553 dicitm
1423 1490 1571 1569 appetere
1585 1486 1650 1571 for·

527 1614 625 1672 mam,
645 1596 728 1661 sicut
743 1598 954 1683 imperfectam
971 1597 1090 1679 appetit
1105 1614 1193 1661 setam
1207 1595 1433 1681 perfectionem.
1460 1592 1544 1657 Curn
1562 1592 1651 1675 igitar

527 1703 716 1779 intellectas,
740 1724 760 1769 a
782 1723 842 1788 qno
866 1705 952 1770 horna
974 1708 1022 1769 est
1041 1703 1091 1779 id,
1117 1706 1201 1787 qnod
1222 1706 1282 1778 est,
1309 1702 1344 1766 in
1366 1718 1399 1765 se
1421 1700 1650 1770 consuleretur,

527 1810 571 1877 sit
585 1811 620 1876 in
635 1812 775 1892 potentia
797 1812 979 1888 adomnia,
1004 1830 1060 1876 nea
1082 1810 1117 1876 in
1141 1814 1247 1875 acmm
1267 1827 1375 1874 earum
1397 1810 1579 1873 reducetur
1595 1805 1654 1869 nisi

523 1926 582 2001 per
597 1918 774 1996 scientiam,
790 1918 865 2004 puin
883 1920 965 1985 nihil
980 1921 1029 1984 est
1042 1934 1164 1994 eonem,
1181 1935 1250 2001 prece
1267 1918 1358 1991 sunt,
1373 1918 1448 1980 ante
1467 1913 1650 1996 intelligere,

300 2027 303 2033 ’
406 2085 410 2091 ,
528 2025 698 2091 utelieitur
719 2025 753 2090 in
770 2037 821 2112 3!
838 2028 877 2090 de
901 2026 1041 2107 Aninra;
1063 2026 1109 2090 sic
1125 2023 1318 2089 naturaliter
1334 2022 1552 2105 unusquisque
1576 2020 1652 2084 desi-

527 2136 622 2199 derat
631 2133 809 2209 seientiam,
825 2129 1203 2217 sicutmateiiasarmam,
1220 2128 1255 2217 β)
1267 2130 1408 2197 Secundo
1421 2129 1498 2213 quia
1512 2128 1655 2212 mutet

528 2258 578 2305 res
595 2242 772 2305 naturalem
790 2240 1024 2323 inclinationem
1041 2240 1132 2305 habet
1147 2239 1191 2303 ad
1211 2256 1301 2302 snam
1314 2234 1481 2319 propriam
1502 2234 1653 2316 operatio

528 2366 613 2422 nem,
629 2348 712 2412 natet
725 2347 864 2412 calidum
880 2349 925 2411 ad
940 2346 1200 2431 calefaciendum,
1216 2348 1254 2409 et
1259 2362 1356 2428 grave
1375 2346 1414 2408 ut
1428 2345 1577 2408 deorsum
1594 2360 1653 2405 rna

528 2458 651 2520 oeatur.
667 2454 803 2536 Propria
820 2458 923 2520 autem
940 2454 1077 2536 operatio
1095 2452 1243 2527 lerninis,
1263 2451 1298 2515 in
1316 2454 1468 2537 quantun
1487 2449 1593 2526 hono,
1613 2454 1655 2513 est

528 2562 707 2645 intelligere.
741 2562 806 2627 Per
829 2562 885 2627 hoc
911 2562 992 2627 enim
1019 2561 1060 2626 ab
1086 2560 1160 2625 alis
1190 2557 1306 2641 difflrt.
1342 2558 1434 2624 Unde
1461 2556 1653 2621 naturaliter

515 2668 717 2735 desiderium
740 2667 872 2733 hominis
890 2668 1064 2733 inclinatur
1085 2669 1129 2731 ad
1145 2664 1399 2749 intelligendum,
1421 2667 1454 2729 et
1468 2672 1530 2745 per
1554 2682 1652 2727 eanu-

528 2796 627 2862 quens
642 2780 686 2842 ad
702 2777 872 2842 reundum.
896 2774 933 2866 γ)
963 2774 1064 2840 Tertia
1088 2775 1162 2858 quia
1187 2773 1355 2858 unicuique
1380 2773 1430 2837 rei
1448 2771 1652 2837 desiderabile

527 2889 588 2962 est,
612 2886 651 2949 ut
668 2902 724 2950 sua
737 2883 896 2966 principia
920 2885 1146 2969 conjungatur,
1174 2880 1209 2944 in
1227 2879 1282 2945 hac
1307 2879 1391 2946 enirn
1408 2881 1653 2965 uniuscujrupue

523 2992 670 3077 pepecria
687 2991 869 3056 consistit...
885 2989 1076 3057 Substantiis
1089 2991 1190 3053 aulem
1207 2987 1377 3069 separatas,
1396 3005 1466 3071 quae
1480 2991 1561 3050 sunt
1568 2986 1653 3068 prin-

527 3100 610 3181 cipia
628 3099 800 3164 intellectus
817 3098 960 3174 humani,
981 3101 1012 3162 et
1027 3099 1071 3161 ad
1092 3081 1162 3180 pua
1184 3095 1357 3161 intellectus
1377 3095 1535 3158 humanus
1551 3113 1585 3158 se
1604 3095 1653 3156 lu·

528 3207 591 3283 bet,
611 3209 649 3271 ut
663 3205 871 3295 imperfectum
888 3207 932 3269 aet
944 3204 1126 3290 perfectum,
1148 3221 1210 3267 nan
1237 3201 1444 3289 conjungitur
1462 3201 1570 3276 homa,
1591 3201 1651 3264 nisi

523 3321 583 3395 per
598 3313 806 3378 intellectam:
821 3313 904 3377 uncle
916 3311 994 3376 etan
1013 3312 1067 3376 hoc
1080 3310 1188 3376 ultimo
1203 3307 1485 3392 haminisselicr'tas
1498 3309 1650 3374 const'stil.

528 3421 571 3486 Et
581 3420 650 3486 ideo
663 3418 853 3486 naturaliter
869 3420 957 3484 torro
973 3420 1134 3484 aesrtrerat
1147 3417 1311 3482 scr'entiam
1328 3413 1392 3503 (2).
1421 3455 1425 3470 -

595 3533 753 3612 Denique
771 3527 927 3611 probatur
946 3527 1058 3591 eadem
1079 3525 1180 3612 Major
1198 3545 1218 3589 a
1235 3523 1348 3609 signo:
1369 3543 1437 3607 quo
1457 3534 1653 3610 argumento

529 3638 633 3703 utitur
655 3635 859 3702 Aristoteles.
888 3635 972 3700 Nam
1003 3652 1121 3699 omnes
1147 3631 1299 3698 homines
1327 3633 1518 3698 naturaliter
1544 3644 1653 3700 amant

528 3763 645 3811 sensus
663 3752 695 3809 et
713 3751 872 3827 appetunt
891 3744 1026 3819 sentire,
1048 3761 1106 3807 nec
1125 3742 1233 3808 solum
1253 3749 1386 3824 propter
1403 3739 1550 3824 aliquam
1573 3741 1654 3807 utill-

528 3863 629 3920 tatem
653 3853 704 3918 vel
737 3869 835 3916 usum
866 3851 953 3926 vitae,
983 3849 1040 3915 sed
1066 3857 1197 3934 propter
1226 3848 1500 3930 ipsumsentire,
1528 3847 1652 3916 etiamsi

529 3961 617 4026 nulla
635 3959 710 4023 inde
730 3959 789 4024 alia
808 3957 930 4022 utilitas
948 3965 1100 4023 secutura
1120 3956 1173 4021 sit.
1194 3954 1249 4020 Sic
1267 3973 1300 4019 v.
1321 3975 1356 4038 g.
1381 3955 1524 4038 cupiunt
1549 3955 1652 4024 videre

528 4085 579 4132 res
598 4055 748 4150 pulchras
766 4073 799 4130 et
812 4064 923 4147 audire
935 4066 1015 4130 lacta
1030 4063 1070 4128 ab
1086 4061 1154 4128 aliis
1171 4069 1295 4128 narrata
1311 4061 1361 4126 vel
1378 4079 1502 4128 suaves
1518 4083 1654 4130 concen-

526 4184 597 4249 tus,
618 4175 744 4240 etiamsi
758 4172 830 4238 talis
848 4170 930 4237 visio
949 4171 999 4236 vel
1018 4169 1139 4235 auditio
1154 4187 1219 4235 non
1236 4170 1391 4234 referatur
1406 4169 1449 4234 ad
1464 4172 1649 4238 ulteriorem

527 4281 669 4363 aliquem
685 4281 784 4346 tinem
795 4329 803 4356 ‚
816 4286 930 4363 praeter
944 4277 1048 4362 ipsam
1061 4277 1262 4360 voluptatem
1278 4275 1410 4341 videndi
1422 4277 1477 4342 vel
1491 4278 1649 4352 audiendi,

527 4397 625 4471 atque
645 4388 727 4453 adeo
747 4406 798 4453 res
816 4383 1050 4471 cognoscendi.

561 4643 602 4705 (r)
640 4636 704 4696 Lib.
723 4645 762 4696 n·
773 4635 1010 4710 Meraplystcor„
1026 4633 1090 4692 loct.
1109 4652 1137 4702 ι,
1152 4629 1245 4693 initio.

561 4729 603 4796 (a)
639 4725 672 4787 S.
688 4726 804 4795 Thom„
821 4725 872 4785 lib.
891 4737 929 4784 1.·
944 4723 1121 4800 Meeaptys„
1132 4723 1196 4784 lect.
1216 4745 1241 4797 t,
1257 4725 1294 4786 ob
1308 4719 1402 4801 initio.
