<?xml version="1.0" encoding="UTF-8"?>
<!DOCTYPE html PUBLIC "-//W3C//DTD XHTML 1.0 Transitional//EN"
    "http://www.w3.org/TR/xhtml1/DTD/xhtml1-transitional.dtd">
<html xmlns="http://www.w3.org/1999/xhtml" xml:lang="en" lang="en">
 <head>
  <title>
</title>
<meta http-equiv="Content-Type" content="text/html;charset=utf-8" />
  <meta name='ocr-system' content='tesseract 3.04.00' />
  <meta name='ocr-capabilities' content='ocr_page ocr_carea ocr_par ocr_line ocrx_word'/>
</head>
<body>
  <div class='ocr_page' id='page_1' title='image "./institutionesph00urrgoog/institutionesph00urrgoog_0914.png"; bbox 0 0 3492 5525; ppageno 0'>
   <div class='ocr_carea' id='block_1_1' title="bbox 346 610 450 663">
    <p class='ocr_par' dir='ltr' id='par_1_1' title="bbox 346 610 450 663">
     <span class='ocr_line' id='line_1_1' title="bbox 346 610 450 663; baseline -0.019 -5"><span class='ocrx_word' id='word_1_1' title='bbox 346 610 450 663; x_wconf 77' lang='lat' dir='ltr'>secunda,</span> 
     </span>
    </p>
   </div>
   <div class='ocr_carea' id='block_1_2' title="bbox 549 410 1476 519">
    <p class='ocr_par' dir='ltr' id='par_1_2' title="bbox 549 410 1476 519">
     <span class='ocr_line' id='line_1_2' title="bbox 549 410 1476 519; baseline -0.002 -39"><span class='ocrx_word' id='word_1_2' title='bbox 549 410 608 519; x_wconf 70' lang='lat'>‚⁸94</span> <span class='ocrx_word' id='word_1_3' title='bbox 669 414 793 479; x_wconf 81' lang='lat' dir='ltr'>Lourcn</span> <span class='ocrx_word' id='word_1_4' title='bbox 805 414 1037 489; x_wconf 68' lang='lat' dir='ltr'>Maron-Lis.</span> <span class='ocrx_word' id='word_1_5' title='bbox 1056 414 1389 498; x_wconf 69' lang='lat' dir='ltr'>2.r·,u1so.4.·cm.</span> <span class='ocrx_word' id='word_1_6' title='bbox 1408 430 1476 478; x_wconf 63' lang='lat' dir='ltr'>rau</span> 
     </span>
    </p>
   </div>
   <div class='ocr_carea' id='block_1_3' title="bbox 501 578 1631 3140">
    <p class='ocr_par' dir='ltr' id='par_1_3' title="bbox 505 578 1631 1849">
     <span class='ocr_line' id='line_1_3' title="bbox 575 578 1628 665; baseline 0.006 -20"><span class='ocrx_word' id='word_1_7' title='bbox 575 578 726 647; x_wconf 87' lang='lat' dir='ltr'>Secunda</span> <span class='ocrx_word' id='word_1_8' title='bbox 738 580 881 647; x_wconf 89' lang='lat' dir='ltr'>conditio</span> <span class='ocrx_word' id='word_1_9' title='bbox 905 588 956 647; x_wconf 92' lang='lat' dir='ltr'>est</span> <span class='ocrx_word' id='word_1_10' title='bbox 970 581 1041 647; x_wconf 88' lang='lat' dir='ltr'>haec</span> <span class='ocrx_word' id='word_1_11' title='bbox 1060 582 1145 665; x_wconf 81' lang='lat' dir='ltr'>quod</span> <span class='ocrx_word' id='word_1_12' title='bbox 1167 580 1259 646; x_wconf 84' lang='lat' dir='ltr'>illum</span> <span class='ocrx_word' id='word_1_13' title='bbox 1276 580 1423 663; x_wconf 82' lang='lat' dir='ltr'>ponimus</span> <span class='ocrx_word' id='word_1_14' title='bbox 1444 578 1628 661; x_wconf 70' lang='lat' dir='ltr'><em>sapientem,</em></span> 
     </span>
     <span class='ocr_line' id='line_1_4' title="bbox 508 681 1628 773; baseline 0.007 -23"><span class='ocrx_word' id='word_1_15' title='bbox 508 684 565 771; x_wconf 83' lang='lat' dir='ltr'>qai</span> <span class='ocrx_word' id='word_1_16' title='bbox 575 690 624 751; x_wconf 85' lang='lat' dir='ltr'>est</span> <span class='ocrx_word' id='word_1_17' title='bbox 632 690 738 769; x_wconf 79' lang='lat' dir='ltr'>potem</span> <span class='ocrx_word' id='word_1_18' title='bbox 750 706 790 753; x_wconf 80' lang='lat' dir='ltr'>cx</span> <span class='ocrx_word' id='word_1_19' title='bbox 800 686 918 753; x_wconf 79' lang='lat' dir='ltr'>virtrcte</span> <span class='ocrx_word' id='word_1_20' title='bbox 930 688 984 753; x_wconf 85' lang='lat' dir='ltr'>sui</span> <span class='ocrx_word' id='word_1_21' title='bbox 1006 688 1182 754; x_wconf 81' lang='lat' dir='ltr'>intellectas</span> <span class='ocrx_word' id='word_1_22' title='bbox 1200 705 1382 773; x_wconf 73' lang='lat' dir='ltr'><em>cognoscere</em></span> <span class='ocrx_word' id='word_1_23' title='bbox 1402 684 1543 770; x_wconf 74' lang='lat' dir='ltr'>difficilia</span> <span class='ocrx_word' id='word_1_24' title='bbox 1560 681 1575 771; x_wconf 86' lang='lat'>(</span> <span class='ocrx_word' id='word_1_25' title='bbox 1599 681 1628 771; x_wconf 79' lang='grc'>),</span> 
     </span>
     <span class='ocr_line' id='line_1_5' title="bbox 509 793 1627 878; baseline 0 -20"><span class='ocrx_word' id='word_1_26' title='bbox 509 802 542 858; x_wconf 90' lang='lat' dir='ltr'>et</span> <span class='ocrx_word' id='word_1_27' title='bbox 559 804 798 878; x_wconf 86' lang='lat' dir='ltr'>consequenter</span> <span class='ocrx_word' id='word_1_28' title='bbox 820 794 977 878; x_wconf 81' lang='lat' dir='ltr'>sapientia</span> <span class='ocrx_word' id='word_1_29' title='bbox 1001 793 1035 860; x_wconf 93' lang='lat' dir='ltr'>in</span> <span class='ocrx_word' id='word_1_30' title='bbox 1060 795 1156 862; x_wconf 90' lang='lat' dir='ltr'>rebus</span> <span class='ocrx_word' id='word_1_31' title='bbox 1179 794 1413 862; x_wconf 83' lang='lat' dir='ltr'>difficilioribus</span> <span class='ocrx_word' id='word_1_32' title='bbox 1431 804 1502 859; x_wconf 89' lang='lat' dir='ltr'>eta</span> <span class='ocrx_word' id='word_1_33' title='bbox 1525 811 1627 859; x_wconf 91' lang='lat' dir='ltr'>sensu</span> 
     </span>
     <span class='ocr_line' id='line_1_6' title="bbox 509 900 1629 987; baseline -0.001 -22"><span class='ocrx_word' id='word_1_34' title='bbox 509 900 736 968; x_wconf 82' lang='lat' dir='ltr'>remotioribus</span> <span class='ocrx_word' id='word_1_35' title='bbox 763 913 922 972; x_wconf 81' lang='lat' dir='ltr'>versetur.</span> <span class='ocrx_word' id='word_1_36' title='bbox 950 902 1059 968; x_wconf 80' lang='lat' dir='ltr'>«Nam</span> <span class='ocrx_word' id='word_1_37' title='bbox 1087 922 1126 967; x_wconf 91' lang='lat' dir='ltr'>ea</span> <span class='ocrx_word' id='word_1_38' title='bbox 1143 920 1361 987; x_wconf 79' lang='lat' dir='ltr'>cognoscere,</span> <span class='ocrx_word' id='word_1_39' title='bbox 1382 918 1459 986; x_wconf 90' lang='lat' dir='ltr'>quae</span> <span class='ocrx_word' id='word_1_40' title='bbox 1472 900 1629 967; x_wconf 89' lang='lat' dir='ltr'>omnibus</span> 
     </span>
     <span class='ocr_line' id='line_1_7' title="bbox 507 1006 1627 1093; baseline -0.001 -20"><span class='ocrx_word' id='word_1_41' title='bbox 507 1017 584 1074; x_wconf 90' lang='lat' dir='ltr'>sunt</span> <span class='ocrx_word' id='word_1_42' title='bbox 597 1007 710 1086; x_wconf 87' lang='lat' dir='ltr'>obvia,</span> <span class='ocrx_word' id='word_1_43' title='bbox 730 1025 862 1093; x_wconf 89' lang='lat' dir='ltr'>quaque</span> <span class='ocrx_word' id='word_1_44' title='bbox 876 1006 1029 1075; x_wconf 82' lang='lat' dir='ltr'>sensibus</span> <span class='ocrx_word' id='word_1_45' title='bbox 1047 1008 1285 1093; x_wconf 84' lang='lat' dir='ltr'>percipiuntur,</span> <span class='ocrx_word' id='word_1_46' title='bbox 1309 1027 1375 1075; x_wconf 91' lang='lat' dir='ltr'>non</span> <span class='ocrx_word' id='word_1_47' title='bbox 1389 1008 1429 1075; x_wconf 90' lang='lat' dir='ltr'>ad</span> <span class='ocrx_word' id='word_1_48' title='bbox 1449 1007 1627 1092; x_wconf 87' lang='lat' dir='ltr'>sapientes,</span> 
     </span>
     <span class='ocr_line' id='line_1_8' title="bbox 506 1114 1624 1207; baseline -0.002 -26"><span class='ocrx_word' id='word_1_49' title='bbox 506 1114 564 1181; x_wconf 92' lang='lat' dir='ltr'>sed</span> <span class='ocrx_word' id='word_1_50' title='bbox 586 1116 627 1207; x_wconf 86' lang='lat' dir='ltr'>ad</span> <span class='ocrx_word' id='word_1_51' title='bbox 645 1134 873 1200; x_wconf 87' lang='lat' dir='ltr'>quoscumque</span> <span class='ocrx_word' id='word_1_52' title='bbox 901 1117 1053 1201; x_wconf 87' lang='lat' dir='ltr'>vulgares</span> <span class='ocrx_word' id='word_1_53' title='bbox 1079 1118 1230 1185; x_wconf 88' lang='lat' dir='ltr'>homines</span> <span class='ocrx_word' id='word_1_54' title='bbox 1253 1126 1391 1201; x_wconf 82' lang='lat' dir='ltr'>spectat.</span> <span class='ocrx_word' id='word_1_55' title='bbox 1417 1116 1493 1181; x_wconf 84' lang='lat' dir='ltr'>liaec</span> <span class='ocrx_word' id='word_1_56' title='bbox 1511 1124 1624 1181; x_wconf 89' lang='lat' dir='ltr'>autem</span> 
     </span>
     <span class='ocr_line' id='line_1_9' title="bbox 506 1221 1631 1317; baseline -0.004 -28"><span class='ocrx_word' id='word_1_57' title='bbox 506 1222 649 1290; x_wconf 89' lang='lat' dir='ltr'>conditio</span> <span class='ocrx_word' id='word_1_58' title='bbox 678 1223 888 1309; x_wconf 85' lang='lat' dir='ltr'>intelligenda</span> <span class='ocrx_word' id='word_1_59' title='bbox 912 1223 1040 1290; x_wconf 88' lang='lat' dir='ltr'>videtur</span> <span class='ocrx_word' id='word_1_60' title='bbox 1064 1223 1106 1288; x_wconf 91' lang='lat' dir='ltr'>de</span> <span class='ocrx_word' id='word_1_61' title='bbox 1129 1224 1316 1317; x_wconf 80' lang='lat' dir='ltr'>cognitione</span> <span class='ocrx_word' id='word_1_62' title='bbox 1339 1242 1446 1290; x_wconf 88' lang='lat' dir='ltr'>rerum</span> <span class='ocrx_word' id='word_1_63' title='bbox 1469 1221 1631 1288; x_wconf 84' lang='lat' dir='ltr'>difficilio-</span> 
     </span>
     <span class='ocr_line' id='line_1_10' title="bbox 507 1328 1630 1415; baseline -0.001 -20"><span class='ocrx_word' id='word_1_64' title='bbox 507 1348 599 1408; x_wconf 90' lang='lat' dir='ltr'>rum,</span> <span class='ocrx_word' id='word_1_65' title='bbox 620 1339 742 1415; x_wconf 90' lang='lat' dir='ltr'>quanta</span> <span class='ocrx_word' id='word_1_66' title='bbox 761 1330 885 1398; x_wconf 91' lang='lat' dir='ltr'>homini</span> <span class='ocrx_word' id='word_1_67' title='bbox 904 1330 1064 1414; x_wconf 91' lang='lat' dir='ltr'>possibilis</span> <span class='ocrx_word' id='word_1_68' title='bbox 1082 1339 1148 1408; x_wconf 88' lang='lat' dir='ltr'>est,</span> <span class='ocrx_word' id='word_1_69' title='bbox 1170 1332 1342 1397; x_wconf 87' lang='lat' dir='ltr'>nonenim</span> <span class='ocrx_word' id='word_1_70' title='bbox 1362 1339 1489 1415; x_wconf 87' lang='lat' dir='ltr'>spectat</span> <span class='ocrx_word' id='word_1_71' title='bbox 1507 1330 1548 1395; x_wconf 90' lang='lat' dir='ltr'>ad</span> <span class='ocrx_word' id='word_1_72' title='bbox 1569 1328 1630 1394; x_wconf 74' lang='lat' dir='ltr'>ho</span> 
     </span>
     <span class='ocr_line' id='line_1_11' title="bbox 508 1437 1628 1531; baseline -0.002 -27"><span class='ocrx_word' id='word_1_73' title='bbox 508 1438 604 1505; x_wconf 89' lang='lat' dir='ltr'>minis</span> <span class='ocrx_word' id='word_1_74' title='bbox 621 1438 813 1523; x_wconf 86' lang='lat' dir='ltr'>sapientiam</span> <span class='ocrx_word' id='word_1_75' title='bbox 832 1437 946 1531; x_wconf 83' lang='lat' dir='ltr'>altiora</span> <span class='ocrx_word' id='word_1_76' title='bbox 962 1456 999 1503; x_wconf 91' lang='lat' dir='ltr'>se</span> <span class='ocrx_word' id='word_1_77' title='bbox 1016 1456 1172 1522; x_wconf 78' lang='lat' dir='ltr'>quaerere,</span> <span class='ocrx_word' id='word_1_78' title='bbox 1199 1447 1232 1503; x_wconf 89' lang='lat' dir='ltr'>et</span> <span class='ocrx_word' id='word_1_79' title='bbox 1250 1456 1326 1522; x_wconf 80' lang='lat' dir='ltr'>que</span> <span class='ocrx_word' id='word_1_80' title='bbox 1348 1438 1473 1505; x_wconf 89' lang='lat' dir='ltr'>lumine</span> <span class='ocrx_word' id='word_1_81' title='bbox 1492 1437 1628 1503; x_wconf 89' lang='lat' dir='ltr'>naturali</span> 
     </span>
     <span class='ocr_line' id='line_1_12' title="bbox 505 1544 1628 1631; baseline -0.002 -20"><span class='ocrx_word' id='word_1_82' title='bbox 505 1546 659 1631; x_wconf 79' lang='lat' dir='ltr'>cognosci</span> <span class='ocrx_word' id='word_1_83' title='bbox 680 1563 745 1611; x_wconf 91' lang='lat' dir='ltr'>non</span> <span class='ocrx_word' id='word_1_84' title='bbox 765 1545 912 1629; x_wconf 90' lang='lat' dir='ltr'>possint,</span> <span class='ocrx_word' id='word_1_85' title='bbox 932 1547 1046 1630; x_wconf 88' lang='lat' dir='ltr'>quales</span> <span class='ocrx_word' id='word_1_86' title='bbox 1064 1556 1143 1612; x_wconf 88' lang='lat' dir='ltr'>sunt</span> <span class='ocrx_word' id='word_1_87' title='bbox 1157 1547 1343 1613; x_wconf 76' lang='lat' dir='ltr'>futurorum</span> <span class='ocrx_word' id='word_1_88' title='bbox 1366 1544 1628 1630; x_wconf 71' lang='lat' dir='ltr'>confingentium</span> 
     </span>
     <span class='ocr_line' id='line_1_13' title="bbox 505 1648 1630 1738; baseline 0 -20"><span class='ocrx_word' id='word_1_89' title='bbox 505 1662 645 1719; x_wconf 90' lang='lat' dir='ltr'>eventus</span> <span class='ocrx_word' id='word_1_90' title='bbox 659 1648 835 1730; x_wconf 88' lang='lat' dir='ltr'>et&#39;similia,</span> <span class='ocrx_word' id='word_1_91' title='bbox 852 1671 928 1737; x_wconf 85' lang='lat' dir='ltr'>quae</span> <span class='ocrx_word' id='word_1_92' title='bbox 943 1672 1000 1737; x_wconf 87' lang='lat' dir='ltr'>per</span> <span class='ocrx_word' id='word_1_93' title='bbox 1018 1654 1196 1719; x_wconf 84' lang='lat' dir='ltr'>humanam</span> <span class='ocrx_word' id='word_1_94' title='bbox 1211 1654 1379 1720; x_wconf 88' lang='lat' dir='ltr'>scientiam</span> <span class='ocrx_word' id='word_1_95' title='bbox 1402 1655 1483 1720; x_wconf 87' lang='lat' dir='ltr'>velle</span> <span class='ocrx_word' id='word_1_96' title='bbox 1504 1670 1630 1738; x_wconf 89' lang='lat' dir='ltr'>cogno-</span> 
     </span>
     <span class='ocr_line' id='line_1_14' title="bbox 506 1758 1328 1849; baseline 0.001 -22"><span class='ocrx_word' id='word_1_97' title='bbox 506 1778 612 1839; x_wconf 85' lang='lat' dir='ltr'>scere,</span> <span class='ocrx_word' id='word_1_98' title='bbox 630 1780 696 1827; x_wconf 90' lang='lat' dir='ltr'>non</span> <span class='ocrx_word' id='word_1_99' title='bbox 715 1760 872 1846; x_wconf 87' lang='lat' dir='ltr'>sapientia</span> <span class='ocrx_word' id='word_1_100' title='bbox 891 1770 958 1836; x_wconf 88' lang='lat' dir='ltr'>est,</span> <span class='ocrx_word' id='word_1_101' title='bbox 979 1761 1037 1827; x_wconf 90' lang='lat' dir='ltr'>sed</span> <span class='ocrx_word' id='word_1_102' title='bbox 1056 1762 1243 1828; x_wconf 73' lang='lat' dir='ltr'>temeritas»</span> <span class='ocrx_word' id='word_1_103' title='bbox 1263 1758 1328 1849; x_wconf 73' lang='grc' dir='ltr'><strong>(ι).</strong></span> 
     </span>
    </p>

    <p class='ocr_par' dir='ltr' id='par_1_4' title="bbox 504 1868 1630 2819">
     <span class='ocr_line' id='line_1_15' title="bbox 571 1868 1627 1954; baseline -0.004 -19"><span class='ocrx_word' id='word_1_104' title='bbox 571 1868 678 1935; x_wconf 88' lang='lat' dir='ltr'>Tertia</span> <span class='ocrx_word' id='word_1_105' title='bbox 694 1868 838 1935; x_wconf 91' lang='lat' dir='ltr'>conditio</span> <span class='ocrx_word' id='word_1_106' title='bbox 855 1878 919 1946; x_wconf 88' lang='lat' dir='ltr'>est,</span> <span class='ocrx_word' id='word_1_107' title='bbox 938 1871 1023 1954; x_wconf 81' lang='lat' dir='ltr'>qaod</span> <span class='ocrx_word' id='word_1_108' title='bbox 1038 1887 1094 1935; x_wconf 90' lang='lat' dir='ltr'>nos</span> <span class='ocrx_word' id='word_1_109' title='bbox 1106 1869 1240 1935; x_wconf 69' lang='lat' dir='ltr'>dicimus</span> <span class='ocrx_word' id='word_1_110' title='bbox 1253 1870 1344 1935; x_wconf 77' lang='lat' dir='ltr'>iliram</span> <span class='ocrx_word' id='word_1_111' title='bbox 1364 1868 1531 1951; x_wconf 70' lang='lat' dir='ltr'>sapientem</span> <span class='ocrx_word' id='word_1_112' title='bbox 1548 1885 1627 1946; x_wconf 84' lang='lat' dir='ltr'>esse,</span> 
     </span>
     <span class='ocr_line' id='line_1_16' title="bbox 504 1976 1630 2065; baseline -0.001 -23"><span class='ocrx_word' id='word_1_113' title='bbox 504 1976 561 2065; x_wconf 82' lang='lat' dir='ltr'>qai</span> <span class='ocrx_word' id='word_1_114' title='bbox 571 1976 679 2053; x_wconf 79' lang='lat' dir='ltr'>dehis,</span> <span class='ocrx_word' id='word_1_115' title='bbox 691 1976 843 2061; x_wconf 75' lang='lat' dir='ltr'>quescit,</span> <span class='ocrx_word' id='word_1_116' title='bbox 859 1976 1169 2043; x_wconf 69' lang='lat' dir='ltr'>metaretuaincm</span> <span class='ocrx_word' id='word_1_117' title='bbox 1178 1977 1275 2061; x_wconf 85' lang='lat' dir='ltr'>magis</span> <span class='ocrx_word' id='word_1_118' title='bbox 1285 1976 1448 2062; x_wconf 83' lang='lat' dir='ltr'>qrcaaralii</span> <span class='ocrx_word' id='word_1_119' title='bbox 1457 1976 1630 2041; x_wconf 80' lang='grc' dir='ltr'><strong>ωιιιιιιιιιιί-</strong></span> 
     </span>
     <span class='ocr_line' id='line_1_17' title="bbox 505 2082 1629 2170; baseline 0 -21"><span class='ocrx_word' id='word_1_120' title='bbox 505 2088 552 2149; x_wconf 84' lang='lat' dir='ltr'>ter</span> <span class='ocrx_word' id='word_1_121' title='bbox 568 2084 682 2149; x_wconf 82' lang='lat' dir='ltr'>habent</span> <span class='ocrx_word' id='word_1_122' title='bbox 695 2082 761 2170; x_wconf 76' lang='lat'>(3).</span> <span class='ocrx_word' id='word_1_123' title='bbox 778 2084 873 2149; x_wconf 80' lang='lat' dir='ltr'>«Sub</span> <span class='ocrx_word' id='word_1_124' title='bbox 887 2101 951 2167; x_wconf 90' lang='lat' dir='ltr'>qua</span> <span class='ocrx_word' id='word_1_125' title='bbox 970 2084 1155 2150; x_wconf 88' lang='lat' dir='ltr'>conditione</span> <span class='ocrx_word' id='word_1_126' title='bbox 1168 2084 1266 2151; x_wconf 89' lang='lat' dir='ltr'>etiarn</span> <span class='ocrx_word' id='word_1_127' title='bbox 1281 2084 1443 2150; x_wconf 82' lang='lat' dir='ltr'>evidentia</span> <span class='ocrx_word' id='word_1_128' title='bbox 1454 2092 1488 2148; x_wconf 89' lang='lat' dir='ltr'>et</span> <span class='ocrx_word' id='word_1_129' title='bbox 1500 2084 1629 2149; x_wconf 79' lang='lat' dir='ltr'>claritas</span> 
     </span>
     <span class='ocr_line' id='line_1_18' title="bbox 505 2180 1628 2276; baseline -0.002 -20"><span class='ocrx_word' id='word_1_130' title='bbox 505 2191 806 2276; x_wconf 85' lang='lat' dir='ltr'>comprehenditur,</span> <span class='ocrx_word' id='word_1_131' title='bbox 826 2190 903 2275; x_wconf 93' lang='lat' dir='ltr'>quia</span> <span class='ocrx_word' id='word_1_132' title='bbox 923 2192 1075 2259; x_wconf 90' lang='lat' dir='ltr'>naturalis</span> <span class='ocrx_word' id='word_1_133' title='bbox 1099 2191 1275 2268; x_wconf 87' lang='lat' dir='ltr'>certitudo,</span> <span class='ocrx_word' id='word_1_134' title='bbox 1295 2192 1336 2257; x_wconf 91' lang='lat' dir='ltr'>de</span> <span class='ocrx_word' id='word_1_135' title='bbox 1359 2211 1423 2275; x_wconf 91' lang='lat' dir='ltr'>qua</span> <span class='ocrx_word' id='word_1_136' title='bbox 1440 2209 1550 2257; x_wconf 86' lang='lat' dir='ltr'>sermo</span> <span class='ocrx_word' id='word_1_137' title='bbox 1563 2180 1628 2265; x_wconf 83' lang='lat' dir='ltr'>est,</span> 
     </span>
     <span class='ocr_line' id='line_1_19' title="bbox 506 2294 1626 2383; baseline -0.002 -20"><span class='ocrx_word' id='word_1_138' title='bbox 506 2318 546 2364; x_wconf 91' lang='lat' dir='ltr'>ex</span> <span class='ocrx_word' id='word_1_139' title='bbox 574 2299 734 2365; x_wconf 88' lang='lat' dir='ltr'>evidentia</span> <span class='ocrx_word' id='word_1_140' title='bbox 763 2294 916 2375; x_wconf 86' lang='lat' dir='ltr'>nascitur,</span> <span class='ocrx_word' id='word_1_141' title='bbox 947 2299 1042 2383; x_wconf 91' lang='lat' dir='ltr'>eique</span> <span class='ocrx_word' id='word_1_142' title='bbox 1068 2310 1363 2369; x_wconf 86' lang='lat' dir='ltr'>commensuratur.</span> <span class='ocrx_word' id='word_1_143' title='bbox 1396 2298 1489 2367; x_wconf 84' lang='lat' dir='ltr'>Ratio</span> <span class='ocrx_word' id='word_1_144' title='bbox 1514 2306 1626 2363; x_wconf 87' lang='lat' dir='ltr'>autem</span> 
     </span>
     <span class='ocr_line' id='line_1_20' title="bbox 506 2405 1628 2500; baseline -0.004 -27"><span class='ocrx_word' id='word_1_145' title='bbox 506 2407 673 2491; x_wconf 88' lang='lat' dir='ltr'>perspicua</span> <span class='ocrx_word' id='word_1_146' title='bbox 692 2407 790 2493; x_wconf 88' lang='lat' dir='ltr'>hujus</span> <span class='ocrx_word' id='word_1_147' title='bbox 808 2406 1004 2500; x_wconf 81' lang='lat' dir='ltr'>cqnditionis</span> <span class='ocrx_word' id='word_1_148' title='bbox 1018 2418 1080 2483; x_wconf 88' lang='lat' dir='ltr'>est,</span> <span class='ocrx_word' id='word_1_149' title='bbox 1101 2408 1177 2491; x_wconf 90' lang='lat' dir='ltr'>quia</span> <span class='ocrx_word' id='word_1_150' title='bbox 1194 2407 1352 2493; x_wconf 86' lang='lat' dir='ltr'>sapientia</span> <span class='ocrx_word' id='word_1_151' title='bbox 1375 2405 1535 2491; x_wconf 79' lang='lat' dir='ltr'>significat</span> <span class='ocrx_word' id='word_1_152' title='bbox 1556 2424 1628 2490; x_wconf 87' lang='lat' dir='ltr'>per-</span> 
     </span>
     <span class='ocr_line' id='line_1_21' title="bbox 506 2513 1627 2600; baseline -0.001 -21"><span class='ocrx_word' id='word_1_153' title='bbox 506 2514 621 2583; x_wconf 80' lang='lat' dir='ltr'>fectam</span> <span class='ocrx_word' id='word_1_154' title='bbox 648 2514 830 2589; x_wconf 90' lang='lat' dir='ltr'>scientiam,</span> <span class='ocrx_word' id='word_1_155' title='bbox 860 2523 893 2579; x_wconf 89' lang='lat' dir='ltr'>et</span> <span class='ocrx_word' id='word_1_156' title='bbox 911 2513 1064 2581; x_wconf 87' lang='lat' dir='ltr'>eximiam</span> <span class='ocrx_word' id='word_1_157' title='bbox 1087 2514 1328 2600; x_wconf 66' lang='lat' dir='ltr'>cognitionem</span> <span class='ocrx_word' id='word_1_158' title='bbox 1350 2513 1493 2581; x_wconf 85' lang='lat' dir='ltr'>maxima</span> <span class='ocrx_word' id='word_1_159' title='bbox 1516 2524 1627 2579; x_wconf 85' lang='lat' dir='ltr'>autem</span> 
     </span>
     <span class='ocr_line' id='line_1_22' title="bbox 505 2620 1629 2709; baseline -0.004 -18"><span class='ocrx_word' id='word_1_160' title='bbox 505 2621 657 2709; x_wconf 82' lang='lat' dir='ltr'>perfectio</span> <span class='ocrx_word' id='word_1_161' title='bbox 693 2621 888 2708; x_wconf 89' lang='lat' dir='ltr'>cognitionis</span> <span class='ocrx_word' id='word_1_162' title='bbox 915 2623 1068 2689; x_wconf 78' lang='lat' dir='ltr'>humanae</span> <span class='ocrx_word' id='word_1_163' title='bbox 1101 2621 1133 2688; x_wconf 91' lang='lat' dir='ltr'>in</span> <span class='ocrx_word' id='word_1_164' title='bbox 1170 2622 1363 2691; x_wconf 87' lang='lat' dir='ltr'>certitudine</span> <span class='ocrx_word' id='word_1_165' title='bbox 1401 2629 1435 2687; x_wconf 91' lang='lat' dir='ltr'>et</span> <span class='ocrx_word' id='word_1_166' title='bbox 1465 2620 1629 2687; x_wconf 85' lang='lat' dir='ltr'>evidentia</span> 
     </span>
     <span class='ocr_line' id='line_1_23' title="bbox 505 2728 783 2819; baseline -0.004 -21"><span class='ocrx_word' id='word_1_167' title='bbox 505 2729 610 2814; x_wconf 89' lang='lat' dir='ltr'>posita</span> <span class='ocrx_word' id='word_1_168' title='bbox 623 2738 699 2798; x_wconf 78' lang='lat' dir='ltr'>est»</span> <span class='ocrx_word' id='word_1_169' title='bbox 721 2728 783 2819; x_wconf 79' lang='grc'><strong>(4).</strong></span> 
     </span>
    </p>

    <p class='ocr_par' dir='ltr' id='par_1_5' title="bbox 501 2836 1629 3140">
     <span class='ocr_line' id='line_1_24' title="bbox 569 2836 1629 2928; baseline -0.004 -24"><span class='ocrx_word' id='word_1_170' title='bbox 569 2837 693 2914; x_wconf 80' lang='lat' dir='ltr'>Qsarta</span> <span class='ocrx_word' id='word_1_171' title='bbox 703 2839 846 2906; x_wconf 90' lang='lat' dir='ltr'>conditio</span> <span class='ocrx_word' id='word_1_172' title='bbox 862 2847 924 2915; x_wconf 91' lang='lat' dir='ltr'>est,</span> <span class='ocrx_word' id='word_1_173' title='bbox 940 2837 1029 2922; x_wconf 92' lang='lat' dir='ltr'>quod</span> <span class='ocrx_word' id='word_1_174' title='bbox 1043 2839 1135 2904; x_wconf 85' lang='lat' dir='ltr'>illum</span> <span class='ocrx_word' id='word_1_175' title='bbox 1146 2836 1288 2904; x_wconf 79' lang='lat' dir='ltr'>diximus</span> <span class='ocrx_word' id='word_1_176' title='bbox 1298 2837 1401 2928; x_wconf 71' lang='lat' dir='ltr'>magas</span> <span class='ocrx_word' id='word_1_177' title='bbox 1412 2837 1579 2918; x_wconf 68' lang='lat' dir='ltr'>sapientem</span> <span class='ocrx_word' id='word_1_178' title='bbox 1593 2837 1629 2900; x_wconf 82' lang='lat' dir='ltr'>in</span> 
     </span>
     <span class='ocr_line' id='line_1_25' title="bbox 503 2945 1627 3034; baseline -0.004 -22"><span class='ocrx_word' id='word_1_179' title='bbox 503 2947 590 3012; x_wconf 78' lang='lat' dir='ltr'>mani</span> <span class='ocrx_word' id='word_1_180' title='bbox 613 2947 759 3023; x_wconf 65' lang='lat' dir='ltr'>sca&#39;entl&#39;ar,</span> <span class='ocrx_word' id='word_1_181' title='bbox 788 2946 845 3031; x_wconf 87' lang='lat' dir='ltr'>qui</span> <span class='ocrx_word' id='word_1_182' title='bbox 861 2949 965 3028; x_wconf 83' lang='lat' dir='ltr'>potest</span> <span class='ocrx_word' id='word_1_183' title='bbox 988 2946 1150 3029; x_wconf 71' lang='lat' dir='ltr'>asstgnare</span> <span class='ocrx_word' id='word_1_184' title='bbox 1173 2965 1286 3012; x_wconf 87' lang='lat' dir='ltr'>causos</span> <span class='ocrx_word' id='word_1_185' title='bbox 1305 2945 1472 3034; x_wconf 83' lang='lat' dir='ltr'>cujuslibet</span> <span class='ocrx_word' id='word_1_186' title='bbox 1488 2945 1627 3030; x_wconf 74' lang='lat' dir='ltr'>quesiti,</span> 
     </span>
     <span class='ocr_line' id='line_1_26' title="bbox 501 3049 1627 3140; baseline -0.001 -21"><span class='ocrx_word' id='word_1_187' title='bbox 501 3057 535 3119; x_wconf 86' lang='lat' dir='ltr'>et</span> <span class='ocrx_word' id='word_1_188' title='bbox 546 3060 605 3136; x_wconf 86' lang='lat' dir='ltr'>per</span> <span class='ocrx_word' id='word_1_189' title='bbox 616 3053 671 3118; x_wconf 83' lang='lat' dir='ltr'>loc</span> <span class='ocrx_word' id='word_1_190' title='bbox 688 3056 796 3120; x_wconf 82' lang='lat' dir='ltr'>docere</span> <span class='ocrx_word' id='word_1_191' title='bbox 818 3049 884 3140; x_wconf 81' lang='lat'><strong>(5).</strong></span> <span class='ocrx_word' id='word_1_192' title='bbox 913 3054 1009 3119; x_wconf 81' lang='lat' dir='ltr'>«llos</span> <span class='ocrx_word' id='word_1_193' title='bbox 1026 3052 1136 3136; x_wconf 89' lang='lat' dir='ltr'>ipsum</span> <span class='ocrx_word' id='word_1_194' title='bbox 1155 3051 1394 3139; x_wconf 80' lang='lat' dir='ltr'>significaverat</span> <span class='ocrx_word' id='word_1_195' title='bbox 1421 3053 1627 3128; x_wconf 81' lang='lat' dir='ltr'>Aristoteles,</span> 
     </span>
    </p>
   </div>
   <div class='ocr_carea' id='block_1_4' title="bbox 503 3160 1723 3246">
    <p class='ocr_par' dir='ltr' id='par_1_6' title="bbox 503 3160 1723 3246">
     <span class='ocr_line' id='line_1_27' title="bbox 503 3160 1723 3246; baseline -0.016 -17"><span class='ocrx_word' id='word_1_196' title='bbox 503 3179 575 3244; x_wconf 90' lang='lat' dir='ltr'>cap.</span> <span class='ocrx_word' id='word_1_197' title='bbox 595 3160 605 3225; x_wconf 93' lang='lat' dir='ltr'>l</span> <span class='ocrx_word' id='word_1_198' title='bbox 628 3160 751 3237; x_wconf 88' lang='lat' dir='ltr'>dicens,</span> <span class='ocrx_word' id='word_1_199' title='bbox 771 3160 904 3246; x_wconf 89' lang='lat' dir='ltr'>signum</span> <span class='ocrx_word' id='word_1_200' title='bbox 922 3160 1077 3246; x_wconf 90' lang='lat' dir='ltr'>sapientis</span> <span class='ocrx_word' id='word_1_201' title='bbox 1095 3179 1168 3227; x_wconf 89' lang='lat' dir='ltr'>esse</span> <span class='ocrx_word' id='word_1_202' title='bbox 1186 3179 1283 3244; x_wconf 89' lang='lat' dir='ltr'>posse</span> <span class='ocrx_word' id='word_1_203' title='bbox 1305 3161 1434 3236; x_wconf 89' lang='lat' dir='ltr'>docere,</span> <span class='ocrx_word' id='word_1_204' title='bbox 1455 3162 1548 3226; x_wconf 87' lang='lat' dir='ltr'>etad</span> <span class='ocrx_word' id='word_1_205' title='bbox 1576 3179 1631 3225; x_wconf 79' lang='lat' dir='ltr'>sa.</span> <span class='ocrx_word' id='word_1_206' title='bbox 1722 3168 1723 3199; x_wconf 51' lang='grc' dir='ltr'><strong>ι</strong></span> 
     </span>
    </p>
   </div>
   <div class='ocr_carea' id='block_1_5' title="bbox 504 3267 1634 4000">
    <p class='ocr_par' dir='ltr' id='par_1_7' title="bbox 504 3267 1634 4000">
     <span class='ocr_line' id='line_1_28' title="bbox 504 3267 1629 3353; baseline 0.001 -21"><span class='ocrx_word' id='word_1_207' title='bbox 504 3267 648 3351; x_wconf 76' lang='lat' dir='ltr'>pietatem</span> <span class='ocrx_word' id='word_1_208' title='bbox 670 3269 828 3352; x_wconf 87' lang='lat' dir='ltr'>pertinere</span> <span class='ocrx_word' id='word_1_209' title='bbox 845 3287 959 3335; x_wconf 87' lang='lat' dir='ltr'>causas</span> <span class='ocrx_word' id='word_1_210' title='bbox 986 3284 1095 3335; x_wconf 88' lang='lat' dir='ltr'>rerum</span> <span class='ocrx_word' id='word_1_211' title='bbox 1115 3285 1314 3353; x_wconf 85' lang='lat' dir='ltr'>cognoscere</span> <span class='ocrx_word' id='word_1_212' title='bbox 1331 3288 1368 3334; x_wconf 92' lang='lat' dir='ltr'>ac</span> <span class='ocrx_word' id='word_1_213' title='bbox 1386 3269 1524 3334; x_wconf 89' lang='lat' dir='ltr'>tradere.</span> <span class='ocrx_word' id='word_1_214' title='bbox 1546 3267 1629 3333; x_wconf 87' lang='lat' dir='ltr'>hem</span> 
     </span>
     <span class='ocr_line' id='line_1_29' title="bbox 505 3374 1629 3459; baseline 0.001 -19"><span class='ocrx_word' id='word_1_215' title='bbox 505 3374 538 3441; x_wconf 92' lang='lat' dir='ltr'>in</span> <span class='ocrx_word' id='word_1_216' title='bbox 549 3393 744 3459; x_wconf 87' lang='lat' dir='ltr'>unaquaque</span> <span class='ocrx_word' id='word_1_217' title='bbox 755 3384 824 3441; x_wconf 90' lang='lat' dir='ltr'>arte</span> <span class='ocrx_word' id='word_1_218' title='bbox 834 3377 886 3442; x_wconf 88' lang='lat' dir='ltr'>vel</span> <span class='ocrx_word' id='word_1_219' title='bbox 896 3375 1028 3442; x_wconf 88' lang='lat' dir='ltr'>scientia</span> <span class='ocrx_word' id='word_1_220' title='bbox 1043 3376 1133 3441; x_wconf 90' lang='lat' dir='ltr'>illurn</span> <span class='ocrx_word' id='word_1_221' title='bbox 1145 3375 1374 3459; x_wconf 86' lang='lat' dir='ltr'>sapientiorem</span> <span class='ocrx_word' id='word_1_222' title='bbox 1387 3376 1629 3451; x_wconf 89' lang='lat' dir='ltr'>existimamus,</span> 
     </span>
     <span class='ocr_line' id='line_1_30' title="bbox 505 3479 1634 3567; baseline 0 -19"><span class='ocrx_word' id='word_1_223' title='bbox 505 3482 562 3566; x_wconf 91' lang='lat' dir='ltr'>qui</span> <span class='ocrx_word' id='word_1_224' title='bbox 580 3500 688 3548; x_wconf 90' lang='lat' dir='ltr'>rerum</span> <span class='ocrx_word' id='word_1_225' title='bbox 706 3501 821 3549; x_wconf 88' lang='lat' dir='ltr'>causas</span> <span class='ocrx_word' id='word_1_226' title='bbox 838 3482 988 3550; x_wconf 89' lang='lat' dir='ltr'>intimius</span> <span class='ocrx_word' id='word_1_227' title='bbox 1004 3493 1037 3548; x_wconf 87' lang='lat' dir='ltr'>et</span> <span class='ocrx_word' id='word_1_228' title='bbox 1055 3483 1270 3550; x_wconf 84' lang='lat' dir='ltr'>universalius</span> <span class='ocrx_word' id='word_1_229' title='bbox 1292 3479 1553 3567; x_wconf 81' lang='lat' dir='ltr'>comprehendit.</span> <span class='ocrx_word' id='word_1_230' title='bbox 1569 3483 1634 3548; x_wconf 76' lang='lat' dir='ltr'>De</span> 
     </span>
     <span class='ocr_line' id='line_1_31' title="bbox 506 3590 1634 3685; baseline 0 -29"><span class='ocrx_word' id='word_1_231' title='bbox 506 3591 605 3685; x_wconf 79' lang='lat' dir='ltr'>nique</span> <span class='ocrx_word' id='word_1_232' title='bbox 618 3592 760 3660; x_wconf 87' lang='lat' dir='ltr'>humana</span> <span class='ocrx_word' id='word_1_233' title='bbox 778 3591 922 3676; x_wconf 85' lang='lat' dir='ltr'>cognitio</span> <span class='ocrx_word' id='word_1_234' title='bbox 940 3598 1011 3656; x_wconf 90' lang='lat' dir='ltr'>turn</span> <span class='ocrx_word' id='word_1_235' title='bbox 1031 3590 1201 3676; x_wconf 80' lang='lat' dir='ltr'>perfectior</span> <span class='ocrx_word' id='word_1_236' title='bbox 1218 3599 1280 3667; x_wconf 88' lang='lat' dir='ltr'>est,</span> <span class='ocrx_word' id='word_1_237' title='bbox 1302 3609 1377 3657; x_wconf 85' lang='lat' dir='ltr'>curn</span> <span class='ocrx_word' id='word_1_238' title='bbox 1394 3609 1526 3656; x_wconf 89' lang='lat' dir='ltr'>causam</span> <span class='ocrx_word' id='word_1_239' title='bbox 1539 3608 1634 3656; x_wconf 87' lang='lat' dir='ltr'>asse-</span> 
     </span>
     <span class='ocr_line' id='line_1_32' title="bbox 506 3696 1633 3784; baseline 0.002 -21"><span class='ocrx_word' id='word_1_240' title='bbox 506 3697 631 3782; x_wconf 88' lang='lat' dir='ltr'>quitur,</span> <span class='ocrx_word' id='word_1_241' title='bbox 652 3696 793 3782; x_wconf 90' lang='lat' dir='ltr'>alioquin</span> <span class='ocrx_word' id='word_1_242' title='bbox 820 3716 952 3783; x_wconf 89' lang='lat' dir='ltr'>semper</span> <span class='ocrx_word' id='word_1_243' title='bbox 984 3707 1036 3763; x_wconf 89' lang='lat' dir='ltr'>est</span> <span class='ocrx_word' id='word_1_244' title='bbox 1061 3698 1266 3783; x_wconf 77' lang='lat' dir='ltr'>imperfecta3</span> <span class='ocrx_word' id='word_1_245' title='bbox 1293 3699 1387 3784; x_wconf 85' lang='lat' dir='ltr'>cujus</span> <span class='ocrx_word' id='word_1_246' title='bbox 1408 3696 1542 3784; x_wconf 89' lang='lat' dir='ltr'>signum</span> <span class='ocrx_word' id='word_1_247' title='bbox 1563 3710 1633 3774; x_wconf 88' lang='lat' dir='ltr'>est,</span> 
     </span>
     <span class='ocr_line' id='line_1_33' title="bbox 505 3791 1633 3890; baseline -0.001 -17"><span class='ocrx_word' id='word_1_248' title='bbox 505 3807 581 3890; x_wconf 87' lang='lat' dir='ltr'>quia</span> <span class='ocrx_word' id='word_1_249' title='bbox 599 3805 789 3890; x_wconf 88' lang='lat' dir='ltr'>inquirentis</span> <span class='ocrx_word' id='word_1_250' title='bbox 802 3791 932 3873; x_wconf 82' lang='lat' dir='ltr'>animus</span> <span class='ocrx_word' id='word_1_251' title='bbox 950 3825 1016 3872; x_wconf 90' lang='lat' dir='ltr'>non</span> <span class='ocrx_word' id='word_1_252' title='bbox 1030 3806 1182 3890; x_wconf 88' lang='lat' dir='ltr'>quiescit,</span> <span class='ocrx_word' id='word_1_253' title='bbox 1201 3806 1307 3873; x_wconf 87' lang='lat' dir='ltr'>donec</span> <span class='ocrx_word' id='word_1_254' title='bbox 1320 3823 1453 3872; x_wconf 91' lang='lat' dir='ltr'>causam</span> <span class='ocrx_word' id='word_1_255' title='bbox 1469 3805 1633 3873; x_wconf 85' lang='lat' dir='ltr'>inveniat:</span> 
     </span>
     <span class='ocr_line' id='line_1_34' title="bbox 504 3912 1634 4000; baseline 0.003 -21"><span class='ocrx_word' id='word_1_256' title='bbox 504 3914 604 4000; x_wconf 86' lang='lat' dir='ltr'>igitur</span> <span class='ocrx_word' id='word_1_257' title='bbox 616 3913 784 3999; x_wconf 81' lang='lat' dir='ltr'>sapientia</span> <span class='ocrx_word' id='word_1_258' title='bbox 797 3914 986 4000; x_wconf 90' lang='lat' dir='ltr'>simpliciter</span> <span class='ocrx_word' id='word_1_259' title='bbox 999 3914 1052 3980; x_wconf 92' lang='lat' dir='ltr'>illa</span> <span class='ocrx_word' id='word_1_260' title='bbox 1066 3912 1138 3990; x_wconf 86' lang='lat' dir='ltr'>erit,</span> <span class='ocrx_word' id='word_1_261' title='bbox 1154 3931 1228 3997; x_wconf 86' lang='lat' dir='ltr'>quae</span> <span class='ocrx_word' id='word_1_262' title='bbox 1243 3931 1350 3980; x_wconf 90' lang='lat' dir='ltr'>rerum</span> <span class='ocrx_word' id='word_1_263' title='bbox 1364 3931 1480 3980; x_wconf 90' lang='lat' dir='ltr'>causas</span> <span class='ocrx_word' id='word_1_264' title='bbox 1493 3912 1634 3982; x_wconf 87' lang='lat' dir='ltr'>altiores</span> 
     </span>
    </p>
   </div>
   <div class='ocr_carea' id='block_1_6' title="bbox 507 4143 771 4158">
    <p class='ocr_par' dir='ltr' id='par_1_8' title="bbox 507 4143 771 4158">
     <span class='ocr_line' id='line_1_35' title="bbox 507 4143 771 4158; baseline -0.011 0"><span class='ocrx_word' id='word_1_265' title='bbox 507 4143 771 4158; x_wconf 51' lang='lat' dir='ltr'>“nn——</span> 
     </span>
    </p>
   </div>
   <div class='ocr_carea' id='block_1_7' title="bbox 505 4232 1638 4760">
    <p class='ocr_par' dir='ltr' id='par_1_9' title="bbox 505 4232 1638 4404">
     <span class='ocr_line' id='line_1_36' title="bbox 541 4232 1638 4310; baseline 0.001 -12"><span class='ocrx_word' id='word_1_266' title='bbox 541 4243 583 4308; x_wconf 90' lang='grc' dir='ltr'>(ι)</span> <span class='ocrx_word' id='word_1_267' title='bbox 619 4235 653 4298; x_wconf 85' lang='lat' dir='ltr'>S.</span> <span class='ocrx_word' id='word_1_268' title='bbox 669 4234 774 4297; x_wconf 86' lang='lat' dir='ltr'>Thom.</span> <span class='ocrx_word' id='word_1_269' title='bbox 790 4255 826 4294; x_wconf 83' lang='lat' dir='ltr'>ex</span> <span class='ocrx_word' id='word_1_270' title='bbox 839 4232 942 4306; x_wconf 67' lang='lat' dir='ltr'>haist..</span> <span class='ocrx_word' id='word_1_271' title='bbox 957 4233 1023 4294; x_wconf 89' lang='lat' dir='ltr'>libr.</span> <span class='ocrx_word' id='word_1_272' title='bbox 1041 4245 1081 4294; x_wconf 60' lang='grc' dir='ltr'>ιθ</span> <span class='ocrx_word' id='word_1_273' title='bbox 1094 4233 1235 4310; x_wconf 70' lang='lat' dir='ltr'>Metroph,</span> <span class='ocrx_word' id='word_1_274' title='bbox 1249 4232 1314 4294; x_wconf 88' lang='lat' dir='ltr'>lect.</span> <span class='ocrx_word' id='word_1_275' title='bbox 1328 4253 1357 4304; x_wconf 83' lang='lat' dir='ltr'>a,</span> <span class='ocrx_word' id='word_1_276' title='bbox 1374 4235 1488 4295; x_wconf 71' lang='lat' dir='ltr'>Deinde</span> <span class='ocrx_word' id='word_1_277' title='bbox 1500 4253 1568 4296; x_wconf 79' lang='grc' dir='ltr'><strong>ειιιιι</strong></span> <span class='ocrx_word' id='word_1_278' title='bbox 1587 4241 1638 4299; x_wconf 82' lang='lat' dir='ltr'>di·</span> 
     </span>
     <span class='ocr_line' id='line_1_37' title="bbox 505 4326 843 4404; baseline -0.012 -16"><span class='ocrx_word' id='word_1_279' title='bbox 505 4330 562 4388; x_wconf 85' lang='lat' dir='ltr'>cit.-</span> <span class='ocrx_word' id='word_1_280' title='bbox 577 4330 684 4388; x_wconf 82' lang='lat' dir='ltr'>Postea</span> <span class='ocrx_word' id='word_1_281' title='bbox 697 4326 843 4404; x_wconf 71' lang='lat' dir='ltr'>difficilia</span> 
     </span>
    </p>

    <p class='ocr_par' dir='ltr' id='par_1_10' title="bbox 541 4415 1275 4490">
     <span class='ocr_line' id='line_1_38' title="bbox 541 4415 1275 4490; baseline -0.005 -14"><span class='ocrx_word' id='word_1_282' title='bbox 541 4419 582 4490; x_wconf 84' lang='lat' dir='ltr'>(a)</span> <span class='ocrx_word' id='word_1_283' title='bbox 617 4417 704 4476; x_wconf 84' lang='lat' dir='ltr'>Suar.</span> <span class='ocrx_word' id='word_1_284' title='bbox 719 4415 796 4488; x_wconf 84' lang='lat' dir='ltr'>disp.</span> <span class='ocrx_word' id='word_1_285' title='bbox 812 4415 1009 4490; x_wconf 77' lang='lat' dir='ltr'>hletephyss&#39;c.</span> <span class='ocrx_word' id='word_1_286' title='bbox 1030 4435 1055 4485; x_wconf 86' lang='lat' dir='ltr'>s,</span> <span class='ocrx_word' id='word_1_287' title='bbox 1075 4427 1144 4474; x_wconf 85' lang='lat' dir='ltr'>sect.</span> <span class='ocrx_word' id='word_1_288' title='bbox 1158 4432 1185 4486; x_wconf 85' lang='grc' dir='ltr'>ς.</span> <span class='ocrx_word' id='word_1_289' title='bbox 1200 4434 1230 4473; x_wconf 85' lang='grc' dir='ltr'>ιι.</span> <span class='ocrx_word' id='word_1_290' title='bbox 1246 4434 1275 4488; x_wconf 85' lang='lat'>9.</span> 
     </span>
    </p>

    <p class='ocr_par' dir='ltr' id='par_1_11' title="bbox 540 4503 1200 4582">
     <span class='ocr_line' id='line_1_39' title="bbox 540 4503 1200 4582; baseline -0.005 -15"><span class='ocrx_word' id='word_1_291' title='bbox 540 4509 583 4582; x_wconf 61' lang='grc' dir='ltr'>(ς)</span> <span class='ocrx_word' id='word_1_292' title='bbox 617 4506 650 4566; x_wconf 85' lang='grc'>5.</span> <span class='ocrx_word' id='word_1_293' title='bbox 667 4506 773 4566; x_wconf 87' lang='lat' dir='ltr'>Thom.</span> <span class='ocrx_word' id='word_1_294' title='bbox 788 4525 823 4564; x_wconf 85' lang='lat' dir='ltr'>ex</span> <span class='ocrx_word' id='word_1_295' title='bbox 836 4503 939 4575; x_wconf 74' lang='lat' dir='ltr'>Arist,</span> <span class='ocrx_word' id='word_1_296' title='bbox 952 4503 1006 4564; x_wconf 86' lang='lat' dir='ltr'>loe.</span> <span class='ocrx_word' id='word_1_297' title='bbox 1020 4503 1080 4574; x_wconf 80' lang='lat' dir='ltr'>cit..</span> <span class='ocrx_word' id='word_1_298' title='bbox 1092 4504 1157 4564; x_wconf 86' lang='lat' dir='ltr'>leet.</span> <span class='ocrx_word' id='word_1_299' title='bbox 1173 4525 1200 4564; x_wconf 86' lang='lat' dir='ltr'>a.</span> 
     </span>
    </p>

    <p class='ocr_par' dir='ltr' id='par_1_12' title="bbox 539 4593 968 4671">
     <span class='ocr_line' id='line_1_40' title="bbox 539 4593 968 4671; baseline -0.047 1"><span class='ocrx_word' id='word_1_300' title='bbox 539 4596 582 4671; x_wconf 87' lang='grc'>(4)</span> <span class='ocrx_word' id='word_1_301' title='bbox 618 4593 863 4666; x_wconf 85' lang='lat' dir='ltr'>Suar.,loe.eit.,</span> <span class='ocrx_word' id='word_1_302' title='bbox 880 4614 910 4654; x_wconf 88' lang='lat' dir='ltr'>u.</span> <span class='ocrx_word' id='word_1_303' title='bbox 926 4612 968 4654; x_wconf 86' lang='grc' dir='ltr'>ιο.</span> 
     </span>
    </p>

    <p class='ocr_par' dir='ltr' id='par_1_13' title="bbox 541 4681 1235 4760">
     <span class='ocr_line' id='line_1_41' title="bbox 541 4681 1235 4760; baseline -0.007 -16"><span class='ocrx_word' id='word_1_304' title='bbox 541 4688 583 4760; x_wconf 80' lang='lat'>(5)</span> <span class='ocrx_word' id='word_1_305' title='bbox 619 4683 653 4744; x_wconf 91' lang='lat' dir='ltr'>S.</span> <span class='ocrx_word' id='word_1_306' title='bbox 668 4683 774 4745; x_wconf 84' lang='lat' dir='ltr'>Thom.</span> <span class='ocrx_word' id='word_1_307' title='bbox 789 4682 970 4754; x_wconf 61' lang='lat' dir='ltr'>exhrietot„</span> <span class='ocrx_word' id='word_1_308' title='bbox 984 4681 1039 4744; x_wconf 83' lang='lat' dir='ltr'>loe.</span> <span class='ocrx_word' id='word_1_309' title='bbox 1049 4682 1111 4755; x_wconf 76' lang='lat' dir='ltr'>cit,</span> <span class='ocrx_word' id='word_1_310' title='bbox 1127 4682 1193 4742; x_wconf 83' lang='lat' dir='ltr'>leet.</span> <span class='ocrx_word' id='word_1_311' title='bbox 1209 4703 1235 4741; x_wconf 83' lang='lat' dir='ltr'>a.</span> 
     </span>
    </p>
   </div>
   <div class='ocr_carea' id='block_1_8' title="bbox 0 0 1750 5525">
    <p class='ocr_par' dir='ltr' id='par_1_14' title="bbox 0 0 1750 5525">
     <span class='ocr_line' id='line_1_42' title="bbox 0 0 1750 5525; baseline 0 0"><span class='ocrx_word' id='word_1_312' title='bbox 0 0 1750 5525; x_wconf 95' lang='lat' dir='ltr'> </span> 
     </span>
    </p>
   </div>
  </div>
 </body>
</html>
