3492 5525
227 460 348 523 Annia.
367 472 424 523 ιιι·
437 458 674 523 anuortuoa
689 458 1119 525 uoUutvensna.'oocnn1u.
1142 456 1198 540 (ror

114 640 315 718 universale,
343 662 418 727 quae
445 652 580 710 vocatur
608 642 705 709 etiam
731 641 868 709 intentio
897 642 1160 717 universalitatis,
1192 649 1243 706 est

113 750 223 816 unitas
240 759 274 815 et
290 738 505 826 communitas,
527 752 579 817 vel
599 751 706 817 unitas
732 760 854 817 naturae
873 750 997 817 habens
1024 748 1242 835 aptitudinem

114 858 159 922 ad
189 858 291 923 multa
318 855 386 943 (t),
418 876 476 924 seu
510 859 645 925 actualis
679 858 828 925 indivisio
864 877 941 924 cum
970 857 1188 929 divisibilitete
1209 856 1243 923 in

116 965 210 1047 plura
227 960 292 1053 (2).
313 965 435 1033 Natura
453 966 563 1049 itaque
588 966 778 1032 universalis
792 974 926 1051 sumpta
939 985 1017 1033 cum
1036 985 1096 1033 sua
1115 963 1245 1032 univer-

116 1072 244 1137 salitate
264 1074 315 1137 vel
334 1092 409 1138 cum
429 1092 488 1139 sua
506 1073 686 1141 intentione
712 1074 962 1142 universalitatis
989 1082 1040 1140 est
1061 1072 1244 1139 universale

106 1178 249 1263 formale
270 1198 328 1247 seu
355 1182 526 1247 concretive
555 1192 737 1267 acceptum;
759 1191 872 1249 natura
892 1201 987 1260 vero,
1007 1201 1082 1264 quae
1101 1180 1245 1265 subjacet

118 1276 363 1364 universalitati,
384 1290 568 1355 secundum
585 1308 620 1355 se
634 1290 854 1366 considerata,
868 1299 919 1357 est
933 1288 1245 1373 universalesuada·

117 1398 251 1461 arenata
277 1413 334 1461 seu
365 1397 593 1463 denominative
632 1406 822 1482 sumptum,
852 1398 931 1482 quia
964 1398 1034 1481 ipsa
1061 1407 1129 1473 est,
1169 1414 1258 1479 quae.

118 1501 255 1588 suscipit
273 1503 575 1571 denominationem
595 1504 797 1573 uniuersalis.
1109 1566 1112 1571 .

186 1608 229 1675 Ut
259 1628 355 1696 porro
387 1614 544 1696 percipias
577 1613 749 1690 rationem,
775 1631 835 1679 cur
859 1615 964 1679 torma
993 1609 1246 1679 universalitatis

118 1718 347 1787 denominetur
358 1720 504 1796 intentio,
520 1730 554 1796 et
568 1721 666 1787 simul
682 1721 839 1787 nonnulla
851 1720 956 1787 discas
970 1721 1052 1788 scitu
1064 1719 1245 1787 necessaria

120 1845 179 1912 pro
205 1835 353 1893 veterum
381 1806 551 1895 auciorum
574 1829 799 1915 intelligentia,
826 1830 903 1895 nota
929 1828 1134 1895 inanimem
1157 1828 1244 1911 apud

120 1935 346 2019 Philosophos,
369 1952 446 1999 cum
469 1936 509 2001 de
537 1937 703 2003 intellectu
729 1944 779 2002 est
804 1956 927 2015 sermo,
955 1935 1062 2003 vocari
1085 1935 1246 2021 cognitio-

121 2060 196 2129 nem
216 2062 273 2109 seu
288 2054 504 2128 conceptum,
528 2046 810 2128 quemadmodum
833 2047 902 2131 jam
926 2046 958 2111 in
979 2044 1152 2111 Dialectica
1172 2063 1246 2110 mo·

122 2149 269 2215 nuimus.

188 2259 225 2323 Et
247 2259 368 2342 duplex
386 2258 612 2345 distinguitur:
633 2260 739 2343 prima
760 2269 792 2326 et
809 2262 958 2330 secunda.
981 2262 1087 2327 Prima
1105 2259 1243 2326 intentio

122 2374 172 2433 est
191 2365 317 2451 primus
335 2384 371 2431 ac
389 2365 530 2434 directus
544 2378 739 2452 conceptus;
755 2369 900 2435 secunda
914 2388 1012 2445 vero,
1027 2369 1243 2435 secundusne

121 2472 273 2540 reflexus.
297 2474 339 2538 At
356 2473 440 2540 sicut
457 2484 635 2559 conceptus
653 2476 774 2561 duplex
794 2486 859 2552 est,
881 2478 961 2543 alter
969 2476 1138 2561 farreatis,
1162 2476 1244 2562 abje-

120 2582 229 2647 cttuus'
241 2584 337 2658 alter,
358 2581 401 2646 ita
417 2583 513 2648 etiarn
530 2583 600 2668 ipsa
614 2585 767 2661 intentio,
785 2586 853 2651 sive
874 2586 977 2672 prima
996 2584 1067 2651 sive
1085 2571 1245 2661 secunda,'

122 2699 230 2776 potest
252 2708 324 2755 esse
347 2701 379 2757 et
393 2689 543 2776 sonatis
566 2702 598 2758 et
620 2692 785 2779 objectiva.
815 2692 923 2759 Prima
941 2692 1079 2760 intentio
1097 2689 1244 2758 formalis

120 2807 171 2865 est
198 2797 341 2883 cognitio
360 2797 479 2864 directa
502 2809 738 2884 representans
757 2800 922 2886 objectum
940 2803 1124 2870 secundum
1143 2819 1243 2868 suum

121 2925 193 2973 esse
213 2905 386 2992 physicum
406 2915 439 2972 et
458 2907 629 2991 praedieata
647 2907 759 2990 realia3
777 2908 886 2993 ipsum
901 2918 1012 2976 autem
1028 2909 1195 2995 objectum
1211 2909 1244 2975 in

1309 654 1404 701 intentio

1269 726 1446 780 uniuersalitatis.

1277 2268 1338 2323 Quid
1346 2268 1439 2317 intentio

1278 2350 1301 2385 et
1309 2343 1436 2399 quotuplex.

122 3015 284 3098 ejusmodi
303 3024 462 3099 conceptu
481 3033 539 3081 seu
564 3016 690 3081 formali
705 3016 897 3084 intentione
925 3020 1092 3094 relucens,
1111 3026 1247 3084 vocatur
1288 3093 1295 3111 θ

122 3123 224 3206 prima
243 3121 380 3188 intentio
399 3123 559 3208 objectiva
578 3119 643 3212 (3).

158 3413 197 3475 (ι)
235 3407 311 3465 Vide
325 3406 358 3465 S.
371 3407 487 3474 Thom„
507 3429 530 3466 1.
547 3427 575 3479 p.
587 3428 616 3479 q.
628 3409 674 3482 85,
690 3430 717 3478 a,
733 3431 760 3482 3,
779 3410 907 3478 ed1·'¹,
923 3409 975 3468 ubi
986 3411 1173 3471 intentionem
1183 3414 1248 3472 uni·

119 3497 300 3556 venalitates
311 3496 350 3554 ita
366 3497 487 3568 ipsemet
501 3496 718 3570 interpretatur:
733 3509 765 3556 ut
777 3501 895 3557 scilicet
908 3520 996 3557 unum
1011 3511 1039 3558 et
1055 3503 1131 3558 idem
1143 3502 1248 3562 habeat

120 3588 317 3646 habitudinem
331 3589 369 3644 ad
380 3588 481 3644 multa.
492 3587 530 3644 Et
539 3587 653 3645 delirate
667 3598 695 3645 et
702 3598 806 3646 essent.
818 3609 842 3646 c.
854 3609 883 3661 4:
899 3589 943 3647 De
952 3591 1063 3648 ratione
1069 3594 1248 3650 universatis

120 3687 164 3735 est
175 3678 273 3734 unitas
286 3675 315 3732 et
328 3677 524 3734 communitas.
537 3676 572 3734 Et
588 3675 646 3734 ibid
662 3678 749 3749 poulo
765 3691 839 3749 post:
853 3680 920 3737 Non
934 3681 1083 3738 invenitur
1094 3682 1125 3738 in
1139 3684 1249 3739 inarui-

119 3769 185 3824 dm's
199 3776 306 3824 natura
319 3767 443 3824 humana
452 3769 608 3824 secandum
624 3769 774 3838 unitatem,
783 3779 816 3826 ut
829 3771 872 3827 sit
884 3791 973 3827 unum
987 3773 1058 3844 quid
1071 3772 1249 3830 conueniens

121 3858 254 3927 cuilibet,
270 3857 343 3930 quod
363 3859 442 3914 ratio
465 3859 644 3916 universalis
667 3860 881 3936 exigit.'Adde
906 3860 955 3919 lib.
977 3871 1038 3919 πθ·
1063 3861 1101 3920 de
1123 3864 1246 3932 Anima.

97 3985 109 4002 .
121 3951 186 4006 lect.
202 3967 244 4015 ιι,
273 3965 387 4019 paragr.
404 3949 437 4016 br
450 3958 481 4005 et
492 3946 602 4020 Opusc.
620 3967 651 4022 55
663 3969 739 4007 vere.
756 3951 807 4008 fin.
822 3950 930 4008 dicitur
950 3951 1028 4023 quod
1043 3951 1120 4012 ratio
1132 3951 1249 4012 univer·

7 4091 9 4120 s
120 4036 190 4096 eolis
200 4035 304 4109 exigit,
319 4046 352 4093 at
362 4039 405 4094 sit
418 4056 506 4094 artum
520 4039 591 4111 quid
603 4040 735 4097 omnibus
747 4041 928 4098 conveaierts.

7 4135 9 4142 ’
158 4129 198 4199 (a)
234 4126 337 4185 Recole
351 4127 485 4198 superius
498 4127 574 4187 dicte
590 4127 620 4187 in
634 4129 725 4201 hujus
734 4130 777 4188 rei
785 4131 1007 4190 declarationem
1019 4137 1094 4204 (cap.
1116 4153 1139 4201 r,
1160 4155 1187 4191 a.
1209 4140 1249 4201 a).

158 4217 199 4289 (3)
238 4216 319 4276 Unde
333 4217 365 4274 in
378 4217 491 4276 homine
511 4219 557 4276 sic
576 4217 741 4291 ‹precisiva
762 4220 944 4294 cognitione)
964 4223 1114 4282 intellecto
1131 4234 1174 4282 est
1193 4225 1250 4283 duo

121 4306 320 4376 considerare,
335 4307 451 4364 scilicet
469 4310 564 4382 ipsam
583 4318 718 4367 naturam
739 4311 911 4381 humanam,
926 4331 978 4369 seu
997 4312 1105 4371 habam
1123 4333 1203 4384 eam,
1221 4323 1252 4372 et

122 4401 216 4470 ipsam
232 4396 497 4467 universalitatem,
513 4417 564 4456 sea
583 4399 803 4458 abstractionem
819 4421 837 4458 a
849 4400 938 4459 dictis
952 4402 1170 4461 conditionibus
1184 4423 1252 4462 ma·-

123 4489 212 4544 tera'ae.
230 4483 378 4564 Quantum
393 4487 431 4544 ad
442 4489 584 4560 primum,
600 4490 683 4546 bomo
694 4490 768 4547 dicit
776 4510 850 4556 rem,
863 4500 1002 4565 quantum
1011 4511 1080 4550 uero
1091 4495 1130 4552 ad
1141 4512 1251 4552 secun-

122 4577 199 4647 dum,
215 4576 290 4634 aicit
301 4574 497 4635 intentionem.
514 4579 581 4637 Noa
595 4580 673 4636 enim
692 4573 938 4638 iterationem
955 4584 1054 4652 bomo,
1069 4583 1122 4658 qui
1134 4604 1192 4642 nott
1209 4585 1251 4642 sit

42 4716 47 4727 .,
120 4667 170 4728 tte
195 4676 223 4724 et
244 4683 335 4734 nune,
350 4675 379 4723 et
401 4668 472 4742 ipsa
489 4678 597 4728 natura
617 4679 649 4726 at
667 4671 726 4740 sic,
746 4669 857 4728 dicitur
871 4673 969 4746 prima
989 4673 1119 4734 intente’o.
1143 4676 1253 4738 Auctor

43 4746 47 4760 ⁵
119 4755 248 4816 Summa·
265 4754 358 4815 totius
373 4755 492 4833 Logicoe
506 4759 643 4831 Armet,
660 4771 743 4820 tract.
764 4779 787 4832 r,
800 4781 863 4836 cup.
884 4782 912 4820 r.·
