3492 5525
205 446 323 510 Annio.
345 445 406 508 6³¹⁸
429 444 623 510 Drvtsrour-:s
644 461 758 522 unmu.
775 463 877 509 anun.
892 461 1079 510 connuues
1110 458 1168 526 145

87 629 262 696 accidentis
283 639 316 696 et
337 627 493 715 adjective
506 627 726 718 significatur,
753 637 789 698 ut
806 629 930 706 amun,
948 627 1124 696 comuntur
1141 624 1209 714 (t),

88 737 166 804 lnter
180 737 251 804 baec
269 737 390 820 duplex
404 745 455 802 est
472 735 658 808 discrimen:
685 735 722 825 α)
734 737 824 821 quod
847 733 1073 812 substantialia
1088 736 1212 819 impor·
1264 747 1386 830 bunun

89 855 155 912 tant
168 854 241 912 tum
258 845 444 930 subjectum
459 853 532 910 tum
547 845 686 910 formam
701 845 737 912 in
751 849 845 922 recto,
866 842 1150 928 quemadmodum
1163 843 1211 908 lo-
1265 828 1389 934 Μ’ζᾚω

90 961 249 1036 uuuntur,
265 969 324 1018 seu
338 955 376 1016 ut
392 954 493 1035 quod;
512 951 719 1019 accidentalia
733 971 810 1019 vero
829 951 1017 1036 subjectum
1032 951 1211 1034 important

88 1063 121 1124 ut
137 1063 237 1144 quod,
255 1077 312 1126 seu
328 1061 360 1124 in
376 1068 480 1136 recto,
496 1069 529 1126 et
542 1061 681 1126 formam
697 1060 731 1126 in
744 1060 869 1146 obliquo
882 1077 941 1127 seu
960 1062 997 1123 ut
1007 1076 1081 1142 quo.
1399 1031 1504 1112 W*

150 1165 239 1242 Quid
255 1185 351 1250 porro
370 1166 429 1233 sibi
451 1165 551 1232 velint
572 1169 622 1232 hae
637 1170 803 1245 iormulae,
820 1167 962 1234 dilucide
981 1164 1212 1248 explicatius
1256 1177 1334 1263 'Qud
1347 1180 1375 1263 eu

89 1275 159 1339 sada
176 1271 230 1362 (2)
248 1273 361 1340 «Dum
378 1291 488 1340 sermo
508 1285 557 1340 est
571 1276 611 1340 de
626 1277 805 1354 concretis,
826 1273 993 1359 importari
1009 1273 1044 1338 in
1059 1275 1142 1372 recto
1159 1271 1212 1337 vel
1243 1252 1406 1379 'mm

90 1381 251 1466 importari
277 1386 315 1448 ut
344 1385 439 1467 quod,
467 1383 555 1466 apud
586 1384 723 1469 Logicos
751 1382 839 1450 idem
873 1392 986 1459 sonat,
1010 1400 1046 1447 ac
1074 1399 1148 1448 esse
1179 1379 1212 1444 id
1226 1397 1425 1479 malvernum,

89 1491 173 1573 quod
188 1487 323 1573 suscipit
338 1491 507 1573 praedicata
521 1509 579 1556 seu
594 1491 881 1558 denominationes
892 1489 1035 1558 concreti
1052 1487 1211 1573 proprias;
1251 1467 1399 1596 ‘jffffl‘

89 1597 252 1682 importari
267 1605 376 1663 autem
389 1597 567 1684 inultum,
582 1617 648 1664 non
664 1607 713 1664 est
726 1599 758 1664 in
772 1597 920 1684 genitivo
935 1595 1030 1682 poni,
1044 1596 1135 1662 velut
1147 1603 1213 1662 ter·

89 1705 214 1770 minum
240 1705 457 1771 extrinsecum
483 1704 699 1782 habitudinis,
724 1705 809 1796 sicut
831 1705 964 1790 ponitur
983 1704 1071 1771 Deus
1094 1702 1128 1767 in
1152 1703 1212 1768 hac

87 1811 237 1878 dictione:
260 1811 413 1880 creatura
432 1812 507 1890 Dei,
530 1813 589 1879 sed
607 1813 694 1880 idem
714 1815 802 1880 valet
820 1833 856 1880 ac
878 1831 952 1880 esse
973 1812 1007 1880 id
1024 1811 1116 1895 quod
1129 1810 1213 1876 tales

87 1919 368 1986 denominationes
387 1939 453 1988 non
470 1920 624 2006 suscipit,
648 1941 690 1988 ne
710 1921 885 2006 partialiter
904 1919 1058 2004 quidem,
1079 1916 1212 1984 tametsi

84 2028 262 2094 constituat
276 2028 449 2096 intrinsece
462 2038 667 2096 concretum.
680 2028 714 2096 Si
724 2037 837 2096 tamen
851 2027 895 2096 sit
905 2027 986 2094 ratio
1000 2025 1210 2110 suscipiendi,

86 2145 156 2200 tum
167 2134 284 2202 dicitur
297 2132 462 2220 importari
477 2139 515 2202 ut
525 2155 597 2221 quo,
610 2137 687 2220 quia
699 2145 749 2204 est
762 2135 795 2204 id
810 2155 896 2220 quo,
910 2117 969 2202 seu
985 2133 1108 2206 ratione
1116 2133 1212 2217 cujus

83 2243 273 2310 tribuuntur
286 2243 433 2328 subjecto
444 2242 748 2322 denominationes,
765 2264 798 2312 v.
819 2265 854 2330 g.
870 2261 947 2310 cum
963 2243 1091 2310 dicitur:
1099 2241 1213 2323 justus

82 2355 128 2414 est
138 2351 236 2436 filius
254 2352 318 2418 Dei
335 2353 367 2416 et
382 2349 479 2416 bures
491 2351 572 2428 culi,
586 2351 722 2418 nomine
732 2355 841 2439 justus
858 2351 1055 2435 importatur
1076 2348 1111 2413 in
1131 2352 1213 2414 recto

80 2459 193 2524 solum
203 2457 402 2542 subjectum,
420 2477 539 2543 nempe
553 2460 640 2548 homo
654 2461 706 2527 vel
720 2461 864 2543 angelus,
881 2458 932 2526 sui
946 2458 1007 2524 soli
1023 2456 1214 2522 tribuuntur

80 2564 369 2638 denominationes
393 2564 448 2632 filii
467 2565 673 2649 enhaeredis3
694 2569 799 2634 forma
819 2584 916 2644 vero,
938 2584 1058 2648 nempe
1069 2562 1210 2652 justitiis,

78 2691 137 2740 seu
150 2672 467 2759 granasantrficann
487 2672 521 2742 in
535 2673 659 2759 oble'quo
672 2672 884 2759 importatur,
905 2673 984 2756 quia
1000 2690 1067 2738 non
1085 2687 1142 2738 eas
1157 2689 1213 2738 su·

78 2779 174 2865 scipit
194 2781 492 2859 denominationes,
508 2781 675 2865 simulque
691 2782 886 2867 importatur
903 2784 942 2848 ut
958 2799 1036 2865 quo,
1050 2779 1128 2864 quia
1142 2780 1213 2865 ipsa

76 2900 126 2954 est
150 2888 239 2954 ratio
258 2890 443 2972 subiectum
458 2888 630 2957 habilitans
650 2890 690 2955 ad
713 2890 1003 2975 suscipiendum.»
1028 2887 1114 2975 Cum
1133 2906 1212 2954 vero

74 3014 191 3064 sermo
214 3013 282 3061 non
305 3004 356 3062 est
372 2997 414 3062 de
428 2995 603 3074 concretis,
620 3016 709 3082 saepe
727 2998 895 3082 importari
916 2997 950 3063 in
968 2994 1105 3079 obliquo
1122 2994 1210 3061 idem

74 3104 161 3171 valet
172 3122 214 3169 ac
226 3100 304 3187 poni
318 3103 350 3169 in
364 3122 442 3169 casu
456 3102 605 3188 obliquo.
621 3104 674 3171 Sic
686 3104 719 3170 in
732 3105 977 3171 definitionibus
991 3102 1212 3188 quarumdam

72 3214 265 3277 formarum
276 3210 648 3297 ingreditursubjectum
658 3230 771 3277 earum
782 3211 815 3279 in
826 3211 974 3294 obliquo,
986 3219 1024 3278 ut
1033 3229 1110 3278 cum
1122 3210 1213 3278 sirni-

71 3332 120 3383 tas
143 3317 311 3385 delinitur
333 3316 473 3385 curvitas
490 3319 575 3396 nasi,
603 3328 637 3385 et
666 3320 816 3386 accidens
841 3336 901 3385 ens
928 3317 1022 3385 allcri
1047 3317 1212 3387 inbaerens

69 3440 257 3511 tamquam
270 3424 441 3513 subjecto.»

136 3532 175 3625 β)
211 3532 341 3600 Exinde
366 3532 514 3616 sequitur
537 3534 676 3599 alterum
705 3532 881 3602 discrimen
909 3534 994 3601 inter
1018 3541 1211 3599 concretum
1225 3560 1280 3598 a·-
1289 3549 1407 3598 metm

69 3640 301 3709 substantiale
329 3648 362 3705 et
389 3639 601 3719 accidentale,
631 3640 786 3707 nimirum
814 3650 966 3709 concreta
988 3640 1213 3709 substantialia

69 3768 135 3817 non
164 3757 320 3837 possunt
339 3746 504 3831 pluraliter
521 3747 599 3822 dici,
623 3746 703 3833 quin
728 3749 963 3835 multiplicetur
984 3749 1102 3815 forma.
1125 3748 1210 3815 Cum

67 3860 157 3925 enim
187 3860 227 3924 in
256 3854 310 3922 liis
330 3856 434 3922 torma
457 3854 528 3941 ipsa
551 3855 660 3923 veniat
682 3855 715 3923 in
736 3868 841 3937 recto,
855 3858 889 3925 in
908 3867 1040 3925 tantum
1059 3864 1211 3923 concreta

68 3966 360 4055 multiplicantur,
376 3962 586 4048 inquantum
603 3974 636 4031 et
649 3966 835 4055 subjectum
851 3976 885 4035 et
899 3966 1020 4045 torma,
1036 3964 1212 4049 exquibus

67 4076 118 4141 llla
130 4073 354 4151 conflantur,
371 4068 641 4157 multiplicentur.
665 4072 710 4141 lta
732 4073 761 4141 si
784 4074 900 4143 eadem
918 4072 1028 4141 anima
1046 4071 1211 4141 rationalis

69 4230 343 4249 Μ

98 4295 141 4359 (ι)
182 4288 280 4349 Sunt
302 4282 354 4358 qui
385 4296 518 4345 concreta
537 4284 742 4347 substantialia
762 4285 897 4347 diiidont
921 4284 1161 4347 insubstantiva
1181 4299 1211 4346 et

66 4380 241 4459 adjectiva,
267 4387 358 4449 prout
369 4374 552 4435 substantioe
563 4376 780 4453 autndjectr'oc,
796 4377 827 4436 id
838 4389 884 4436 est
896 4374 1017 4436 nominc
1027 4373 1212 4437 substantivo

67 4472 108 4529 vel
128 4466 296 4543 adjectivo
318 4463 530 4539 significentur.
549 4464 723 4539 Exemplum
745 4480 947 4527 concretorum
973 4466 1210 4526 sumntialium

67 4558 338 4622 substantivorum
350 4566 397 4613 eet
410 4556 502 4626 bomo,
518 4555 578 4625 leo,
595 4558 692 4632 lupis,
708 4556 917 4630 adjectivorum
926 4570 1025 4617 autem
1036 4558 1210 4628 animatum,

67 4654 217 4713 retunde
230 4658 298 4707 etc.
313 4642 390 4703 Vide
402 4646 474 4705 Aut.
489 4644 585 4719 Mayr.
600 4644 654 4707 loc.
669 4647 737 4707 inlr.
751 4646 881 4707 citando.
1093 4640 1098 4647 ’

97 4742 138 4819 (a)
175 4736 399 4805 lectitatum
411 4734 629 4810 nunccdiep.
644 4759 671 4811 ς,
686 4758 750 4812 cap.
764 4758 792 4813 3,
807 4757 838 4798 n.
852 4756 900 4812 43.

153 4843 156 4851 ’
1148 4847 1185 4902 10
