3492 5525
307 44 601 106 veritate
648 61 789 107 non
835 44 1062 105 solum
1116 12 1643 118 Cosmologiam,
1713 41 1838 103 sed
1895 42 2037 103 fere
2090 41 2324 113 etiam,
2391 59 2552 119 quae

306 151 774 215 recentiorum
806 150 1257 230 Psychologia
1292 149 1524 220 tradit,
1570 148 1774 210 debet
1809 149 2418 226 comprehendere.

448 358 597 425 l-laec
634 358 902 425 assertio
942 357 1101 422 mira
1137 359 1300 424 sorte
1340 357 1661 422 videbitur
1699 356 1958 433 multis,
2001 356 2350 423 Wolfianae
2396 357 2561 423 divi·

310 466 478 532 sioni
518 466 994 552 Metapbysices
1030 464 1093 529 in
1128 464 1551 549 Ontologiam
1575 514 1591 538 ‚
1632 461 2120 549 Cosmologiam
2142 513 2157 539 ,
2211 464 2558 549 Psycholo-

311 576 489 659 giam
548 594 621 640 ac
671 573 1095 659 Theologiam
1148 572 1459 653 assuetis;
1503 580 1570 636 at
1608 572 2034 638 nihilominus
2071 582 2136 637 et
2190 571 2434 639 ratione
2489 565 2557 638 et

318 681 698 748 auctoritate
738 682 1252 757 demonstratur.
2427 735 2430 739 .

449 795 651 858 Prob.
710 788 809 856 1.⁰
867 788 1137 853 ratione.
1205 787 1457 853 Etenim
1516 806 1595 851 ex
1654 788 1953 870 praejacta
2012 787 2334 863 doctrina,
2377 788 2560 872 obje-

308 909 486 963 ctum
548 896 1022 982 Metaphysices
1078 904 1177 960 est
1234 913 1351 959 ens
1410 894 1868 969 immateriale,
1920 895 2098 977 quod
2160 914 2397 979 nempe
2452 896 2554 961 vel

313 1021 650 1087 nunquam
693 1012 791 1068 est
820 1004 883 1069 in
920 1002 1217 1078 materia,
1253 1003 1355 1067 vel
1396 1002 1626 1067 saltem
1660 1020 1806 1067 esse
1834 1010 2052 1085 potest
2088 1002 2228 1067 sine
2261 1001 2552 1094 materia,

310 1111 456 1177 licet
498 1110 703 1194 possi-t
741 1128 880 1177 esse
918 1111 1115 1175 etiam
1156 1109 1219 1174 in
1263 1109 1527 1174 materia
1557 1106 1684 1195 (ι),
1722 1129 1956 1192 nempe
1987 1128 2105 1175 ens
2134 1108 2593 1176 immateriale

300 1219 565 1301 positive
602 1220 704 1285 vel
735 1217 1060 1300 praecisive
1114 1236 1230 1283 seu
1268 1219 1609 1282 secundum
1662 1216 2167 1299 indifferentiam.
2208 1216 2557 1302 Objectum

308 1338 530 1393 autem
570 1324 873 1412 physices
911 1344 1027 1390 seu
1069 1323 1501 1409 Philosophiae
1534 1324 1842 1390 naturalis
1872 1334 1970 1390 est
2009 1342 2128 1389 ens
2165 1324 2405 1390 mobile
2436 1343 2553 1390 seu

309 1432 724 1502 sensibilibus
782 1432 1236 1498 affectionibus
1291 1430 1676 1497 obnoxium.
1732 1431 1930 1513 Atqui
1986 1433 2203 1497 solum
2259 1430 2433 1497 Deus
2490 1442 2555 1499 et

310 1544 538 1607 sormae
586 1551 933 1627 separatae,
973 1540 1242 1623 spiritus
1280 1558 1517 1623 nempe
1555 1547 1619 1603 et
1658 1559 1758 1614 ea,
1800 1557 1948 1621 quae
1979 1539 2099 1605 illis
2138 1548 2551 1622 competunt,

308 1669 439 1731 qua
498 1648 763 1732 spiritus
818 1657 1005 1722 sunt,
1049 1657 1114 1710 et
1172 1646 1483 1723 rationes,
1540 1646 1621 1715 de
1678 1646 1921 1728 quibus
1976 1646 2109 1730 agit
2169 1646 2552 1731 Ontologia,

307 1765 463 1822 sunt
502 1755 991 1830 immateriales,
1036 1753 1212 1819 Deus
1254 1754 1597 1838 nimirum,
1640 1764 1701 1818 et
1748 1755 1972 1818 sormae
2020 1762 2331 1838 separatae
2383 1754 2557 1838 posi-

305 1863 471 1937 tive,
515 1871 743 1929 caetera
784 1861 1143 1946 praecisive3
1188 1861 1410 1925 omnia
1450 1880 1602 1926 vero
1643 1863 1798 1936 fere,
1841 1879 1990 1943 quae
2030 1862 2447 1945 disputantur
2487 1862 2553 1925 in

308 1972 774 2037 modernorum
816 1970 1178 2036 Auctorum
1220 1967 1675 2055 Psychologia,
1716 1970 2135 2035 continentur
2158 1970 2283 2036 sub
2321 1971 2554 2054 ampli·
2658 2013 2664 2023 -

302 2079 531 2145 tudine
568 2078 737 2144 entis
777 2078 1059 2144 mobilis,
1100 2078 1263 2161 Ergo
1303 2086 1432 2144 stat
1471 2078 1853 2161 propositi0.

279 2182 287 2186 ’
440 2194 669 2254 Minor
705 2188 842 2251 sola
887 2187 1271 2252 declaranda
1316 2196 1441 2250 est.
1494 2186 1565 2251 Et
1623 2187 1911 2276 primum
1961 2187 2262 2269 quidem,
2306 2185 2545 2263 Deum,

303 2297 545 2360 formas
580 2304 904 2379 separatas
953 2303 1017 2358 et
1065 2294 1392 2378 objectum
1434 2294 1806 2378 Ontologiae
1863 2313 2006 2360 esse
2053 2303 2315 2360 naturas
2356 2296 2552 2360 ratio-

304 2421 554 2485 nesque
594 2401 1085 2478 immateriales,
1130 2421 1201 2465 ac
1240 2399 1508 2484 proinde
1548 2402 1628 2466 ad
1666 2401 2181 2487 Metaphysicam
2221 2411 2542 2486 spectare,

300 2511 479 2593 apud
517 2528 749 2575 omnes
789 2509 853 2573 in
892 2510 1197 2574 confesso
1236 2517 1359 2575 est.
2433 2563 2441 2569 .

438 2617 631 2693 Quod
670 2635 825 2682 vero
865 2617 1108 2699 reliqua
1138 2617 1267 2681 sere
1308 2618 1386 2681 ad
1418 2616 1757 2701 Physicam
1790 2618 2149 2683 revocanda
2177 2615 2332 2693 sint,
2367 2617 2548 2683 facile

299 2724 634 2808 probatur.
674 2724 851 2802 Qid
889 2724 1098 2801 enim,
1142 2742 1402 2808 quaeso,
1446 2732 1673 2792 tractat
1712 2723 2183 2810 Psychologia?
2223 2724 2316 2790 De
2356 2725 2551 2791 homi-

295 2851 412 2912 ne,
453 2844 517 2898 et
555 2833 920 2898 secundum
961 2834 1214 2915 aliquos
1253 2833 1447 2897 etiam
1489 2833 1570 2896 de
1610 2833 1984 2898 viventibus
2032 2833 2431 2918 generatim,
2475 2853 2549 2899 ac

298 2939 383 3004 de
422 2940 629 3006 brutis
667 2937 802 3027 (2);
846 2941 929 3004 de
980 2940 1217 3005 Anima
1269 2935 1555 3005 rationali
1604 2942 1875 3024 eJusque
1927 2941 2427 3025 proprietatibus
2475 2960 2547 3007 ac

297 3047 736 3114 facultatibus.
774 3046 970 3130 Atqui
1004 3049 1207 3115 homo
1237 3057 1338 3113 est
1371 3066 1489 3114 ens
1520 3047 1796 3126 mobile,
1829 3049 2274 3133 compositum
2308 3068 2548 3133 nempe

247 3218 262 3237 ,
297 3154 647 3239 physicum
690 3173 819 3221 non
864 3154 1082 3220 minus
1120 3156 1424 3221 sensibile
1461 3174 1660 3238 quarn
1702 3156 1945 3239 reliqua
1986 3157 2208 3222 omnia
2244 3171 2540 3240 corpora3

294 3270 368 3325 et
402 3263 818 3346 cognoscitur
854 3282 888 3326 a
930 3262 1118 3328 nobis
1157 3263 1413 3328 nonnisi
1444 3282 1523 3328 ex
1552 3263 1969 3330 sensibilibus
1998 3263 2449 3330 affectionibus
2481 3272 2548 3350 et

294 3351 793 3444 ‚mutationibus
841 3369 1145 3449 Idemque
1185 3370 1414 3449 potiori
1461 3372 1601 3453 jure
1653 3370 2002 3437 dicendum
2058 3382 2154 3437 est
2210 3372 2286 3433 de
2338 3371 2546 3437 brutis

297 3497 369 3537 m:
413 3477 665 3557 plantis.
717 3477 949 3541 Ατῑίιηῑι
993 3481 1265 3557 tie-niqui:
1325 3481 1681 3541 nummulis.
1729 3481 1866 3541 licet
1926 3481 2286 3541 subsistens
2342 3481 2418 3541 sii
2478 3501 2542 3541 aa:

301 3585 677 3661 spiritualis,
757 3589 945 3645 habet
1017 3597 1233 3645 mimi]
1305 3589 1613 3649 ratissimam
1697 3609 1860 3649 verse
1938 3589 2158 3649 turma:
2226 3597 2538 3669 actusque

297 3693 617 3773 eorporis,
665 3693 937 3773 idemque
981 3697 1337 3757 luminarium
1381 3697 1822 3777 cinimiffiiturn
1882 3697 2222 3761 constituit
2254 3747 2270 3769 ,
2314 3705 2542 3777 estque

369 3969 445 4029 [Δ]
525 3965 725 4029 Iit-legi„-
749 3985 877 4033 qum
905 3965 1481 4033 r·lupe1·e·*;cripfiin·lu=3
1513 3989 1573 4021 εκ
1605 3965 1665 4021 5,.
1701 3965 1922 4021 Thumna
1942 4009 1954 4033 a
1982 3969 2198 4033 Urium.
2226 3969 2290 4021 rie
2322 3969 2538 4021 'Fr-infr.

297 4065 429 4125 sup,
469 4053 757 4117 Haterium„
793 4071 997 4121 issam-st,
1033 4075 1053 4117 :j
1085 4101 1093 4117 ,
1129 4069 1233 4109 ΗΠ.
1277 4077 1313 4109 r.

369 4149 447 4205 {a}
529 4145 605 4197 lta
641 4165 689 4197 ν.
729 4165 781 4213 g.
821 4145 1133 4201 seeundum
1169 4145 1229 4201 Ρ,
1265 4145 1625 4201 Salv-‘iturum
1657 4145 1998 4217 Tonginrgi.
