3492 5525
486 539 489 546 ‚
583 460 661 530 1050
776 452 903 517 Locren
924 450 1155 527 Maron-Lm.
1180 468 1249 530 με,
1268 454 1357 517 Drsa.
1386 466 1426 538 5.·

1593 562 1629 573 ..-

372 644 481 700 Quinum
540 652 579 698 eo
592 635 762 716 consistit,
783 636 873 719 quod
893 636 1019 703 initium
1041 636 1132 701 irata
1152 636 1393 704 definitionibus
1418 638 1594 723 perspicuis,
1609 650 1633 701 et

356 726 498 769 ΜΡΝ
539 760 557 804 a
576 742 706 807 nemine
725 742 758 807 in
777 743 916 812 dubium
937 745 1112 826 revocatis;
1133 764 1213 812 mox
1235 745 1396 813 axiomata
1423 765 1482 812 seu
1513 743 1634 830 proposi-

326 788 483 841 impugnantur
494 788 525 831 iiii

338 857 377 914 oui
388 857 514 939 methodum
538 848 660 926 tiones,
681 869 756 933 quae
774 851 816 915 ab
831 852 986 918 omnibus
1002 854 1126 929 statim,
1144 853 1282 938 cognitis
1297 854 1460 929 terminis,
1474 853 1635 919 concedun-

324 939 524 1043 οξῃᾝῐῗξζᾚζ,
538 966 606 1030 tur,
628 959 861 1041 explanentur;
883 967 955 1025 turn
977 978 1053 1025 vero
1074 963 1236 1043 postulata
1254 972 1449 1044 sequantur3
1467 981 1503 1025 ac
1517 960 1634 1041 denique

371 1069 483 1184 indflcnm
539 1065 776 1148 propositiones
802 1084 919 1133 omnes
948 1068 1155 1133 exactissimo
1183 1068 1287 1153 rigore
1315 1069 1587 1139 demonstrentur,
1611 1080 1634 1131 et

381 1156 406 1187 '⁶
424 1152 468 1187 ‘¹¹¹'
537 1173 618 1238 adeo
636 1185 711 1256 apte
729 1174 813 1239 inter
829 1193 865 1239 se
880 1184 1132 1252 connectantur,
1154 1162 1190 1241 ui
1208 1196 1318 1243 earum
1337 1177 1452 1243 veritos
1472 1178 1521 1240 vel
1541 1175 1636 1240 imme-

537 1280 620 1345 diate
635 1281 799 1347 derivetur
812 1302 852 1347 ex
869 1282 981 1365 primis
997 1283 1058 1348 illis
1074 1283 1237 1367 principiis
1253 1284 1341 1348 initio
1358 1284 1526 1367 praejactis
1543 1284 1588 1345 vel
1605 1300 1635 1345 er

536 1386 605 1451 aiiis
624 1386 903 1471 propositionibus
923 1389 1012 1473 prius
1033 1390 1321 1473 exinde‘probatis,
1340 1391 1384 1455 ita
1403 1400 1439 1456 ut
1458 1390 1565 1455 omnia
1582 1390 1635 1454 sire

536 1495 837 1571 theoremata-sive
854 1497 1072 1581 problemata,
1090 1498 1159 1563 sive
1174 1500 1343 1574 lemmata,
1361 1500 1429 1565 sive
1443 1499 1569 1571 scholia,
1582 1497 1635 1562 sire

521 1602 699 1669 corollaria
727 1604 768 1669 ad
793 1603 898 1688 prima
922 1605 1053 1673 tandem
1083 1606 1135 1670 iiia
1163 1605 1315 1690 principia
1344 1607 1546 1671 reducantur.
1576 1606 1635 1667 Her

537 1711 712 1777 methodus
730 1711 804 1777 ideo
823 1719 955 1777 vocatur
979 1712 1204 1777 mathematica
1224 1714 1273 1777 vei
1292 1714 1504 1797 geometrica,
1526 1712 1595 1795 quia
1607 1730 1635 1773 ea

537 1826 674 1886 utuntur
703 1819 846 1885 scientiae
885 1820 1120 1886 mathematicae
1151 1830 1182 1885 et
1216 1821 1422 1905 potissimum
1455 1818 1633 1885 Geometria.

536 1924 625 1996 lianc
640 1917 779 1991 'tenuere
798 1928 889 1993 viam
910 1928 1102 2011 praecedenti
1121 1929 1258 2004 saeculo,
1280 1937 1316 1995 ut
1333 1928 1442 1993 scribit
1456 1927 1570 1994 Roselli
1583 1923 1635 2009 (ι),

535 2032 693 2116 «plurimi
710 2053 776 2100 non
792 2035 893 2100 modo
908 2034 1093 2119 Philosophi
1109 2033 1172 2123 (2),
1188 2038 1246 2103 sed
1261 2048 1292 2103 et
1306 2036 1528 2117 jurisconsulti
1542 2032 1597 2120 (3),
1612 2040 1636 2094 et

535 2140 691 2227 Theologi
708 2138 771 2229 (4),
788 2160 896 2225 eoque
911 2161 962 2211 res
976 2144 1175 2220 devenit,.ut
1190 2144 1266 2209 nihii
1278 2148 1372 2229 jam»
1387 2152 1511 2226 saperet
1526 2140 1637 2206 «erodi-

536 2249 594 2324 tis,
610 2250 700 2332 quod
716 2268 782 2315 non
796 2252 1026 2317 mathematica
1039 2252 1220 2316 methodo»
1237 2260 1322 2317 esset
1339 2253 1572 2317 ‹radornatumu
1583 2244 1634 2331 (5).

535 2358 601 2423 Nec
620 2365 731 2422 tamen
752 2358 783 2423 id
802 2358 977 2425 inventum
1004 2359 1122 2423 recenti
1148 2358 1232 2425 aetati
1261 2358 1470 2425 tribuendum
1490 2368 1555 2431 est,
1578 2358 1634 2439 jorn

535 2463 624 2530 enirn
653 2464 707 2530 diu
737 2475 1052 2531 commemoraverat
1076 2466 1265 2532 Aristoteles
1288 2468 1467 2549 quosdam,
1498 2462 1553 2547 qui
1584 2459 1637 2525 nisi

534 2572 746 2637 accidentaria
764 2574 921 2658 loquentes
939 2593 1001 2639 non
1013 2573 1188 2639 admittunt
1200 2566 1271 2661 Ι(6),
1301 2574 1356 2656 qui
1385 2591 1504 2654 nempe
1520 2587 1636 2651 respue-

535 2677 614 2745 bant
632 2697 851 2766 quaecumque
866 2680 1097 2747 mathematico
1113 2681 1211 2745 modo
1228 2700 1292 2746 non
1309 2688 1534 2745 tractarentur.
1551 2676 1635 2757 idque

535 2788 630 2853 docet
650 2786 826 2873 Angelicus
844 2788 924 2853 illud
943 2789 1054 2854 iecisse
1075 2790 1125 2854 vel
1149 2793 1272 2871 propter
1298 2787 1563 2860 consuetudinem,
1590 2799 1636 2848 eos

535 2913 671 2978 nempe,
692 2897 748 2979 qui
769 2897 803 2961 in
821 2897 1043 2963 mathematicis
1060 2901 1137 2962 sunt
1157 2897 1285 2972 nutriti,
1306 2900 1375 2960 et...
1399 2893 1582 2960 consuetudo
1601 2890 1638 2953 est

533 3002 647 3068 similis
668 3008 807 3081 natura,
829 3005 879 3069 vei
900 3004 996 3069 etiam
1008 3008 1136 3086 propter
1150 3003 1423 3085 indispositr'onem,
1451 3019 1510 3066 eos
1535 2997 1639 3064 scilicet

568 3308 609 3378 (r)
644 3307 754 3366 summ.
771 3309 898 3377 Philas,
915 3307 987 3380 Log.
1003 3327 1031 3378 q,
1050 3327 1093 3378 32,
1109 3321 1162 3364 art.
1180 3326 1207 3376 2,
1224 3327 1251 3363 n.
1270 3324 1346 3376 1252.

568 3398 609 3467 (2)
647 3396 743 3454 «Vide
757 3397 900 3454 Wolfium
916 3399 1005 3454 Elem.
1024 3398 1126 3462 Moth,
1146 3409 1167 3454 t.
1185 3414 1209 3464 ς,
1225 3407 1377 3452 comment.
1394 3393 1429 3451 de
1444 3393 1530 3450 Stud.
1547 3389 1634 3452 trah,

533 3508 596 3558 cap.
619 3507 645 3555 a,
667 3488 716 3544 ubi
740 3488 910 3546 methodum
934 3486 1164 3544 mathematicam
1183 3485 1220 3542 ad
1238 3503 1323 3540 omne
1348 3481 1538 3540 scientiarum
1556 3496 1635 3553 genus

533 3575 687 3635 extendit.»

570 3667 611 3736 13)
649 3665 841 3724 «Heicnecius
855 3665 884 3724 id
899 3665 1022 3725 tentavit
1036 3665 1066 3722 in
1081 3664 1095 3733 J
1101 3685 1151 3721 ure
1165 3662 1251 3720 Civili
1267 3663 1422 3720 Romanos

569 3757 609 3829 (4)
647 3755 798 3827 «idipsum
817 3769 939 3814 conatus
961 3754 1014 3812 suit
1036 3753 1158 3812 Huetius
1178 3752 1207 3809 in
1223 3751 1473 3810 Demonstratione
1491 3748 1635 3824 Evangeli-

527 3849 602 3905 'ca...
618 3847 666 3902 An
680 3866 749 3903 vero
763 3845 801 3902 sit
815 3847 980 3912 adsecutus,
996 3844 1082 3902 modo
1097 3863 1155 3899 non
1170 3843 1276 3899 laboro.
1292 3839 1388 3906 Certe,
1406 3853 1439 3896 ut
1450 3839 1578 3896 Woifius
1589 3839 1637 3907 ipse

534 3935 813 3999 animaduertittloc.
829 3935 877 3992 cit.
895 3954 1010 4006 paragr.
1027 3939 1098 4002 roa),
1113 3929 1328 3994 idemtiuetius,
1344 3927 1465 3998 quitam
1480 3929 1638 3986 fidebotme·

534 4025 624 4084 thodo
640 4025 859 4092 mathematicae,
876 4038 909 4081 ut
924 4043 973 4094 per
987 4043 1050 4080 earn
1066 4021 1169 4092 impios
1179 4019 1309 4076 homines
1320 4017 1530 4088 impugnantes
1544 4028 1637 4087 myste

534 4117 576 4174 rie
590 4117 714 4173 revelate
730 4114 983 4184 christianumque
996 4112 1102 4184 dogma
1125 4131 1158 4168 cx
1181 4107 1292 4166 ratione
1305 4105 1478 4163 convincere
1494 4125 1576 4178 posse
1590 4121 1637 4160 non

534 4206 691 4273 dubitaret3
706 4205 824 4261 demum
839 4203 870 4260 in
886 4201 1102 4282 Quaestr'onibus
1112 4199 1280 4262 Alnetanis,
1295 4208 1326 4252 et
1337 4195 1367 4252 in
1382 4213 1435 4252 suo
1449 4195 1489 4252 de
1497 4191 1639 4252 imbec-iiii-

534 4305 594 4354 tate
608 4297 774 4352 intellectus
786 4295 911 4350 humani
923 4311 1017 4362 opere,
1034 4289 1058 4348 si
1073 4291 1134 4360 ejus
1147 4301 1198 4354 est,
1215 4285 1290 4342 viem
1305 4283 1498 4354 Scepticismo
1512 4281 1638 4356 aperuit.»

569 4385 611 4455 (ς)
648 4384 760 4441 «immo
770 4383 858 4453 hujus
873 4380 971 4439 saeculi
985 4379 1054 4437 viris
1066 4377 1219 4444 (scribebat
1233 4373 1337 4432 Roselii
1347 4373 1481 4444 proxime
1496 4374 1640 4444 elapsosae·

534 4474 611 4537 culo)
626 4473 678 4545 qui
696 4472 890 4530 eruditionem
906 4481 1063 4536 ostentant,
1079 4467 1126 4526 vix
1140 4463 1248 4536 aliquid
1268 4463 1366 4533 placet,
1382 4463 1464 4532 quod
1481 4482 1542 4519 non
1557 4461 1593 4518 sit
1611 4455 1638 4513 ed

533 4565 660 4622 calculos
672 4563 851 4636 aigebraicos
866 4571 1077 4631 comparatum.
1095 4555 1180 4626 Quod
1195 4568 1290 4611 tamen
1304 4550 1430 4608 wolfius
1456 4553 1525 4619 (loc.
1541 4551 1587 4607 cir.
1602 4568 1640 4620 po·

534 4674 611 4726 ragr.
633 4672 692 4717 100,
708 4659 803 4724 seqq.)
822 4668 851 4710 et
866 4649 896 4708 in
913 4647 1043 4707 Cartesio
1058 4661 1086 4705 et
1105 4646 1136 4704 in
1151 4644 1288 4703 Newtono
1306 4639 1525 4713 reprehendit.»

571 4745 612 4811 (6)
650 4741 713 4801 Lib.
730 4764 756 4800 2.
773 4742 914 4816 Metaph„
930 4759 992 4813 cap.
1010 4738 1063 4796 uit.
