3492 5525
408 477 1001 547 Anrrc.1.⁸⁸DsDunousrnnrronr·:
1169 496 1228 560 379

150 659 306 728 indirecta
321 667 430 756 autem
446 661 501 728 vel
521 679 562 726 ex
578 659 716 727 absurdo
738 662 791 727 vel
810 679 852 726 ex
873 659 1068 726 incommodo
1084 660 1137 726 vel
1156 660 1198 726 ab
1216 661 1268 726 in·

148 767 354 845 wnvenienti,
370 770 422 836 vel
436 768 533 835 etiam
548 788 589 835 ex
603 767 776 856 hypothesi
790 767 996 852 impossibili,
1013 769 1128 853 probat
1142 787 1211 834 rern
1226 787 1268 834 ex

149 877 390 962 absurdisque
414 885 642 961 sequerentur,
668 876 695 941 si
720 894 770 942 res
793 875 837 940 ita
861 894 928 942 non
950 893 987 942 se
1010 875 1156 942 haberet.
1177 875 1221 942 Ut
1239 875 1267 942 si

150 985 269 1068 probes
297 983 331 1050 in
359 983 427 1050 Deo
455 984 569 1050 abesse
595 1001 729 1050 omnem
757 981 1052 1068 compositionem,
1072 983 1148 1069 quia
1170 1001 1268 1050 secus

150 1093 268 1158 mutari
286 1099 413 1176 posset,
433 1093 523 1176 quod
542 1093 632 1158 netas
650 1100 701 1157 est
718 1091 838 1158 dicere.
858 1089 968 1166 Quare
987 1090 1109 1161 directa
1131 1090 1269 1157 demon-

148 1199 262 1266 stratio
276 1199 390 1268 melior
403 1208 465 1277 est,
478 1218 578 1285 quarn
596 1196 761 1266 indirecta:
775 1199 827 1265 illa
842 1198 930 1264 enim
942 1197 1057 1283 probat
1071 1215 1140 1264 rem
1155 1209 1269 1266 tenen-

148 1308 225 1373 dam
244 1325 333 1384 esse,
353 1308 458 1374 immo
471 1307 569 1384 etiam
585 1325 642 1373 cur
655 1307 796 1373 tenenda
810 1305 870 1383 sit,
885 1307 1001 1373 saltem
1026 1305 1054 1372 si
1067 1303 1110 1372 sit
1130 1305 1269 1372 demon·

148 1414 261 1482 stratio
273 1419 402 1498 propter
417 1415 513 1500 qvia&
527 1413 682 1482 indirecta
695 1421 805 1482 autem
828 1413 945 1500 probat
958 1413 1148 1498 oppositum
1165 1410 1268 1480 teneri

149 1541 216 1588 non
235 1539 347 1607 posse.

216 1628 269 1696 Ad
283 1631 597 1718 argumentationem
607 1629 797 1696 indirectam
804 1647 937 1714 quoque
946 1627 1087 1695 revocari
1098 1635 1208 1713 potest
1216 1647 1266 1705 ea,

148 1755 249 1821 quam
265 1745 383 1804 vocant
399 1739 443 1804 ad
456 1737 607 1804 bominem
624 1739 730 1803 velex
746 1737 842 1813 datis,
858 1735 892 1803 in
908 1753 974 1822 qua
984 1735 1141 1802 nimirum
1157 1734 1269 1802 adver·
1303 1721 1462 1793 adbomine'm»

149 1846 270 1912 sarium
290 1844 451 1930 exipsius
470 1845 612 1911 doctrina
632 1845 838 1929 lacessimus,
861 1863 977 1911 eamve
995 1843 1038 1910 ad
1061 1854 1180 1913 nostrae
1205 1843 1269 1910 do-
1497 1829 1500 1839 '

147 1953 261 2020 ctrinae
279 1951 500 2020 defensionem
520 1953 755 2020 convertimus.
1039 2008 1041 2017 .
1365 1937 1369 1944 ¹

216 2061 326 2145 Atque
344 2059 431 2127 idem
456 2060 630 2126 dicendum
657 2060 699 2126 de
712 2059 993 2126 demonstratione
1019 2060 1185 2144 negativa,
1213 2073 1271 2142 per
1310 2073 1331 2109 et
1347 2063 1455 2118 necarin-

150 2188 251 2254 quarn
271 2167 476 2235 ostendimus
494 2167 680 2253 oppositam
699 2169 896 2234 sententiam
915 2169 1006 2235 nullo
1028 2167 1146 2234 idoneo
1168 2164 1269 2232 lulciri

149 2286 358 2362 argumento.

216 2383 368 2470 Ejusdem
384 2384 448 2449 lere
461 2381 590 2468 generis
600 2395 678 2452 sunt
696 2383 1010 2470 argumentationes,
1027 2402 1085 2468 per
1095 2380 1271 2450 dotatio·
1315 2405 1372 2450 ane
1382 2417 1450 2459 afgu-

150 2509 237 2570 nem,
257 2492 298 2557 ad
321 2491 542 2575 ignorantiam,
571 2491 612 2556 ad
637 2490 855 2556 verecundiam
880 2499 914 2556 et
937 2491 978 2557 ad
1002 2491 1172 2566 invidiam,
1195 2506 1271 2572 quae
1306 2479 1460 2524 ΝΜ

151 2599 229 2665 nihil
253 2597 409 2664 evincunt
423 2597 456 2663 in
472 2599 615 2664 savorem
635 2597 771 2682 propriae
790 2597 964 2676 doctrinae,
983 2598 1042 2664 sed
1061 2596 1269 2682 potissimum

150 2708 190 2774 ad
209 2707 396 2773 vexandum
415 2705 635 2773 adversarium
660 2705 855 2791 diriguntur.
884 2704 1133 2791 Argumentatio
1145 2711 1206 2788 per
1220 2703 1271 2770 di·
1364 2743 1402 2786 ,a

148 2816 349 2881 structionem
374 2812 430 2890 ht,
458 2834 534 2880 curn
559 2813 776 2898 praetermissa
807 2812 978 2880 adversarii
997 2823 1268 2900 argumentorum
1297 2800 1469 2849 ‘¹⁵⁸“²⁰¹³⁰¹'“‘¹·

151 2922 382 3007 responsione,
398 2922 611 2988 attentionem
628 2922 698 3006 eius
716 2922 756 2986 ad
770 2921 859 2989 aliud
873 2920 1080 2997 divertimus,
1098 2922 1188 3005 quod
1201 2920 1270 3004 ipse

149 3031 309 3115 explicare
322 3038 380 3096 aut
399 3048 465 3095 non
483 3038 610 3112 potest,
630 3037 687 3094 aut
707 3046 772 3095 non
791 3030 875 3095 vult.
894 3027 997 3115 Cujus
1016 3028 1060 3094 rei
1080 3029 1268 3113 exemplum

150 3139 252 3209 habes
265 3138 298 3203 in
312 3136 486 3222 Evangelio
504 3135 541 3201 S.
561 3135 705 3202 Matthaei
724 3132 788 3224 (r).
808 3136 1051 3221 Argumentum
1065 3138 1109 3202 od
1121 3134 1268 3220 ignorara-
1291 3159 1483 3217 mmmmm,

150 3246 225 3313 honr
248 3246 303 3322 fit,
322 3264 398 3311 curn
425 3242 644 3310 adversarium
668 3243 874 3320 lacessimus,
895 3254 933 3311 ut
950 3244 1056 3310 solvat
1075 3252 1270 3331 argumenta

150 3364 276 3431 nostra,
292 3352 344 3419 vel
363 3354 501 3436 proterat
520 3350 665 3417 meliora.

216 3460 460 3547 Argumentum
477 3462 522 3524 ad
536 3457 754 3525 vammum
767 3458 916 3525 consistit
928 3458 961 3525 in
979 3478 1037 3537 eo,
1053 3459 1143 3544 quod
1157 3461 1270 3528 adver·
1310 3482 1456 3528 arvenna

150 3570 273 3638 sarium
293 3568 436 3653 pondere
454 3566 652 3633 auctoritatis
674 3574 786 3632 contra
803 3566 1014 3634 sentientium
1029 3567 1267 3652 opprimamus.
1348 3553 1416 3605 ‘¹¹⁰⁰’

216 3678 459 3764 Argumentum
487 3674 527 3739 ad
557 3673 711 3739 invidum
739 3673 927 3751 adhibetur,
956 3692 1034 3741 curn
1066 3675 1269 3745 adversarius

149 3786 226 3854 risui
246 3796 304 3851 aut
327 3782 403 3849 odio
426 3782 610 3867 exponitur.
637 3781 761 3847 Verum
788 3782 977 3866 hujusmodi
1000 3792 1211 3868 argumenta,
1232 3792 1269 3849 ut
1305 3786 1334 3833 εδ
1349 3784 1463 3831 mnam.

148 3896 259 3969 vides,
279 3889 465 3977 parcissime
484 3889 671 3972 usurpanda
685 3896 780 3965 sunt,
800 3898 834 3954 et
848 3890 977 3957 nonnisi
996 3890 1029 3956 in
1048 3890 1145 3958 certis
1162 3888 1271 3979 perso·

148 4022 265 4071 narum
283 4010 538 4084 temporumque
561 3995 737 4081 adjunctis,
763 4014 839 4079 quae
862 4016 914 4065 res
932 3998 1002 4083 ipsa
1026 4000 1177 4083 prudenti
1199 4002 1269 4067 viro

149 4105 358 4177 monstrabit.
474 4172 483 4194 .

217 4216 328 4283 Unum
340 4221 450 4281 autem
466 4211 646 4279 notandum
660 4222 723 4289 est,
735 4215 1053 4297 argumentationem
1065 4200 1267 4295 indirectam,
1320 4216 1446 4263 uoniam

146 4342 225 4410 quae
251 4331 369 4389 estex
397 4317 571 4408 hypothesi
598 4320 808 4404 impossibili,
836 4322 930 4387 valde
958 4322 1092 4404 quidem
1117 4325 1268 4392 usitatam
1298 4288 1469 4416 mm?

146 4452 222 4501 esse
239 4440 272 4497 et
291 4430 324 4497 in
343 4425 550 4513 Philosophia
572 4437 604 4493 et
627 4427 660 4493 in
685 4423 880 4513 Theologia;
909 4446 975 4495 non
1003 4440 1112 4496 tamen
1138 4451 1270 4517 semper
1316 4430 1454 4487 biarbii·

148 4540 332 4629 legitimam
355 4554 441 4603 esse.
471 4533 505 4600 Si
534 4534 608 4617 quis
631 4534 773 4601 enimv.
800 4557 835 4622 g.
864 4538 910 4602 ita
932 4546 1097 4623 argueret:
1126 4539 1167 4606 si
1182 4540 1271 4606 bomo

147 4714 404 4732 ...ιιι-.-

182 4774 225 4847 (ι)
262 4770 348 4832 Mart.
363 4788 427 4845 cap.
442 4789 474 4829 ar
486 4812 494 4841 ,
508 4788 538 4828 v.
553 4786 645 4843 πως.
