3492 5525
236 483 630 548 nanc:o.u⁸l)1v1sronaa
645 501 756 559 urnro.
770 461 873 548 rann.
890 500 1071 546 conannas
1124 499 1179 564 147

846 580 1219 604 *4-

100 663 274 749 signifrcat,
300 668 358 733 sed
381 667 626 752 praescindendo
654 687 673 732 a
697 665 876 752 capacitate
906 676 1007 753 atque
1033 665 1218 752 aptitudine

100 772 249 858 subjecti,
267 775 357 840 velut
370 793 435 840 non
451 775 572 852 videns,
589 775 662 841 visu
675 793 799 841 carens.

138 897 196 963 32.
234 881 371 948 ·Oclavo
385 881 538 950 dividitur
552 884 713 950 terminus
734 885 767 950 in
781 883 963 951 terminum
982 882 1097 965 prrirroe
1118 881 1431 953 inan-remanumma
1461 897 1555 967 Cn...
1569 887 1603 982 s.
1620 901 1657 957 r·
1667 909 1718 978 pr.

101 986 188 1052 lionis
207 995 240 1052 et
258 992 401 1055 secundae
417 990 610 1057 intcnnonis.
624 991 798 1057 Terminus
817 990 932 1075 primae
947 989 1139 1057 intentionis
1154 976 1216 1066 est,

100 1094 149 1178 qul
165 1113 235 1160 rem
251 1097 419 1180 exprimit,
436 1107 534 1182 prout
551 1109 601 1165 est
620 1099 652 1164 in
672 1117 724 1175 se,
744 1108 776 1163 et
790 1098 1080 1182 independentera
1100 1095 1219 1182 praevia

1259 975 1280 1010 et
1295 970 1400 1016 mundae

1263 1038 1398 1088 intentionis.

101 1203 215 1269 mentis
227 1205 432 1288 operatione,
453 1216 489 1271 ut
507 1207 637 1283 Petrus,
659 1206 756 1288 lapis,
777 1205 899 1272 arcens.
915 1205 1089 1272 Terminus
1101 1222 1219 1270 secun-

99 1308 143 1374 dae
154 1310 353 1378 intentionis
372 1322 439 1389 est,
460 1315 517 1396 qui
539 1332 606 1378 rem
627 1313 790 1398 significat
813 1323 910 1398 prout
928 1321 1018 1379 certo
1040 1313 1142 1379 modo
1163 1331 1220 1378 co·

99 1417 219 1500 gnitum
233 1429 266 1484 et
276 1422 457 1487 secundum
476 1422 617 1504 aliquam
628 1421 932 1488 denominationem
943 1419 1218 1507 provenientema

100 1527 213 1606 praevia
227 1527 413 1594 intellectus
426 1529 631 1613 operatione,
648 1538 685 1596 ut
699 1529 870 1613 cognitam,
891 1528 1005 1612 species
1018 1525 1081 1617 (r).

159 1634 510 1736 intentionisnamque
526 1635 660 1702 nomine
675 1657 693 1702 a
711 1635 920 1720 Philosophia
942 1634 1145 1722 significatur
1167 1632 1217 1700 in·

98 1741 252 1820 tellectio,
264 1745 357 1825 quasi
368 1751 461 1810 actus
470 1745 590 1810 mentis
604 1745 636 1809 in
647 1744 813 1830 objectum
824 1741 1003 1820 tendentis.
1020 1743 1125 1808 Prima
1137 1761 1216 1827 ergo

96 1848 230 1914 intentio
240 1858 291 1915 est
302 1850 354 1915 illa
367 1852 529 1936 cognitio,
547 1869 622 1934 quae
637 1869 696 1936 pro
711 1851 840 1936 obje'cto
864 1852 963 1917 habet
982 1869 1037 1917 eas
1059 1851 1213 1926 rationes,

96 1973 165 2036 quae
176 1957 273 2022 rebus
283 1957 396 2024 insunt
406 1959 636 2054 antecedenter
647 1967 746 2043 atque
760 1959 1020 2050 irnlepeffllenter
1034 1978 1053 2022 a
1067 1957 1217 2040 qualibet

95 2065 212 2130 mentis
234 2065 435 2148 operatione.
461 2065 614 2132 Secunda
633 2085 711 2132 vero
729 2064 869 2132 intentio
893 2075 944 2132 est
968 2066 1037 2143 illa,
1057 2083 1134 2148 quae
1156 2083 1216 2149 pro

94 2171 220 2256 objecto
231 2173 329 2239 habet
349 2173 489 2240 rationes
504 2193 632 2252 rerum,
657 2193 724 2240 non
739 2193 828 2240 mere
848 2182 947 2259 prout
961 2175 994 2239 in
1009 2173 1125 2257 seipsis
1136 2181 1216 2239 sunt

92 2278 122 2342 in
148 2297 209 2345 sua
238 2280 371 2366 physica
400 2282 558 2360 realitate,
588 2281 646 2348 sed
672 2282 857 2348 secundum
885 2281 1018 2364 aliquod
1046 2297 1136 2358 esse,
1164 2265 1214 2345 iel
1322 2363 1325 2367 J

94 2385 296 2454 allectionem
323 2371 387 2455 aut'
402 2383 529 2455 statum
548 2391 611 2456 illis
630 2389 878 2473 provenientem
899 2408 941 2454 ex
967 2387 1085 2472 previa
1109 2388 1216 2470 aliqua
1279 2454 1284 2463 ,

90 2495 301 2579 cogitatione.
318 2495 371 2562 Sic
385 2497 412 2562 si
431 2497 541 2582 cogito
560 2497 730 2573 hominem,
747 2516 884 2564 exerceo
904 2497 1042 2580 primam
1062 2496 1216 2562 intentio·

90 2619 182 2679 nem,
201 2603 278 2686 quia
293 2623 359 2670 non
374 2605 459 2670 aliud
474 2605 684 2689 apprehendo
697 2623 754 2690 per
767 2606 867 2670 talem
882 2613 1006 2681 actum,
1023 2585 1084 2668 nisi
1099 2604 1216 2669 huma·

90 2709 245 2788 nitatem,
261 2731 335 2795 quae
350 2713 444 2779 realis
461 2723 550 2780 certe
564 2724 632 2790 est,
648 2731 788 2797 eamque
804 2712 1015 2799 apprehendo
1029 2711 1215 2779 secundum

87 2820 287 2897 realitatem,
302 2838 402 2903 quam
418 2820 519 2887 homo
534 2820 568 2887 in
584 2840 620 2887 se
644 2820 758 2894 habet,
784 2820 912 2889 etiamsi
932 2821 1042 2886 nullus
1065 2837 1213 2903 unquam

87 2925 126 2988 de
144 2947 183 2991 ea
199 2927 370 3012 cogitaret.
395 2928 427 2993 Si
452 2947 529 2994 vero
544 2930 654 3013 cogito
675 2928 848 3005 hominem,
868 2932 907 2993 ut
921 2944 1036 3012 nomen
1044 2928 1212 3011 quoddam,

85 3038 121 3097 ut
132 3035 319 3113 terminum,
333 3040 371 3102 ut
379 3038 557 3123 definitum,
573 3040 612 3101 ut
622 3037 789 3119 praecisum
801 3056 821 3101 a
835 3033 1212 3111 nolisindiutiiuantibus,

84 3146 121 3203 ut
133 3143 286 3224 speciem,
298 3147 337 3209 ut
349 3144 520 3231 subjectum
534 3148 592 3209 aut
605 3145 815 3227 predicatum
829 3154 894 3211 etc.
909 3161 1048 3208 exerceo
1060 3141 1215 3207 intentio-

84 3268 176 3325 nem,
198 3270 275 3333 quae
297 3253 440 3318 secunda
464 3252 656 3337 appellatur.
686 3254 760 3318 Non
789 3252 878 3317 enim
906 3268 1042 3335 possum
1068 3248 1214 3335 cogitare

84 3356 258 3423 hominem
273 3362 310 3423 ul
320 3378 430 3425 nornen
444 3360 495 3425 vel
510 3359 693 3437 terminum,
712 3358 773 3425 nisi
789 3357 904 3425 rationi
919 3356 1092 3444 objectivae
1105 3356 1214 3423 buma-

81 3466 192 3531 nr'latis
212 3466 361 3552 adjiciam
376 3466 601 3535 definitionem
622 3476 654 3533 et
677 3467 903 3554 cognitionem
922 3465 1060 3532 nominis
1080 3466 1130 3531 vel
1152 3468 1214 3531 tar·

80 3573 177 3640 rnr'm':
199 3592 265 3641 nec
284 3585 321 3641 ut
333 3576 478 3659 spectaro,
510 3574 568 3643 nisi
597 3576 769 3643 hominem
795 3574 978 3659 concipiam
1007 3576 1097 3641 velut
1124 3581 1213 3651 certo

80 3684 182 3748 modo
212 3683 388 3768 cognitum
411 3694 469 3750 aut
490 3683 761 3769 cognoscibilem,
793 3702 851 3768 per
873 3692 986 3750 actum
1010 3701 1129 3767 nempe
1154 3680 1212 3764 qui

109 3974 150 4039 (r)
190 3964 261 4029 etr.
278 3967 311 4027 S.
327 3968 383 4028 Th.
397 3968 441 4029 De
455 3970 569 4028 Potent.
594 3988 623 4041 q.
644 3991 676 4043 7,
692 3980 747 4028 art.
775 3989 809 4042 93
831 3980 860 4027 et
882 3966 919 4026 de
940 3967 1059 4026 Natura
1080 3964 1211 4041 generis,

76 4078 98 4115 c.
114 4081 156 4118 ra.
174 4056 322 4119 Aliivero
335 4058 418 4117 aliter
437 4079 497 4117 rem
512 4059 588 4117 hanc
602 4057 752 4117 declarant
771 4079 837 4117 curn
861 4056 962 4116 Boetio
981 4056 1060 4128 apud
1083 4055 1211 4114 Fonaeca

76 4148 157 4219 (last.
175 4149 314 4210 Dianae.
329 4148 380 4207 lib.
396 4169 420 4219 1,
435 4168 498 4221 cap.
510 4152 556 4221 32)
566 4146 608 4207 sic
621 4148 809 4207 scribentem:
825 4146 967 4219 «quidam
976 4146 1019 4205 ita
1033 4144 1209 4217 loquuntur,

77 4254 106 4298 ut
118 4238 252 4299 nomina
264 4258 363 4297 rerum
377 4236 476 4297 dicant
488 4240 593 4313 primur
612 4239 798 4305 intentionis,
814 4238 901 4312 quasi
921 4236 1011 4312 primi
1027 4236 1172 4311 propositi
1182 4247 1213 4294 et

77 4331 210 4389 instituti
224 4346 345 4398 eorum,
361 4327 414 4400 qui
436 4326 558 4387 nomina
577 4326 797 4400 imposuerunt3
821 4326 942 4385 nomina
966 4346 1036 4385 vero
1057 4324 1211 4386 nominum

75 4422 227 4493 appellant
257 4420 392 4477 seconde
418 4418 588 4476 inlenlrbm's
610 4416 799 4492 propositioe.
816 4415 905 4475 Prius
927 4415 1007 4475 enim
1030 4414 1209 4489 imponenda

75 4524 153 4569 erant
164 4510 266 4569 rebus
278 4506 412 4579 nomina,
426 4521 460 4567 ut
473 4508 529 4566 alia
541 4520 693 4567 vocaretur
704 4506 801 4576 homo,
825 4504 881 4564 alia
902 4526 1008 4581 equus,
1023 4506 1080 4565 alia
1094 4506 1209 4581 planta,

75 4600 167 4660 etalia
188 4598 264 4660 aliia
278 4598 469 4658 nominibus:
484 4597 591 4657 deinde
605 4597 678 4671 ipsis
698 4614 797 4656 rerum
822 4595 988 4667 vocabulis,
1014 4611 1050 4657 ut
1068 4595 1209 4656 nimirum

77 4690 148 4751 aliud
159 4689 369 4765 appellaretur
382 4706 499 4760 manen,
519 4686 601 4747 aliud
616 4689 749 4758 veritam,
771 4686 852 4747 aliud
867 4687 1078 4763 participium,
1099 4699 1130 4746 et
1151 4685 1209 4746 alia

78 4778 332 4845 ulanominibua
335 4820 390 4841 .....
395 4801 410 4836 a
513 4800 526 4817 κ
