3492 5525
330 872 432 919 Formido

308 942 405 989 formali·
414 956 454 987 eeu

281 1014 381 1063 actualis,
392 1022 412 1057 et
423 1011 481 1057 rudi-

330 1084 383 1129 oalir
391 1098 430 1129 reu

312 1156 444 1214 potentialis.

533 442 592 526 460
652 446 777 510 Locren
792 444 1022 519 Meron-Lm.
1043 460 1098 519 1¹¹⁸,
1115 444 1206 509 Drse.
1223 458 1269 509 2.·
1283 443 1362 511 Cre.
1382 461 1450 509 rum

494 629 592 695 libera
612 629 802 715 relinquitur
820 628 980 697 voluntati
1002 628 1159 706 formido,
1184 637 1219 695 et
1239 638 1350 716 potest
1366 627 1504 715 imperio
1525 628 1617 695 illius
1743 627 1744 652 ¹

494 744 551 803 aut
568 736 696 823 praeetpt
716 738 889 805 autetiam
908 736 1058 823 impediri
1071 733 1135 825 (r).

561 845 712 911 Formido
731 846 889 912 hactenus
908 846 1067 912 declarata
1081 844 1386 931 vocatursormalis,
1406 843 1484 928 quia
1494 850 1544 910 est
1556 863 1619 910 ve·

495 970 550 1017 rus
571 960 603 1018 et
624 952 768 1019 formalis
793 961 884 1019 actus
902 953 1039 1028 mentis,
1059 951 1091 1017 vi
1110 953 1203 1037 cujus
1221 953 1422 1019 advertimus
1440 961 1474 1017 et
1488 950 1618 1037 judica-

495 1078 569 1125 mus
589 1077 649 1125 nos
667 1060 809 1145 aliquam
829 1059 1085 1145 propositionem
1105 1061 1332 1145 amplectendo
1357 1060 1390 1127 in
1414 1057 1618 1145 deceptionis

494 1170 635 1251 periculo
650 1168 781 1237 versari.
801 1168 839 1233 Et
857 1169 991 1251 quando
1009 1169 1060 1234 hic
1073 1167 1173 1234 timor
1185 1168 1296 1236 existit
1312 1170 1345 1235 in
1360 1177 1486 1246 mente,
1502 1186 1619 1233 revera

494 1274 560 1341 duo
579 1284 670 1342 actus
684 1284 851 1361 ponuntur
865 1276 907 1341 ab
916 1276 986 1343 illa:
1007 1277 1103 1353 alter,
1124 1295 1192 1360 quo
1205 1276 1325 1343 directe
1339 1277 1520 1360 judicamus
1531 1276 1618 1341 circa

315 1428 319 1437 .
358 1402 368 1426 1
495 1383 664 1458 materiam
690 1382 910 1468 propositam3
929 1386 1010 1451 alter
1034 1402 1113 1450 vero
1136 1383 1378 1461 concomitans,
1404 1402 1473 1469 quo
1495 1383 1618 1448 reflexe

493 1491 677 1574 judicamus
695 1492 727 1557 in
752 1491 806 1558 illo
825 1492 948 1558 directo
961 1492 1084 1577 judicio
1109 1494 1289 1577 periculum
1312 1494 1425 1561 adesse
1453 1492 1616 1559 falsitatis:

494 1600 577 1665 etin
598 1600 659 1665 hoc
677 1600 821 1665 secundo
844 1609 918 1665 actu
940 1599 1061 1667 reflexo
1081 1600 1230 1667 consistit
1249 1602 1393 1669 formalis
1417 1600 1556 1667 formido
1577 1598 1618 1667 in

494 1706 719 1791 superioribus
737 1706 907 1791 explicata.
1333 1788 1337 1795 Ι

561 1816 680 1881 Praeter
698 1815 782 1881 hanc
800 1824 912 1881 autern
932 1813 1139 1881 formidinem
1158 1816 1257 1883 altera
1274 1815 1484 1901 distinguitur
1497 1836 1516 1881 a
1529 1817 1623 1881 mul-

430 1996 431 2001 4
495 1922 538 1991 tis
557 1920 716 1999 formido,
736 1922 889 1989 radicalis
910 1940 969 1989 seu
983 1922 1186 2005 permissivo,
1206 1941 1280 2007 quae
1307 1932 1358 1991 est
1379 1924 1524 2007 potentia
1551 1925 1622 1989 for-

284 2815 369 2862 sotfietr
383 2813 484 2860 radicalis

322 2886 415 2932 formido
422 2886 450 2932 ed

316 2972 346 3014 op
347 2973 451 3004 rrrrrrrr

496 2028 628 2096 midinis
648 2029 804 2099 formalis.
826 2028 921 2115 Saepe
938 2028 1026 2097 enim
1044 2030 1164 2097 dantur
1177 2028 1296 2114 judicia
1324 2030 1455 2099 motivis
1472 2031 1618 2108 incertis,

496 2147 552 2203 aut
572 2156 637 2204 non
657 2156 791 2223 prorsus
810 2136 932 2216 firmis,
954 2124 1005 2203 v'el
1028 2139 1143 2204 saltem
1164 2158 1231 2205 non
1251 2136 1471 2215 evidentibus,
1490 2139 1618 2217 innixa,

496 2248 530 2313 in
550 2245 688 2329 quibus,
709 2246 783 2310 licet
802 2246 883 2313 forte
901 2245 942 2311 de
962 2246 1045 2311 facto
1063 2246 1107 2311 ob
1132 2246 1362 2332 ignorantiam,
1382 2246 1620 2322 temeritatem,

498 2351 750 2439 imprudentiam
770 2360 826 2418 aut
844 2352 1030 2437 passionem
1045 2353 1237 2439 judicantis,
1255 2372 1321 2419 non
1333 2354 1416 2422 adsit
1427 2354 1561 2421 acuatu
1577 2374 1621 2421 ac

488 2460 640 2548 formalis
658 2458 815 2537 formido,
835 2470 949 2527 tamen
967 2461 1060 2527 adest
1079 2462 1225 2545 potentia
1251 2462 1463 2538 formidandi,
1483 2469 1553 2529 orta
1573 2480 1624 2527 ex

497 2566 686 2635 fallibilitate
700 2576 757 2633 aut
771 2570 889 2635 saltem
908 2568 1104 2634 obscuritate
1123 2569 1348 2646 fundamenti,
1364 2586 1440 2653 quae
1458 2570 1485 2636 si
1505 2576 1622 2654 pacate

497 2676 718 2743 consideretur
737 2696 755 2741 a
773 2683 898 2752 mente,
918 2677 1021 2742 facere
1039 2675 1137 2742 debet
1160 2675 1248 2741 illam
1270 2672 1475 2764 formidare(
1499 2676 1527 2763 ).

564 2783 601 2850 Et
629 2785 698 2850 haec
727 2784 868 2850 formido
896 2785 1080 2868 potentialis
1109 2783 1236 2851 videtur
1258 2785 1408 2852 sufficere
1434 2785 1475 2851 ad
1502 2786 1564 2850 hoc
1579 2794 1625 2849 ut

498 2911 651 2960 assensus
662 2893 703 2959 sit
728 2891 931 2976 opinativus,
951 2892 1024 2959 licet
1044 2893 1226 2958 intellectus
1245 2893 1288 2959 ob
1298 2909 1543 2976 quamcumque
1561 2890 1624 2956 de-

500 3020 593 3068 mum
619 3019 750 3066 causam
777 3008 850 3065 actu
879 3017 945 3065 non
976 2999 1127 3066 formidet
1145 2997 1212 3088 (3);
1237 3019 1440 3083 quamquam
1470 2999 1623 3065 nonnulli

499 3108 677 3176 Thomistae
696 3116 851 3174 censeant
866 3108 953 3192 apud
971 3107 1114 3174 Rubium
1135 3116 1168 3174 et
1186 3107 1307 3184 Quiros
1324 3103 1389 3195 (4),
1410 3105 1622 3173 formidinem

501 3218 659 3282 actualem
694 3235 766 3282 esse
798 3215 840 3280 de
870 3214 993 3281 ratione
1028 3215 1203 3299 opinionis.
1235 3214 1454 3283 Nihilominus
1491 3214 1624 3299 probari

501 3331 610 3412 potest
628 3323 835 3391 formidinem
856 3324 1017 3389 actualem
1047 3340 1112 3388 non
1142 3341 1213 3389 esse
1230 3322 1273 3388 de
1292 3321 1432 3390 essentia
1458 3319 1626 3408 opinionis

502 3453 543 3500 ex
558 3432 728 3499 manifesta
748 3431 962 3517 experientia,
978 3430 1054 3515 quia
1067 3430 1188 3516 passim
1204 3428 1290 3497 docti
1307 3431 1457 3497 homines
1470 3430 1503 3496 in
1517 3428 1626 3495 scien·

537 3670 578 3734 (1)
615 3664 677 3724 Cfr.
691 3661 787 3722 dehis
800 3663 834 3721 Ρ.
852 3660 1036 3727 Haunoldur.
1051 3663 1096 3721 De
1110 3661 1191 3730 Fide,
1199 3660 1343 3720 Controv.
1360 3679 1386 3733 5.
1399 3677 1431 3719 n.
1447 3676 1580 3733 244·a5r;
1591 3674 1627 3720 et

501 3756 623 3817 Cardin.
633 3755 718 3828 Lugo
726 3754 760 3811 de
770 3753 850 3823 Fide,
863 3751 939 3824 disp.
949 3752 978 3820 6,
989 3763 1057 3810 sect.
1071 3771 1095 3819 r,
1107 3771 1137 3809 n.
1149 3771 1194 3822 ²33
1209 3750 1341 3822 luparea,
1352 3751 1387 3808 de
1397 3749 1478 3818 Fide,
1487 3748 1562 3822 disp.
1575 3769 1626 3822 tr,

501 3859 571 3907 eect.
585 3869 611 3920 3,
627 3866 655 3904 n.
674 3843 707 3901 28
721 3862 815 3915 eeqq.;
829 3843 872 3900 De
885 3839 1057 3908 Benedictis,
1073 3841 1189 3917 Logia,
1204 3839 1254 3899 lib.
1268 3859 1297 3912 4,
1312 3852 1417 3910 quaest.
1433 3860 1460 3910 3,
1474 3859 1536 3910 cap.
1548 3859 1575 3910 3.

537 3942 578 4005 (a)
616 3933 755 4002 Lossade,
770 3933 884 4009 Logia,
900 3930 986 3990 tracti
999 3931 1064 3999 ult„
1078 3931 1155 4002 disp.
1177 3949 1204 3999 a,
1229 3950 1259 3988 u.
1283 3948 1328 4002 353
1353 3927 1474 3987 Cecdin.
1493 3929 1627 3986 Ptolom.

501 4027 677 4102 Philosopir.
700 4025 807 4082 mentis
829 4033 857 4080 et
879 4041 1027 4087 sensuum,
1051 4019 1175 4078 Dieeert.
1199 4041 1244 4092 37.
1259 4019 1521 4094 Logico·Pltyse'c.,
1540 4037 1571 4076 n.
1592 4041 1626 4092 73

502 4115 654 4186 Mestrium
680 4112 900 4187 Disputationes
927 4113 960 4167 in
989 4110 1104 4183 Orgae.
1118 4109 1243 4168 Arr‘stot.
1268 4127 1322 4166 eeu
1343 4108 1460 4184 Logia,
1479 4106 1556 4178 diep.
1578 4127 1627 4180 r4,
1665 4175 1675 4194 ο

503 4219 608 4280 quaest.
628 4211 663 4262 r.⁸
682 4201 744 4262 etr.
764 4201 867 4272 Joanu.
892 4221 910 4257 a
929 4197 964 4257 S.
990 4199 1130 4265 Thomu„
1159 4197 1287 4273 Lectica,
1316 4211 1422 4268 quaest.
1447 4197 1499 4266 26,
1517 4211 1574 4255 ort.
1591 4217 1627 4271 43

504 4297 612 4369 Mayr„
626 4295 744 4352 Ptitoe.
760 4291 861 4365 Perip.
878 4289 958 4346 Part.
974 4309 997 4358 r,
1012 4288 1088 4359 disp.
1103 4288 1132 4357 6,
1148 4307 1179 4345 n.
1192 4287 1257 4360 967.

540 4385 581 4458 (3)
616 4382 693 4441 Vide
703 4382 736 4440 P.
748 4381 856 4440 Aaron.
868 4379 956 4447 Rue,
968 4378 1053 4452 Lep.¹
1064 4376 1114 4434 lib.
1129 4385 1166 4434 r.·
1176 4377 1303 4445 Postea,
1314 4387 1398 4434 treet.
1410 4395 1437 4448 3.
1446 4373 1482 4433 de
1492 4373 1584 4449 Opia.
1595 4389 1630 4434 et

497 4475 557 4553 fid.
581 4475 709 4541 iumen..
732 4491 761 4542 q.
789 4490 825 4538 r.;
849 4469 919 4527 Ant.
942 4466 1077 4526 Bernold.
1097 4465 1220 4536 Quiros,
1241 4465 1330 4524 Cure.
1350 4464 1473 4531 Philus..
1490 4477 1574 4522 tract.
1596 4485 1628 4532 a,

507 4578 583 4638 port.
597 4563 625 4633 6,
643 4562 719 4633 disp.
731 4579 775 4633 35,
787 4571 855 4618 rect.
869 4581 893 4625 r,
909 4579 926 4616 o
940 4577 969 4616 n.
980 4579 1007 4631 33
1020 4557 1141 4615 Fonsee.
1156 4555 1208 4614 lib.
1223 4557 1265 4614 6.·
1278 4554 1419 4630 Metalli..
1434 4573 1497 4628 cap.
1517 4574 1539 4624 ι,
1550 4572 1581 4626 q.
1600 4576 1628 4626 r,

507 4665 575 4714 sect
591 4672 620 4725 4,
634 4651 671 4708 ed
684 4659 760 4724 4⁸¹3
775 4647 932 4708 Mestrium
946 4645 1078 4718 aliosque
1088 4646 1151 4704 ΛΑ.
1165 4643 1265 4704 entim
1278 4641 1419 4703 citandos.

543 4747 583 4817 (4)
620 4738 705 4828 Locis
718 4739 823 4798 citatis.
