3492 5525
277 490 393 553 Anrrc.
408 502 470 573 ,μ’
482 486 618 553 Gnaeus
633 506 767 552 canrrr.
783 506 955 554 srecrrrce
970 507 1101 554 btvssttsl
1137 502 1208 582 v505

127 688 237 737 causae
254 670 316 737 illae
336 672 513 747 naturales,
534 690 609 755 quae
628 671 671 737 ab
687 672 843 738 omnibus
865 680 1024 738 vocantur
1047 674 1247 750 necessariae,
1268 662 1272 672 ’

130 776 191 845 nisi
212 776 403 865 physicam?
425 776 605 854 Caeterum,
632 790 668 845 ut
694 779 726 845 in
754 780 999 864 probationibus
1022 780 1251 847 animadverti·

130 904 222 963 mus,
243 886 469 953 existimamus
489 886 716 953 necessitatem
732 886 865 974 physice
886 897 918 952 et
936 887 1100 954 moraliter
1119 889 1251 973 insupe-

129 993 280 1069 rabilem,
291 1012 350 1059 seu
370 993 663 1078 impossibilitatem
683 994 850 1081 physicam
862 1004 896 1061 et
911 997 1068 1061 moralem
1084 994 1249 1064 sufficiens

128 1102 336 1186 suppeditare
353 1100 554 1168 certitudinis
572 1102 838 1173 fundamentum.

172 1216 260 1277 lust.
282 1208 335 1277 a.⁰
383 1209 483 1294 Atqui
507 1210 666 1277 certitudo
691 1210 824 1299 physica
844 1222 876 1277 et
901 1210 1033 1277 moralis
1057 1204 1250 1296 supponunt

130 1308 357 1407 necessitatem
378 1336 510 1401 prorsus
525 1319 576 1383 bic
591 1328 623 1385 et
639 1338 725 1385 nunc
743 1320 997 1388 ineluctabilem.
1017 1320 1101 1387 Nam
1117 1319 1249 1403 physice

128 1434 185 1491 ant
204 1425 382 1501 moraliter,
402 1434 441 1492 ut
455 1426 583 1503 dicunt,
603 1436 710 1493 certus
735 1446 805 1494 esse
825 1439 890 1493 non
911 1446 1064 1513 possum,
1091 1426 1152 1493 nisi
1170 1444 1250 1491 oon-
1290 1420 1294 1427 '

128 1542 193 1599 stet
208 1532 286 1599 mihi
305 1535 409 1615 leges,
426 1534 495 1601 sive
510 1534 659 1622 physicas
673 1536 741 1601 sive
761 1536 917 1610 morales,
937 1535 1036 1601 hicet
1055 1551 1141 1601 nunc
1154 1552 1250 1598 exce-

130 1640 275 1725 ptionem
295 1642 429 1707 minime
449 1660 559 1727 passas
578 1662 662 1711 esse.
683 1642 782 1727 Atqui
802 1644 827 1709 si
851 1646 940 1727 leges
958 1642 1122 1727 ejusmodi
1139 1658 1249 1707 serva-

129 1762 172 1816 tae
190 1758 283 1825 sunt,
304 1752 374 1836 jarn
393 1750 583 1817 omnimoda
612 1752 803 1817 necessitate
829 1769 945 1817 verum
966 1759 1016 1816 est
1036 1748 1248 1815 enuntiabile.
1274 1742 1278 1750 ’

129 1858 212 1943 Ergo
230 1858 390 1924 incassum
409 1857 560 1942 fingitur,
581 1860 696 1925 saitem
712 1860 753 1925 ad
768 1860 894 1945 praxim
913 1859 1002 1942 quod
1026 1867 1169 1943 spectat,
1192 1875 1251 1921 ne-

128 1966 261 2031 cessitas
280 1965 429 2033 absolute
448 1966 598 2033 fallibilis.

197 2080 302 2157 Resp.
321 2074 393 2141 dist.
415 2074 529 2160 Major.
548 2075 616 2141 Nisi
632 2082 759 2141 constet
773 2076 805 2140 id
824 2074 985 2143 evidentia
1000 2072 1132 2158 praecise
1147 2079 1249 2136 meta·

131 2183 278 2269 physica,
295 2200 386 2266 negq·
405 2182 541 2259 minori,
562 2186 712 2250 transeat.

197 2292 234 2355 Et
251 2291 507 2356 'contradistincfa
530 2290 662 2369 Minori,
682 2310 757 2376 nego
774 2310 910 2375 conseq.
931 2288 1057 2356 Etenim
1077 2288 1250 2373 metaphy-

129 2398 193 2464 sice
209 2417 275 2463 non
295 2408 473 2485 repugnat,
494 2400 561 2465 imo
579 2400 745 2465 evidenter
766 2399 918 2483 possibile
937 2406 1004 2474 est,
1021 2396 1127 2463 Deum
1145 2404 1250 2480 patra-

130 2504 168 2571 re
180 2508 330 2572 miracula
347 2525 458 2591 posse,
481 2526 534 2571 me
553 2508 641 2591 prius
662 2525 727 2573 non
747 2508 890 2584 monito,
914 2515 947 2572 et
967 2507 1000 2573 in
1025 2524 1065 2571 eo
1088 2505 1160 2587 ipso
1178 2520 1250 2569 mo-

130 2624 260 2692 mento,
277 2614 309 2679 in
324 2633 390 2697 quo
403 2634 465 2699 ego
486 2634 550 2680 non
566 2634 702 2699 possum
718 2615 817 2681 ullam
832 2615 1074 2700 deprehendere
1090 2612 1248 2679 rationem

130 2722 276 2806 patrandi
296 2721 502 2788 miraculum.
524 2720 610 2817 Quis·
625 2723 712 2788 enim
735 2706 905 2807 tantopere
923 2740 984 2788 suo
1003 2718 1247 2806 fidatingenio,

130 2839 167 2895 ut
184 2829 265 2896 scire
287 2849 323 2896 se
342 2849 437 2915 posse
456 2831 637 2908 existimet,
660 2832 869 2915 quandonam
897 2839 1062 2914 oporteat,
1089 2838 1123 2894 et
1144 2845 1250 2911 quan-

129 2939 251 3004 donam
289 2955 354 3003 non
391 2947 539 3021 oporteat
573 2938 677 3003 Deum
715 2939 987 3023 omnipotentiam
1026 2956 1121 3002 suam
1158 2945 1249 3001 extra

128 3055 326 3112 consuetum
342 3046 488 3110 ordinem
504 3056 625 3111 eventu
645 3047 753 3129 aliquo
775 3045 1001 3112 manifestare?

174 3159 322 3237 objicies
342 3161 391 3220 a.⁰
439 3153 606 3220 Certitudo
634 3172 705 3219 esse
734 3154 864 3236 nequit,
895 3154 950 3218 ubi
979 3172 1044 3217 non
1070 3154 1165 3237 plene
1188 3153 1249 3216 du-

129 3263 219 3328 bium
240 3259 414 3344 omnisque
434 3261 573 3327 formido
589 3281 654 3327 non
674 3263 867 3326 excluditur.
886 3262 987 3343 Atqui
1005 3261 1037 3326 in
1057 3260 1249 3325 certitudine

129 3369 264 3456 physica
282 3377 315 3432 et
344 3369 472 3444 morali,
502 3379 598 3453 prout
625 3371 723 3454 vulgo
747 3369 980 3446 admittuntur,
1008 3369 1122 3452 nequit
1141 3367 1261 3436 omnis.

129 3478 271 3543 formido
295 3478 434 3542 excludi.
465 3477 548 3542 Nam
574 3495 650 3543 curn
681 3479 794 3542 harum
819 3478 1072 3542 fundamentum
1100 3475 1249 3542 absolute

127 3586 267 3650 deficere
286 3585 406 3668 possit,
427 3603 557 3668 semper
576 3585 776 3668 relinquetur
800 3587 891 3651 locus
909 3584 1088 3660 formidini,
1112 3590 1169 3648 aut
1187 3584 1250 3649 sai-

128 3701 195 3758 tem
211 3692 389 3775 suspicioni
409 3692 502 3757 alicui
521 3691 561 3757 de
579 3694 745 3776 opposito.

195 3806 301 3883 Resp.
330 3817 404 3882 nego
432 3800 553 3865 Minor.
584 3811 616 3866 et
643 3799 802 3883 dt'stinguo
830 3799 1055 3885 probationem
1086 3800 1246 3880 ejusdem:

128 3909 331 3991 relinquetur
349 3909 439 3972 locus
458 3907 619 3973 formidini
644 3915 699 3974 aut
718 3909 834 3974 saltem
854 3905 1028 3992 suspicioni
1056 3907 1250 3992 impruden-

126 4015 282 4091 tissimae,
303 4017 456 4090 transeat,
478 4013 647 4099 prudenti,
667 4034 752 4099 nego.

196 4123 380 4188 Formidare
394 4123 481 4188 enim
493 4131 548 4190 aut
562 4123 660 4189 etiam
670 4113 825 4208 suspicari
835 4123 876 4188 de
891 4123 1027 4189 falsitate
1041 4121 1247 4208 cognitionis,

127 4231 283 4316 quando,
306 4241 433 4297 mature
448 4232 615 4316 perpensis
634 4230 809 4318 adjunctis,
828 4233 915 4296 nulla
930 4229 1126 4316 deprehendi
1142 4241 1250 4315 potest

127 4339 209 4438 ratio
233 4339 433 4422 exceptionis
461 4359 479 4405 a
502 4339 629 4425 legibus
647 4338 937 4416 constantissimis,
962 4357 1027 4405 non
1051 4339 1151 4404 animi
1174 4359 1250 4424 pru·

125 4447 254 4525 dentis,
274 4447 332 4512 sed
351 4456 407 4512 aut
426 4447 547 4513 insane
561 4455 616 4513 aut
631 4447 778 4513 absurdae
794 4445 915 4512 mentis
929 4446 1083 4514 indicium
1096 4455 1158 4512 est.

171 4559 335 4622 Instabis.
380 4555 421 4620 Ut
441 4555 482 4622 sit
500 4573 577 4621 vera
596 4555 769 4632 certitudo,
790 4556 888 4621 debet
900 4555 1069 4620 excludere
1080 4554 1178 4620 etiam
1192 4553 1250 4620 im·

127 4664 329 4749 prudentem
350 4663 571 4728 formidinem.
586 4663 669 4730 Nam
688 4662 849 4729 certitudo
867 4663 1129 4729 immobilitatem
1141 4665 1250 4748 cogni-

128 4771 230 4839 tionis
249 4771 420 4853 firmaeque
441 4772 635 4838 adhaesionis
652 4771 818 4855 importat.
838 4770 939 4855 Atqui
949 4769 1004 4837 ubi
1020 4781 1071 4839 est
1080 4771 1172 4839 locus
1185 4773 1249 4837 for-
