3492 5525
273 451 386 514 Aarrc.
407 464 464 512 υτ·
478 449 896 528 Quououocouaroturua
910 466 1082 514 paruerant
1136 466 1197 530 799
1283 530 1289 542 Ι

112 629 265 696 habitum
285 640 349 708 est,
372 640 451 714 puta
467 629 739 715 apprehendendo
762 629 849 696 illam
875 629 1060 716 specificam
1086 631 1237 708 herbam,
1299 654 1406 690 nemnem

111 745 150 802 et
164 736 390 822 aegritudinem
407 745 551 804 curatam
570 737 751 803 innomine
770 734 783 825 (
809 735 836 824 ).
1306 732 1350 762 '¹¹¹¹'

187 843 280 911 Hisce
296 845 498 929 praenotatis,
514 846 583 930 jam
604 845 681 911 satis
699 844 856 930 explicata
874 853 908 910 et
931 846 997 911 iere
1015 845 1150 929 probata
1170 865 1240 911 ma·

112 961 175 1018 net
194 952 384 1038 propositio.
862 1005 866 1014 .

185 1066 225 1127 ln
243 1065 365 1142 primis
384 1057 470 1124 enim
486 1059 668 1126 intellectus
686 1078 885 1144 cognoscere
904 1079 942 1126 ac
960 1060 1168 1143 pronuntiare
1183 1078 1241 1125 ne·

112 1167 189 1250 quit
218 1169 321 1250 prima
350 1152 519 1251 principia,
552 1166 631 1250 quin
652 1167 811 1234 terminos
836 1169 925 1252 ipsos
944 1166 1033 1253 prius
1048 1175 1237 1252 cognoscat;

111 1276 277 1341 terminos
296 1293 374 1340 vero
392 1293 591 1360 cognoscere
611 1273 739 1358 nequit,
762 1274 821 1342 nisi
851 1274 970 1360 praevia
989 1291 1148 1341 sensuum
1168 1293 1240 1359 per-

112 1382 226 1467 ceptio
253 1381 467 1467 praetesserit,
492 1383 602 1448 omnis
632 1382 719 1448 enim
748 1381 894 1468 cognitio
920 1391 1066 1449 nostraa
1090 1380 1240 1448 sensibus

113 1489 302 1557 inchoatur.
325 1490 398 1590 l=locx
411 1501 524 1574 pacto,
541 1498 576 1556 ut
596 1509 692 1556 mens
710 1498 848 1566 asserat,
869 1493 965 1556 todem
982 1507 1047 1556 esse
1064 1491 1164 1578 nrajus
1181 1507 1240 1555 sua

107 1601 224 1680 parte,
244 1596 341 1664 debet
354 1596 493 1672 discere,
514 1597 591 1680 quid
604 1596 646 1662 sit
659 1599 755 1662 totum
773 1606 805 1662 et
819 1603 898 1679 pars
916 1597 948 1662 in
964 1596 1072 1681 aliqua
1092 1615 1125 1662 re
1138 1595 1240 1662 sensi-

114 1703 173 1770 bili
194 1723 230 1770 ac
248 1703 420 1790 singulari,
441 1722 541 1788 quam
561 1721 678 1769 sensus
696 1686 956 1788 apprehendunt.
977 1704 1021 1772 At
1040 1723 1106 1770 non
1119 1703 1240 1770 sufficit

115 1811 213 1878 unica
234 1811 396 1896 perceptio
419 1829 552 1886 sensus,
573 1811 688 1877 saltem
708 1810 868 1878 ordinarie
889 1811 1066 1895 loquendo,
1091 1819 1129 1878 ut
1145 1810 1239 1877 intel-

115 1919 224 1985 lectus
253 1919 420 1984 abstrahat
452 1917 702 1984 intellectualem
732 1919 948 1985 terminorum
976 1918 1125 1986 notitiam
1161 1917 1240 1984 satis

114 2027 257 2100 claram,
273 2044 347 2111 quae
365 2025 495 2090 sirmam
515 2025 602 2090 illam
621 2023 902 2109 certissimamque
916 2024 1138 2092 adhaesionem
1152 2025 1240 2110 judi·

115 2132 158 2199 cii
186 2133 398 2210 determinet,
424 2131 585 2218 propriam
620 2133 799 2216 primorum
831 2132 1073 2216 principiorum.
1099 2133 1240 2198 Necesse

115 2250 171 2307 est
189 2259 284 2326 ergo,
300 2250 336 2307 ut
349 2241 483 2326 juvetur
501 2239 741 2324 experimento,
760 2241 850 2324 quod
868 2242 961 2324 plura
978 2239 1161 2316 individua,
1183 2257 1240 2323 per

116 2348 344 2415 inductionem
376 2348 554 2431 quamdam
587 2347 721 2414 collecta
753 2357 786 2413 et
817 2347 932 2413 similia
966 2356 1108 2434 reperta,
1140 2346 1238 2412 simul

117 2464 347 2542 repraesentet3
368 2454 464 2521 etsie
484 2473 525 2520 ex
544 2454 654 2520 iterata
675 2455 822 2540 ejusdem
842 2453 1050 2539 phaenomeni
1072 2456 1123 2520 vel
1152 2453 1241 2520 attri-

117 2563 191 2630 buti
210 2563 242 2629 in
262 2562 409 2648 pluribus
428 2561 581 2647 subjectis
609 2562 852 2640 observatione,
884 2561 1087 2629 manifestius
1112 2562 1242 2628 innote-

119 2681 215 2737 scant
235 2679 358 2736 mutuae
378 2669 550 2736 relationes
567 2669 795 2736 terminorum.

190 2778 352 2845 Caeterum
374 2787 445 2844 tum
465 2776 624 2855 sensatio,
645 2786 716 2844 tum
737 2777 936 2863 experientia
958 2776 1170 2863 singularium
1191 2785 1242 2843 est

120 2887 309 2963 dumtaxat,
331 2885 485 2971 principia
509 2904 585 2951 vero
610 2886 850 2953 universalitate
873 2886 1031 2971 gaudent.
1055 2886 1241 2952 Necessaria

120 3012 200 3078 ergo
219 3004 269 3059 est
289 2992 338 3058 vis
356 2992 598 3069 intellectualis,
615 3011 689 3078 quae
708 3010 747 3059 ex
767 2994 880 3059 multis
898 2993 1073 3059 individuis
1093 2992 1125 3058 in
1145 3012 1242 3078 expe-
1304 3061 1308 3073 ,

121 3100 262 3166 rimento
282 3099 500 3166 relucentibus
519 3101 683 3167 abstrahat
705 3101 750 3178 id,
771 3101 860 3185 quod
884 3100 989 3167 simile
1013 3111 1045 3168 et
1064 3118 1241 3167 commune

120 3216 173 3273 est
190 3206 223 3272 in
240 3206 319 3285 illis,
340 3206 457 3275 relictis
475 3208 664 3274 differentiis
683 3228 719 3273 ac
738 3207 959 3275 varietatibus.
982 3208 1020 3275 Et
1040 3209 1086 3274 sic
1104 3208 1240 3274 tandem

117 3316 288 3402 jungendo
307 3333 364 3400 per
381 3322 490 3380 actum
507 3314 615 3399 judicii
634 3314 793 3381 terminos
812 3316 990 3383 abstractos
1010 3336 1028 3380 a
1047 3334 1107 3383 sua
1125 3315 1242 3382 indivi-

121 3422 292 3498 duatione,
313 3440 412 3506 quam
431 3420 594 3487 habebant
612 3421 645 3487 in
664 3421 910 3507 experimentali
932 3422 1138 3508 cognitione,
1157 3423 1241 3489 obti-

123 3540 216 3597 netur
235 3530 480 3613 pronuntiatum
501 3530 680 3595 universale
698 3549 735 3595 ac
755 3530 971 3596 necessarium
987 3529 1081 3615 primi
1095 3529 1240 3615 cujusvis

123 3634 278 3722 principii.
305 3636 374 3702 lloc
392 3645 485 3721 pacto
511 3636 625 3703 videns
653 3637 686 3701 in
717 3636 942 3723 experimento
970 3642 1065 3703 totum
1092 3636 1147 3703 boc
1169 3655 1240 3704 esse

123 3744 229 3827 majus
246 3742 356 3829 quavis
373 3762 413 3809 ex
430 3743 511 3809 bisce
536 3744 605 3810 suis
629 3744 791 3829 partibus,
812 3753 844 3809 et
864 3744 1012 3811 similiter
1030 3748 1129 3810 totum
1146 3744 1239 3821 illud,

122 3861 156 3919 et
181 3850 264 3918 illud
285 3852 376 3918 alirtd
402 3861 479 3934 etc.;
501 3851 653 3919 abstraho
681 3851 839 3919 rationem
868 3854 1054 3937 generalem
1084 3852 1178 3919 totius
1205 3871 1242 3918 ac

119 3959 236 4042 partis,
253 3967 286 4024 et
303 3958 526 4025 universaliter
545 3976 653 4025 assero
672 3958 722 4035 id,
738 3961 828 4043 quod
847 3959 1078 4044 particulariter
1091 3960 1125 4026 in
1144 3960 1243 4046 pluri·
1272 4027 1275 4033 ,

123 4068 185 4133 bus
202 4064 377 4133 individuis
395 4066 601 4133 renuntiabat
625 4066 840 4151 experientia,
861 4075 1033 4152 propterea
1056 4068 1162 4150 quod,
1183 4067 1243 4133 ltac

124 4175 333 4258 praelucente,
360 4172 558 4240 sufficienter
585 4182 721 4257 penetro
745 4174 812 4241 vim
833 4174 1067 4251 terminorum,
1095 4183 1243 4241 mutuas·

126 4311 376 4325 m—

157 4371 196 4435 (1)
232 4366 307 4426 Vide
319 4366 420 4436 Arist..
431 4367 482 4426 lib.
495 4375 536 4425 a·
544 4369 714 4435 Posterior„
726 4388 787 4440 cap.
806 4368 848 4427 18.
860 4366 923 4427 Cir.
935 4366 975 4428 ib.
989 4366 1023 4428 S.
1038 4368 1107 4439 Th,
1120 4368 1186 4428 lect.
1197 4388 1242 4438 ao,

124 4476 236 4532 paragr.
257 4460 283 4527 i,
299 4456 329 4527 lt,
346 4458 367 4527 1,
382 4476 409 4531 q,
423 4478 469 4525 m,·
484 4470 513 4517 et
526 4457 575 4525 lib,
595 4478 619 4528 r,
634 4458 773 4533 Metapa,
797 4457 860 4517 lect.
884 4478 908 4528 1,
924 4476 1040 4532 paragr.
1056 4478 1090 4527 c,-
1105 4471 1135 4519 et
1149 4458 1199 4517 lib.
1215 4478 1243 4531 4,

123 4550 185 4607 leet.
199 4548 231 4619 6,
247 4566 362 4621 paragr.
379 4548 413 4616 b,·
427 4560 457 4605 et
473 4559 513 4621 3.⁰
525 4547 595 4607 dist.
614 4568 660 4622 14,
672 4570 698 4605 a.
712 4570 742 4622 3,
758 4548 847 4607 solui.
857 4559 913 4619 νς
927 4548 1041 4618 Mauri,
1057 4546 1248 4622 Parepltrast'

123 4639 152 4696 in
170 4638 219 4696 lib.
242 4658 271 4707 a,
292 4639 418 4705 Postea,
441 4658 466 4697 c.
491 4659 533 4709 ιι,
553 4650 583 4698 et
603 4637 857 4699 commentatores
877 4638 954 4699 alios
975 4636 1087 4713 passim
1100 4637 1195 4699 ialib.
1215 4658 1246 4723 a,

121 4731 244 4801 Postea,
257 4748 283 4789 c.
301 4728 342 4787 18.
