3492 5525
574 492 632 574 iqb
760 491 887 558 Looica
908 452 1158 558 Minore-Diem
1185 505 1227 556 i.·
1249 491 1327 556 Cae.
1350 507 1423 576 ,μω

531 685 565 744 et
583 677 624 744 de
642 677 703 744 illis
716 677 853 745 seorsim
870 676 1074 744 enuntiando
1092 677 1178 743 idem
1199 673 1429 761 praedicatum,
1450 675 1477 740 si
1490 691 1600 741 serino
1615 673 1655 738 sir

532 786 574 851 de
601 786 739 872 subjecti
769 785 1010 871 suppositione.
1038 784 1082 849 lta
1112 781 1370 868 propositionem
1398 783 1497 849 hanc:
1528 780 1656 865 Aliquis

532 893 619 958 bomo
631 895 757 975 peccat,
778 892 956 978 explicabis
971 892 1037 959 sic:
1058 891 1140 974 Ergo
1156 893 1209 957 vel
1224 890 1274 956 bic
1291 890 1379 956 bomo
1392 892 1515 974 peccat,
1537 888 1588 954 vel
1604 888 1656 952 ille

532 999 619 1064 bomo
634 1003 756 1082 peccat,
779 1008 812 1064 et
825 1000 870 1065 ita
889 1017 1003 1084 porro,
1020 999 1205 1084 divagando
1224 1016 1282 1082 per
1303 1015 1421 1064 omnes
1441 997 1577 1062 omnino
1599 995 1657 1060 bo-

533 1106 655 1172 mines:
677 1108 703 1172 si
718 1105 792 1189 quis
806 1107 895 1172 enini
915 1105 1138 1180 omitteretur,
1165 1107 1247 1170 forte
1262 1104 1314 1170 ille
1333 1106 1401 1189 ipse
1416 1106 1513 1179 foret,
1529 1103 1571 1167 de
1589 1119 1657 1184 quo

533 1211 718 1279 verificatur
734 1214 930 1298 propositio,
946 1213 1071 1280 caeteris
1086 1231 1152 1278 non
1168 1212 1392 1297 peccantibus.
1410 1210 1443 1276 Si
1460 1229 1537 1277 vero
1551 1209 1658 1294 agitur

533 1322 574 1386 de
593 1321 819 1405 suppositione
833 1321 1027 1406 disjunctiva
1042 1321 1221 1405 praedicati,
1242 1329 1373 1406 oportet
1386 1320 1427 1385 de
1444 1336 1510 1384 uno
1524 1319 1660 1384 eodem-

533 1447 599 1511 que
612 1428 760 1512 subjecto
775 1428 947 1512 praedicare
961 1427 1149 1513 singillatim
1165 1427 1314 1493 inferiora
1328 1425 1458 1493 termini
1472 1425 1659 1491 communis

532 1535 725 1619 disjunctive
746 1521 917 1601 recensita.
939 1555 972 1599 v.
998 1554 1033 1618 g.
1053 1534 1166 1600 Petito
1184 1538 1231 1600 esi
1245 1534 1348 1610 borno,
1379 1534 1574 1599 resolvetur:
1599 1532 1660 1597 Pe-

533 1645 603 1708 trus
620 1646 669 1707 est
684 1643 735 1708 vel
754 1640 802 1706 bic
821 1642 908 1706 bomo
927 1643 979 1707 vel
998 1645 1047 1708 est
1061 1641 1114 1706 illc
1131 1640 1219 1706 boitro
1237 1648 1302 1706 etc.

601 1750 723 1816 Exinde
742 1767 821 1814 vero
850 1757 955 1832 patet,
984 1748 1154 1831 quomodo
1174 1748 1319 1814 facienda
1345 1747 1387 1814 sit
1406 1745 1560 1814 resolutio
1575 1747 1661 1830 ejus-

534 1859 610 1924 dem
644 1857 884 1942 suppositionis
911 1855 1116 1942 disjunctive
1140 1874 1197 1940 per
1224 1873 1410 1921 ascensum.
1446 1854 1659 1937 Quamquam

534 1972 585 2030 est
599 1965 669 2028 baec
688 1962 869 2028 differentia
885 1963 968 2028 inter
988 1964 1124 2029 moduni
1141 1981 1295 2028 ascensus
1310 1981 1346 2026 ac
1356 1963 1551 2035 descensus,
1568 1961 1661 2044 quod
1725 2007 1726 2054 q

534 2072 567 2137 in
586 2089 723 2137 ascensu
744 2088 810 2136 non
829 2079 961 2154 oportet
989 2088 1181 2136 enumerare
1205 2069 1317 2135 omnia
1335 2068 1501 2145 inferiora,
1522 2078 1558 2133 ut
1572 2069 1663 2133 colli·
1725 2059 1726 2100 ¹

534 2186 629 2260 gatur
643 2178 829 2242 communis
844 2177 1028 2262 suppositio
1044 2176 1252 2262 disjunctiva.
1269 2176 1320 2242 Ad
1336 2179 1397 2242 hoc
1413 2177 1518 2253 enim,
1533 2187 1569 2244 ut
1585 2195 1663 2260 pos-

535 2283 598 2350 sim
622 2279 784 2350 affirmare
809 2285 953 2368 aliquem
982 2285 1151 2350 hominem
1177 2303 1248 2350 esse
1272 2284 1400 2358 album,
1426 2281 1546 2350 sufficit
1571 2285 1664 2349 utin

537 2393 632 2458 Petro
666 2392 921 2476 deprehendam·
939 2392 1140 2466 albedinem,
1171 2409 1230 2456 nec
1258 2399 1388 2476 oportet
1411 2391 1471 2456 alia
1506 2398 1662 2474 praeterea

536 2498 722 2564 examinare
740 2507 838 2583 atque
856 2517 1027 2564 assumere
1045 2499 1223 2564 individua.
1725 2575 1726 2584 ἵ

601 2604 670 2685 Jam
694 2605 880 2690 suppositio
908 2607 1043 2672 confusa
1065 2624 1124 2671 seu
1142 2606 1302 2690 disJuncta
1330 2606 1502 2672 resolvitur
1530 2623 1586 2689 per
1605 2605 1664 2669 de·

536 2731 689 2780 scensum
709 2713 933 2780 enumerando
953 2711 1102 2779 inferiora
1114 2712 1239 2789 omnia,
1257 2722 1289 2780 et
1304 2714 1345 2780 de
1358 2714 1423 2789 bis,
1439 2730 1504 2779 non
1519 2712 1665 2797 singilla-

536 2821 615 2895 tim,
641 2821 699 2887 sed
717 2820 905 2906 disjunctim
930 2822 1088 2905 sumptiS,
1115 2822 1316 2887 enuntiando
1345 2821 1568 2906 praedicatum.
1590 2820 1664 2885 Hoc

429 2936 436 2965 ¹
483 2936 503 2965 ²⁸
536 2928 637 2993 modo
657 2929 805 2994 resolves
818 2929 918 2993 hanc:
942 2928 1061 3013 Aliqua
1074 2935 1181 3011 penna
1199 2928 1370 3012 requiritur
1387 2931 1431 2993 ad
1448 2928 1663 3001 scribendum,

347 3076 373 3108 ve
390 3006 441 3107 «ΞΓ
492 3091 499 3107 .
536 3032 599 3100 sic:
619 3036 695 3101 Haec
715 3036 765 3100 vel
785 3035 859 3110 illa,
886 3036 935 3099 vel
950 3036 1016 3101 ulia
1035 3044 1117 3111 etc,
1135 3036 1307 3119 requiritur
1325 3037 1365 3102 ad
1384 3036 1607 3103 scribendum.
1627 3034 1666 3099 Et

537 3140 619 3208 ratio
634 3152 696 3217 est,
714 3142 791 3225 quia
803 3143 846 3208 de
861 3143 950 3208 nulla
965 3161 1071 3226 penna
1087 3142 1270 3227 verificatur
1285 3144 1317 3209 in
1333 3142 1515 3227 particulari
1530 3160 1565 3207 ac
1579 3142 1668 3207 defi-

538 3249 621 3324 nite,
642 3249 733 3334 quod
756 3248 798 3315 sit
819 3249 859 3314 ad
880 3249 1088 3316 scribendum
1110 3248 1378 3326 necessaria,sed
1397 3250 1514 3316 dehac
1538 3250 1588 3315 vel
1610 3250 1666 3315 illa

536 3356 787 3423 indeterminate
805 3358 889 3422 etin
913 3358 1062 3427 confuso.
1084 3356 1265 3442 Solumque
1284 3367 1393 3442 potest
1412 3359 1480 3423 haec
1511 3358 1669 3441 supposi-

488 3463 492 3473 “
536 3463 582 3529 tio
598 3462 754 3529 verificari
773 3464 988 3529 determinate
1004 3464 1120 3530 inuno
1138 3484 1180 3531 ex
1199 3464 1403 3531 inferioribus
1421 3463 1454 3529 in
1473 3463 1665 3551 hypothesi,

536 3570 627 3653 quod
647 3569 770 3653 reliqua
788 3570 977 3637 deficerent.
999 3570 1113 3654 Neque
1132 3570 1221 3637 enim
1244 3572 1394 3655 equusA
1414 3570 1587 3655 requiritur
1606 3572 1669 3637 de-

535 3676 628 3743 finite
642 3678 684 3742 ad
702 3678 936 3762 equitandum,
958 3676 1018 3745 nisi
1037 3680 1162 3746 caeteris
1181 3678 1418 3745 deficientibus.

601 3784 790 3870 Suppositio
802 3786 935 3867 simplex
953 3804 1010 3852 seu
1030 3786 1128 3869 logica
1143 3805 1208 3851 non
1225 3787 1344 3871 patitur
1362 3786 1522 3871 ejusmodi
1537 3784 1669 3853 resolu-

534 3893 654 3959 tiones.
675 3892 750 3959 ldeo
774 3901 908 3959 vocatur
930 3892 1111 3970 imniobilis,
1132 3894 1155 3971 i,
1180 3914 1210 3959 e.
1236 3893 1372 3979 incapax
1395 3893 1603 3959 resolutionis
1629 3914 1668 3959 ac

534 3999 722 4067 descensus.
754 4000 864 4086 Atque
890 4001 978 4068 idem
1002 4010 1080 4087 puta
1108 4002 1150 4067 de
1177 4001 1406 4087 suppositione
1435 4000 1590 4086 singulari
1628 4021 1668 4066 ac

536 4107 693 4174 materiali
710 4104 776 4195 (i).

570 4356 612 4429 (ι)
649 4356 737 4416 Plura
750 4357 788 4417 de
801 4356 848 4419 hie
861 4356 975 4416 dabunt
990 4356 1079 4416 (laed
1094 4356 1200 4427 Tolet.‚
1214 4358 1268 4417 loe.
1283 4357 1344 4426 cit,
1360 4370 1390 4419 et
1405 4358 1439 4417 P.
1460 4352 1667 4429 Joinnbuoa
1723 4316 1724 4352 ἦ

536 4446 657 4523 (logie.
673 4448 793 4519 Minor,
807 4446 884 4520 disp.
900 4466 927 4507 a.
942 4466 967 4506 c.
982 4455 1027 4521 4),
1039 4446 1148 4521 aliique
1161 4448 1251 4521 prisci
1265 4446 1477 4508 Summulistoe.
1511 4472 1515 4480 ·
