3492 5525
240 474 259 554 5
280 473 329 536 lll.
353 473 404 535 De
425 474 660 537 Purnosoeurm
680 492 782 537 onroo
804 492 846 537 ur
867 492 1079 537 nnoonessus
1144 488 1177 555 ις

102 656 226 721 habitus
240 656 335 721 luerit
348 674 491 741 magnus
500 656 737 740 Philosophus,
754 656 908 722 sacerdos
917 667 949 721 et
962 656 1044 725 Rex.
1057 658 1218 723 Eumdem

103 774 168 845 post
184 765 338 847 Moysem
350 764 483 840 vixisse,
502 764 560 829 sed
575 764 671 848 longe
688 774 763 829 ante
777 773 926 847 tempora
946 764 1135 830 Graecorum
1146 766 1220 830 Phi-

103 870 331 953 losophorum,
347 871 443 935 tradit
458 870 490 935 S.
506 870 687 954 Agustinus
702 867 715 957 (
724 868 769 957 r);
788 870 1018 957 AEgyptiosab
1032 871 1219 937 Abrahamo

102 972 197 1042 luisse
219 978 353 1053 doctos,
376 996 453 1043 curn
477 979 510 1042 in
533 976 720 1063 AEgyptum
742 978 902 1060 perrexit,
928 990 1041 1045 auctor
1063 987 1114 1044 est
1129 978 1220 1059 lose·

101 1086 208 1166 phus»
222 1080 286 1171 (2).
305 1084 381 1149 llaec
396 1085 545 1150 Salvator
560 1086 605 1150 Μ.
623 1083 743 1150 Roselli
760 1082 824 1170 (3).

146 1210 196 1255 ιι.
246 1193 330 1258 intra
347 1192 508 1275 Europam
528 1192 696 1275 sapientiae
716 1193 810 1258 laude
829 1193 1015 1258 claruerunt
1035 1194 1067 1259 in
1087 1191 1220 1257 Thracia
1244 1207 1334 1265 Antiqui
1348 1212 1423 1265 lopun

100 1298 269 1374 Zamolsis,
286 1298 341 1381 qui
352 1309 436 1364 teste
450 1297 621 1363 Clemente
636 1300 731 1363 Alex.
748 1294 803 1385 (4)
819 1317 906 1364 unus
921 1310 990 1365 erat
1005 1319 1046 1365 ex
1059 1298 1221 1365 lamiliari·
1288 1278 1388 1336 Eum*

100 1408 157 1471 bus
171 1408 386 1491 Pythagorae3
402 1407 435 1471 in
447 1404 578 1490 Scythia
589 1406 800 1481 Anacharsis,
813 1408 933 1487 qui,ut
943 1407 1040 1472 habet
1052 1407 1138 1471 idem
1149 1406 1221 1471 Cle·

100 1527 191 1578 mens
200 1510 266 1599 (5),
278 1512 429 1578 scribitur
443 1512 630 1578 Graecorum
643 1513 754 1579 multis
765 1514 992 1580 antecelluisse
1002 1513 1218 1598 Philosophis;

99 1622 128 1684 in
158 1620 264 1685 Gallia
292 1618 421 1685 Druidae
443 1616 510 1705 (6);
538 1619 571 1685 in
601 1619 754 1704 Hispania
779 1620 955 1686 Turdetani
985 1618 1052 1707 (7);
1079 1623 1111 1687 in
1135 1621 1220 1687 ltalia

99 1728 220 1794 Etrusci
243 1736 275 1791 et
296 1726 394 1792 Siculi
415 1722 480 1812 (8).
503 1727 657 1796 Fatemur,
672 1737 783 1791 tamen
802 1746 879 1793 cum
900 1729 1058 1813 Angelico
1082 1727 1222 1793 Doctore
1285 1804 1289 1809 q

99 1834 242 1917 priorum
258 1835 387 1899 illorum
407 1833 602 1916 sapientium
625 1833 865 1917 Philosophiam
889 1835 1053 1919 (exceptis
1077 1835 1221 1901 liebraeis

98 1942 185 2007 iniis
208 1942 407 2025 praesertim,
432 1958 506 2023 quae
526 1940 566 2005 ad
586 1939 790 2024 Religionem
810 1942 902 2007 etad
923 1960 1032 2007 mores
1052 1926 1220 2032 spectant)

98 2050 196 2114 luisse
212 2050 305 2114 valde
324 2048 567 2131 imperfectam,
590 2048 803 2131 plurimisque
822 2050 1020 2132 implicatam
1044 2051 1217 2117 erroribus.

98 2156 218 2223 «Sicut
239 2156 327 2221 enim
351 2154 441 2239 pueri
465 2156 505 2219 de
531 2172 617 2219 novo
636 2154 723 2237 loqui
743 2156 952 2239 incipientes,
973 2158 1163 2241 imperfecte
1187 2168 1220 2222 et

97 2264 310 2329 balbutiendo
330 2264 528 2345 loquuntur3
552 2261 596 2325 ita
615 2261 820 2345 Philosophia
844 2264 988 2347 priorum
1006 2265 1234 2349 Philosopho-.

99 2390 167 2435 rum
186 2372 256 2436 visa
271 2378 322 2435 est
337 2368 548 2434 balbutiendo
559 2377 590 2434 et
601 2370 789 2452 imperiecte
799 2370 839 2433 de
850 2371 1006 2437 omnibus
1019 2372 1135 2453 loqui»
1151 2370 1218 2459 (9).

97 2478 172 2543 llaec
188 2480 307 2544 iterum
326 2477 444 2543 Roselli
458 2474 471 2562 (
487 2474 551 2561 ιο).

144 2604 197 2649 12.
247 2584 311 2649 Sed
345 2585 516 2649 veniamus
539 2584 607 2667 jam
635 2582 675 2647 ad
699 2582 873 2660 Graeciam,
902 2603 978 2667 quae
1001 2586 1075 2651 licet
1098 2586 1219 2665 serius,
1299 2598 1376 2648 cr...
1419 2611 1422 2618 ·

96 2712 196 2775 quarn
211 2692 263 2757 alii
277 2692 405 2777 populi,
423 2711 464 2756 ex
479 2690 600 2774 quibus
614 2708 680 2757 non
692 2709 793 2775 pauca
808 2692 952 2776 primum
966 2691 1115 2759 didicisse
1129 2696 1219 2762 vide·

97 2811 147 2866 tur
161 2800 192 2886 (r
206 2799 251 2886 r),
268 2802 309 2865 ad
324 2799 619 2883 philosophandum
635 2798 786 2875 accessit,
804 2801 901 2884 longe
918 2813 1029 2867 tamen
1041 2803 1112 2868 illos
1127 2823 1223 2888 supe·

97 2910 176 2973 ravit
197 2927 234 2973 ac
261 2925 341 2972 mox
356 2907 510 2990 magistra
529 2905 670 2989 primum
695 2903 827 2984 Romae,
845 2908 960 2972 deinde
976 2925 1033 2992 per
1047 2911 1219 2994 imperium

129 3069 173 3132 (ι)
211 3066 279 3124 Lib.
299 3067 331 3122 18
345 3067 380 3122 dc
397 3065 485 3124 Ciuil.
504 3065 574 3132 Dei,
590 3085 651 3135 cap.
670 3085 713 3136 39.

129 3161 172 3220 (2)
211 3155 476 3227 AntiquilJudaic.
493 3153 540 3211 lib.
561 3173 584 3222 r,
600 3174 663 3224 cap.
683 3155 723 3210 16.

129 3249 181 3315 (3)
220 3245 245 3302 F
247 3265 271 3302 r.
287 3243 449 3301 Salvatoria
465 3241 528 3300 ll·
546 3243 668 3309 Roselli,
685 3240 718 3299 S.
732 3242 833 3301 Theol.
847 3244 982 3317 Magistri
994 3245 1066 3304 Ord.
1079 3246 1218 3308 Praedica·

96 3349 194 3392 torum
221 3333 343 3392 Summa
356 3333 562 3408 philosophica
580 3332 617 3390 ad
637 3341 757 3390 mentem
772 3333 885 3409 Angcl.
905 3336 1042 3393 Doctoris
1056 3336 1089 3394 S.
1108 3339 1222 3397 Tlomae

96 3426 242 3496 nquinat.
260 3422 333 3494 Log.
350 3435 420 3480 tom.
438 3442 447 3477 r
465 3434 567 3492 quaest.
588 3441 611 3488 1,
628 3433 683 3479 art.
698 3440 726 3494 4.
742 3431 783 3478 n.⁰
799 3423 843 3494 38.

128 3515 172 3584 (4)
211 3512 389 3570 stromatum
404 3511 455 3568 lib.
469 3531 497 3582 4.

129 3607 177 3674 (ς)
215 3601 324 3659 Strom.
341 3599 391 3658 lib.
409 3621 433 3657 1.
559 3591 562 3597 ¹

129 3695 170 3756 (6)
212 3691 258 3747 De
272 3689 379 3760 quibus
393 3688 432 3747 ita
447 3687 479 3746 S.
496 3688 640 3746 Tholnas:
666 3687 764 3757 «Quia
784 3690 917 3750 futurum
936 3708 1015 3765 crat,
1036 3695 1113 3755 utin
1129 3697 1224 3756 Gallia

20 3811 22 3818 ·
96 3779 266 3838 Christiani
285 3778 454 3837 sarcerdotii
468 3779 627 3850 plurimum
636 3777 746 3850 vigeret
758 3779 877 3853 religio,
888 3782 1030 3843 divinitus
1044 3799 1089 3844 est
1102 3786 1225 3858 permis-

95 3891 177 3934 sum,
196 3883 232 3927 ut
246 3869 333 3927 etiarn
350 3869 427 3938 apud
457 3867 557 3926 Gallos
571 3867 705 3940 gentilcS,
725 3870 904 3940 sacerdotes,
927 3893 1002 3944 quos
1023 3875 1152 3935 Druidas
1173 3897 1225 3935 no·

97 3960 263 4026 minabant,
285 3957 376 4015 totius
400 3957 501 4014 Galliae
522 3958 568 4028 ius
589 3956 754 4026 definirent,
778 3971 811 4015 ut
832 3959 919 4019 refert
940 3962 1039 4030 Julius
1062 3965 1171 4024 Caesar
1195 3967 1225 4024 in

96 4051 187 4116 libro,
212 4067 300 4118 quarn
321 4047 358 4104 de
379 4047 460 4105 Bello
479 4047 582 4120 gallico
602 4046 750 4118 scripsit.»
767 4044 800 4104 S.
815 4047 921 4109 Thom.
938 4051 1048 4124 Opusc.
1068 4074 1120 4124 ao,
1142 4056 1193 4113 lib.
1212 4077 1222 4113 r

96 4159 159 4210 cap.
181 4159 224 4210 ¹4·

130 4234 173 4301 (7)
215 4226 292 4284 Vide
307 4225 339 4283 S.
357 4227 461 4298 Agust.
480 4225 517 4284 de
532 4227 623 4286 civit.
642 4226 711 4298 Dei,
729 4228 778 4288 lib.
794 4229 826 4298 8,
843 4250 905 4301 cap.
919 4250 938 4303 9
951 4244 979 4290 et
994 4231 1034 4289 ibi
1048 4234 1148 4293 adnot.
1165 4233 1226 4292 Lu-

96 4317 197 4374 dorici
214 4315 314 4374 Vives.

130 4407 179 4472 (8)
221 4405 284 4464 cfr.
300 4405 394 4464 Clem.
410 4406 566 4465 Alexandr.
584 4407 724 4469 Strumat.
741 4411 791 4468 lib.
811 4431 834 4469 r.

131 4503 187 4568 (9)
228 4495 261 4553 S.
276 4495 382 4553 Thom.
400 4495 449 4554 lib.
470 4517 480 4554 r
498 4497 624 4572 Malaplr.
641 4501 705 4560 lect.
724 4521 755 4574 ¹7
771 4500 821 4558 fin.

131 4591 143 4654 (
153 4591 200 4650 ro)
238 4585 329 4656 oper.
345 4598 374 4643 et
390 4585 442 4642 loc.
458 4587 506 4644 cit.
525 4608 554 4646 n.
569 4607 614 4661 40.

131 4681 194 4740 (rr)
235 4674 298 4734 Cir.
313 4675 403 4734 Card.
416 4674 575 4745 Gooaalez,
597 4678 654 4750 Op.
678 4692 706 4738 et
727 4679 781 4738 loc.
803 4678 851 4739 cit.
869 4698 985 4753 paragr.
1001 4681 1036 4738 26
1050 4701 1079 4753 p.
1093 4702 1128 4754 92
1143 4701 1225 4753 seqq.

97 4765 167 4824 edit.
187 4764 301 4824 Matrit.
322 4766 400 4823 1886.
