3492 5525
260 436 378 501 Asrrc.
397 453 458 520 4¹¹⁸
472 438 522 501 An
537 456 671 503 nortem
687 456 730 503 or:
744 456 855 503 uourr.
869 456 1010 515 conseo.
1029 457 1101 504 erc.
1145 434 1200 522 831
1225 478 1228 488 ·

186 619 333 703 Denique
363 619 492 686 bonitas
520 622 763 705 consequentiae
792 620 947 707 cognosci
972 630 1080 706 potest
1107 621 1157 686 vel
1187 639 1244 705 per
1312 632 1404 681 marr..

118 737 228 793 actum
246 724 375 814 judicii,
396 727 447 792 vel
468 735 650 811 peractum
669 728 949 813 apprehensionis.
971 729 1080 811 ltaque
1095 729 1185 812 quod
1203 730 1244 795 ad
1277 709 1441 834 ᾝζῇζῗ
1508 766 1513 782 .

117 834 319 901 inferendam
335 834 579 900 conclusionem
598 836 815 901 necessarium
835 834 985 903 absolute
999 855 1036 901 ac
1050 854 1108 920 per
1125 854 1161 901 se
1177 855 1242 901 non
1257 853 1361 906 omma
1377 862 1454 907 „aaa
1529 861 1534 870 ·

117 944 159 1008 sit
174 941 338 1028 ‚judicium
368 943 409 1007 de
436 942 580 1009 bonitate
604 943 866 1027 consequentiae,
894 944 1168 1011 communissima
1192 952 1244 1009 est
1318 958 1397 1017 inquo

117 1049 278 1117 sententia
296 1068 371 1116 cum
395 1048 717 1117 Conimbricensibus
735 1047 799 1138 (t),
824 1049 944 1117 Soarez
967 1047 1033 1139 (a),
1053 1050 1095 1116 de
1113 1032 1456 1149 &nedisffiiiznia

117 1156 178 1225 ctis
193 1154 260 1246 (3),
283 1158 414 1225 Rhodes
432 1154 500 1245 (4),
522 1158 661 1259 Lossada
681 1155 749 1247 (5),
769 1156 916 1233 liunado
932 1154 1003 1247 (6),
1024 1157 1157 1245 Arriaga
1177 1154 1241 1245 (7),

117 1265 244 1331 Oviedo
260 1261 323 1353 (8),
346 1264 490 1331 Antonio
509 1266 602 1353 Mayr
620 1263 672 1354 (9)
691 1266 838 1350 aliisque.
859 1264 933 1331 Non
954 1285 1033 1333 vero
1051 1266 1095 1331 ita
1112 1273 1244 1333 constat
1317 1279 1395 1337 innuo

117 1375 205 1459 apud
228 1382 394 1449 auctores,
412 1391 493 1439 num
513 1374 628 1440 saltem
652 1374 833 1457 requiratur
855 1374 1072 1460 apprehensio
1101 1373 1242 1457 simplex
1290 1348 1421 1405 ΜΝ·

117 1480 271 1547 bonitatis
298 1482 554 1563 consequentiae.
592 1480 742 1547 Affirmat
771 1480 923 1567 Arriaga,
957 1486 1081 1565 negant
1106 1481 1241 1558 Soarez,

117 1589 299 1665 Hurtadus,
320 1588 467 1664 Oviedo‚
488 1590 581 1675 Mayr
597 1599 631 1655 et
647 1589 710 1655 alii.

161 1766 239 1833 224.
288 1748 366 1816 Dico
390 1749 452 1815 1.⁰.
501 1758 580 1817 Non
609 1764 663 1817 est
679 1773 741 1834 per
759 1774 798 1817 se
821 1757 1017 1819 necessaria
1034 1755 1181 1833 cognitio
1199 1754 1243 1819 de

116 1856 533 1941 bonitate'consequentiae
542 1862 697 1924 socrualis
707 1862 750 1925 ad
759 1863 961 1925 eliciendam
970 1862 1239 1925 conclusionem.

184 2024 285 2086 Prob.
307 2015 393 2093 Quia
410 2036 504 2083 secus
521 2019 609 2084 nulla
628 2016 793 2084 conclusio
812 2017 882 2085 erui
906 2025 1017 2102 posset
1036 2037 1077 2085 ex
1096 2018 1244 2102 praemis·
1302 2030 1411 2079 seruam

117 2126 181 2203 sis,
201 2126 274 2192 sine
293 2126 409 2191 actuali
425 2124 599 2191 reflexione
613 2125 653 2190 ad
669 2126 796 2211 regulas
808 2126 883 2191 artis
898 2124 1010 2211 logicae
1025 2126 1106 2192 circa
1120 2136 1241 2192 rectam
1275 2102 1435 2223 ‘ffiiffif

117 2232 368 2317 dispositionem
408 2233 622 2298 terminorum
662 2234 816 2317 legesque
848 2234 945 2299 bonae
982 2231 1239 2317 consequentiae.
1308 2247 1400 2293 videtur.

116 2338 217 2423 Atqui
244 2342 306 2407 hoc
329 2351 378 2408 est
402 2350 514 2407 contra
542 2340 772 2423 experientiam
793 2339 825 2405 in
855 2337 909 2415 iis,
931 2339 987 2424 qui
1008 2339 1159 2425 Logicam
1178 2341 1242 2407 cal-

115 2449 201 2524 lent,
223 2466 310 2532 saepe
329 2446 417 2513 enim
439 2448 669 2515 ratiocinantur
688 2449 757 2515 sine
776 2447 894 2514 actuali
909 2448 1107 2515 advertentis
1121 2449 1242 2533 logico-

115 2574 188 2621 rum
209 2567 466 2641 praeceptorum,
493 2566 526 2621 et
545 2556 677 2640 insuper
704 2557 781 2623 artis
800 2556 914 2641 logicae
933 2556 1066 2641 ignaros
1092 2557 1240 2622 redderet

114 2666 314 2749 impotentes
338 2664 379 2731 ad
407 2664 664 2730 ratiocinandum
692 2650 1005 2748 conclusionemque
1032 2664 1131 2730 ullam
1158 2664 1241 2729 inte·

115 2771 267 2848 rendam,
287 2791 362 2838 cum
381 2781 492 2839 tamen
508 2772 626 2856 passim
644 2771 814 2838 videamus
831 2772 999 2849 homines,
1014 2773 1070 2856 qui
1087 2772 1238 2856 logicam

115 2898 285 2964 nunquam
303 2883 504 2956 salutarunt,
526 2881 690 2946 discursus
710 2880 1077 2963 demonstrationesque
1096 2880 1238 2955 efficere,

113 3009 147 3054 v.
168 3007 203 3073 g.
226 2988 258 3054 in
278 2986 414 3054 Mathesi
435 2997 534 3072 atque
553 2987 585 3053 in
602 2987 670 3053 aliis
687 2985 828 3054 materiis
843 2983 930 3075 (ro).

181 3095 253 3160 Dixi
272 3095 304 3162 in
320 3095 555 3179 propositione,
576 3094 797 3179 cognitionem
817 3095 858 3160 de
877 3095 1024 3161 bonitate
1035 3112 1241 3178 consequen·

113 3203 166 3268 tiae
187 3203 329 3270 lormalis
342 3209 403 3285 per
418 3222 451 3268 se
470 3203 684 3269 necessariam
706 3221 771 3270 non
797 3220 884 3277 esse,
906 3203 982 3285 quia
1001 3209 1112 3286 potest
1134 3221 1238 3285 quan-

113 3313 224 3394 doque
261 3310 438 3378 necessaria
466 3328 539 3377 esse
577 3328 633 3394 per
669 3309 818 3376 accidens
856 3310 980 3376 ratione
1016 3308 1237 3393 dispositionis

112 3417 328 3485 terminorum
358 3415 570 3495 obscurioris,
601 3424 637 3483 ut
663 3416 779 3483 accidit
803 3417 834 3481 in
863 3417 977 3502 figuris
1002 3415 1183 3493 indirectis,
1204 3417 1237 3482 in

17 3517 21 3526 ’
112 3525 233 3609 quibus
257 3525 421 3592 interdum
447 3543 512 3591 non
547 3525 625 3590 satis
655 3531 789 3608 apparet
821 3523 977 3591 identitas
1012 3531 1236 3590 extremorum

111 3633 330 3701 conclusionis
347 3633 417 3698 sine
437 3631 612 3698 reflexione
631 3632 671 3697 ad
692 3633 821 3717 regulas
841 3632 919 3697 artis
937 3631 1063 3715 logicae.

147 3833 187 3896 (r)
226 3827 288 3886 Lib.
303 3849 326 3886 ι.
343 3829 467 3896 Postea,
483 3845 545 3898 cap.
566 3847 589 3898 r,
606 3845 635 3898 q.
653 3847 678 3896 3,
693 3847 718 3884 a.
737 3843 762 3899 ς.

147 3922 188 3990 (a)
226 3920 342 3994 Logia,
357 3928 441 3975 tract.
454 3917 487 3986 6,
502 3915 579 3987 disp.
596 3936 626 3982 2,
643 3928 712 3974 sect.
729 3937 755 3985 3.

146 4013 186 4076 (3)
223 4007 341 4084 Logia„
359 4005 408 4064 lib.
423 4025 453 4078 q,
471 4024 500 4079 q.
520 4027 548 4074 r,
564 4025 626 4076 cap.
646 4026 674 4076 4.

146 4103 187 4170 (4)
223 4098 341 4154 Pictos.
355 4098 462 4170 μή).
474 4095 522 4152 tib.
542 4115 570 4164 a,
586 4094 662 4167 disp.
677 4111 710 4168 4,
726 4094 923 4166 quassante.
939 4107 1010 4153 sect.
1027 4115 1063 4168 4,
1079 4113 1193 4167 paragr.
1212 4115 1235 4153 r.

147 4193 187 4254 (ς)
224 4187 309 4260 Log,
330 4197 414 4243 tract.
429 4185 465 4250 6.·
477 4184 552 4256 disp.
571 4205 599 4254 ι,
614 4203 677 4256 cap.
697 4205 721 4256 3.

146 4278 187 4344 (6)
224 4273 308 4347 Disp.
323 4297 349 4348 7,
364 4273 400 4332 de
414 4274 525 4343 Anam,
540 4286 609 4332 sect.
623 4292 647 4346 5.

147 4371 187 4439 (7)
224 4367 309 4443 Lug„
326 4363 538 4436 disp.3,sect.
557 4386 582 4434 3.

146 4453 187 4521 (8)
223 4455 311 4530 Log.,
327 4451 466 4512 Controv.
482 4474 515 4525 9,
529 4465 630 4525 punct.
650 4473 678 4521 ι,
694 4473 724 4511 ιι.
740 4472 768 4526 4.

147 4550 188 4618 (9)
223 4544 312 4619 Log„
323 4543 401 4622 disp.
415 4544 448 4609 6,
465 4561 494 4614 q.
513 4563 542 4612 1,
558 4554 614 4600 art.
633 4563 656 4599 r.

146 4639 207 4707 (rol
243 4631 319 4691 Vide
332 4631 475 4703 Lossada,
488 4633 541 4690 loc.
557 4633 606 4690 cit.
622 4645 652 4690 et
665 4633 780 4708 Logia,
796 4645 881 4692 tract.
898 4653 922 4702 r,
937 4633 1106 4707 prooemiaii
1117 4632 1193 4706 disp.
1211 4651 1236 4705 r,

107 4743 172 4798 cap.
189 4743 216 4798 7.
232 4721 281 4782 ubi
296 4722 359 4782 fuse
372 4722 409 4780 de
423 4722 476 4780 hac
492 4740 539 4792 rea
556 4723 625 4782 Ant.
641 4721 747 4796 Meyn,
764 4723 816 4782 loc.
833 4721 883 4782 cit.
899 4743 931 4782 o.
945 4741 1011 4796 92²·
