3492 5525
571 499 632 580 964
686 498 811 562 Locren
826 478 1058 571 MsJon-Ltu.
1075 512 1146 574 μ’,
1169 496 1261 560 Drse.
1276 510 1321 578 4·
1335 495 1416 558 Cre.
1433 510 1508 558 aum

532 683 577 746 od
601 683 732 746 mentem
754 680 896 746 Ecclesia
914 680 1067 746 intellecto
1093 680 1143 744 oet
1171 678 1307 760 exposito
1338 695 1402 741 non
1417 674 1578 760 suerunt,
1607 678 1659 739 sed

532 788 715 870 opinionum
737 790 905 853 comounto
930 792 990 869 pro
1017 786 1152 851 rationis
1174 786 1274 868 effatis
1295 780 1526 869 turonens(
1557 782 1586 869 ).

600 895 700 960 Porro
713 896 830 961 eodem
846 895 982 960 docente
1001 892 1239 979 sapientissimo
1254 890 1414 957 Concilio:
1431 890 1545 975 Neque
1562 892 1661 955 solum

321 988 520 1103 ‘mafmssuflrf
534 1002 625 1067 Fides
649 1006 681 1067 et
700 1001 782 1069 ratio
809 1001 893 1067 inter
917 1020 949 1067 sc
971 1000 1122 1066 dissidere
1147 1018 1306 1084 nunquam
1325 1002 1471 1081 possunt,
1501 1000 1564 1061 sed
1580 1003 1663 1079 open

393 1090 448 1173 (ιι
532 1128 651 1193 qnoque
667 1109 729 1175 sibi
745 1113 886 1174 mutuom
894 1108 1023 1194 serunt,
1049 1127 1120 1173 cum
1138 1111 1223 1173 recto
1240 1106 1322 1173 rotro
1344 1105 1432 1170 fidei
1444 1104 1663 1188 fundament:

347 1218 370 1247 ⁸⁶
403 1218 417 1248 ²¹
448 1218 493 1246 ²¹¹·
532 1219 736 1292 demonstret,
756 1220 884 1304 ejusque
907 1218 1024 1282 lumine
1043 1217 1206 1281 -itleutrafo
1227 1233 1333 1281 rerum
1358 1213 1545 1277 divinornm
1566 1214 1664 1276 saer:-

533 1324 609 1389 tiom
626 1325 767 1405 excolot;
786 1324 880 1390 Fuies
899 1342 972 1389 vero
991 1324 1143 1390 rationem
1160 1325 1200 1390 ob
1216 1322 1375 1388 erroribus
1392 1321 1504 1385 liberet
1517 1341 1561 1384 oc
1581 1326 1663 1384 ineo

533 1436 604 1509 tur,
622 1449 750 1515 eanmue
763 1429 932 1514 multiplici
948 1432 1122 1515 cognitione
1141 1429 1309 1515 instruat(
1334 1426 1359 1517 ).

600 1541 756 1604 Praeterea
787 1539 868 1604 ratio
900 1539 931 1603 in
972 1539 1203 1624 philosophicis
1238 1537 1447 1622 potissimum
1482 1536 1662 1620 disciplinis

534 1646 641 1729 plures
654 1656 833 1729 conceptus
847 1648 996 1711 enucleat
1009 1647 1050 1711 ad
1064 1646 1249 1713 divinorum
1266 1646 1459 1729 dogmatum
1475 1642 1662 1728 intelligen-

533 1755 610 1821 tiam
637 1751 851 1831 necessarios,
879 1756 993 1837 quales
1021 1764 1099 1821 sunt
1130 1755 1218 1819 notio
1244 1753 1327 1827 veri,
1348 1752 1436 1829 boni,
1463 1753 1659 1817 substantie.

531 1880 649 1937 cause,
665 1872 729 1930 etc.
746 1862 839 1927 Fides
854 1870 963 1926 autem
984 1863 1093 1946 plures
1112 1863 1227 1927 edocet
1247 1860 1398 1925 veritates
1416 1858 1515 1923 etiam
1536 1860 1660 1924 ordinis

532 1968 703 2046 naturalis,
734 1987 817 2053 quas
851 1969 932 2035 ratio
960 1969 1099 2045 facilius,
1135 1969 1240 2052 posita
1273 1966 1487 2041 revelatione,
1522 1968 1659 2050 probare

532 2084 640 2160 potest
659 2095 696 2141 ac
711 2094 916 2161 propugnare
930 2074 995 2163 (3).

597 2189 712 2251 Dices:
733 2184 833 2261 Quod
857 2202 922 2249 non
949 2192 998 2249 est
1017 2185 1185 2250 conforme
1204 2183 1337 2257 rationi,
1364 2190 1479 2247 contra
1499 2182 1656 2246 rationem

531 2302 594 2359 est.
623 2291 725 2374 Atqui
744 2290 901 2378 mysteria
922 2310 988 2357 non
1015 2300 1092 2357 sunt
1119 2291 1231 2356 rationi
1257 2290 1448 2357 conformia.
1476 2290 1563 2374 Ergo
1583 2303 1657 2355 sunt

531 2408 644 2465 contra
663 2398 835 2465 rationem.

599 2513 703 2589 Resp.
730 2507 805 2571 dist.
828 2508 943 2592 Major.
963 2505 1063 2581 Quod
1082 2524 1147 2572 non
1167 2514 1218 2571 est
1243 2505 1410 2596 conforme
1437 2504 1553 2569 rationi
1581 2524 1654 2587 pure

530 2615 685 2697 negative,
699 2613 776 2698 quia
791 2632 909 2698 nempe
926 2614 1004 2679 ratio
1020 2613 1097 2678 illud
1113 2613 1243 2698 proprio
1259 2621 1360 2677 marte
1375 2630 1441 2677 non
1457 2613 1651 2695 assequitur,

530 2740 602 2806 neg.
623 2721 721 2799 Quod
740 2740 806 2788 non
826 2730 876 2787 est
894 2722 1061 2788 conforme
1075 2721 1224 2803 positive,
1244 2738 1302 2786 seu
1320 2722 1409 2804 quod
1434 2720 1575 2806 positive
1598 2720 1653 2784 dif-

532 2830 639 2895 forme
658 2838 724 2905 est,
744 2849 832 2898 conc.
958 2897 961 2917 ἡ

598 2937 635 3000 Et
650 2937 835 3002 contradist.
857 2935 993 3013 Minori,
1014 2955 1086 3020 neg.
1102 2954 1237 3019 conseq.

596 3043 680 3119 Qsae
707 3063 783 3110 cum
814 3043 856 3108 ita
887 3044 969 3120 sint,
1004 3029 1244 3128 sapientissime
1272 3044 1436 3110 concludit
1471 3043 1647 3110 Concilium

530 3150 723 3216 Vaticanum
745 3152 777 3216 in
797 3153 866 3216 haec
885 3151 1000 3217 verba:
1024 3153 1221 3234 Quapropter
1237 3155 1358 3216 fontum
1379 3153 1479 3227 obesi,
1500 3157 1539 3216 ut
1553 3155 1649 3216 Eutr-

528 3258 577 3322 sio
597 3259 805 3324 humanorum
826 3259 944 3324 artium
971 3277 1008 3323 oc
1031 3259 1271 3340 disciplinarum
1295 3262 1426 3324 culture
1452 3260 1597 3336 obsistat,
1620 3270 1651 3322 ot

530 3366 610 3430 loonc
628 3367 735 3431 multis
753 3367 853 3432 modis
867 3369 961 3452 juset
976 3385 1013 3431 oc
1025 3371 1217 3448 promoveat.
1247 3370 1319 3436 Non
1337 3369 1419 3432 enim
1437 3367 1648 3432 commotioni

529 3473 569 3537 iis
591 3476 635 3538 ad
659 3474 816 3538 hominnm
841 3474 938 3538 or'tom
960 3474 1157 3540 dimanantio
1174 3479 1232 3540 out
1260 3475 1402 3558 ignorat,
1428 3479 1486 3540 out
1511 3474 1645 3556 despicit.-

528 3581 644 3655 fatetur
661 3581 769 3659 imneo,
786 3600 854 3660 eos,
870 3585 1128 3666 quemadmodum
1145 3602 1165 3648 a
1180 3584 1263 3658 Deo,
1283 3583 1483 3649 scientiarum
1504 3583 1644 3654 Domino,

523 3689 663 3772 profecto
680 3693 770 3764 sunt,
790 3690 835 3754 ito
854 3690 885 3754 si
901 3690 962 3755 rite
975 3695 1221 3772 pertractentur,
1242 3693 1286 3756 ad
1303 3692 1420 3768 Deum,
1434 3693 1571 3778 juvante
1587 3693 1646 3776 rjus

525 3798 651 3878 gratio,
666 3798 848 3878 perducere.
874 3801 940 3866 Nec
961 3818 1037 3862 sone
1053 3798 1123 3880 ipso
1140 3802 1239 3876 uetat,
1260 3819 1299 3864 ne
1316 3779 1497 3886 hujusmodi
1512 3799 1647 3880 aucun-

528 3921 596 3980 nae,
617 3904 651 3968 in
670 3922 725 3968 suo
743 3921 870 3988 quoque
893 3907 1027 3982 ambitu,
1047 3905 1184 3988 propriis
1202 3911 1335 3972 utantur
1347 3905 1516 3988 principiis
1536 3911 1647 3988 cipro

523 4011 598 4090 prio
617 4011 755 4075 methodo
761 4031 775 4092 ;
793 4013 849 4076 sed
858 4015 983 4098 justam
1002 4013 1081 4077 hunc
1094 4014 1267 4079 libertatern
1282 4031 1474 4098 agnoscens,
1493 4013 1530 4078 iu
1545 4015 1647 4078 reduto

526 4121 629 4193 cavet,
646 4137 685 4182 ne
695 4118 813 4184 diuino
825 4120 992 4196 doctrino,
1009 4123 1224 4204 repugnando,
1240 4139 1361 4186 errores
1375 4122 1410 4186 in
1423 4139 1456 4185 se
1467 4120 1643 4203 suscipiant.

1400 4317 1411 4352 Ι

561 4421 602 4489 (ι)
639 4421 954 4482 Concilvatiefbid.

563 4515 604 4580 (2)
643 4511 714 4571 lbid.

561 4602 602 4674 (3)
639 4601 715 4657 Vide
730 4599 762 4658 S.
778 4601 846 4671 Th,
863 4601 973 4674 Opusc.
986 4602 1021 4659 de
1034 4603 1137 4663 Trr'nit.
1151 4609 1217 4677 sup.
1229 4603 1379 4672 Boetinm,
1393 4618 1500 4675 quaest.
1517 4625 1542 4672 a,
1557 4618 1609 4661 art.
1620 4625 1640 4670 ς.

525 4686 586 4748 cfr.
606 4697 642 4746 t.‘
655 4689 755 4747 Conlr.
773 4690 867 4760 Genu,
884 4711 944 4762 cap.
960 4692 979 4749 8
995 4704 1023 4749 et
1036 4714 1064 4764 93
1081 4691 1190 4751 Albert.
1207 4691 1261 4762 M,
1279 4691 1396 4766 Prolog.
1412 4693 1525 4774 Sumne.
1542 4695 1639 4759 Theoi..

523 4791 702 4855 primpart.
