3492 5525
518 431 578 516 418
632 431 758 498 Loorca
772 435 1004 524 hinton-Lm.
1025 449 1094 514 ψ,
1110 434 1205 499 Drso.
1224 447 1266 498 r.·
1279 434 1359 500 Can.
1379 449 1451 498 am

861 543 1612 584 ...........“-..............

480 617 694 701 assequendae
713 635 798 683 vere
816 616 1029 702 cognitionis:
1058 617 1092 685 id
1109 618 1201 703 quod
1223 617 1256 685 in
1283 618 1436 704 sequenti
1459 617 1613 702 disputa-

480 723 569 792 tione
587 725 790 792 tractandum
810 725 1020 810 suscipimus.
1042 723 1191 801 Quaestio
1210 743 1289 793 vero
1311 726 1353 791 de
1377 725 1510 792 veritate
1531 743 1614 809 spe—

481 832 602 900 cierum
631 820 895 901 intentionatiurh
919 844 1018 918 atque
1042 833 1232 913 habituum,
1251 851 1329 901 cum
1358 852 1424 900 non
1448 851 1609 920 magnam

481 941 593 1007 arserat
611 941 800 1017 utilitatem,
822 942 1099 1025 praetermittenda
1117 961 1136 1007 a
1155 942 1250 1008 nobis
1271 950 1322 1008 est
1343 938 1407 1029 (r).
1429 940 1609 1025 Reliquum

473 1035 590 1132 'itaque
603 1058 670 1126 est,
688 1058 725 1115 ut
739 1047 990 1134 investigemus,
1007 1049 1040 1116 in
1055 1050 1255 1133 quibusnam
1267 1049 1510 1134 cognitionibus
1524 1049 1613 1114 veri-

480 1168 530 1225 tas
554 1165 609 1222 aut
633 1154 755 1223 salsitas
785 1157 889 1241 logica
916 1158 1037 1224 inesse*
1052 1158 1170 1224 valeat.
1199 1155 1351 1242 Cognitio
1374 1157 1461 1223 enim
1489 1156 1612 1240 triplex

465 1255 547 1345 ‘est3
568 1265 706 1348 simplex
726 1265 769 1331 rei
788 1264 1020 1349 apprehensio,
1032 1264 1192 1351 judicium
1208 1273 1240 1330 et
1256 1264 1470 1330 ratiocinium.
1484 1263 1549 1330 Sed
1563 1263 1610 1328 de

476 1370 598 1456 judicio
617 1380 650 1435 et
670 1371 836 1437 ratiocinio
851 1390 952 1437 nemo
970 1380 1032 1448 est,
1048 1373 1106 1457 qui
1125 1372 1278 1458 ambigit,
1295 1373 1374 1456 quin
1394 1371 1538 1438 veritatis
1549 1371 1613 1436 ial-

481 1477 649 1561 sitatisque
667 1478 734 1544 sint
747 1478 886 1561 capacia.
901 1478 983 1545 Tota
995 1497 1074 1565 ergo
1088 1477 1308 1548 controversia
1321 1478 1405 1545 circa
1423 1478 1611 1564 simplicem

480 1585 777 1671 apprehensionem
797 1585 982 1652 versabitur
997 1584 1063 1675 (2).
1339 1589 1344 1596 ’

860 1849 1162 1927 ARTICULUS
1184 1850 1213 1926 1.

659 2019 826 2088 Utrum
844 2019 966 2083 adsit
982 2018 1153 2084 veritae
1165 2019 1214 2084 in
1227 2018 1423 2101 simplloi

824 2127 1261 2209 apprehensione.

526 2345 630 2406 Nota.
683 2346 729 2404 ιθ
754 2337 897 2405 Nomine
920 2339 1077 2424 simplicis
1099 2339 1366 2430 apprehensionis
1391 2338 1614 2423 intelligimus

481 2444 664 2532 simplicem
684 2447 832 2515 notitiam
852 2447 971 2521 obiecti
989 2449 1114 2531 absque
1141 2449 1207 2514 ulla
1225 2448 1267 2514 de
1290 2448 1362 2533 ipso
1386 2446 1612 2513 affirmatione

481 2563 537 2620 aut
556 2554 742 2641 negatione.
773 2555 940 2640 Ejusmodi
967 2557 1183 2641 apprehensio
1207 2565 1405 2640 potestesse
1428 2564 1462 2621 et
1480 2555 1613 2620 intelle-

481 2661 595 2728 ctualis
614 2672 646 2729 et
664 2661 835 2739 sensitiva,
856 2675 889 2730 et
908 2673 1083 2749 utramque
1101 2665 1153 2730 hic
1169 2664 1422 2749 complectimur
1433 2663 1609 2729 communi

481 2770 710 2855 appellatione.

527 2878 580 2944 2.⁰
626 2877 852 2954 Quaestionem
868 2898 946 2965 ergo
962 2888 1154 2964 praesentem
1171 2881 1344 2947 obscuram
1360 2888 1393 2947 et
1408 2897 1474 2946 non
1489 2896 1610 2962 parum

481 2994 726 3053 controversam
747 2986 913 3053 reddidere
932 2988 1090 3053 nonnulla
1104 2987 1173 3055 loca
1185 2996 1259 3053 tum
1275 2986 1436 3072 Stagiritae
1453 2995 1525 3051 tum
1541 2986 1613 3052 An·

481 3092 574 3178 gelici
603 3093 751 3160 Doctoris
769 3094 801 3160 in
830 3094 974 3177 speciem
1002 3094 1261 3162 contradictoria.
1291 3095 1392 3161 Modo
1415 3094 1503 3160 enim
1528 3094 1612 3159 scri-

481 3199 565 3266 bunt
582 3200 752 3267 veritatem
777 3202 879 3267 solum
904 3202 1030 3268 esseio
1057 3200 1275 3285 compositione
1297 3220 1334 3268 ac
1360 3201 1516 3267 divisione
1536 3197 1608 3289 (3);

516 3473 557 3537 (r)
594 3468 718 3541 Siquis
741 3482 839 3527 tamen
858 3467 970 3541 aliquid
993 3468 1067 3527 seire
1089 3469 1126 3527 de
1140 3468 1195 3527 hec
1214 3490 1246 3527 re
1267 3468 1346 3540 velit,
1362 3469 1440 3543 legat
1459 3468 1609 3531 francisc.

482 3558 581 3629 Suam,
596 3559 675 3632 disp.
688 3562 707 3619 8
718 3560 857 3635 Metapa,
873 3572 945 3618 sect.
958 3580 987 3633 43
998 3573 1027 3617 et
1037 3558 1138 3618 Didae.
1150 3558 1223 3618 Ruiz
1236 3558 1273 3618 de
1283 3560 1435 3633 Montoya,
1447 3562 1492 3619 De
1503 3559 1611 3619 Scien-

481 3651 525 3708 tio
534 3651 600 3717 Dei,
612 3649 688 3722 disp.
703 3649 750 3723 87,
765 3662 835 3709 sect.
849 3652 877 3708 6.
888 3650 954 3708 Alia
968 3662 1013 3709 eet
1025 3668 1144 3721 quoque
1153 3649 1238 3719 ratio,
1249 3648 1471 3709 euromittenda
1484 3664 1530 3709 eet
1543 3650 1611 3711 haec

480 3738 687 3809 controversia,
702 3738 772 3811 quia
788 3758 842 3799 nm
855 3738 971 3812 agimus
992 3738 1030 3798 de
1041 3738 1164 3798 veritate
1183 3740 1374 3814 cognitionis·
1387 3740 1445 3811 iam
1466 3760 1533 3801 vem
1551 3760 1611 3801 nec

479 3828 590 3902 species
606 3850 659 3889 nec
673 3828 791 3889 habitus
805 3841 878 3888 sunt
890 3828 1018 3903 cognitio
1039 3827 1178 3897 formalis,
1201 3828 1253 3888 red
1267 3828 1409 3903 principia
1423 3843 1538 3889 tantum
1550 3850 1612 3891 co—

479 3934 631 3993 gmtrome.

515 4008 556 4080 (2)
593 4008 643 4067 illa
655 4028 773 4081 quoque
788 4022 885 4081 posset
900 4008 1015 4067 institui
1028 4007 1210 4081 disceptatio,
1226 4022 1326 4067 utrum
1339 4009 1448 4068 veritas
1459 4008 1498 4069 sit
1511 4010 1542 4068 in
1556 4030 1611 4069 co·

479 4098 611 4171 gnitione
625 4110 739 4157 tantum
754 4096 940 4169 speculativa,
955 4116 993 4155 an
1007 4096 1095 4156 etiam
1106 4098 1136 4156 in
1154 4096 1290 4170 practica.
1304 4098 1381 4157 Vide
1392 4098 1481 4167 Suar,
1496 4099 1575 4173 disp.
1590 4102 1613 4159 8

480 4188 624 4263 Metapin,
639 4202 709 4247 acet.
727 4206 758 4262 53
772 4200 801 4247 et
824 4186 908 4257 Ruia,
924 4186 981 4259 Op.
997 4186 1046 4246 eit.
1059 4186 1137 4259 disp.
1151 4188 1197 4261 87,
1213 4200 1283 4247 sect.
1295 4188 1323 4247 8.
1341 4188 1378 4248 Et
1392 4188 1547 4249 dicendum
1559 4190 1612 4249 vi·

478 4275 566 4336 detur
579 4297 639 4337 non
654 4276 752 4338 minue
765 4276 963 4351 cognitionem
977 4276 1144 4350 practicam,
1159 4297 1212 4336 seu
1223 4275 1315 4349 illam,
1329 4298 1398 4351 quae
1409 4298 1484 4353 opus
1496 4278 1611 4339 iacien-

479 4365 550 4425 dum
565 4366 676 4442 dirigit,
688 4387 778 4440 quam
788 4366 1007 4441 speculativam,
1022 4386 1074 4425 eeu
1082 4366 1176 4435 illam,
1187 4387 1253 4439 quae
1266 4368 1413 4439 objectum
1425 4388 1504 4428 mere
1516 4367 1613 4429 intei-

480 4454 543 4529 ligit
558 4469 588 4517 et
605 4457 835 4531 contemplatur,
850 4454 1014 4530 subiectum
1028 4476 1093 4515 eece
1111 4455 1256 4517 veritatiat
1276 4471 1403 4531 utraque
1423 4458 1502 4518 enirn
1521 4477 1612 4532 aeque

479 4544 679 4607 conformatur
691 4547 813 4617 obiecto.

516 4636 558 4708 (3)
594 4636 685 4697 Arist.
696 4636 746 4697 lib.
769 4643 809 4695 r.'
825 4636 1021 4695 Perrirermen.
1036 4656 1062 4695 c.
1079 4635 1212 4709 133.·De
1229 4637 1353 4705 Anima,
1372 4660 1399 4697 c.
1412 4638 1443 4708 6,
1462 4643 1544 4698 textu
1558 4659 1612 4713 ²²3

481 4724 646 4803 Metapirys.
657 4724 708 4787 lib.
718 4728 747 4799 6,
760 4747 824 4805 cap.
841 4746 868 4801 a,
878 4744 955 4788 vere.
970 4726 1035 4800 fin3
1045 4724 1079 4787 S.
1094 4722 1152 4786 Tb.
1170 4748 1181 4786 1
1197 4748 1238 4801 p.,
1254 4746 1284 4801 q.
1302 4728 1347 4801 1⁶,
1359 4748 1388 4790 a.
1406 4748 1435 4801 a,
1446 4727 1492 4843 D}
1508 4728 1613 4794 Vm't.
