3492 5525
386 457 508 523 Ateste.
534 471 592 518 μ’*
614 454 701 534 Qurn
721 474 984 523 sncenrrsuoo
1151 475 1209 538 473

92 708 101 737 '
128 640 264 729 physice
284 656 403 705 ¹verum
427 646 477 705 est
500 656 578 715 ens,
598 638 690 721 quod
713 658 789 705 vera
815 640 1002 726 cognitione
1030 638 1251 725 cognoscibile

126 757 197 828 est,
213 746 258 813 ita
269 746 372 812 etiarn
393 746 509 813 dicitur
526 746 691 832 objectum
711 766 769 815 seu
794 747 1000 813 enuntiabile
1010 756 1137 813 certum
1156 748 1249 826 illud,
1275 824 1280 835 ⁸

126 844 218 937 quod
236 855 423 940 cognitione
440 862 528 920 certa
547 862 655 939 potest
672 854 798 940 attingi.
817 856 1022 940 Ubicumque
1035 865 1145 921 autem
1161 866 1252 923 actus

124 971 236 1029 certus
255 963 436 1039 invenitur,
453 961 618 1047 objectum
637 964 707 1047 ejus
726 962 870 1046 aliquam
890 963 1006 1029 habeat
1024 963 1250 1030 necessitatem

119 1076 228 1155 'atque
247 1068 517 1147 infallibilitatem,
538 1078 681 1153 oportet.
700 1070 884 1137 Necessitas
907 1089 1002 1154 porro
1021 1078 1073 1137 est
1099 1069 1252 1155 impossi-

126 1178 236 1245 bilitas
254 1178 414 1263 oppositi‚
435 1164 487 1243 vel
507 1176 736 1245 determinatio
753 1177 794 1242 ad
814 1196 936 1260 unum;
952 1179 1071 1245 sicute
1089 1178 1251 1243 contrario

125 1284 349 1370 contingentia
367 1294 417 1350 est
436 1284 649 1350 indifferentia
664 1284 704 1349 ad
714 1302 824 1373 unum
845 1288 896 1351 vel
914 1286 1016 1351 aliud.
1031 1285 1112 1350 illud
1127 1286 1249 1370 quippe
1287 1293 1291 1302 '

127 1392 349 1460 necessarium
367 1392 523 1469 dicimus,
544 1392 634 1476 quod
649 1393 693 1457 ita
712 1403 782 1469 est,
803 1399 839 1461 ut
859 1394 948 1458 aliter
962 1412 1033 1460 esse
1051 1394 1246 1477 nonpossit.

190 1502 259 1584 Jam
288 1501 464 1567 necessitas
493 1501 563 1566 haec
582 1498 753 1585 multiplex
773 1518 845 1569 esse
873 1510 999 1585 potest,
1023 1500 1129 1585 primo
1157 1500 1246 1568 enim
1336 1514 1396 1558 ute

124 1609 279 1677 dividitur
297 1608 330 1674 in
356 1608 547 1675 essentialem
565 1628 623 1675 seu
646 1609 900 1691 metaphysicom,
915 1610 1078 1693 physicam
1094 1619 1127 1673 et
1144 1626 1247 1675 moro·
1316 1600 1345 1630 '¹⁰
1363 1600 1419 1699 „²1

123 1722 198 1785 lem.
220 1717 403 1785 Essentialis
433 1734 489 1783 seu
518 1716 738 1802 metaphysica
756 1727 806 1784 cst
824 1717 895 1793 illa,
926 1736 1000 1800 quae
1026 1716 1188 1783 derivatur
1206 1735 1247 1783 ex

124 1826 337 1893 relationibus
352 1843 459 1896 rerum
475 1823 717 1901 essentialibus,
734 1823 873 1907 ideoque
887 1824 1112 1911 insuperabilis
1126 1832 1177 1893 est
1190 1843 1247 1907 per

123 1952 371 2019 quamcumque
390 1932 587 2017 potentiam,
609 1932 705 1998 etiam
725 1932 883 1999 divinam.
903 1933 989 1999 Talis
1008 1940 1059 1997 est
1073 1932 1247 1999 necessitas

125 2045 245 2107 horum
262 2040 525 2107 enuntiabilium:
546 2040 646 2105 Homo
658 2042 705 2105 cst
715 2038 853 2107 animal:
871 2040 972 2105 Homo
986 2058 1048 2104 non
1066 2043 1111 2105 est
1123 2040 1244 2106 asinio.

123 2148 309 2219 Necessitas
328 2147 459 2235 physica
475 2166 532 2213 seu
550 2147 701 2213 naturalis
716 2146 850 2223 ostilia,
867 2166 943 2231 quae
957 2147 1129 2214 efflorescit
1143 2166 1185 2213 ex
1202 2147 1248 2211 le-

121 2257 222 2342 gibus
240 2256 435 2342 ¹viribusque
459 2256 659 2321 naturalibus
679 2274 786 2321 rerum
807 2256 847 2321 ad
864 2264 954 2322 certo
976 2256 1120 2338 quodam
1145 2256 1247 2320 modo

122 2366 290 2449 agendum
309 2364 549 2430 determinatis:
569 2372 685 2447 estque
699 2362 926 2447 insuperabilis
942 2381 1146 2446 peromnem
1160 2382 1247 2429 crea·

122 2486 194 2539 tam
214 2473 385 2550 virtutem,
406 2482 439 2539 et
458 2474 566 2538 solum
583 2490 640 2556 per
660 2470 851 2537 miraculum
867 2471 1115 2555 omnipotentiae
1128 2471 1246 2537 divinae

122 2581 209 2646 vinci
238 2589 358 2665 potest.
390 2580 586 2667 Hujusmodi
614 2579 804 2646 necessitate
830 2578 1067 2644 determinatur
1093 2580 1178 2664 ignis
1205 2580 1245 2645 ad

120 2688 402 2764 comburendum,
424 2696 456 2753 et
474 2686 583 2774 gravia
609 2688 649 2751 ad
679 2674 839 2753 ruendum
863 2686 897 2751 ln
915 2696 1083 2764 centrum,
1105 2686 1165 2753 nisi
1185 2688 1247 2751 iul-

119 2796 260 2862 ciantur.
282 2796 424 2862 Demum
453 2797 627 2862 necessitas
648 2795 778 2861 moralis
798 2794 927 2879 propria
945 2803 996 2861 est
1019 2795 1072 2860 illa
1094 2795 1247 2878 impossi-

120 2901 229 2970 bilitas
256 2903 414 2990 oppositi,
444 2922 520 2988 quae
547 2904 620 2969 licet
647 2903 744 2968 etiam
775 2921 832 2986 per
858 2911 998 2968 creatam
1030 2902 1185 2969 virtutem
1212 2911 1247 2968 et

120 3013 248 3095 absque
268 3013 424 3078 miraculo
448 3011 590 3094 superari
609 3019 738 3094 posset,
759 3019 869 3076 tamen
890 3029 956 3076 non
984 3011 1067 3077 solet
1085 3009 1244 3076 ordinarie

119 3120 278 3203 superari.
300 3119 344 3186 lta
361 3117 524 3185 moraliter
538 3117 739 3203 impossibile
754 3128 821 3194 est,
835 3129 871 3184 ut
887 3118 989 3184 homo
1004 3117 1137 3184 musicae
1155 3119 1246 3203 igna-

121 3245 181 3294 rus
210 3225 254 3293 ita
286 3227 365 3294 scite
397 3245 514 3294 manus
542 3225 716 3293 admoveat
752 3224 987 3300 instrumento,
1018 3235 1056 3292 ut
1083 3226 1244 3311 integram

120 3335 356 3422 symphoniam
376 3333 515 3402 Rossinii
534 3344 642 3400 sonet.
659 3333 694 3400 ln
714 3334 764 3400 bis
787 3333 922 3417 aliisque
941 3333 1124 3400 simililibus
1142 3352 1245 3419 oppo-

120 3445 224 3510 situm
244 3443 377 3528 quidem
406 3461 574 3526 nunquam
594 3441 770 3527 contingit,
801 3443 860 3508 sed
885 3441 913 3520 si
936 3441 1155 3525 contingeret,
1176 3460 1243 3508 non

120 3560 212 3618 esset
230 3551 440 3626 miraculum,
462 3553 634 3633 multoque
653 3550 763 3616 minus
782 3549 935 3615 chimaera
954 3548 1072 3632 aliqua.

191 3657 245 3725 Est
264 3659 361 3724 etiam
381 3657 441 3723 alia
460 3657 634 3724 necessitas
653 3657 784 3724 moralis
797 3657 907 3731 utor,
928 3674 1003 3739 quae
1022 3673 1090 3722 non
1105 3665 1156 3722 est
1169 3675 1243 3742 pro-
1292 3681 1417 3728 naccon„

121 3767 192 3852 pria
210 3775 242 3832 et
267 3767 377 3834 stricta
397 3766 589 3842 necessitas,
614 3773 647 3830 et
674 3766 820 3831 consistit
846 3763 879 3830 io
907 3782 1029 3848 magna
1053 3761 1242 3831 difficultate
1273 3752 1441 3867 ΜἾᾞΜ·

118 3869 279 3958 oppositi,
301 3893 376 3957 quae
402 3873 566 3940 interdum
586 3873 668 3939 vinci
687 3874 788 3950 solet,
810 3872 884 3938 licet
907 3871 1021 3939 rarius.
1041 3871 1086 3936 lta
1113 3873 1242 3938 morali·
1255 3837 1458 3948 „difflua-

119 3993 172 4048 ter
187 3981 388 4067 impossibile
407 3989 473 4058 est,
496 3991 531 4050 ut
550 3984 650 4048 homo
669 3981 768 4046 vitam
794 3980 960 4067 protrahat
982 3997 1088 4063 usque
1107 3981 1148 4045 ad
1166 4000 1243 4046 cen·
1312 3962 1398 4009 bum

117 4092 294 4158 tessimum
314 4108 457 4166 annum,
479 4098 514 4156 ut
533 4088 565 4155 in
585 4089 763 4156 diversorio
781 4089 882 4173 dapes
900 4098 1070 4180 venenatae
1088 4087 1129 4152 ad
1148 4106 1242 4154 men·

116 4218 192 4266 sam
206 4207 412 4282 apponantur
424 4207 487 4265 etc.
502 4197 578 4263 liaec
591 4197 683 4264 latior
695 4197 826 4264 moralis
841 4196 1015 4262 necessitas
1027 4215 1086 4262 seu
1100 4195 1241 4282 oppositi

115 4291 364 4392 impossibilitas
378 4315 512 4392 generat
524 4305 710 4391 opinionem
727 4304 1037 4389 probabilissimam,
1052 4322 1117 4370 non
1130 4313 1241 4371 autem

114 4415 264 4484 strictam
283 4413 512 4483 certitudinem
532 4409 595 4502 (t).

150 4673 194 4738 (i)
231 4665 307 4725 Vide
319 4665 407 4724 Cord.
425 4665 550 4724 Ptolom.
567 4665 623 4736 Op.
637 4663 689 4723 cit.
705 4663 829 4724 Dr'sserl.
842 4664 1061 4738 boemo-Phys.
1076 4685 1104 4738 7,
1120 4677 1191 4723 sect.
1212 4683 1241 4736 ας

111 4755 279 4834 lzquierdo,
293 4757 422 4824 Pharus,
437 4755 513 4830 disp.
530 4773 557 4826 a,
569 4768 673 4828 quaest.
691 4771 716 4827 5,
733 4753 840 4814 n..281.
