3492 5525
315 449 430 514 Anrrc.
457 463 515 512 ψ
535 447 791 514 Pnoenrsrnrcs
811 449 1070 516 Uurue'nsaururr
1099 429 1118 442 ²
1159 467 1219 534 727

506 841 813 946 ARTICULUS
843 843 873 918 1.

214 1045 444 1135 Quaenam
463 1045 556 1115 sint
573 1045 850 1124 universalis
870 1047 1193 1140 proprietates.

184 1293 256 1362 ¹79·
304 1276 494 1362 Universale
511 1277 640 1345 dicitur:

182 1392 229 1452 r.'
274 1390 455 1468 obiectum
468 1390 625 1455 scientim
639 1399 674 1453 et
686 1390 895 1464 lutulentus.
911 1385 965 1462 Est
981 1387 1146 1472 obiectum
1162 1387 1263 1456 scien·
1290 1410 1322 1447 e·
1336 1406 1463 1459 omnem:

127 1493 205 1570 tiae,
226 1491 302 1576 quia
316 1492 467 1570 scientia,
488 1494 604 1558 saltem
621 1492 791 1569 naturalis,
809 1510 876 1559 non
891 1493 958 1579 agit
971 1494 1012 1562 de
1026 1493 1257 1579 singularibus,
1296 1475 1450 1601 „ssfflssn

127 1601 191 1667 sed
209 1597 373 1685 objectum
391 1618 492 1667 suum
511 1600 543 1667 in
562 1601 734 1666 communi
754 1601 951 1671 considerat.
977 1601 1102 1668 Verum
1122 1602 1185 1668 hoc
1211 1603 1261 1669 di·
1299 1615 1447 1665 uenturum.

128 1709 333 1798 sputandum
343 1701 474 1785 est,ubi
484 1707 848 1793 sermoeritdeobjecto
857 1708 1079 1777 scienttaeAEsr
1092 1711 1259 1794 objectum

128 1815 401 1892 intellectusuel
421 1815 497 1900 quia
515 1815 547 1881 in
569 1814 731 1882 sententia
750 1816 787 1883 S.
808 1815 946 1882 Thomae
965 1816 1170 1901 aliorumque
1189 1820 1261 1902 plu·
1342 1883 1356 1902 „

129 1923 234 2000 rium,
254 1932 304 1990 est
322 1921 367 1997 id,
387 1922 478 2006 quod
497 1923 604 2006 primo
633 1930 667 1988 et
681 1921 801 1989 directe
829 1923 1045 2008 apprehendit
1064 1925 1259 2001 intellectus,

129 2031 184 2096 vel
203 2031 319 2096 saltem
338 2028 415 2114 quia
433 2029 616 2097 universale
636 2029 750 2114 nequit
767 2029 921 2115 cognosci
939 2049 958 2096 a
983 2030 1138 2115 potentiis
1160 2033 1263 2100 sensi·

127 2137 224 2214 tivis,
244 2156 319 2222 quae
338 2139 447 2204 solum
467 2135 650 2223 percipiunt
670 2137 849 2223 singulare.

183 2255 233 2314 αθ
264 2251 490 2313 Universnle
520 2250 646 2314 dicitur
676 2250 885 2328 principium
915 2250 1162 2329 ammianum,
1194 2266 1261 2314 non
1315 2270 1394 2314 01³3

128 2352 266 2442 quidem
286 2351 561 2418 extrinsecum'et
592 2351 797 2427 effectivum,
817 2352 877 2418 sed
896 2351 1107 2420 intrinsecum
1130 2363 1163 2420 et
1182 2373 1260 2423 con·
1287 2333 1461 2458 Z-fflff

127 2459 333 2536 stitutivum,
355 2458 431 2544 quia
453 2458 626 2543 singularia
644 2460 830 2526 coalescunt
845 2478 887 2526 ex
905 2461 1085 2543 praedicatis
1108 2480 1260 2531 commu·

127 2568 229 2634 nibus
246 2576 280 2634 et
297 2567 495 2634 haecceitate.
660 2642 661 2646 Ἰ
829 2563 831 2572 ’

178 2685 228 2744 so
273 2680 481 2744 universate
493 2679 620 2744 cicitur
630 2663 727 2758 prius
741 2681 961 2758 etpoeterrue
973 2680 1152 2759 singulari.
1168 2677 1259 2751 Prius
1320 2699 1394 2747 ,1-1

126 2785 264 2868 quidem
289 2782 523 2867 multipliciter:
548 2780 583 2870 α)
611 2783 720 2867 quoad
743 2782 967 2869 cognitionem
995 2784 1112 2858 saltem
1144 2763 1475 2894 distin-''⁵⁸:3fffflm

127 2905 236 2967 ctam,
256 2890 332 2975 quia
346 2890 510 2977 singulare
525 2890 674 2959 distincte
686 2891 841 2976 cognosci
861 2891 993 2975 nequit,
1011 2892 1076 2959 nisi
1096 2892 1186 2979 prius
1201 2914 1258 2961 co·
1312 2912 1434 2958 munaum

125 3009 333 3086 gnoscantur
351 2996 543 3064 universalia
561 2999 633 3082 ejus
647 2996 835 3082 praedicata:
858 2996 896 3085 β)
911 3000 1021 3083 quoad
1040 3000 1257 3069 intentionem
1286 2984 1452 3111 ‘¹³:333ss

128 3116 257 3173 naturae
280 3104 483 3191 primariam,
510 3112 623 3173 natura
645 3104 733 3169 enim
759 3105 791 3170 in
812 3106 1025 3189 productione
1043 3107 1257 3194 singularium

126 3214 251 3281 dicitur
268 3213 419 3299 primario
434 3212 601 3279 intendere
620 3212 905 3297 conservationem
919 3214 1049 3297 speciei:
1070 3213 1107 3308 γ)
1130 3216 1260 3291 univer-

126 3323 200 3391 sale
218 3330 267 3388 est
285 3320 442 3406 singulari
462 3320 553 3405 prius
571 3320 751 3405 prioritate,
772 3339 872 3403 quam
889 3330 1008 3387 vocant
1022 3322 1057 3391 in
1071 3325 1261 3392 srrbsislendi

123 3427 362 3514 consequentia,
383 3428 459 3511 quia
478 3444 597 3512 nempe
616 3427 658 3493 ab
677 3427 849 3493 universali
870 3446 937 3493 non
964 3428 1037 3495 licet
1064 3430 1260 3499 affirmative

125 3536 238 3602 inferri
252 3535 431 3620 singulare,
452 3556 485 3600 v.
502 3553 552 3620 g.:
569 3536 625 3601 Est
640 3534 745 3601 bomo:
764 3552 838 3618 ergo
850 3538 901 3601 est
914 3536 1044 3604 Petrum
1059 3538 1116 3604 Est
1125 3540 1259 3607 animal:
1313 3590 1316 3595 -

124 3646 270 3728 ergoest
284 3642 389 3723 honam·
407 3650 441 3706 at
459 3660 538 3707 vero
558 3649 665 3725 potest
683 3641 825 3709 vicissim
841 3660 882 3708 ex
895 3644 1051 3729 singulari
1064 3646 1171 3731 colligi
1186 3648 1260 3716 uni-

126 3752 256 3817 versale
275 3770 308 3817 v.
328 3766 378 3835 g.:
401 3750 457 3817 Est
471 3749 603 3817 Petras:
620 3766 696 3833 ergo
713 3752 763 3815 est
777 3750 883 3831 loram
906 3750 961 3819 Eri
982 3752 1087 3821 tona:
1109 3755 1193 3839 Ergo
1213 3760 1262 3821 est

124 3857 266 3926 animi.
288 3856 368 3923 lllud
387 3856 509 3940 quippe
528 3855 645 3921 dicitur
666 3855 755 3939 prius
778 3854 811 3922 in
836 3857 1035 3927 subsistendi
1053 3880 1260 3946 consequen·

125 3968 195 4042 tia,
227 3964 316 4050 quod
346 3962 454 4029 inferri
483 3982 524 4029 ex
551 3962 614 4028 alio
634 3972 757 4047 potest:
778 3958 811 4052 δ)
835 3966 1017 4033 universale
1036 3967 1173 4034 demum
1196 3969 1258 4037 dici

127 4081 240 4159 potest
269 4070 357 4158 prius
384 4070 557 4156 singulari,
587 4069 663 4155 quia
691 4079 740 4136 est
767 4070 915 4153 ejusdem
944 4073 1138 4161 principium
1158 4077 1258 4143 modo

124 4185 199 4267 jam
219 4179 395 4245 declarato.

199 4286 387 4355 Universale
405 4284 521 4351 dicitur
540 4284 701 4369 posterius
715 4286 812 4353 etiam
833 4287 929 4354 variis
949 4287 1073 4356 modis:
1090 4286 1132 4379 α)
1148 4291 1258 4375 quoad

127 4394 338 4462 existentiam
349 4414 361 4471 ,’
374 4411 474 4476 quam
490 4392 682 4459 universalia
702 4412 768 4459 non
784 4394 906 4467 habent
927 4394 987 4462 nisi
1001 4396 1127 4463 ratione
1146 4399 1260 4485 singu·

128 4502 265 4579 larium,
287 4520 346 4566 nec
363 4500 590 4584 producuntur
609 4500 669 4566 nisi
689 4501 812 4567 ratione
836 4502 986 4580 illorum,
1007 4522 1067 4570 nec
1086 4506 1261 4573 efforman-

127 4622 223 4678 tura
246 4607 340 4675 nobis
360 4606 420 4673 nisi
451 4626 508 4694 per
527 4606 778 4675 abstractionem
807 4628 825 4675 a
854 4608 940 4676 notis
964 4610 1256 4693 individuantibus‚

129 4727 231 4800 atque
250 4716 331 4782 adeo
350 4715 639 4800 praesupponendo
658 4714 845 4801 singularia.
865 4716 975 4794 Quare
993 4719 1120 4803 scripsit
1135 4721 1259 4789 Aristo-
