3492 5525
934 234 940 273 l

220 467 333 534 Anrrc.
354 483 411 532 ψ
425 469 548 535 Urnun
561 487 696 534 runrrr.
713 489 817 537 Pnlntn
831 491 992 537 rnrncrern
1005 489 1079 536 erc.
1122 487 1180 554 773

99 559 633 590 -——-——--——d-

96 647 310 733 principium,
339 651 371 716 in
399 669 467 735 quo
494 651 586 717 sistat
611 651 864 732 demonstratio,
885 654 1130 740 procedendum
1159 652 1220 718 erit

96 757 131 822 in
168 755 332 823 infinitum
371 759 403 823 in
436 758 627 842 probatione
658 761 831 845 cujuslibet
858 760 1098 845 propositionis.
1136 758 1220 825 Cum

95 873 209 930 autem
229 864 398 932 infinitum,
412 865 594 950 pertransiri
615 877 771 950 nequeat,
793 887 852 934 nec
871 870 936 935 ulla
949 866 1113 934 conclusio
1131 875 1217 931 tarn·

95 991 198 1054 quam
224 982 310 1038 certa
336 973 541 1049 admittatur,
567 972 671 1039 donec
700 973 857 1060 irnislirat
885 976 919 1041 in
945 973 1218 1054 demonstrando;

95 1097 303 1163 consequens
318 1087 384 1157 est,
401 1089 438 1145 ut
453 1081 578 1165 negatis
593 1079 705 1165 primis
721 1081 884 1167 principiis
892 1103 909 1158 ,·
918 1100 1062 1166 quorum
1084 1099 1150 1146 non
1165 1081 1223 1145 ba-

96 1187 214 1251 beatur
232 1187 362 1253 ulterior
381 1187 632 1264 demonstratio,
653 1198 764 1273 pereat
776 1185 890 1256 ,omnis
908 1199 994 1256 certa
1024 1186 1170 1273 cognitio
1188 1199 1221 1255 et

96 1292 246 1359 scientia.
647 1353 649 1360 Α

165 1399 225 1466 Alii
245 1401 445 1467 conveniunt
462 1421 539 1468 cum
566 1402 679 1486 primis
697 1401 729 1467 in
750 1422 806 1478 eo,
832 1404 923 1486 quod
942 1402 1020 1468 nihil
1048 1401 1119 1468 sciri
1139 1419 1222 1485 quo·
1290 1420 1378 1474 patron

97 1507 278 1574 modolibet
297 1517 353 1575 aut
371 1509 526 1594 cognosci
546 1517 663 1594 putant
681 1509 751 1575 sine
779 1509 1075 1590 demonstratione3
1105 1509 1223 1574 nibilo-
1241 1488 1433 1605 d‘ssssffiffl

96 1614 208 1681 minus
225 1618 428 1683 contendunt
447 1616 601 1701 principia
621 1625 716 1682 certo·
728 1617 880 1701 cognosci
899 1635 996 1702 posse
1013 1634 1069 1700 per
1082 1616 1222 1682 demon·

93 1722 286 1790 strationem
301 1723 501 1799 circularem,
519 1742 688 1808 perquam
704 1734 737 1790 et
751 1725 978 1790 conclusiones
989 1743 1030 1789 ex
1045 1722 1219 1808 principiis,

93 1837 129 1893 et
148 1828 300 1913 principia
318 1848 361 1894 ex
379 1830 641 1897 conclusionibus
660 1831 803 1897 vicissim
823 1831 1006 1915 probentur
1023 1826 1087 1917 (r).

165 1936 306 2003 Vocatur
325 1937 413 2002 enirn
434 1938 573 2004 circulus
590 1938 622 2003 in
637 1937 882 2022 probationibus
897 1955 1122 2022 progressusa
1136 1935 1223 2019 prin·
1236 1951 1296 2007 oua
1306 1952 1400 2032 cunin·
1415 1953 1437 1995 n

95 2043 190 2128 cipiis
211 2045 251 2110 ad
271 2045 514 2120 conclusiones,
536 2054 568 2109 et
588 2062 755 2130 regressus
773 2065 791 2109 a
810 2043 1018 2111 conclusione
1042 2043 1083 2109 ad
1106 2041 1223 2126 princi·
1250 2020 1425 2079 ⁹¹⁰⁶⁸¹¹⁰¹¹¹¹²¹¹⁸·

96 2151 166 2236 pia,
183 2152 381 2218 assumendo
399 2171 518 2237 nempe
533 2151 686 2238 principia
701 2153 752 2217 vel
769 2151 954 2237 praemissas
969 2151 1009 2216 ad
1019 2149 1222 2235 probandam

94 2259 342 2325 conclusionem
363 2259 522 2342 aliquam,
542 2277 617 2342 quae
635 2259 777 2325 vicissim
797 2259 975 2325 assumitur
995 2257 1223 2342 adprobanda

95 2366 167 2449 ipsa
187 2365 352 2450 principia.
374 2365 407 2430 ld
426 2374 535 2432 autem
560 2365 704 2431 bilariam
725 2364 793 2431 sieri
820 2373 945 2452 potest:
972 2364 1095 2451 primo,
1117 2381 1223 2448 regre·
1295 2395 1382 2450 ow„

95 2473 217 2538 diendo
245 2493 263 2536 a
290 2473 497 2539 conclusione
524 2474 564 2539 ad
590 2473 704 2538 eadem
732 2473 865 2556 quidem
891 2473 1063 2557 principia,
1083 2471 1143 2539 sed
1160 2471 1222 2537 sub
1255 2465 1426 2581 ‘iffiflffl

95 2580 224 2645 diversa
243 2580 367 2644 formali
387 2580 509 2646 ratione
527 2598 586 2645 seu
606 2577 732 2644 medio:
754 2590 790 2647 ut
810 2581 836 2648 si
861 2599 902 2646 ex
922 2578 1091 2645 effectibus
1107 2577 1222 2644 creatis
1250 2551 1393 2654 mim

96 2688 217 2773 probes
234 2685 439 2753 existentiam
466 2705 572 2754 causae
597 2687 727 2772 primae,
748 2697 780 2753 et
800 2706 880 2753 mox
897 2706 938 2752 ex
957 2685 1090 2752 notione
1116 2675 1223 2751 causae
1243 2677 1436 2734 '‘fill’‘''ffll‘i

96 2795 211 2879 primae
230 2794 371 2878 penitius
391 2803 490 2891 notae,
505 2796 618 2862 redeas
630 2797 671 2861 ad
686 2795 910 2862 illustrandam
925 2794 1223 2880 perficiendamque

95 2901 321 2988 cognitionem
348 2904 491 2986 ipsarum
515 2911 748 2970 creaturarum.
776 2903 813 2970 Et
841 2903 893 2970 hic
921 2902 1060 2969 circulus
1087 2909 1222 2968 vocatur

94 3010 284 3087 nraterialis,
310 3028 375 3076 non
399 3028 478 3076 vero
487 3010 653 3095 formalis,
678 3010 754 3095 quia
780 3021 926 3077 extrema
948 3010 1022 3075 talis
1045 3027 1223 3094 argumen-

95 3106 247 3193 tationis,
269 3136 342 3201 quae
361 3117 570 3186 invertuntur
587 3119 787 3185 assumendo
808 3136 866 3202 pro
885 3114 1062 3202 principiis,
1082 3116 1116 3183 id
1132 3116 1223 3200 quod

97 3226 188 3310 prius
216 3224 276 3293 luit
300 3226 465 3292 conclusio
488 3224 609 3291 exiliis
628 3225 779 3310 probata,
799 3225 875 3291 licet
900 3223 965 3290 sint
989 3224 1103 3289 eadem
1126 3227 1226 3289 maie·

94 3333 239 3409 sialiter,
261 3316 458 3399 nontamen
476 3333 676 3417 sonnalitm
695 3333 769 3416 quia
793 3351 870 3398 cum
889 3350 931 3399 ex
957 3331 1143 3416 cognitione
1162 3328 1220 3396 Dei

97 3462 132 3505 v.
164 3460 199 3525 g.
230 3440 278 3507 vis
296 3440 455 3507 illustrare
483 3459 520 3505 ac
547 3438 700 3524 perlicere
720 3438 869 3505 notitiam
897 3449 1136 3515 creaturarum,
1157 3455 1223 3504 non

98 3547 201 3613 uteris
227 3549 294 3613 sola
319 3548 371 3613 illa
389 3547 578 3633 cognitione
604 3546 681 3622 Dei,
707 3564 807 3631 quarn
832 3564 873 3611 ex
898 3544 1051 3612 creaturis
1075 3544 1222 3620 hausisti,

99 3673 168 3720 non
187 3653 275 3720 enim
295 3663 406 3739 posset
424 3655 478 3721 illa
492 3656 607 3740 juvare
625 3654 666 3720 ad
686 3652 803 3720 melius
830 3651 1085 3719 manifestandas
1100 3660 1226 3719 creatu-

99 3779 171 3838 ras,
191 3780 267 3827 cum
288 3780 354 3827 non
374 3762 467 3827 aliam
486 3762 651 3827 contineat
670 3762 777 3828 lucem
798 3770 914 3847 praeter
937 3760 1043 3837 illam,
1064 3778 1165 3842 quarn
1184 3777 1225 3824 ex

100 3868 221 3953 praevia
234 3886 346 3935 earum
357 3869 545 3954 cognitione
555 3868 772 3950 derivaverat3
790 3868 848 3935 sed
860 3868 960 3961 pteris
970 3866 1030 3932 alia
1039 3865 1225 3952 cognitione

98 3990 208 4042 causac
227 3976 339 4059 primae
357 3976 589 4059 praestantiori,
610 3994 710 4060 quarn
740 3994 780 4042 ex
809 3975 996 4041 accuratiori
1016 3972 1226 4040 meditatione

101 4082 265 4165 novisque
285 4083 457 4149 ratiociniis
476 4081 966 4171 comparasti„independenter
989 4082 1030 4147 ab
1056 4081 1227 4148 effectibus

100 4191 232 4257 creatis.
254 4188 348 4255 Unde
363 4209 475 4256 revera
488 4190 634 4257 medium
649 4189 847 4275 probationis
860 4188 1053 4256 distinctum
1066 4198 1134 4266 est,
1150 4187 1226 4272 quia

99 4316 145 4362 ex
174 4305 287 4363 natura
316 4296 442 4363 entium
471 4306 653 4364 creatorum
682 4297 835 4381 probatur
859 4313 955 4361 causa
979 4293 1101 4380 prima,
1129 4304 1162 4361 ct
1186 4312 1227 4361 ex

99 4422 200 4471 causa
210 4404 327 4488 prima,
342 4412 505 4488 quatenus
516 4404 641 4471 infinite
651 4405 790 4489 perlecta
800 4412 832 4469 et
846 4401 997 4488 sapienti,
1014 4400 1104 4489 (quae
1115 4401 1228 4487 cogni·

101 4512 152 4577 tio
172 4511 280 4577 haberi
306 4522 432 4596 potest,
457 4513 537 4598 quin
564 4511 719 4597 probetur
746 4530 786 4576 ex
808 4508 887 4594 ipsis
912 4508 1081 4575 effectibus
1098 4505 1228 4596 creatis)

144 4745 184 4808 (r)
221 4740 298 4799 Vide
313 4744 412 4811 Arist,
431 4744 468 4801 ib.
480 4744 529 4804 lib.
550 4742 765 4811 1.·Posterior.,
780 4761 841 4813 cop.
859 4738 996 4813 3,initio.
