3492 5525
274 407 391 472 Aetate.
408 421 466 478 §.¹²⁸
478 405 672 470 Guusrtntts
688 421 806 468 urristo
819 423 1038 468 screationum
1106 420 1178 467 1021

75 613 347 672 strumentum»
365 605 429 695 (ι).
451 609 524 684 Qua
543 608 583 672 de
602 625 634 671 re
653 607 813 690 legendus
832 615 883 673 est
900 606 1038 672 omnino
1053 605 1090 669 P.
1108 605 1222 670 Petrus

79 711 242 777 Fonseca
264 711 326 801 (a).

164 819 331 886 Caeterum
360 830 470 888 utrum
491 821 649 887 hactenus
676 821 823 908 exposita
852 819 968 885 divisio
995 819 1038 885 sit
1066 819 1216 894 univoca,

80 945 133 990 an
156 945 237 992 vero
252 929 404 1014 analoga,
425 930 497 995 vide
511 931 598 1012 apud
617 927 824 994 Benedictum
846 927 1010 992 Pererium
1030 926 1095 1012 (3).

139 1105 219 1172 302.
270 1089 462 1156 enoiosmo
481 1097 532 1154 2.⁸
576 1097 733 1173 inspecto
750 1095 890 1158 diverso
903 1095 984 1165 fine,
1002 1091 1222 1169 Philosophia

78 1201 244 1276 practica
255 1209 347 1263 recte
373 1202 539 1264 dividitur
565 1203 600 1264 in
627 1202 787 1280 Logicam
808 1211 843 1263 et
867 1201 1123 1279 Philosophiam
1149 1202 1222 1261 Μο-

80 1309 217 1371 talem.

163 1461 258 1528 Ratio
274 1473 335 1539 est,
353 1466 429 1549 quia
448 1466 480 1530 in
506 1465 618 1549 primis
639 1485 715 1531 cum
736 1465 868 1530 scientia
894 1463 1032 1548 practica
1052 1463 1093 1528 ad
1107 1480 1221 1545 opera-
1317 1478 1378 1562 nrm

82 1569 203 1636 tiones
217 1571 400 1670 dirigendas
419 1582 588 1654 tamquam
610 1573 650 1662 ad
671 1573 770 1638 linem
790 1572 850 1638 sibi
866 1571 1033 1654 proprium
1054 1571 1218 1644 collineet,
1266 1565 1407 1668 fJ‘J'f'J:

82 1687 144 1772 tot
163 1687 259 1743 erunt
277 1679 419 1745 scientiae
449 1681 607 1764 practicae,
629 1689 710 1762 quot
730 1689 806 1753 sunt
825 1677 1031 1763 operationes
1050 1677 1091 1744 ad
1114 1678 1222 1742 diver-

83 1803 150 1850 sos
168 1785 253 1852 fines
276 1785 465 1871 dirigendae.
487 1787 587 1871 Atqui
606 1788 680 1854 duae
699 1795 777 1853 sunt
794 1769 1000 1870 operationes
1019 1784 1162 1851 hominis
1180 1776 1221 1849 ad

85 1893 244 1958 diversos
263 1894 345 1962 lines
364 1894 552 1979 dirigendae,
574 1913 648 1978 quae
668 1894 733 1960 sint
753 1893 974 1978 philosophica
993 1893 1101 1977 dignae
1114 1892 1223 1957 consi-

85 2001 275 2076 deratione,
296 2002 417 2068 scilicet
437 2002 580 2085 operatio
597 2001 779 2070 intellectus
798 2003 838 2067 ad
858 2020 973 2066 verum
993 2001 1150 2075 ordinate,
1178 2001 1223 2063 la-

86 2107 198 2177 ciliter
220 2127 258 2173 ac
277 2109 347 2174 sine
375 2109 573 2175 admixtione
598 2111 713 2176 erroris
740 2109 983 2192 assequendum
1009 2107 1041 2173 ln
1064 2105 1220 2182 scientiis,

88 2217 187 2299 quod
211 2218 377 2300 proprium
403 2228 452 2282 est
468 2218 605 2302 logicae,
626 2227 659 2282 et
678 2217 822 2302 operatio
841 2216 1019 2284 voluntatis
1036 2216 1078 2280 ad
1092 2214 1218 2279 bonum

87 2325 293 2400 faciendum,
315 2325 396 2390 circa
419 2326 509 2406 quod
528 2325 658 2392 moralis
678 2325 882 2408 Philosophia
905 2332 1063 2389 versatur.
1088 2323 1215 2406 Ergo...

164 2432 292 2496 Moralis
316 2433 521 2515 Philosophia
545 2451 584 2498 ex
605 2440 717 2498 mente
738 2431 1035 2498 Aristotelisdividi
1055 2438 1164 2514 potest
1187 2427 1220 2495 in

88 2539 310 2614 monasticam,
337 2539 555 2604 oeconomicam
574 2549 605 2606 et
624 2540 797 2620 politicam.
823 2538 1001 2604 Monastica
1019 2539 1126 2614 docet,
1152 2557 1221 2622 quo

90 2655 191 2729 pacto
212 2647 399 2731 =dirigendae
442 2647 506 2714 sint
544 2648 687 2712 actiones
721 2647 864 2731 cujusvis
898 2645 1041 2712 hominis
1079 2646 1219 2712 solitarie

88 2753 217 2838 accepti
242 2755 283 2820 ad
307 2754 540 2821 beatitudinem
565 2756 821 2839 assequendam,
844 2774 983 2838 eamque
1002 2753 1098 2820 tradit
1113 2753 1220 2821 Philo-

89 2863 220 2945 sophus
235 2862 392 2929 indecem
410 2862 498 2928 libris
512 2863 689 2929 Ethicorum
703 2862 743 2929 ad
755 2864 978 2931 Nicomachum
991 2872 1024 2927 et
1039 2862 1072 2927 in
1089 2870 1215 2945 septem

90 2969 184 3035 libris
202 2969 372 3036 Moralium
399 2972 440 3035 ad
466 2972 647 3036 Eudamum.
669 2970 884 3037 OEconomica
912 2971 1025 3045 docet,
1045 2969 1217 3059 quomodo

89 3076 271 3161 dirigendae
299 3078 365 3143 sint
393 3079 433 3143 ad
461 3078 615 3145 ultimum
641 3078 741 3145 finem
770 3078 915 3144 actiones
941 3076 1082 3151 familiae,
1116 3094 1216 3159 quarn

88 3185 224 3250 tradidit
250 3185 440 3251 Aristoteles
458 3184 491 3251 in
518 3186 648 3251 duobus
677 3186 764 3251 libris
782 3185 1064 3252 OEcanomicomm.
1086 3181 1217 3249 Politice

89 3292 230 3355 demum
250 3292 361 3367 docet,
387 3312 453 3376 quo
478 3303 572 3377 pacto
591 3293 778 3359 ordinandae
796 3294 860 3359 sint
880 3293 921 3357 ad
940 3292 1094 3357 ultimum
1114 3290 1214 3355 finem
1246 3306 1253 3320 ·

91 3400 239 3464 actiones
257 3400 358 3465 totius
376 3401 513 3467 civitatis
541 3413 597 3468 aut
623 3402 726 3486 regni,
751 3420 889 3483 eamque
916 3397 1046 3465 tradidit
1065 3398 1218 3482 Stagirita

92 3507 125 3570 in
148 3515 221 3571 octo
236 3506 324 3571 libris
337 3507 544 3573 Politicarum
562 3506 625 3596 (4).

165 3614 325 3680 Caeterum
353 3634 418 3681 non
443 3616 592 3681 omnium
621 3616 845 3699 operationum
870 3615 1004 3680 directio
1029 3620 1156 3696 spectat
1176 3611 1217 3678 ad
1251 3610 1416 3695 Numenium

91 3722 350 3805 philosophicam
365 3724 669 3799 considerationem,
687 3734 723 3788 ut
737 3724 814 3789 alias
826 3742 957 3806 quoque
972 3721 1056 3787 inter
1070 3720 1217 3804 practicae
1253 3694 1412 3814 οᾟῗᾏῗζω

92 3828 310 3913 Philosophia
324 3832 447 3915 species
464 3849 628 3898 recensere
643 3832 834 3898 debeamus.
852 3830 885 3895 ln
901 3828 1013 3914 primis
1028 3827 1116 3894 enim
1135 3836 1219 3893 artes
1252 3824 1402 3941 siim?

91 3938 290 4003 mechanicae
306 3936 403 4003 nimis
417 3959 435 4003 a
448 3938 607 4023 dignitate
627 3938 841 4022 Philosophiae
856 3938 989 4013 distant,
1007 3934 1218 4021 potissimum
1290 3910 1365 3952 ΜΡ
1383 3908 1428 3940 ¹⁸⁰¹

91 4044 136 4118 si,
162 4056 195 4110 ut
216 4044 268 4121 lit,
291 4046 391 4112 modo
406 4064 485 4131 pure
504 4046 747 4132 experimentali
768 4047 817 4113 vel
837 4047 946 4112 solum
966 4064 1007 4111 ex
1023 4060 1219 4129 magnorum

130 4264 170 4325 (r)
206 4258 353 4319 Benedict.
370 4258 496 4328 Persica,
513 4260 557 4319 Da
569 4260 764 4319 communibus
779 4273 844 4327 eto,
860 4258 912 4317 lib.
929 4278 957 4326 ι,
974 4278 1036 4331 cap.
1054 4280 1104 4335 17,
1117 4259 1169 4320 fin.

134 4355 172 4414 (a)
209 4348 348 4422 Melaph„
366 4348 414 4407 lib.
431 4370 456 4417 a,
473 4370 535 4423 cap.
555 4372 580 4423 3,
595 4362 698 4421 quaest.
716 4370 746 4421 3,
763 4362 831 4407 sect.
848 4370 876 4423 3,
892 4348 970 4407 litua
984 4358 1078 4408 tamen
1092 4350 1226 4409 animad-

99 4439 262 4496 uertendum
266 4482 320 4496 .....

135 4532 174 4601 (3)
209 4530 253 4587 De
267 4530 464 4587 communibus
478 4542 542 4596 etc„
560 4528 608 4587 lib.
629 4548 736 4600 a,cap.
756 4550 801 4602 17,
817 4528 868 4586 fin.

133 4618 177 4690 (4)
212 4616 424 4693 VideSylvest.
437 4618 534 4677 Mauri
543 4618 572 4678 in
584 4616 844 4677 ProoemMaralis
853 4614 1064 4690 Philosophia,
1078 4632 1187 4687 nempe
1198 4612 1229 4675 iu

96 4706 154 4767 vol.
170 4714 208 4767 a·
223 4708 426 4783 paraphrasis
439 4711 469 4768 r'n
480 4710 576 4769 omnia
589 4716 677 4783 mern
690 4707 873 4768 Aristotelis.
