3492 5525
564 418 621 501 702
678 416 801 484 Loorcn
817 394 1050 495 Maron-ssLm.
1068 430 1137 480 ψ.
1155 416 1248 481 Drse.
1264 429 1308 481 a·
1323 415 1404 481 cm.
1423 431 1492 480 ψ’

523 604 600 672 cidit
617 625 694 674 cum
715 605 824 672 medio
842 605 989 681 essendi,
1010 622 1070 672 seu
1089 602 1171 669 ratio
1188 612 1222 669 et
1236 600 1383 671 medium
1397 601 1577 671 ostendens
1591 621 1650 668 no·

523 713 848 781 bisconvenientiam
862 713 1117 800 praedicantum
1136 709 1303 796 subjecto,
1319 728 1387 778 non
1403 719 1455 778 est
1466 711 1538 796 ipsa
1550 729 1648 778 causa

522 822 574 887 vei
593 822 673 888 ratio
691 822 877 900 intrinseca,
898 829 1151 907 propterquam
1179 818 1327 904 subjecto
1345 820 1410 887 tale
1434 819 1647 904 praedicatum
1736 892 1738 897 ,

522 928 687 997 convenit.
1736 904 1738 914 ¹

588 1034 752 1111 Quaeritur
769 1053 847 1121 ergo
866 1053 968 1114 nunc,
988 1035 1163 1120 qualenam
1179 1033 1317 1100 istorum
1337 1031 1521 1100 medianam
1538 1034 1648 1101 exciu-
1736 1069 1738 1079 =

521 1144 577 1209 dat
596 1143 789 1228 propositio,
821 1162 898 1228 quae
915 1143 1096 1210 immedc’ota
1111 1141 1230 1208 dicitur
1247 1141 1300 1207 vei
1315 1145 1374 1224 per
1388 1159 1423 1207 se
1444 1144 1532 1206 nota:
1557 1142 1648 1208 suffe

521 1251 606 1317 citne
625 1250 747 1336 primo,
774 1261 810 1316 ut
833 1250 985 1316 excludat
1004 1249 1151 1316 medium
1170 1248 1208 1314 in'
1223 1248 1471 1332 cognoscendo,
1491 1248 1569 1315 iicet
1592 1251 1647 1314 ha-
1736 1308 1738 1314 ,

521 1357 597 1424 beat
614 1357 759 1423 medium
779 1356 812 1424 in
832 1357 993 1424 essendo?
1017 1364 1051 1421 et
1068 1354 1231 1422 sufficitne
1249 1355 1414 1429 secundo,
1433 1363 1471 1420 ut
1494 1356 1646 1422 excludat
1736 1403 1738 1429 ,

521 1466 667 1532 medium
686 1465 719 1530 in
738 1465 894 1542 essendo,
914 1464 1068 1548 quamvis
1085 1470 1226 1546 nequeat
1246 1461 1341 1528 nobis
1361 1461 1556 1529 manifestari
1575 1464 1646 1529 sine
1736 1492 1738 1547 J

520 1573 628 1656 aliquo
643 1573 752 1640 medio
768 1572 801 1639 in
815 1570 1068 1658 cognoscendo?
1079 1589 1121 1636 an
1137 1588 1218 1636 vero
1231 1579 1409 1653 utrumque
1423 1572 1484 1636 hoc
1497 1571 1644 1636 medium
1736 1550 1738 1587 r

520 1679 691 1746 excludere
708 1665 821 1758 debet,
841 1691 878 1748 ut
896 1677 1076 1764 propositio
1095 1677 1220 1744 dicatur
1236 1677 1344 1761 sitque
1359 1695 1434 1744 vere
1456 1677 1646 1744 immediata
1736 1666 1738 1709 ³

520 1796 553 1854 et
572 1805 628 1872 per
642 1806 677 1854 se
697 1787 795 1855 nota?
813 1786 847 1853 Si
866 1786 1005 1864 sufficit,
1027 1793 1064 1852 ut
1083 1784 1235 1852 excludat
1253 1783 1399 1850 medium
1420 1785 1594 1856 dumtaxat
1611 1787 1645 1852 in
1736 1866 1737 1869 Ἴ

519 1895 768 1982 cognoscendo,
803 1895 969 1962 dabuntur
996 1893 1237 1978 propositiones
1264 1911 1322 1977 per
1349 1911 1386 1959 se
1422 1903 1508 1960 notae
1534 1895 1643 1960 seium
1736 1880 1738 1930 ⁵

519 2003 628 2088 quoad
647 2022 724 2080 nos,
754 2023 790 2070 ac
818 2001 956 2088 proinde
974 1999 1228 2086 propositiones,
1248 1998 1348 2066 etiam
1367 2018 1500 2084 prorsus
1517 2002 1645 2068 contin·
1736 1996 1738 2081 ἶ

519 2119 653 2198 gentes,
685 2111 869 2178 dummodo
900 2126 958 2194 per
992 2125 1111 2176 sensus
1137 2108 1360 2184 innotescant,
1395 2108 1457 2175 dici
1489 2117 1645 2193 poterunt

519 2219 729 2286 immediate.
746 2218 780 2284 Si
800 2236 879 2284 vero
899 2227 1078 2300 utrumque
1093 2215 1240 2283 medium
1260 2216 1432 2282 excludere
1448 2216 1547 2282 debet
1568 2235 1645 2300 pro·
1736 2200 1738 2245 ⁵

521 2325 638 2412 positio
658 2345 714 2410 per
732 2343 768 2392 se
788 2334 881 2401 nota,
904 2343 969 2390 non
989 2333 1085 2390 erunt
1103 2322 1316 2390 admittendae
1334 2319 1573 2409 propositiones
1587 2342 1645 2407 per

520 2452 557 2500 se
576 2444 663 2500 notae
685 2432 856 2499 dumtaxat
882 2432 1065 2499 secundum
1084 2450 1134 2497 se.
1155 2430 1189 2496 Si
1217 2430 1357 2514 denique
1375 2431 1511 2506 sufficit,
1532 2438 1570 2496 ut
1587 2449 1645 2496 ex-

520 2526 631 2610 cluda‘t
668 2541 814 2608 medium
851 2541 885 2606 in
920 2539 1084 2614 essendo,
1110 2555 1244 2605 necesse
1271 2538 1330 2604 erit
1368 2555 1542 2622 agnoscere
1567 2557 1645 2622 pro-

522 2649 700 2735 positiones
723 2668 780 2734 per
805 2667 840 2716 se
871 2657 967 2714 notas
990 2655 1121 2713 tantum
1141 2645 1325 2713 secundum
1352 2665 1404 2723 se,
1434 2653 1532 2729 atque
1559 2645 1644 2712 adeo
1736 2680 1738 2687 ·

521 2759 746 2843 amplectenda
781 2758 840 2825 erit
869 2755 1062 2823 bimembris
1090 2750 1144 2820 iila
1177 2753 1293 2821 divisio
1326 2752 1553 2838 propositionis
1585 2774 1644 2840 per

520 2885 556 2933 se
572 2876 671 2933 notae.

328 2997 342 3027 u
390 2997 404 3025 u
453 2996 508 3027 one·
588 2975 630 3041 Ut
647 2993 726 3059 ergo
740 2974 781 3039 de
799 2973 851 3037 iiia
869 2970 1028 3039 divisione
1044 2970 1187 3057 judicare
1202 2970 1382 3055 possimus,
1401 2970 1474 3035 dure
1491 2977 1573 3035 sunt
1590 2970 1642 3036 hic

347 3066 421 3102 '¹³¹¹
439 3068 465 3099 '⁸'
522 3078 616 3147 nobis
646 3081 806 3165 agitanda
834 3079 1052 3163 quaestiones3
1085 3080 1201 3162 prima,
1234 3088 1344 3145 utrum
1373 3075 1548 3161 propositio
1578 3078 1640 3143 dici
1736 3071 1737 3106 ³

521 3187 624 3274 possit
636 3194 696 3270 per
707 3206 741 3254 sc
756 3191 831 3253 nota
848 3188 900 3253 vei
918 3186 1107 3253 immediata
1125 3204 1224 3252 exeo
1238 3187 1364 3263 solum,
1376 3184 1472 3269 >quod
1489 3184 1642 3251 excludat
1736 3239 1738 3275 ,

522 3295 667 3363 medium
683 3295 716 3361 in
729 3294 978 3391 cognoscendo,
992 3294 1066 3360 iicet
1078 3292 1196 3359 habeat
1208 3295 1242 3360 in
1255 3291 1412 3370 essendo,
1427 3299 1524 3377 atque
1541 3292 1640 3374 ade03

521 3412 632 3470 utrum
652 3403 863 3470 admittendae
882 3400 947 3469 sint
965 3400 1205 3485 propositiones
1219 3407 1326 3484 perse
1342 3403 1421 3467 note
1437 3406 1643 3465 tantummo-

520 3512 564 3577 do
595 3511 704 3594 quoad
728 3528 805 3594 nos3
830 3510 986 3583 secunda,
1017 3516 1129 3573 utrum
1157 3507 1199 3574 ad
1226 3508 1384 3575 rationem
1411 3504 1642 3591 propositionis

522 3637 580 3703 per
603 3637 638 3684 se
667 3626 754 3685 notae
782 3620 833 3684 vei
862 3615 1059 3682 immediatae
1078 3615 1157 3681 satis
1184 3616 1244 3693 sit,
1265 3627 1301 3684 ut
1319 3614 1468 3681 excludat
1491 3614 1641 3679 medium
1736 3599 1738 3672 i

522 3727 554 3792 in
584 3726 740 3801 essendo,
775 3743 834 3791 seu
864 3735 974 3791 utrum
1005 3722 1132 3789 admitti
1165 3723 1294 3806 possint
1320 3718 1554 3806 propositiones
1582 3738 1644 3803 per
1736 3760 1738 3776 ·

416 3860 420 3867 ·
523 3852 558 3899 se
582 3840 668 3899 notae
696 3840 825 3899 tantum
855 3830 1038 3899 secundum
1057 3848 1109 3905 se,
1139 3828 1214 3895 iicet
1241 3847 1307 3895 non
1325 3829 1390 3896 sint
1416 3844 1471 3911 per
1497 3845 1533 3893 se
1552 3836 1644 3893 notae

522 3940 632 4025 quoad
651 3958 723 4008 nos.

311 4061 433 4117 opiniones
452 4060 509 4107 oro
573 4066 645 4135 191.
693 4052 812 4133 Quoad
838 4050 988 4129 primam
1006 4052 1133 4110 harum
1157 4049 1403 4128 quaestionem,
1426 4050 1505 4108 sunt
1530 4043 1647 4127 plures

362 4133 456 4188 primam

333 4206 486 4265 questionem.

523 4164 687 4231 auctores,
707 4154 764 4237 qui
776 4160 929 4227 censent,
950 4151 992 4217 ad
1009 4148 1170 4218 rationem
1185 4149 1413 4235 propositionis
1425 4167 1482 4232 per
1499 4168 1534 4215 se
1553 4161 1650 4219 notae
1736 4174 1738 4216 r

524 4272 622 4345 atque
641 4261 841 4327 immediatae
859 4267 910 4325 sat
929 4276 1018 4334 esse,
1039 4258 1066 4323 si
1084 4265 1191 4322 careat
1210 4255 1318 4321 medio
1337 4255 1545 4340 cognitionis,
1566 4256 1651 4325 licet
1736 4307 1737 4322 ,

524 4370 640 4436 habeat
659 4368 803 4433 medium
823 4368 855 4433 in
871 4366 1026 4432 essendo:
1043 4372 1076 4429 et
1094 4364 1140 4429 sic
1159 4361 1396 4449 propositiones
1412 4381 1547 4451 omnes,
1567 4384 1651 4448 quae
1736 4381 1738 4444 ξ

523 4476 591 4543 sola
618 4474 815 4558 experientia
843 4480 1106 4558 cognoscuntur,
1134 4479 1171 4536 ut
1194 4472 1261 4536 hae:
1289 4470 1403 4537 Petms
1425 4468 1549 4536 existit:
1567 4473 1651 4539 Haec

522 4584 633 4651 charta
656 4584 727 4648 alda
753 4586 815 4659 cst,
845 4581 920 4646 iicet
947 4598 1013 4647 non
1041 4589 1170 4648 careant
1196 4577 1304 4644 medio
1326 4575 1358 4643 in
1384 4577 1539 4654 essendo,
1570 4598 1651 4649 esse

524 4701 635 4757 tamen
654 4690 876 4764 immediatas,
902 4687 980 4776 quia
1007 4686 1139 4753 anobis
1155 4693 1398 4772 cognoscuntur
1423 4683 1493 4752 sine
1518 4687 1649 4755 medio.
1736 4693 1738 4741 ἶ
