3492 5525
253 456 368 520 Anrrc.
386 468 447 519 au·
460 453 587 534 Qususs
600 470 743 518 ventris
759 471 793 517 ru
805 471 890 518 surr.
907 471 1114 518 cooneratus.
1154 470 1213 537 427

200 645 304 722 Reap.
319 637 479 722 distinguo
497 647 568 704 ιω
580 636 769 704 membrum
788 635 931 723 Majoris.
948 635 984 702 S.
1000 635 1144 705 Thomas
1158 636 1254 704 docet

130 744 303 812 veritatem
334 745 435 811 modo
456 743 587 828 proprio
613 742 814 820 intellectus,
848 762 969 829 nempe
995 742 1251 827 cognoscibiliter,

130 869 206 920 esse
223 854 330 920 solum
350 852 383 920 in
397 852 536 938 judicio,
551 871 655 929 conc„
676 852 865 928 veritatem,
881 851 981 919 etiam
1000 851 1253 938 logicam,quo-

130 960 377 1054 modocumque
396 977 468 1028 esse
486 967 577 1026 extra
591 959 751 1046 judicium
771 977 838 1026 non
861 973 960 1044 posse
984 959 1079 1026 docet
1103 958 1139 1027 S.
1166 960 1254 1026 Tho-

129 1085 221 1144 mas,
237 1086 326 1154 nego.
347 1069 385 1136 Et
403 1067 551 1135 similiter
568 1068 725 1152 distinguo
742 1069 883 1136 aiterum
902 1067 1109 1149 membrum3
1125 1068 1253 1153 scripsit

129 1173 167 1240 S.
188 1175 332 1243 Thomas
356 1177 527 1243 veritatem
554 1193 625 1241 esse
650 1176 684 1243 in
710 1175 848 1261 simplici
870 1175 1129 1262 apprehensione
1156 1179 1193 1241 ut
1216 1175 1253 1241 in

126 1285 265 1367 quodam
274 1302 410 1360 renero,
424 1284 465 1350 ad
479 1283 704 1351 denotandum
717 1283 805 1349 illam
816 1301 889 1350 esse
902 1281 1073 1349 veritatem
1087 1292 1253 1349 transcen·

127 1389 309 1468 dentalem,
330 1410 413 1475 neg„
430 1393 471 1457 ad
490 1392 714 1458 denotandum
734 1391 904 1459 veritatem
920 1409 1074 1458 non-esse
1091 1391 1124 1457 in
1138 1410 1253 1477 appre-

127 1497 287 1566 hensione
302 1499 458 1584 simplici,
475 1507 646 1583 tamquam
666 1497 820 1583 cognitum
838 1497 871 1564 in
890 1502 1101 1582 cognoscente,
1116 1517 1204 1565 conc.

195 1601 487 1682 Qremaomodom
513 1623 589 1675 cum
614 1606 656 1673 de
675 1606 810 1673 veritate
827 1605 1012 1674 intellectus
1039 1606 1162 1693 agitur,
1184 1624 1250 1674 non

2 1777 3 1782 ,
127 1712 269 1783 venitin
288 1713 506 1800 quaestionem
526 1714 644 1783 veritas
667 1714 765 1782 rebus
792 1714 950 1782 omnibus
967 1714 1171 1792 communis,
1190 1713 1250 1780 sed

3 1843 4 1848 ¹
125 1821 274 1907 specialis
306 1834 339 1891 et
369 1823 497 1909 propria
528 1822 729 1900 intellectus,
758 1822 791 1890 id
811 1831 888 1900 est,
922 1822 1044 1908 logion
1075 1821 1119 1888 ita
1150 1822 1248 1888 etiam

124 1931 258 2014 quando
276 1930 449 2015 quaeritur,
470 1929 503 1996 in
534 1949 601 2015 quo
628 1939 702 1997 actu
725 1930 908 1998 intellectus
936 1930 1113 2014 reperiatur
1131 1929 1249 1997 veritas

124 2039 247 2123 logica,
266 2039 402 2125 intelligi
430 2039 569 2124 quaestio
597 2047 723 2123 potest,
744 2049 777 2107 et
805 2058 822 2106 a
852 2038 965 2110 multis
982 2037 1187 2124 intelligitur,
1207 2040 1249 2106 de

123 2146 272 2225 veritate,
293 2166 367 2232 quae
399 2147 475 2214 insit
513 2147 616 2214 menti
648 2148 845 2223 secundum,
871 2155 1022 2213 naturam
1054 2147 1248 2232 peculiarem

123 2252 243 2340 ipsius,
273 2253 429 2324 nimirum
462 2263 558 2340 prout
588 2255 744 2322 intellecto
772 2265 806 2322 et
834 2256 968 2339 cognito.
1000 2253 1127 2322 Veritas
1159 2256 1247 2321 enim

122 2363 294 2448 dupliciter
321 2383 393 2431 esse
422 2371 531 2450 potest
557 2365 589 2430 in
618 2361 800 2438 intellectu,
826 2372 863 2429 ut
888 2361 1038 2448 cognita,
1059 2370 1092 2428 et
1120 2371 1247 2430 utnon

121 2472 264 2556 cognita.
286 2471 324 2540 Et
343 2471 477 2547 veritas,
498 2490 572 2555 quoe
590 2479 640 2537 est
667 2478 704 2538 ut
722 2471 870 2558 cognita,
899 2489 959 2537 seu
987 2490 1063 2554 quae
1091 2481 1123 2539 et
1145 2475 1194 2538 esi
1216 2481 1249 2538 et

120 2579 332 2662 cognoscitur,
348 2579 464 2647 dicitur
482 2597 500 2644 a
519 2578 555 2649 S.
576 2579 705 2646 'ihoma
724 2595 796 2644 esse
818 2578 964 2662 proprr'e,
994 2597 1054 2646 seu
1073 2579 1175 2646 modo
1193 2597 1249 2646 co·

121 2686 309 2773 gnoscitivo
319 2705 355 2754 ac
367 2687 499 2774 proprio
515 2687 715 2769 intellectus3
728 2703 804 2752 narn
815 2687 925 2754 solum
937 2687 1122 2755 intellectus
1137 2695 1248 2774 potest

119 2794 166 2862 ita
184 2796 349 2878 possidere
371 2796 560 2871 veritatem,
583 2802 619 2861 ut
647 2803 828 2880 cognoscat
849 2794 956 2860 illam:
988 2794 1106 2862 veritas
1133 2805 1245 2867 autem

120 2920 197 2985 quoe
217 2922 284 2971 non
303 2912 370 2979 est,
391 2915 428 2973 ut
447 2903 627 2978 intellecta,
656 2921 716 2969 seu
743 2922 818 2987 quae
844 2906 892 2968 esi
918 2901 1072 2986 quidem,
1098 2896 1158 2969 sed
1184 2923 1248 2969 non

117 3011 324 3094 cognoscitur,
341 3011 384 3077 ob
393 3011 579 3097 oppositam
596 3010 754 3077 rationem
770 3010 887 3077 dicitur
901 3028 973 3077 esse
986 3010 1019 3076 in
1031 3010 1199 3079 intellectu
1212 3015 1250 3079 rol

118 3118 156 3185 in
168 3122 305 3203 modom
316 3138 363 3195 re,
380 3120 456 3204 quia
475 3119 502 3185 is
520 3118 842 3202 modus'possidendi
857 3118 1028 3185 veritatem
1048 3136 1114 3185 non
1130 3128 1179 3187 est
1191 3137 1248 3207 pe-

118 3226 249 3295 culiaris
264 3226 455 3296 intellectui.
467 3225 565 3293 Aliud
578 3236 631 3293 est
642 3226 752 3309 itaque
769 3226 939 3293 veritatem
956 3226 1094 3311 logicam
1109 3246 1248 3313 quomo

118 3337 310 3421 <locumque
328 3336 512 3419 possidere,
531 3334 623 3418 quasi
641 3333 849 3401 materialiter
865 3342 899 3399 et
915 3334 1096 3422 subjective,
1112 3344 1146 3402 et
1158 3337 1246 3405 aliud

116 3462 192 3511 eam
208 3442 373 3528 possidere
386 3442 532 3530 oh'ecliw
544 3460 582 3508 ac
595 3440 696 3509 modo
705 3441 941 3527 cognoscitivo.
954 3442 1100 3511 Primum
1112 3446 1243 3522 asserit,

117 3554 258 3619 altenmr
278 3560 378 3637 negat
392 3550 580 3635 ¹ringelicus
607 3550 726 3617 Doctor
748 3548 886 3636 simplici
909 3540 1193 3639 apprehensioni(
1215 3551 1242 3640 ).

163 3664 241 3742 obj.
265 3664 316 3745 7!
361 3657 469 3725 Nemo
487 3677 564 3725 cum
584 3657 675 3727 audit
699 3674 797 3724 voces
821 3658 1002 3741 simplices,
1029 3658 1108 3726 dicit
1135 3678 1244 3725 oerum

113 3785 192 3835 esse
210 3766 259 3842 id,
280 3766 372 3851 quod
390 3766 562 3851 proiectus.
583 3765 667 3851 Ergo
685 3764 772 3831 idem
786 3766 996 3832 sentiendum
1015 3776 1066 3835 est
1084 3766 1183 3835 etiam
1202 3767 1244 3833 de

113 3872 256 3960 simplici
275 3872 551 3959 apprehensione,
574 3875 668 3959 cujus
691 3890 790 3939 voces
811 3872 976 3957 simplices
998 3882 1077 3940 sunt
1094 3874 1241 3961 signum.

115 3982 222 4067 Atqui
241 3981 274 4049 id
288 3982 417 4049 videtur
435 3980 573 4048 omnino
585 3979 784 4067 significare,
800 3980 892 4065 quod
909 3981 943 4048 in
961 3978 1167 4066 simplicibus
1185 4000 1244 4048 vo-

1 4082 2 4087 ’
112 4091 211 4159 cibus
227 4090 317 4159 nulla
334 4089 376 4155 sit
389 4089 521 4158 veritas.
541 4088 638 4174 Ergo.
713 4094 732 4173 f

183 4205 289 4283 Reep.
307 4198 382 4265 dist.
401 4206 507 4265 antec.
527 4194 626 4280 ldque
644 4194 718 4262 ideo
736 4195 870 4275 accidit,
891 4194 969 4280 quia
987 4195 1020 4263 in
1038 4194 1241 4282 simplicibus

112 4306 256 4377 vocibus
275 4306 364 4373 nulla
381 4304 520 4371 omnino
541 4312 591 4371 est
609 4302 747 4380 veritas,
768 4322 854 4388 neg,
872 4302 949 4389 quia
967 4322 1033 4369 non
1053 4314 1103 4371 est
1122 4303 1243 4373 veritas

111 4419 214 4505 plena
232 4424 266 4481 et
283 4414 388 4498 qualis
411 4414 444 4481 in
465 4412 742 4499 propositionibus
760 4432 797 4479 ac
812 4412 943 4499 judiciis
961 4413 1136 4496 reperitur,
1150 4431 1239 4479 conec.

182 4520 267 4590 Tota
279 4522 348 4589 hec
362 4522 509 4589 doctrina
524 4521 643 4589 melius
651 4519 867 4589 declarabitur
880 4520 912 4587 in
927 4520 1079 4604 sequenti
1091 4519 1238 4589 articulo.

145 4777 188 4841 (a)
226 4770 303 4831 Vide
317 4770 351 4833 S.
365 4772 422 4833 Th.
438 4770 479 4831 in.
497 4790 508 4831 r
526 4790 555 4847 p.
570 4790 600 4845 q.
620 4771 667 4841 16,
682 4790 709 4830 e.
725 4790 757 4841 a,
770 4768 895 4845 aliisque
909 4769 978 4831 loeis
990 4789 1081 4844 eopse
1092 4767 1142 4830 cit.
