3492 5525
551 508 611 574 5⁰4
665 492 791 557 Locren
806 446 1038 568 Mesoa-Lm.
1060 504 1127 567 ψ,
1149 491 1242 555 Drse.
1258 504 1303 554 a.·
1316 490 1397 555 Cae.
1415 504 1485 554 μω

1163 592 1639 613 wad-d—

513 676 720 763 hypothesim
731 694 789 743 seu
803 674 1024 741 conditionem
1035 692 1169 759 prorsus
1179 674 1424 741 ineluctabiliter
1438 674 1634 739 inferentem

512 766 785 859 conditionatum,
812 782 931 849 dantur
964 782 1052 848 enim
1079 782 1283 848 conditiones
1312 781 1532 867 metaphysice
1558 800 1639 846 con-

514 908 606 956 nexae
623 906 698 957 cum
717 892 952 958 conditionato.
967 891 1013 957 lta
1030 888 1241 976 hypothetice
1258 888 1502 956 ineluctabiliter
1522 904 1640 954 neces·

516 999 637 1065 sarium
657 1007 707 1065 est
727 1018 781 1065 me
794 997 910 1075 sedere,
926 999 956 1065 si
967 1006 1001 1063 et
1014 1002 1090 1063 dum
1101 998 1211 1064 sedeo:
1229 1000 1359 1067 Petrum
1375 996 1499 1061 moveri
1518 996 1639 1080 pariter

518 1124 649 1173 necesse
667 1115 730 1184 est,
751 1106 778 1173 si
796 1115 1002 1192 supponatur
1018 1106 1108 1189 quod
1126 1114 1245 1173 currat.
1268 1105 1307 1170 Et
1324 1104 1470 1171 similiter
1492 1104 1584 1169 adest
1602 1103 1636 1168 in

517 1214 593 1299 igne
624 1213 797 1280 necessitas
828 1214 1037 1301 hypothetica
1061 1211 1275 1280 ineluctabilis
1293 1212 1334 1277 ad
1360 1211 1636 1287 comburendum,

517 1319 633 1406 positis
651 1322 804 1388 omnibus
824 1321 998 1405 requisitis,
1016 1321 1048 1386 si
1061 1322 1147 1387 Deus
1168 1340 1233 1387 nora
1244 1320 1353 1407 sacrirt
1367 1320 1555 1385 miraculum
1575 1321 1640 1383 de-

519 1429 664 1514 rogando
683 1429 810 1515 legibus
830 1428 972 1514 physicis
991 1438 1024 1493 et
1043 1428 1237 1495 retrahendo
1256 1446 1354 1493 suum
1366 1444 1574 1500 concursum,
1588 1428 1639 1492 his

518 1537 606 1602 enim
627 1536 781 1603 omnibus
800 1536 991 1620 suppositis,
1019 1537 1106 1601 nulla
1133 1545 1184 1602 est
1205 1536 1361 1619 potentia,
1387 1552 1462 1618 quae
1480 1534 1641 1618 impedire

519 1644 623 1729 possit
641 1642 906 1710 combustionem
926 1644 1022 1728 ignis.

584 1750 653 1831 Jarn
683 1751 786 1836 prima
812 1752 863 1817 illa
884 1751 1058 1817 necessitas
1085 1750 1293 1838 hypothetica
1323 1770 1389 1816 non
1415 1756 1465 1816 est
1490 1750 1640 1816 absolute

519 1858 739 1935 ineluctabilis,
772 1878 831 1925 nec
850 1859 985 1924 fundare
1007 1858 1142 1943 proinde
1166 1868 1273 1943 potest
1293 1858 1551 1946 metaphysicam
1570 1879 1641 1925 cer-

518 1966 704 2034 titudinem.
731 1966 839 2031 hltera
857 1968 990 2050 quidem
1010 1958 1224 2033 ineluctabilis
1243 1976 1306 2041 est,
1325 1975 1359 2031 et
1377 1966 1512 2033 fundare
1530 1976 1642 2051 potest

520 2074 789 2161 metaphysicam,
810 2094 939 2160 semper
961 2082 1073 2140 tamen
1099 2074 1143 2139 ita
1162 2075 1359 2157 pendentem
1384 2092 1426 2139 ex
1443 2072 1641 2141 conditionis

518 2183 604 2249 illius
632 2182 804 2267 positione,
836 2192 872 2249 ut
891 2183 918 2248 si
936 2182 987 2248 cui
1009 2200 1078 2249 non
1097 2182 1234 2247 omnino
1261 2190 1371 2265 pateat
1389 2182 1530 2265 positam
1544 2184 1640 2256 ,illam

519 2290 739 2357 conditionem
777 2308 861 2367 esse,
892 2291 944 2356 ille
977 2288 1234 2376 metaphysicam
1264 2289 1492 2355 certitudinem
1520 2289 1643 2355 habere

521 2415 586 2465 non
606 2397 721 2480 possit.
740 2398 850 2480 ltaque
873 2396 900 2463 si
917 2398 970 2462 cui
995 2405 1158 2462 constaret
1185 2396 1376 2462 omnimoda
1394 2396 1571 2475 evidentia,
1591 2400 1643 2463 hic

518 2515 553 2571 et
571 2524 658 2571 nunc
677 2524 743 2571 non
762 2505 830 2571 lieri
859 2504 967 2571 alleo
991 2505 1196 2579 miraculum,
1223 2522 1328 2587 neque
1352 2506 1579 2589 exceptionem
1608 2508 1642 2571 in

520 2614 646 2699 legibus
665 2612 816 2698 physicis,
842 2612 894 2677 ille
914 2613 1046 2678 haberet
1064 2609 1291 2677 certitudinem
1311 2612 1569 2698 metaphysicam
1591 2616 1644 2679 hic

520 2733 553 2789 et
579 2738 665 2788 nunc
692 2719 957 2805 insuperabilem,
978 2718 1134 2804 quoniam
1163 2720 1205 2784 de
1223 2720 1307 2786 facto
1341 2718 1472 2803 ponitur
1497 2702 1644 2788 conditio

518 2831 603 2906 talis,
620 2848 685 2914 qua
699 2829 816 2914 posita,
833 2827 981 2912 impediri
1001 2836 1142 2910 nequeat
1155 2827 1427 2893 conditionatum.
1447 2827 1646 2894 Communi·

519 2950 569 3005 ter
586 2949 695 3004 autem
713 2953 803 3012 cum,
824 2947 970 3002 accurate
996 2935 1166 3020 perpensis
1186 2936 1340 3001 omnibus
1358 2936 1531 3020 adjunctis,
1554 2941 1644 3003 nulla

518 3044 770 3129 deprehenditur
784 3045 864 3108 ratio
884 3044 1032 3127 patrandi
1051 3044 1206 3118 miraculi,
1224 3062 1289 3108 non
1308 3044 1402 3109 adest
1420 3044 1548 3128 proprie
1558 3048 1645 3127 posi-

520 3155 585 3219 lt'va
603 3161 636 3217 et
654 3151 830 3216 omnimoda
842 3149 1003 3216 evidentia
1022 3151 1064 3215 de
1088 3152 1197 3234 legum
1213 3149 1421 3236 physicarum
1437 3152 1644 3220 observantia

520 3261 552 3326 in
573 3259 764 3345 particulari.
785 3260 858 3324 Non
879 3250 966 3324 enim
983 3268 1162 3343 repugnat,
1182 3259 1263 3324 dum
1283 3278 1301 3322 a
1320 3278 1374 3322 me
1392 3261 1480 3323 nulla
1498 3263 1645 3326 cernitur

521 3368 614 3444 ratio,
649 3367 700 3432 vel
728 3367 835 3430 levem
866 3365 1011 3451 injiciens
1038 3364 1256 3448 suspicionem
1289 3363 1330 3430 de
1361 3367 1531 3441 miraculo,
1573 3368 1644 3433 lieri

522 3495 634 3561 reapse
654 3475 846 3541 miraculum
866 3474 910 3540 ob
929 3473 1070 3540 rationes
1089 3473 1158 3538 Deo
1176 3473 1236 3539 soli
1251 3485 1447 3557 compertas,
1467 3494 1543 3558 quae
1563 3477 1644 3542 mihi

522 3591 636 3669 postea
657 3581 826 3667 patebunt,
847 3589 885 3647 ut
903 3599 991 3665 saepe
1009 3582 1145 3666 contigit
1164 3581 1196 3645 in
1217 3580 1391 3657 miraculis,
1418 3599 1492 3664 quae
1512 3593 1644 3648 narrant

401 3701 405 3712 '
522 3690 675 3758 historiae.
689 3689 754 3754 Sed
774 3689 930 3772 quoniam
951 3690 1089 3754 stultum
1108 3697 1160 3754 est
1177 3695 1210 3753 et
1228 3687 1418 3772 imprudens
1435 3689 1560 3772 absque
1578 3693 1644 3755 ulla

523 3799 645 3864 ratione
660 3797 814 3862 miracula
828 3795 997 3880 suspicari,
1014 3796 1086 3861 ideo
1100 3795 1133 3861 in
1148 3794 1276 3861 casibus
1289 3795 1549 3880 particularibus,
1565 3817 1643 3863 cum

420 3977 422 3984 ,
523 3907 610 3972 nulla
625 3902 770 3989 suppetit
789 3904 868 3969 ratio
884 3903 1026 3969 suadens
1045 3902 1296 3987 suspensionem
1315 3901 1458 3986 aliquam
1477 3902 1511 3968 in
1531 3906 1645 3990 physi-

520 4013 568 4078 cis
584 4011 721 4095 legibus,
739 4010 989 4094 prudentissime
1001 4010 1196 4094 supponitur
1209 4011 1334 4075 nullum
1349 4009 1419 4076 lieri
1433 4010 1641 4077 miraculum:

522 4139 586 4203 qua
601 4117 705 4203 posita
724 4117 923 4192 conditione,
942 4117 1039 4215 adest
1054 4116 1213 4182 certitudo
1231 4117 1272 4182 de
1292 4135 1325 4182 re
1344 4137 1410 4184 non
1424 4127 1536 4184 tamen
1549 4121 1646 4185 abso-

522 4227 589 4293 luta
610 4234 643 4290 et
672 4223 905 4310 metaphysica,
927 4225 985 4290 sed
1005 4223 1139 4309 physica
1158 4232 1191 4289 et
1211 4224 1400 4292 defectibilis
1418 4243 1476 4310 per
1492 4227 1647 4312 omnipo-

443 4373 448 4383 ·
521 4332 657 4399 tentiam
679 4331 749 4396 Dei.

565 4445 714 4508 instabis
746 4445 793 4506 r.⁰
839 4437 1023 4505 Necessitas
1051 4441 1200 4507 absolute
1223 4439 1414 4524 superabilis
1441 4458 1564 4507 nomen
1587 4462 1646 4508 ne·

521 4547 680 4614 cessitatis
699 4564 765 4613 non
783 4558 937 4612 meretur.

588 4662 691 4738 Resp.
713 4674 788 4737 nego
800 4663 914 4720 assert.
931 4655 963 4718 ld
980 4655 1067 4719 enim
1083 4662 1135 4720 est
1145 4663 1258 4720 contra
1275 4675 1486 4723 communem
1503 4659 1644 4725 modum

521 4763 676 4848 loquendi
696 4760 859 4827 omnium.
876 4759 986 4836 Quam
1002 4762 1110 4837 enim,
1125 4779 1256 4846 quaeso,
1278 4763 1502 4830 necessitatem
1521 4767 1646 4834 habent
