3492 5525
568 441 630 525 416
680 443 817 508 ,Loorca
831 441 1064 517 Maron—Lm.
1086 457 1143 505 ru·
1157 441 1252 506 Drse.
1271 455 1313 505 r.·
1327 441 1409 506 cie.
1423 455 1493 504 ψ

539 665 545 676 ·
595 633 701 709 Reep.
720 628 799 710 Neg.
826 626 904 711 Maj.
930 627 983 691 vel
1007 625 1098 692 dist:
1125 642 1198 691 esse
1224 624 1412 693 dillornaenr
1439 622 1651 691 difformitate

529 749 616 796 mere
636 733 797 818 negativa,
817 732 906 799 idern
924 742 976 800 est
992 752 1030 798 ac
1045 750 1112 798 non
1131 749 1204 812 esse
1217 733 1437 810 conformem,
1451 736 1572 810 trans.,·
1591 731 1652 796 dii·

529 839 695 904 formitate
716 839 869 924 positiva,
894 841 962 926 neg.
988 837 1210 906 Coniormitas
1234 848 1268 905 et
1289 840 1499 906 difformitas.
1512 838 1651 923 positiva

528 946 610 1012 circa
629 965 733 1014 unum
753 948 910 1032 idemque
928 948 1094 1033 obiectum
1114 965 1182 1014 non
1201 956 1342 1033 possunt
1353 965 1427 1014 esse
1441 947 1502 1014 nisi
1520 947 1554 1012 in
1568 947 1653 1013 duo-
1678 986 1681 990 ⁴

528 1051 590 1119 bus
610 1053 757 1140 positivis
775 1055 914 1125 actibus.
929 1054 1096 1122 Diliormis
1109 1074 1188 1140 ergo
1205 1056 1349 1140 cognitio
1361 1054 1526 1141 ejusmodi
1539 1051 1653 1120 ditior-

464 1210 472 1236 ,
528 1163 642 1229 mitatc
661 1181 727 1230 non
746 1165 851 1230 solam
871 1165 1027 1248 importat
1049 1165 1257 1249 negationem
1284 1163 1522 1235 conformitatis
1537 1160 1604 1248 (r).

594 1277 756 1340 Instabie.
770 1271 814 1337 lta
820 1258 859 1339 'se
868 1273 968 1338 babet
967 1273 1092 1357 falsum
1104 1281 1252 1366 respectu
1266 1272 1346 1348 veri,
1356 1272 1441 1338 sicut
1452 1289 1515 1336 non
1527 1270 1648 1347 auum,

528 1397 562 1444 v.
578 1397 613 1463 g.
629 1388 776 1465 respectu
789 1379 866 1448 albi.
884 1379 984 1464 Atqui
1000 1380 1110 1447 album
1130 1389 1163 1445 et
1182 1397 1249 1446 non
1267 1379 1378 1447 album
1401 1377 1650 1446 contradictorie

439 1536 443 1545 .
527 1497 752 1572 opponuntur.
772 1487 858 1573 Ergo
876 1497 910 1553 et
928 1505 1043 1554 verum
1062 1496 1096 1553 et
1113 1489 1246 1554 falsum.

593 1601 699 1678 Reep.
718 1595 798 1679 Neg.
821 1597 935 1680 Major.
964 1595 1030 1663 Sed
1059 1595 1170 1680 potius
1195 1614 1232 1662 se
1264 1595 1386 1661 habent
1417 1601 1454 1660 ut
1484 1593 1591 1660 wem
1616 1605 1649 1661 ct

525 1701 648 1784 nequem
666 1721 741 1787 quae
760 1701 946 1788 significant
965 1703 1047 1770 duas
1066 1705 1189 1769 formas
1206 1702 1376 1787 positivas,
1407 1720 1474 1767 non
1496 1718 1593 1768 secus
1611 1720 1650 1765 ac

523 1827 632 1875 nerum
650 1822 684 1878 et
693 1809 831 1894 salsrcm.
850 1811 926 1876 Non
943 1792 1114 1877 estantern
1134 1809 1222 1876 idern
1243 1829 1310 1876 non
1324 1810 1436 1874 album
1450 1827 1488 1874 ac
1501 1809 1645 1894 nigrum:

526 1934 601 1982 narn
626 1935 694 1983 non
712 1916 824 1983 album
845 1918 1007 2003 significat
1024 1916 1213 1984 immediate
1233 1917 1444 2002 negationem
1476 1915 1647 2002 albedinis,

526 2023 657 2109 nigrum
678 2042 756 2090 vero
774 2024 964 2092 immediate
982 2024 1145 2110 significat
1164 2022 1383 2109 nigredinem,
1403 2031 1438 2089 et
1456 2025 1564 2090 solum
1577 2043 1650 2088 me-

524 2131 660 2198 dialect
680 2151 722 2199 ex
739 2133 969 2217 consequenti,
991 2132 1199 2220 negationem
1218 2131 1387 2199 albedinis.

590 2245 667 2322 obj.
680 2249 729 2307 a.·
748 2239 902 2306 Doctrina
912 2239 1059 2325 exposita
1078 2241 1207 2307 videtur
1219 2257 1436 2306 communem
1451 2237 1646 2325 logicorum

523 2349 718 2424 sententiam
737 2347 916 2414 destruere.
937 2348 1065 2414 Omnes
1082 2348 1171 2414 enim
1191 2365 1261 2414 uno
1278 2365 1337 2413 ore
1354 2347 1490 2423 docent,
1517 2348 1649 2431 opposi

522 2454 646 2519 tionem
670 2454 810 2520 duarum
838 2454 1098 2541 propositionum
1125 2455 1309 2520 secundum
1333 2453 1586 2521 affirmationem
1608 2474 1646 2520 ac

497 2631 500 2638 ,
524 2559 732 2648 negationem
752 2581 824 2629 esse
842 2561 1140 2629 contradictoriam.
1154 2561 1256 2647 Atqui
1267 2561 1433 2646 oppositio
1452 2561 1648 2646 propositio-

524 2669 575 2737 nis
590 2687 675 2736 verae
693 2689 730 2736 ac
741 2671 828 2736 lalsae
845 2668 930 2736 circa
948 2668 1035 2736 idem
1051 2677 1102 2735 est
1115 2668 1278 2756 oppositio
1300 2670 1484 2736 secundum
1502 2667 1647 2736 affinna-

523 2777 647 2847 tionem
667 2797 705 2845 ac
723 2778 948 2865 negationem.
969 2778 1064 2865 Ergo.

535 2942 538 2948 .
589 2894 694 2969 Reep.
711 2906 778 2971 neg.
794 2895 926 2953 essert:
942 2886 983 2951 ad
998 2885 1093 2975 prob.
1105 2886 1181 2952 disi.
1198 2886 1277 2952 Duae
1292 2885 1531 2971 propositiones
1544 2906 1647 2973 oppo

523 2993 593 3063 sitae
621 2994 803 3063 secundum
830 2993 1083 3061 affirmationem
1108 3013 1145 3059 ac
1167 2993 1374 3079 negationem
1398 2994 1646 3063 contradictorie

524 3114 752 3187 opponuntur,
768 3102 796 3169 si
808 3102 955 3189 objectioe
966 3102 1218 3178 comederentur,
1234 3121 1293 3169 seu
1307 3102 1490 3169 secundum
1505 3101 1539 3168 id
1553 3103 1644 3186 quod

524 3210 695 3276 enuntiant
712 3229 749 3276 ac
768 3219 1017 3294 representant,
1037 3228 1125 3277 conc.
1146 3208 1172 3275 si
1191 3210 1356 3297 subjective
1381 3215 1565 3294 sumantur,
1584 3228 1643 3277 seu

523 3318 705 3385 secundum
730 3319 821 3403 quod
843 3319 925 3385 tales
943 3318 1183 3403 propositiones
1201 3304 1284 3386 sunt
1298 3318 1332 3385 in
1351 3318 1482 3404 seipsis,
1503 3336 1577 3403 neg.
1606 3318 1646 3383 Et

521 3426 777 3493 contradistr'ncta
795 3424 931 3503 Minori,
951 3445 1018 3511 neg.
1039 3444 1175 3512 conseq.

587 3532 749 3601 Nimirum
768 3532 895 3619 objecta
921 3534 1183 3619 propositionum
1211 3534 1436 3620 oppositarum
1460 3534 1644 3601 secundum

521 3640 772 3709 affirmationem
787 3660 826 3708 ac
841 3641 1050 3726 negationem
1060 3642 1231 3709 continent
1243 3641 1550 3718 contradictionem,
1566 3652 1647 3709 nam

521 3768 587 3817 una
613 3766 726 3817 earum
752 3747 894 3815 affirmat
920 3748 952 3815 id
977 3750 1106 3834 ipsum,
1131 3751 1221 3835 quod
1241 3751 1340 3818 altera
1358 3760 1468 3836 negat.
1490 3750 1558 3817 Sed
1575 3752 1645 3836 ipsa

521 3856 695 3924 affirmatio
710 3864 743 3921 et
761 3857 905 3943 negatio,
924 3856 958 3923 in
973 3858 1094 3943 quibus
1111 3857 1297 3927 consistunt
1310 3859 1372 3925 iliae
1391 3858 1643 3943 propositiones,

521 3965 651 4032 suntin
671 3982 707 4031 se
724 3964 793 4031 duo
811 3972 904 4030 actus
923 3966 1042 4043 reales,
1062 3964 1204 4051 ideoque
1224 3985 1291 4033 non
1310 3983 1451 4053 possunt
1468 3966 1554 4035 inter
1570 3984 1645 4033 sese

521 4070 770 4140 contradictorie
798 4070 934 4156 opponi.
966 4071 1000 4137 ld
1026 4072 1117 4156 quod
1144 4076 1276 4159 egregie
1304 4075 1443 4141 declarat
1467 4072 1646 4143 Cardinalis

521 4177 695 4265 Cajetanus
709 4180 741 4247 in
756 4178 999 4247 commentario·
1008 4178 1195 4249 Aristotelis
1203 4182 1451 4250 Peribermembs
1458 4180 1530 4273 (a).
1540 4182 1644 4251 Simili

557 4472 597 4535 (r)
633 4465 711 4525 Vide
730 4466 767 4525 P.
789 4462 878 4540 Greg.
900 4463 938 4523 de
959 4461 1159 4538 Volentia,·iu·
1182 4475 1221 4527 r.·
1234 4480 1309 4541 pert.
1322 4468 1400 4545 disp.
1424 4490 1449 4542 a,
1465 4485 1573 4545 quest.
1599 4492 1644 4548 17,
1729 4521 1731 4526 .

522 4556 824 4720 pu‹1;3t·13;;d:·loet.
841 4663 875 4719 14
886 4656 916 4705 et
927 4642 1047 4716 ultime,
1059 4644 1136 4707 inter
1152 4647 1249 4721 opera
1262 4646 1297 4709 S.
1312 4648 1421 4711 Tborns
1434 4662 1457 4713 t.
1476 4652 1524 4723 18,
1540 4672 1571 4727 p.
1592 4652 1646 4725 Bo,

522 4736 635 4796 Parme
650 4735 729 4809 1865.
934 4768 939 4776 ·
1578 4776 1582 4781 -
