3492 5525
567 448 626 513 ²²4
754 432 880 497 Locren
900 433 1155 497 Minos-Dico.
1180 444 1224 493 2.·
1246 430 1327 494 Cin.
1354 443 1422 492 μω

526 610 599 678 iilos
618 612 649 679 in
674 631 796 690 unum,
817 615 870 680 vel
896 615 1081 690 dividendo,
1108 613 1262 680 nimirum
1288 611 1481 678 affirmando
1509 611 1559 677 vel
1588 629 1646 676 ne-

526 720 636 806 gando
655 738 758 786 unum
782 722 822 787 de
849 721 925 790 aiio.
954 724 998 789 ita
1025 740 1180 805 comparo
1200 723 1331 788 Petrum
1349 741 1425 787 cum
1445 717 1591 795 animali,
1612 727 1646 782 et

527 827 603 908 quia
631 827 725 894 video
752 828 943 905 convenire,
968 829 1113 895 affirmo:
1138 830 1251 895 Petrus
1276 829 1477 908 estonimoi,·
1501 826 1645 908 itemque

526 952 720 1017 comparans
736 937 904 1002 hominem
920 957 1001 1002 cum·
1011 935 1120 1011 asino,
1130 935 1258 1023 judico:
1275 937 1387 1002 Petrus
1398 953 1459 1002 non
1470 933 1643 1000 estosinus.

372 1060 453 1115 iudicii
594 1043 702 1126 Atque
732 1045 800 1110 haec
827 1053 1004 1118 causaest,
1032 1063 1090 1109 cur
1113 1043 1270 1128 judicium
1298 1043 1456 1108 vocitetur
1478 1059 1646 1124 quoquea

326 1137 385 1182 '⁸¹³¹
400 1131 498 1181 ⁰⁰⁰¹⁵¹¹⁸’
526 1128 729 1234 Philosophis
746 1151 924 1234 compositio
942 1153 993 1226 vei
1011 1150 1125 1216 divisio
1138 1147 1368 1238 (r)offirmotio
1385 1151 1435 1215 vei
1455 1148 1579 1232 negatio
1593 1145 1648 1234 (2)

524 1275 670 1323 assensus
687 1277 745 1324 seu
762 1259 898 1324 odhaesr'o
912 1259 961 1324 vel
975 1259 1135 1324 dissensus
1147 1257 1210 1346 (3).
1229 1259 1369 1324 Vocatur
1381 1258 1477 1322 etiam
1487 1255 1645 1342 judicium

527 1383 567 1428 ex
585 1363 621 1429 S.
641 1365 769 1430 Thomu
785 1365 839 1452 (4)
847 1365 963 1454 fides(
988 1365 1015 1451 ).

340 1514 485 1571 mm„
592 1471 663 1551 Jam
682 1471 765 1539 illico
785 1493 842 1557 per
860 1493 896 1540 se
915 1484 1015 1558 patet,
1036 1475 1069 1540 in
1084 1475 1175 1540 omni
1190 1475 1311 1559 judicio
1324 1474 1481 1540 contineri
1501 1471 1577 1538 bina
1595 1489 1648 1535 ex-

527 1586 631 1644 trema
640 1598 698 1645 seu
712 1582 883 1656 terminos,
893 1592 926 1647 et
934 1583 1084 1666 copulam
1100 1601 1158 1649 seu
1166 1582 1427 1668 conjunctionem
1441 1579 1645 1645 eorumdem:

526 1685 635 1752 omnis
653 1687 774 1771 quippe
791 1688 964 1754 affirmatio
983 1698 1016 1756 et
1031 1690 1159 1774 negatio
1179 1689 1298 1773 aliquid
1315 1689 1466 1764 affirmet,
1482 1696 1516 1752 et
1535 1694 1646 1770 neget,

528 1773 658 1860 necesse
677 1803 740 1870 est,
767 1815 803 1861 ac
824 1798 865 1862 de
885 1798 1006 1880 aliquo.
1027 1797 1215 1864 Extremum
1234 1816 1312 1882 ergo
1331 1815 1388 1862 seu
1408 1795 1582 1868 terminus,
1606 1793 1649 1858 de
1731 1855 1732 1874 ἶ

526 1919 592 1984 quo
619 1901 740 1987 aliquid
766 1903 963 1980 affirmatur,
984 1907 1035 1970 vei
1060 1915 1195 1991 negatur
1222 1905 1255 1970 in
1283 1912 1356 1970 actu
1370 1903 1494 1992 judicii,
1514 1910 1650 1968 vocatur

352 2032 485 2088 subjeetum,
524 2008 714 2096 subjectum
732 2019 765 2075 et
791 2011 824 2076 id
850 2013 940 2095 quod
968 2012 1146 2078 affirmatur
1173 2022 1229 2078 aut
1259 2021 1410 2098 negatur,
1427 2005 1649 2094 productim
1731 2033 1732 2044 ¹

337 2102 489 2159 ⁹''‘¹³‘⁸¹¹¹¹¹‘¹
526 2116 605 2182 unio
617 2117 757 2201 denique
771 2120 822 2183 vei
837 2119 953 2186 divisio
966 2129 1205 2196 extremorum,
1221 2139 1362 2204 quorum
1376 2139 1479 2184 unum
1492 2097 1532 2184 de'
1547 2119 1650 2182 altero
1731 2101 1732 2190 ἶ

526 2223 706 2290 affirmatur
725 2235 781 2291 aut
804 2237 952 2312 negatur,
978 2230 1028 2295 vel
1059 2229 1129 2313 ipsa
1148 2227 1319 2294 affirmatio
1342 2238 1398 2294 aut
1422 2227 1568 2312 negatio,
1593 2245 1652 2292 no-
1731 2291 1732 2294 ,

373 2335 460 2391 mpura:
527 2351 604 2396 men
624 2333 720 2398 habet
737 2337 867 2415 copulo.
888 2336 981 2402 Unde
1005 2337 1186 2421 subjectum
1211 2356 1246 2402 ac
1269 2336 1478 2420 praedicatum
1497 2335 1651 2400 dicuntur
1731 2375 1732 2430 3

313 2477 514 2528 mmmm
526 2440 658 2505 motoria
672 2441 782 2526 iudicii
801 2445 851 2507 vei
871 2444 1116 2527 propositionis,
1136 2446 1253 2528 copula
1270 2445 1468 2529 veroformo
1485 2443 1648 2528 ejusdem.

371 2551 454 2608 iudicii·
528 2545 699 2624 Quamvis,
721 2559 757 2614 ut
771 2569 849 2617 mox
867 2551 1126 2635 explanabimus,
1144 2553 1171 2619 si
1190 2554 1373 2644 subjectum
1388 2560 1420 2616 et
1438 2551 1649 2635 praedicatum

528 2653 666 2721 invicem
685 2667 925 2743 comparentur,
947 2659 1026 2725 iilud
1040 2679 1076 2726 se
1095 2661 1192 2726 habet
1206 2661 1306 2727 instar
1326 2659 1479 2734 materiae,
1501 2660 1651 2723 hocvero

528 2762 629 2830 instar
648 2766 760 2831 tormae
788 2767 885 2833 iliius.
906 2768 1087 2852 Propositio
1110 2770 1197 2835 enim
1217 2770 1267 2834 vel
1288 2768 1446 2853 judicium
1466 2775 1517 2834 est
1536 2766 1652 2831 artesa-

514 2879 619 2938 ·ctum
639 2873 805 2957 quoddam
820 2875 975 2961 logicum;
997 2877 1029 2942 in
1048 2877 1138 2943 omni
1154 2886 1263 2943 autem
1283 2878 1434 2941 artetacto
1453 2892 1502 2950 ea,
1524 2894 1564 2939 ex
1582 2873 1655 2956 qui·

528 2979 591 3045 bus
619 2982 826 3057 construitur,
857 2982 1014 3049 rationem
1044 2986 1163 3051 habent
1192 2985 1350 3059 materiae,
1372 2984 1454 3049 ordo
1472 3000 1550 3048 vero
1578 2982 1652 3067 ipse

528 3090 785 3173 compositioque
804 3092 1041 3168 membrorum,
1062 3095 1240 3177 appellatur
1258 3094 1363 3157 torma
1380 3087 1445 3179 (6).
1466 3090 1511 3156 Ex
1529 3107 1597 3174 quo
1616 3100 1652 3155 et

564 3372 605 3444 (ι)
641 3372 719 3445 Quia
732 3376 895 3448 conjungit,
911 3378 956 3435 voi
971 3392 1086 3450 separat
1099 3393 1266 3450 conceptus.

563 3469 603 3530 (ο)
640 3464 845 3535 Quinosoerit‚
861 3467 906 3524 vel
922 3479 1010 3540 negot
1024 3466 1205 3526 identitatem
1219 3480 1422 3540 conceptuum.

563 3558 604 3625 (3)
641 3554 719 3623 Quia
745 3576 827 3614 mens
848 3576 899 3628 per
914 3571 1010 3615 actum
1032 3557 1130 3629 judicii
1144 3557 1259 3628 annuit.
1281 3558 1325 3616 vei
1346 3556 1444 3617 renuit
1458 3568 1652 3630 conceptuum

528 3641 683 3703 identitati.

563 3734 605 3807 (4)
641 3734 684 3793 De
702 3736 809 3805 vern..
823 3751 928 3808 quaest.
947 3756 989 3811 14,
1004 3758 1031 3795 a.
1051 3758 1075 3807 ις
1090 3751 1119 3796 et
1135 3758 1165 3809 q.
1188 3758 1232 3809 ro,
1247 3758 1273 3811 o.
1287 3739 1307 3795 8
1320 3738 1356 3797 nd
1370 3730 1528 3797 8.¹'eonon
1540 3758 1603 3812 qucc
1618 3740 1653 3799 in

527 3825 717 3894 contrarium·
735 3826 850 3885 r.'dist.
866 3848 908 3899 19,
924 3848 951 3899 q.
972 3845 997 3900 ς,
1013 3848 1040 3885 o.
1059 3848 1069 3884 r
1085 3825 1121 3885 nd
1133 3838 1203 3901 7.¹¹‚
1218 3840 1247 3885 et
1260 3827 1340 3886 aiibi.

564 3918 605 3986 (5)
642 3912 720 3983 Quis
741 3934 824 3973 mens
843 3916 1000 3987 judicando
1022 3916 1109 3975 fidem
1131 3916 1198 3974 iacit
1218 3914 1363 3975 identitnti
1381 3915 1427 3976 vei
1448 3915 1654 3990 discrepantiae
1729 3992 1730 3995 Ἴ

528 4015 733 4063 extremorum.
1473 3995 1476 4001 ⁵
1729 4000 1730 4003 ¹

565 4094 605 4159 (6)
641 4092 677 4151 In
701 4096 950 4154 enuntiationibus
972 4116 1010 4155 nu
1032 4116 1145 4166 incuss,
1174 4105 1217 4155 est
1237 4098 1297 4155 trin
1319 4096 1514 4164 considerare,
1537 4098 1655 4157 sciticet

529 4181 699 4258 subjectum,
719 4186 920 4259 productum,
936 4198 965 4246 et
982 4188 1216 4262 compositionem
1229 4188 1387 4261 utriusque:
1409 4206 1470 4260 quoe
1483 4188 1528 4245 ito
1550 4206 1581 4244 se
1598 4187 1655 4245 tro·

530 4273 597 4331 bent
609 4274 822 4345 quodammodo,
837 4279 917 4336 sicut
929 4279 959 4334 in
978 4278 1172 4336 naturatibus.
1188 4276 1221 4333 In
1236 4276 1350 4334 homine
1368 4278 1445 4335 enim
1462 4286 1505 4335 est
1518 4278 1654 4335 conside·

529 4382 596 4421 rore
609 4363 715 4440 corpus
734 4376 763 4425 ct
783 4368 909 4425 animam
930 4376 959 4426 et
973 4368 1191 4425 humanitatem.
1208 4366 1321 4440 Corpus
1341 4376 1385 4425 est
1400 4368 1534 4435 matoria,
1555 4364 1654 4425 animo

530 4461 573 4510 est
575 4456 686 4523 torino,
706 4474 767 4529 quae
779 4468 823 4515 est
835 4465 907 4533 pars
922 4458 1086 4533 compositi,
1103 4458 1179 4514 unde
1186 4462 1289 4527 formo
1303 4466 1346 4515 est
1363 4464 1495 4531 respectu
1510 4458 1653 4531 corporis·

455 4557 459 4565 ’
531 4538 697 4602 humanitas
710 4566 779 4605 uero
791 4557 834 4606 est
845 4552 946 4617 forma
958 4542 1091 4622 respectu
1105 4546 1265 4621 utriusque,
1285 4548 1359 4605 idest
1374 4556 1507 4621 respectu
1521 4549 1655 4623 corporis

528 4646 558 4697 ct
572 4637 685 4695 oninrae.
698 4635 752 4695 Sic
764 4638 797 4693 in
807 4640 965 4712 proposito:
981 4640 1014 4695 in
1026 4638 1227 4695 enuntiatione
1240 4638 1400 4712 subjectum
1414 4638 1548 4697 cstvsicut
1561 4646 1657 4695 nare-

530 4732 590 4803 rio‚
604 4728 791 4804 predicatum
812 4728 882 4787 uero
895 4729 973 4786 sicut
990 4732 1094 4798 torma,
1114 4746 1177 4801 quoe
1195 4736 1239 4785 est
1252 4735 1322 4801 pons
1335 4728 1498 4802 compositi,
1518 4726 1593 4785 unde
1606 4736 1655 4785 est
