3492 5525
255 480 369 545 Attalo.
387 496 446 545 av·
459 483 515 577 Aa*
526 496 690 547 assensus
707 500 903 549 earncrrnoa.
921 502 973 549 sir
988 501 1141 549 orscuns.
1164 481 1222 567 805

512 823 813 900 ARTICULUS
835 824 882 899 11.
935 787 937 790 ’

283 991 450 1057 Utrum
470 999 690 1057 aseensus
708 991 1042 1074 principiorum
1061 994 1121 1059 eit

125 1097 442 1187 ,discursivuffi
471 1103 602 1165 etan
629 1104 674 1165 et
704 1102 934 1181 quomodo
962 1107 1179 1169 causetur
1204 1101 1263 1169 ab

555 1208 848 1289 experientia.

189 1440 266 1489 210.
314 1422 359 1488 Ex
379 1421 534 1487 hactenus
559 1422 730 1506 disputatis
754 1422 831 1489 illud
855 1423 984 1489 videtur
1006 1422 1117 1506 sequi,
1143 1422 1264 1508 primo·
1327 1437 1427 1519 arreum

142 1546 214 1593 rum
250 1526 478 1614 principiorum
511 1529 734 1613 cognitionem
771 1539 803 1595 et
841 1548 1012 1597 assensum
1047 1530 1262 1598 discursivum
1277 1507 1475 1627 ffl'ffffi

142 1655 229 1713 esse,
251 1644 365 1720 utpote
384 1637 441 1719 qui
459 1638 597 1703 habetur
616 1656 656 1703 ex
681 1636 798 1721 praevia
818 1636 1003 1725 cognitione
1018 1637 1262 1723 experimentali
1308 1652 1449 1735 ineerta

141 1756 174 1811 et
194 1744 396 1826 inductione3
417 1745 561 1829 cognitio
580 1763 723 1828 namque
742 1764 799 1829 per
822 1744 1045 1812 inductionem
1063 1746 1180 1833 ‘habita
1198 1745 1263 1812 dis·
1329 1724 1424 1769 “¹'‘⁰¹¹'

139 1854 266 1921 cursiva
293 1864 354 1925 est,
390 1850 433 1918 At
456 1852 481 1919 si
506 1853 652 1937 cognitio
675 1853 905 1938 principiorum
934 1853 1110 1919 discursiva
1136 1852 1196 1929 sit,
1221 1872 1262 1918 eo

140 1960 212 2044 ipso
233 1968 304 2025 ruet
328 1960 377 2035 id,
398 1960 488 2049 quod
507 1958 656 2044 superius
675 1961 866 2036 statuimus,
887 1961 1041 2027 docentes
1061 1980 1127 2026 non
1150 1958 1262 2026 omnia

142 2067 269 2153 probari
296 2086 410 2152 posse,
441 2068 499 2133 sed
529 2068 635 2151 aliqua
666 2086 736 2134 esse
763 2067 964 2135 admittenda
992 2068 1145 2153 principia
1173 2067 1262 2134 inde·

144 2174 380 2251 monstrabilia,
402 2194 476 2259 quae
495 2172 703 2242 scientiarum
728 2174 792 2243 sint
816 2176 903 2241 basis
928 2195 965 2241 ac
994 2176 1259 2243 tundamentum.

139 2284 255 2367 Neque
274 2284 362 2348 enim
382 2281 442 2348 dici
462 2290 570 2367 potest
594 2283 699 2367 ipsam
725 2281 946 2367 cognitionem
970 2282 1260 2367 experimentalem

141 2393 213 2457 loco
233 2373 327 2475 primi
346 2390 549 2456 fundamenti
574 2390 756 2460 habendam
775 2390 808 2456 in
829 2377 974 2457 ¹scientiis
1000 2409 1100 2466 esse,
1118 2390 1261 2475 cognitio

142 2498 303 2581 siquidem
330 2497 590 2581 experimentalis
613 2497 807 2582 contingens
831 2510 883 2565 est
902 2516 939 2562 ac
964 2495 1178 2581 particularis.
1203 2498 1262 2563 lta·

90 2662 97 2675 .
141 2624 206 2689 que
225 2604 251 2671 si
271 2603 374 2688 prima
393 2605 446 2670 illa
465 2604 583 2689 Judicia
610 2604 802 2671 universalia
822 2613 855 2669 et
881 2603 1079 2681 necessaria,
1103 2623 1177 2688 quae
1199 2623 1262 2689 ope
1354 2666 1361 2679 ,

141 2711 363 2798 experientiae,
385 2719 422 2778 ut
439 2712 599 2789 vidimus,
616 2713 882 2799 pronuntiantur,
903 2713 1088 2780 discursum
1108 2712 1259 2790 habeant,

143 2821 272 2888 nullum
291 2819 431 2904 amplius
451 2820 631 2887 remanebit
649 2818 715 2886 veri
737 2819 879 2887 nominis
899 2820 1109 2905 principium.

209 2927 313 3014 liujus
332 2926 452 2995 solutio
471 2927 660 3013 quaestionis
674 2927 794 3013 pendet
813 2948 831 2993 a
849 2929 1035 2997 causalitate
1050 2928 1101 2993 vel
1120 2927 1260 3004 influxu,
1290 2942 1460 3030 anteparta

143 3055 244 3121 quem
271 3036 307 3102 in
329 3053 499 3102 assensum
522 3034 752 3120 principiorum
770 3046 906 3102 exercet
930 3021 1264 3120 praecedens'experi-
1310 3028 1437 3135 ³¹¹3&
1486 3035 1491 3044 ’

143 3151 306 3209 mentum.
327 3141 362 3208 Si
380 3142 468 3208 enim
490 3142 751 3226 experimentum
772 3161 836 3209 non
857 3160 914 3227 per
931 3161 967 3208 se
991 3143 1122 3220 iniluat,
1142 3161 1204 3211 nec
1226 3161 1262 3210 se

142 3251 259 3318 habeat
281 3251 382 3316 instar
408 3249 522 3316 motivi
546 3250 586 3315 ad
608 3248 851 3315 assentiendum
876 3249 1056 3336 principiis,
1084 3251 1168 3318 sicut
1193 3250 1263 3335 ipsa

143 3357 298 3444 principia
325 3367 357 3422 et
385 3354 560 3442 praemissae
593 3355 752 3434 influunt,
783 3364 820 3422 ut
847 3375 935 3424 nunc
962 3358 1198 3442 supponimus,
1227 3359 1260 3424 in

142 3464 402 3542 conclusionem,
430 3465 487 3530 sed
518 3464 561 3530 sit
584 3482 673 3530 mera
702 3463 861 3545 conditi03
892 3465 985 3549 plane
1016 3472 1104 3550 patet
1133 3465 1260 3530 nullum

143 3573 337 3641 intervenire
359 3573 524 3638 dicursum
552 3571 585 3637 in
614 3589 750 3638 assensu
775 3570 1024 3656 principiorum,
1048 3571 1262 3654 quantumvis

144 3680 261 3765 praevie
280 3679 459 3763 requiratur
480 3677 623 3765 cognitio
646 3677 921 3763 experimentalis.
942 3677 977 3744 Si
1001 3687 1111 3744 autem
1136 3679 1263 3764 experi-

144 3795 292 3855 mentum
311 3797 480 3870 tamquam
499 3805 595 3853 causa
613 3803 670 3870 per
688 3803 722 3852 se
742 3785 870 3862 iniluat,
893 3804 930 3852 ac
949 3802 1006 3870 per
1032 3783 1169 3851 modum
1189 3804 1262 3852 mo-

143 3896 218 3976 tivi3
239 3894 326 3960 haud
353 3893 444 3960 facile
473 3906 621 3978 apparet,
651 3893 820 3977 quomodo
847 3910 1002 3960 assensus
1030 3892 1260 3977 principiorum

144 3991 293 4070 discursu
314 4008 416 4067 vacet.

211 4111 417 4193 Antequam,
447 4107 526 4191 quid
548 4109 606 4172 hac
630 4105 663 4172 in
693 4125 725 4172 re
751 4105 968 4174 verosimilius
988 4107 1082 4175 nobis
1100 4106 1259 4186 videatur,

144 4217 344 4302 aperiamus,
365 4215 483 4281 iterum
504 4214 684 4281 notandum
709 4213 814 4290 venit,
835 4233 1023 4281 sermonem
1050 4215 1100 4281 hic
1121 4233 1193 4281 esse
1220 4217 1261 4281 de

145 4323 308 4410 principiis
327 4321 515 4407 simpliciter
534 4320 896 4399 indemonstrabilibus,
913 4340 988 4406 quae
1006 4341 1127 4409 nempe
1145 4321 1262 4389 imme·

144 4432 230 4499 diata
247 4439 325 4497 sunt
343 4449 380 4495 ac
398 4448 455 4515 per
472 4447 510 4497 se
529 4437 621 4505 nota,
643 4437 675 4494 et
694 4428 822 4513 proprie
846 4437 945 4514 atque
969 4431 1117 4496 absolute
1143 4430 1258 4515 prima,

31 4519 39 4535 ⁸
146 4558 211 4604 non
236 4554 314 4605 vero
337 4539 377 4603 de
405 4535 567 4622 principiis
591 4536 935 4603 indemonstrabilibus
961 4539 1143 4605 secundum
1167 4540 1258 4622 quid,

145 4664 219 4731 quae
242 4647 316 4713 licet
337 4645 550 4711 demonstrari
570 4643 713 4728 possint,
744 4653 777 4709 et
802 4661 915 4728 reapse
942 4645 1211 4711 demonstrentur
1228 4645 1260 4712 in

146 4753 252 4836 aliqua
270 4751 372 4820 altiori
392 4751 540 4826 scientia,
563 4769 627 4816 non
651 4760 762 4818 tamen
790 4751 1071 4835 demonstrantur,
1092 4754 1149 4820 sed
1172 4771 1262 4820 assu·
