3492 5525
201 458 316 523 barre.-
332 454 393 521 uus
406 454 458 522 ΑΝ
472 474 633 523 orscuasu
648 476 746 523 uovm
759 474 869 522 venir.
887 475 1110 523 benecautus
1131 455 1190 542 847

468 664 768 805 ARTICiJLUS
793 728 867 804 VI.
902 778 906 791 -

173 896 340 960 Utrum
359 893 574 959 discursu
592 912 647 959 ao
664 896 1005 961 ratiocinatione
1022 909 1154 959 novae

329 1013 330 1016 ’
416 1004 632 1067 veritates
653 1002 927 1081 detegantur
1035 1065 1040 1075 ,

154 1214 231 1285 23¹·
279 1194 481 1262 Existimavit
508 1196 615 1272 Plato,
645 1206 682 1263 ut
708 1216 749 1263 ex
775 1196 877 1284 ipsius
904 1196 1053 1272 Metione,
1085 1195 1231 1273 Pbaedro,
1299 1205 1397 1255 turoni·
1492 1216 1495 1221 ·

110 1305 191 1370 libro
218 1304 347 1370 decimo
376 1304 417 1371 de
444 1304 613 1386 Republica
640 1304 777 1389 aliisque
804 1305 883 1371 locis
909 1312 1053 1380 constat,
1090 1302 1241 1370 «animis
1269 1292 1427 1328 “mmm

110 1412 231 1479 nostris
248 1422 425 1494 antequam
445 1410 531 1477 hisce
550 1412 740 1497 corporibus
759 1414 944 1489 unirentur,
964 1413 1114 1509 omnium
1130 1412 1236 1478 scien·

108 1521 227 1586 tiarum
257 1518 388 1585 habitus
407 1518 508 1585 fuisse
535 1537 726 1597 concessos,
748 1538 855 1604 neque
873 1520 907 1585 in
927 1521 986 1585 bac
1011 1519 1076 1587 vita
1096 1520 1195 1586 ullam
1215 1538 1234 1582 a

111 1626 206 1693 nobis
233 1624 403 1693 scientiam
423 1610 620 1711 comparatu
646 1627 704 1692 sed
731 1646 807 1694 cum
831 1619 1005 1710 discimus,
1029 1626 1061 1691 id
1088 1628 1234 1693 soluma
1315 1664 1321 1671 -

111 1735 205 1801 nobis
233 1733 394 1818 praestari,
425 1744 461 1800 ut
481 1752 539 1817 per
564 1735 791 1817 phantasmata
810 1736 843 1800 in
870 1735 1021 1801 sensibus
1048 1735 1230 1810 efformata,

109 1841 268 1908 excitetur
291 1840 424 1907 scientia
443 1840 476 1907 in
506 1841 617 1907 animo
642 1840 804 1917 insidens,
832 1860 907 1925 que
936 1840 1078 1907 materiae
1096 1840 1233 1925 caligine

108 1948 306 2015 circumfusa
325 1956 409 2023 erat,
426 1948 516 2014 etita
536 1957 686 2015 nostrum
701 1948 824 2014 discere
844 1965 910 2014 non
926 1966 998 2014 esse
1011 1948 1116 2025 aliud,
1132 1965 1232 2031 quarn

110 2075 242 2133 eorum,
264 2072 339 2139 quae
358 2056 532 2134 novimus,
552 2056 754 2121 recordando
777 2056 952 2125 reminisci.
974 2055 1008 2121 ln
1027 2057 1141 2122 eadem
1159 2074 1236 2122 sen·

109 2164 212 2229 tentia
230 2160 291 2229 luit
317 2162 536 2249 Pythagoras,
567 2162 604 2227 ut
624 2164 719 2227 relert
748 2162 787 2227 D.
811 2162 1017 2248 Augustinus
1043 2160 1112 2250 (t),
1141 2163 1234 2248 cujus

110 2272 303 2357 Pythagora
321 2281 371 2336 est
391 2270 468 2335 illud
495 2268 722 2337 testimonium
742 2291 761 2335 a
780 2270 952 2338 Platonicis
978 2272 1133 2337 eductum
1152 2287 1236 2353 que·

109 2380 183 2443 dam
194 2396 226 2443 se
234 2376 422 2452 meminisse,
437 2395 507 2460 quae
520 2394 680 2462 nunquam
686 2377 803 2462 sanat
812 2380 985 2461 expertus»
999 2374 1063 2466 (2).
1079 2377 1235 2444 Eamdem

110 2484 291 2552 doctrinam
308 2494 442 2549 tenuere
458 2484 612 2551 Platonici
625 2485 711 2569 apud
728 2485 1013 2552 conimbricenses
1031 2483 1084 2574 (3)
1101 2494 1134 2553 et
1148 2485 1237 2553 Rbo-

111 2595 169 2659 des
187 2590 254 2680 (4);
276 2610 316 2659 ex
334 2609 402 2676 quo
415 2594 510 2676 plane
529 2593 678 2677 sequitur
698 2593 774 2658 nihil
792 2594 868 2659 novi
887 2592 1036 2661 discursu
1055 2602 1089 2657 et
1112 2592 1238 2660 ratioci-

113 2701 244 2768 natione
263 2700 382 2790 colligi.

156 2825 233 2894 ²32·
282 2811 370 2876 Haec
399 2789 516 2875 autem
533 2813 689 2876 doctrina
710 2815 796 2876 feisa
813 2823 880 2877 est.
897 2811 935 2875 Et
953 2808 1060 2894 primo
1089 2809 1234 2892 quidem,
1285 2822 1410 2869 antiocus

1263 2896 1363 2942 veritates
1373 2907 1435 2940 nova

112 2926 244 3002 prouta
274 2917 406 2982 Platone
432 2926 675 3002 propugnatur,
700 2917 856 3001 supponit
882 2918 1135 2984 tundamentum
1154 2935 1237 3001 prae·
1282 2968 1423 3024 ductuum·

112 3025 198 3090 viam
219 3023 399 3088 animarum
416 3023 641 3100 existentiam,
663 3032 840 3107 antequam
856 3025 1046 3108 corporibus
1060 3025 1238 3090 infundan-

111 3141 176 3198 tur.
200 3131 298 3215 Atqui
315 3139 541 3212 commentum
561 3133 640 3208 hoc,
661 3141 831 3214 tamquam
847 3131 933 3198 Fidei
953 3151 989 3197 ac
1008 3133 1124 3198 rationi
1143 3151 1240 3217 repu-

112 3257 236 3325 gnans,
258 3238 330 3304 alibi
345 3237 587 3324 profligendam
603 3247 670 3315 est,
689 3257 765 3304 cum
781 3238 822 3304 de
837 3239 946 3304 anima
962 3240 1108 3306 rationali
1127 3257 1237 3305 sermo

112 3347 185 3413 erit.
206 3346 332 3431 Ergo...
350 3346 474 3412 Verum
741 3343 750 3364 ⁶

181 3460 348 3522 Probatur·
374 3453 512 3521 assertio
541 3454 680 3520 ratione:
718 3461 763 3518 r.⁰
782 3455 857 3538 quia
877 3452 938 3519 nisi
958 3453 1125 3520 ratiocinio
1143 3473 1240 3519 novae

110 3563 263 3628 veritates
280 3561 526 3646 detegerentur,
547 3559 753 3646 cognitiones
779 3569 899 3627 nostrae
921 3561 1110 3629 arctissimis
1129 3561 1240 3627 limiti·

111 3671 175 3736 bus
194 3668 454 3754 propositionum
470 3667 734 3734 immediatarum
759 3688 796 3734 ac
815 3687 872 3752 per
890 3687 925 3734 se
945 3678 1114 3760 notarum,
1139 3679 1172 3735 et
1186 3671 1240 3754 ju-

111 3777 269 3844 diciorum
284 3776 525 3868 singularium,
545 3794 620 3860 quae
635 3769 781 3843 relationi
797 3777 866 3842 sive
880 3795 1058 3852 sensuum,
1079 3775 1148 3842 sive
1162 3792 1241 3841 con-

111 3883 274 3961 scientiae,
294 3885 346 3950 vel
365 3884 463 3948 etiam
484 3883 620 3950 aliorum
641 3883 814 3950 bominum
834 3885 1024 3950 testimonio
1044 3885 1236 3959 innituntur,

111 3989 465 4060 circumscriberentur.
496 3989 572 4056 Haec
596 3991 683 4057 enim
713 3992 783 4058 sola
811 3991 950 4058 obtineri
976 3991 1047 4058 sine
1074 3989 1240 4057 ratiocinio

111 4100 236 4167 valent.
256 4098 355 4182 Atqui
375 4099 479 4183 plena
497 4107 575 4164 sunt
594 4097 737 4166 scientiae
757 4097 869 4165 multis
889 4097 959 4165 aliis
986 4109 1143 4185 praeterea
1160 4097 1242 4165 veri·

151 4317 191 4380 (r)
228 4311 293 4371 Lib.
313 4331 344 4369 ra
358 4311 392 4369 de
409 4310 518 4368 Triarii.
533 4330 596 4384 pap.
617 4329 657 4384 ¹5·

151 4409 191 4469 (a)
228 4399 418 4471 conimbrie,
440 4399 471 4460 in
486 4400 536 4462 lib.
555 4411 612 4459 ιθ·
627 4401 801 4470 Posterior,
823 4419 886 4474 cap.
910 4423 935 4471 1,
955 4421 986 4473 q.
1011 4423 1034 4469 1,
1054 4413 1111 4462 art.
1130 4422 1156 4460 r.
1178 4399 1241 4460 Ct'r.

113 4491 150 4550 S.
164 4489 233 4560 Th..
249 4491 299 4550 lib.
320 4511 343 4560 r,
358 4491 533 4559 Posterior..
549 4491 615 4549 lect.
631 4511 658 4564 33
674 4501 716 4563 3?
726 4489 794 4549 dist.
809 4509 854 4564 23,
870 4503 976 4564 quast.
994 4512 1019 4562 r,
1034 4504 1091 4550 art.
1110 4510 1137 4560 a,
1152 4491 1241 4551 solut.

114 4579 411 4664 velquaeetiune.r.⁸
1044 4573 1049 4584 '
1167 4573 1172 4582 ’

154 4671 196 4743 (3l
231 4668 300 4729 Loe.
317 4667 455 4742 nupsit.

151 4766 191 4834 (4)
227 4760 342 4820 Philas.
359 4759 488 4834 peripar.
501 4759 555 4820 lib.
574 4779 598 4830 r,
613 4759 690 4833 disp.
707 4777 733 4832 ς,
749 4761 856 4832 quaer:
868 4758 960 4832 unic..
972 4755 1085 4833 secti,
1100 4777 1200 4836 parag.
1217 4781 1241 4821 ι.
