3492 5525
366 101 520 192 356.
559 156 562 158 Α
617 102 808 171 Hisce
845 104 1246 189 praehabitis,
1287 103 1593 188 quamvis
1639 104 1945 189 plurimae
1981 103 2521 170 circumferuntur
2676 118 2823 197 variat¹

272 214 356 279 de
394 214 649 300 objecto
686 196 1122 278 attributionis
1163 210 1411 297 Logicae
1447 211 1822 296 opiniones,
1873 211 2257 277 celebriores
2295 221 2519 277 tamen
2620 197 2878 305 ζζζζζζζζ

271 330 554 405 quatuor
589 332 769 388 sunt.
813 319 1029 387 Prima
1055 319 1215 385 illud
1254 318 1547 387 extendit
1578 319 1660 384 ad
1698 338 1966 401 omnem
2024 319 2382 386 secundam
2424 318 2523 385 in-

274 429 671 497 tentionem:
715 429 802 493 ita
840 430 1058 512 plures
1094 427 1454 495 Thomistae
1493 420 1665 511 apud
1703 426 1985 493 Lossada
2028 424 2158 514 (1).
2219 426 2520 493 Secunda

274 526 430 603 illud
458 544 738 605 coarctat
768 522 1084 602 ad‘solam
1107 535 1761 605 demonstrationem.
1795 535 1885 604 lta
1912 534 2036 600 ΡΡ.
2071 534 2363 600 Hurtado
2388 532 2516 623 (2),

271 645 539 730 Arriaga
575 642 703 733 (3),
746 643 839 707 De
876 644 1235 710 Benedictis
1272 640 1402 731 (4),
1443 642 1626 708 Ulloa
1656 640 1786 730 (5),
1829 651 1894 706 et
1937 643 2063 707 alii.
2107 639 2319 709 Tertia
2361 642 2520 707 illud

273 753 527 837 reponit
565 752 628 818 in
669 751 1057 838 syllogismo
1109 752 1424 835 perfecto,
1487 758 1681 834 prout
1720 750 1821 816 hic
1870 749 2325 833 complectitur
2372 768 2521 834 pro-

269 861 550 927 babilem
591 880 663 926 ac
702 858 1329 925 demonstrativum:
1364 859 1448 925 ita
1493 858 1744 924 Oviedo
1776 858 2008 940 aliique
2034 857 2209 947 apud
2240 857 2520 923 Lossada

269 979 334 1034 et
370 969 610 1045 Qiros
647 965 774 1055 (6).
816 968 1063 1045 Quarta
1100 967 1369 1032 demum
1411 978 1508 1032 est
1542 968 1663 1034 PP.
1697 966 1861 1032 Petri
1901 967 2188 1031 Fonseca
2224 962 2351 1053 (7),
2399 965 2519 1030 Co-

269 1075 799 1142 nimbricensium
857 1073 986 1161 (8),
1029 1073 1218 1139 Rubii
1255 1071 1382 1161 (9),
1443 1075 1850 1157 aliorumque
1888 1069 2060 1160 (10),
2103 1072 2343 1154 quibus
2383 1090 2513 1137 non

267 1202 498 1268 parum
551 1182 720 1247 favet
758 1182 1025 1247 Suarez.
1068 1180 1236 1268 (ιι).
1296 1182 1372 1246 Ηί
1413 1181 1647 1246 docent
1688 1182 1963 1246 modurn
1997 1180 2276 1255 sciendi,
2321 1192 2513 1262 prout

264 1291 762 1376 comprehendit
787 1288 1233 1355 definitionem
1258 1340 1271 1364 ,
1297 1289 1691 1365 ,divisionem
1714 1338 1730 1365 ,
1773 1299 1838 1353 et
1877 1287 2508 1373 argumentationem

265 1418 410 1465 esse
449 1399 795 1481 objectum·
820 1396 1260 1463 attributionis
1299 1396 1572 1481 Logicae.
2113 1378 2119 1385 ’

399 1506 717 1583 Quamvis
755 1504 1190 1571 controversia
1232 1507 1366 1571 haec
1400 1523 1530 1570 non
1571 1504 1789 1589 magni
1834 1504 2123 1568 videatur
2162 1504 2506 1580 momenti,
2561 1512 2750 1565 Εῐίκίιυτ
2781 1523 2933 1594 quarta

267 1616 474 1699 placet
530 1622 752 1678 tamen
802 1624 1098 1696 quartam
1142 1614 1307 1677 hanc
1355 1612 1750 1677 sententiam
1789 1612 2068 1677 breviter
2105 1612 2509 1695 probandam
2621 1595 2855 1653 semem,

262 1720 623 1791 assumere.
668 1719 956 1785 Primum
998 1729 1217 1785 autem
1259 1729 1483 1785 notare
1522 1720 1720 1785 debes
1771 1718 2292 1804 designationem
2331 1720 2511 1803 obje-

263 1832 347 1895 cti
386 1828 824 1894 attributionis
876 1827 940 1891 in
994 1828 1278 1893 scientiis
1335 1826 1744 1910 aliquatenus
1802 1827 2083 1910 pendere
2123 1827 2206 1891 ad
2243 1824 2507 1893 arbitrio

264 1937 842 2020 Philosophorum,
893 1933 1058 2001 sicut
1110 1935 1303 1999 etiarn
1346 1934 1589 2018 pendet
1623 1934 1853 1999 divisio
1892 1934 2032 2017 ipsa
2092 1933 2504 1999 scientiarum

264 2045 589 2110 totalium.
634 2043 796 2107 l-linc
838 2052 970 2117 est,
1032 2043 1209 2124 quod
1260 2043 1449 2109 multi
1487 2042 1681 2106 etiam
1741 2059 2008 2118 eorum,
2051 2042 2163 2125 qui
2205 2050 2506 2124 quartam

261 2151 648 2218 sententiam
690 2159 1088 2233 sequuntur,
1132 2148 1506 2215 existiment
1536 2150 2167 2215 demonstrationem
2211 2151 2507 2215 esse-ob-

253 2262 502 2344 jectum
543 2256 980 2323 attributionis
1022 2258 1306 2342 Logicae‚
1353 2275 1481 2321 non
1522 2256 1790 2338 quidem
1830 2257 2193 2322 secundum
2239 2275 2308 2321 se
2346 2276 2503 2323 con-

258 2368 585 2441 sideratae,
628 2365 743 2431 sed
781 2373 974 2448 prout
1020 2364 1396 2430 continetur
1434 2365 1515 2428 ab
1555 2364 1903 2429 Aristotele
1951 2363 2183 2429 tradita
2221 2363 2283 2429 in
2324 2363 2500 2430 libris

260 2494 435 2540 nunc
470 2471 901 2538 exstantibus.
936 2467 1374 2537 Nihilominus
1415 2490 1545 2536 non
1578 2470 1885 2536 inutiliter
1914 2471 2255 2553 quaeritur,
2292 2470 2502 2555 quod-

258 2602 410 2648 nam
450 2582 532 2646 sit
570 2580 896 2664 objectum
939 2579 1408 2654 attributionis,
1451 2578 1601 2660 quia
1644 2578 1978 2645 arbitrium
2020 2578 2177 2643 illud
2214 2586 2495 2661 oportet,

255 2698 333 2754 ut
368 2689 870 2754 fundamentum
905 2686 1136 2751 habeat
1174 2687 1239 2752 in
1283 2706 1347 2751 re
1375 2688 1512 2771 ipsa
1546 2688 1905 2769 naturaque
1940 2685 2215 2770 Logicae.
2250 2686 2324 2750 Et
2353 2685 2499 2750 ideo

252 2799 319 2862 in
343 2797 467 2862 hoc
491 2814 689 2878 sensu
708 2803 1062 2860 tractamus
1084 2793 1543 2877 quaestionem,
1571 2806 1640 2860 ut
1671 2783 1949 2859 velimus
1971 2792 2264 2868 definire,
2294 2795 2505 2877 quod-

259 2923 412 2971 nam
452 2903 713 2969 illorum
752 2902 1200 2985 objectorum,
1244 2920 1392 2985 quae
1431 2903 1494 2967 in
1545 2901 1777 2987 Logica
1827 2902 2175 2967 formaliter
2214 2901 2505 2967 conside-

257 3024 481 3078 rantur
517 3009 984 3093 congruentius
1020 3009 1391 3094 eligendum
1432 3011 1514 3076 sit
1552 3021 1625 3075 ut
1671 3011 1998 3094 objectum
2039 3009 2496 3077 attributionis

361 3261 445 3328 (1)
517 3259 656 3316 Loc.
697 3256 791 3315 cit.
824 3278 950 3328 cap.
981 3278 1037 3329 9,
1071 3277 1130 3314 n.
1168 3274 1218 3328 5.

360 3356 438 3414 (2)
511 3351 690 3423 Log„
725 3346 872 3418 disp.
918 3367 963 3415 1,
996 3361 1135 3404 sect.
1161 3369 1215 3420 7.

361 3445 441 3511 (3)
514 3438 689 3513 Log.‚
721 3436 872 3506 disp.
906 3456 960 3504 2,
991 3450 1110 3493 sect
1142 3453 1191 3508 5,
1225 3437 1478 3496 subsect.
1512 3458 1563 3509 3.

357 3533 436 3601 (4)
510 3527 963 3600 Plu‘los..perip.
988 3526 1101 3582 vol.
1134 3547 1180 3594 1,
1205 3541 1412 3596 quaest.
1437 3524 1678 3597 prooem.
1701 3548 1806 3601 cap
1831 3545 1882 3598 ς,
1906 3547 2135 3602 paragr.
2162 3547 2215 3597 2,
2248 3530 2399 3587 Dico
2426 3542 2506 3600 5.⁰

359 3623 439 3688 (5)
512 3616 716 3689 Logic.
752 3617 965 3672 Minor.
1005 3614 1156 3685 disp.
1191 3637 1244 3682 3,
1271 3635 1394 3688 cap.
1425 3617 1477 3682 6,
1514 3637 1572 3674 n.
1607 3636 1724 3690 153.

358 3708 438 3779 (6)
516 3707 686 3766 Curs.
732 3706 985 3773 ΡΙιίΙοε.,
1019 3719 1185 3762 tract.
1219 3725 1270 3773 2,
1318 3725 1472 3776 pars.
1511 3727 1558 3775 ι,
1603 3706 1674 3766 de
1718 3708 1871 3783 Log.
1919 3715 2155 3781 prooem.
2196 3707 2347 3780 disp.
2375 3730 2452 3780 ,ιι
2477 3753 2492 3778 ,

247 3810 390 3856 sect.
423 3817 475 3864 2,
512 3816 572 3854 n.
611 3815 694 3868 ¹7·
864 3858 871 3864 ,
1501 3842 1518 3853 .

360 3893 439 3959 (7)
517 3884 631 3943 Lib
657 3904 711 3942 2.
745 3886 884 3942 Met.
918 3904 1044 3956 cap.
1079 3906 1131 3956 3,
1162 3904 1221 3954 q.
1264 3905 1308 3952 ι,
1340 3896 1477 3942 sect.
1515 3903 1563 3957 5.

365 3977 448 4041 (8)
523 3976 797 4043 Diale-ct„
830 3987 1039 4044 quaest.
1078 3993 1127 4046 5,
1161 3994 1401 4046 prooem.
1433 3987 1542 4031 art.
1579 3996 1629 4047 3.

361 4071 440 4138 (9)
518 4067 688 4140 Log.,
721 4077 926 4134 quaest.
957 4063 995 4120 6
1025 4083 1267 4135 prooem.
1307 4083 1468 4121 conc.
1510 4084 1562 4121 2.

327 4160 442 4221 (ιο)
517 4153 693 4225 Apud
723 4153 990 4221 Lossad„
1025 4153 1132 4210 loc.
1161 4151 1256 4210 cit.
1288 4172 1343 4210 n.
1383 4172 1435 4225 53
1466 4168 1522 4211 et
1551 4154 1708 4226 apud
1734 4153 1950 4224 Quiros
1978 4156 2083 4214 loc.
2115 4155 2212 4215 cit.
2244 4177 2306 4216 n.
2343 4159 2426 4216 18.

328 4245 445 4312 (ιι)
517 4241 685 4315 Disp.
724 4263 771 4300 1.
803 4242 1081 4317 Metapb„
1114 4254 1251 4301 sect.
1282 4263 1339 4315 4,
1372 4262 1433 4313 n,
1464 4245 1555 4315 26,
1586 4263 1752 4315 seqq.
