3492 5525
236 464 350 528 Anne.
371 479 428 528 ιβ·
442 462 530 545 Qum
541 482 777 541 resmnonrun,
794 485 1012 546 mosomus,
1029 486 1125 531 rroes
1145 464 1206 547 605

128 650 313 715 mortalium
344 648 476 733 ingenio
508 656 640 715 utantur
669 651 847 717 admodum
879 652 1018 720 limitato
1046 667 1247 737 prorsusque

128 757 259 841 impari,
285 766 322 823 ut
349 759 401 823 vel
429 766 555 841 partem
577 758 729 843 exiguam
756 761 973 826 humanarum
1001 760 1118 826 artium
1149 766 1248 840 atque

127 862 334 931 scientiarum
353 865 536 946 addiscant,
552 884 669 933 omnes
686 886 764 932 vero
784 866 884 934 vitam
904 869 1025 934 ducant
1041 866 1131 933 brevi
1145 883 1248 931 anno-

128 991 201 1039 rum
220 982 445 1056 terrarumque
456 972 580 1040 ambitu
595 974 884 1058 circumscriptam.
906 974 989 1042 Hinc
1008 994 1107 1041 nemo
1125 981 1246 1057 potest,

127 1081 218 1162 quod
236 1080 351 1146 attinet
370 1082 469 1156 iacta,
493 1080 562 1146 sine
584 1082 719 1147 aliorum
745 1082 932 1148 testimonio
956 1099 1169 1167 cognoscere:
1198 1079 1247 1146 r.⁰

118 1188 211 1271 secta
225 1189 457 1269 preteritorum
468 1191 612 1254 annm.-
632 1180 782 1273 2.⁶sacto
800 1190 895 1255 etiem
912 1193 1027 1264 meve,
1043 1208 1113 1273 que
1125 1188 1200 1254 aliis
1213 1187 1248 1251 in

127 1294 204 1360 locis
216 1294 390 1379 contigere:
412 1295 465 1381 3.⁰
480 1295 686 1377 experientias
698 1297 966 1363 etobserontiones
975 1297 1249 1378 phaenomenorum

126 1404 171 1467 ad
191 1404 403 1484 complendam
428 1402 636 1468 inductionem
662 1403 697 1467 in
723 1404 859 1469 scientiis
880 1404 1019 1486 physicis
1043 1402 1246 1471 necessarias.

128 1510 213 1575 Cum
233 1510 320 1576 enim
340 1509 447 1595 colligi
467 1519 630 1594 nequeant
650 1512 738 1595 leges
758 1514 920 1579 naturales
939 1530 976 1577 ac
995 1510 1151 1596 principia
1175 1510 1250 1578 uni-

129 1614 265 1705 versalia
283 1618 351 1683 sine
371 1617 543 1684 sufficienti
562 1620 719 1684 sactorum
735 1618 949 1703 singularium
965 1620 1169 1694 inductione,
1187 1637 1247 1683 nec

129 1726 234 1809 possit
255 1724 361 1809 quivis
384 1726 417 1791 in
440 1726 531 1791 omni
553 1727 687 1793 materia
705 1727 922 1792 sufficientem
943 1746 1058 1811 capere
1078 1727 1247 1811 experien-

128 1833 210 1898 tiam
228 1832 268 1898 ad
287 1832 475 1918 hujusmodi
494 1834 722 1918 complendam
744 1833 984 1916 inductionem;
1001 1834 1164 1916 reliquum
1183 1842 1245 1908 est,

129 1951 167 2007 ut
186 1939 283 2007 etiam
303 1940 335 2005 in
355 1940 560 2006 scientiarum
580 1943 774 2007 naturalium
794 1942 1002 2026 inquisitione
1022 1961 1058 2007 ac
1080 1942 1189 2007 studio
1208 1941 1249 2006 ad
1273 1959 1277 1965 ’

129 2048 267 2113 aliorum
286 2048 510 2113 testimonium
529 2049 705 2133 confugere
728 2066 964 2133 saepenumero.
981 2059 1142 2134 oporteat.
1169 2048 1248 2113 Ver·

128 2157 188 2233 bo,
222 2156 365 2221 scientiae
394 2174 510 2221 omnes
541 2158 702 2223 naturales
732 2158 1126 2241 experimentaiactaque
1146 2157 1250 2221 multa

129 2272 335 2348 supponunt,
350 2282 424 2346 quae
441 2272 549 2348 patere
562 2264 711 2330 omnium
728 2264 946 2331 observationi
963 2273 1144 2349 nequeunt:
1161 2265 1250 2330 unde

128 2370 273 2437 scientiae
291 2371 480 2455 hujusmodi
500 2390 560 2437 nec
575 2370 742 2457 progredi,
764 2391 823 2439 nec
839 2369 1118 2457 inperfectionem
1134 2370 1251 2437 adduci

129 2487 258 2562 queunt
272 2480 342 2545 sine
356 2477 422 2545 fide
435 2480 622 2545 testimonio
636 2479 771 2547 aliorum
792 2481 946 2547 adhibita.
968 2482 1052 2567 Lege
1074 2482 1108 2551 S.
1139 2481 1254 2567 Augu-

129 2587 254 2654 stinum
274 2583 337 2674 (r).

199 2695 236 2759 Et
255 2695 324 2760 haec
342 2693 475 2778 quidem
491 2696 599 2760 valent
618 2696 658 2759 de
677 2696 864 2763 testimonio
884 2696 1053 2766 historico.

198 2803 298 2878 Quod
312 2821 390 2868 vero
404 2802 519 2868 attinet
533 2802 757 2888 dogmaticum
773 2805 1010 2884 testimonium,
1029 2806 1103 2890 quis
1116 2814 1178 2882 est,
1195 2807 1252 2891 qui

128 2929 250 2976 omnes
271 2921 356 2976 artes
383 2929 419 2974 ac
447 2909 596 2975 scientias
620 2911 784 2976 addiscere
808 2913 927 2995 possit,
949 2922 981 2978 et
1004 2913 1141 2979 callere?
1160 2914 1252 2980 Alius

129 3019 219 3084 enim
239 3017 434 3101 praepeditur
451 3017 571 3102 ingenii
590 3018 753 3094 tarditate,
775 3020 857 3086 alius
877 3021 1103 3105 magnitudine
1132 3021 1252 3088 laboris

128 3129 329 3202 deterretur,
355 3117 438 3192 alius
457 3126 592 3201 morbo,
613 3135 725 3202 aetate,
747 3137 948 3211 paupertate,
969 3129 1252 3197 administrat-ione

123 3219 178 3300 ¹rei
208 3233 384 3309 iamilian's,
418 3233 625 3318 magistratu,
657 3233 772 3301 officiis
803 3234 940 3318 publicis
964 3234 1093 3314 aliisve,
1119 3237 1189 3304 sire
1211 3239 1253 3303 ad

129 3341 323 3425 religionem
342 3341 411 3406 sive
436 3341 477 3407 ad
494 3340 619 3407 bonum
639 3342 777 3409 civitatis
796 3361 928 3427 prorsus
947 3345 1146 3423 necessariis,
1167 3345 1253 3412 curis

107 3448 322 3523 distinetur,
348 3455 446 3531 atque
469 3447 510 3512 ab
533 3449 641 3515 studio
666 3449 879 3516 scientiarum
899 3459 1036 3516 arcetur.
1067 3453 1151 3518 Cum
1172 3473 1254 3538 prae-

129 3557 246 3624 sertim
266 3556 306 3621 ad
325 3555 434 3640 ipsum
452 3555 577 3622 bonum
598 3557 760 3626 societatis
783 3575 819 3622 ac
842 3559 1022 3624 litterarum
1042 3577 1253 3644 progressum

129 3665 308 3750 pertineat,
340 3673 376 3730 ut
407 3664 515 3748 plures
545 3663 696 3731 homines
727 3666 823 3731 nullis
857 3662 993 3733 omnino
1024 3667 1166 3735 scientiis
1197 3681 1255 3736 aut

129 3771 273 3846 artibus,
293 3771 426 3854 quidam
446 3788 523 3836 vero
542 3771 598 3836 uni
614 3780 742 3838 tantum
763 3782 818 3839 aut
837 3773 926 3841 alteri
949 3793 1007 3859 per
1027 3776 1253 3843 totam-vitam

129 3887 255 3950 navent
284 3897 431 3963 operam.
462 3879 499 3944 Et
526 3877 571 3945 sic
598 3879 717 3962 passim
746 3881 896 3948 videmus
924 3901 990 3948 non
1019 3884 1128 3948 solum
1157 3884 1255 3950 rudes

128 3986 349 4071 sapientium,
370 3987 428 4052 sed
453 3985 541 4070 ipsos
562 3987 658 4053 etiam
683 3989 797 4055 doctos
819 3989 987 4067 homines,
1008 3989 1088 4057 alios
1117 3993 1254 4058 aliorum

128 4094 307 4162 consilium
336 4093 504 4176 exquirere
534 4112 570 4158 ac
596 4094 710 4178 sequi,
737 4105 770 4161 et
801 4097 1070 4164 mathematicum
1097 4099 1254 4184 theologi,

128 4203 326 4286 theologum
346 4201 479 4275 medici,
502 4201 664 4268 medicum
681 4201 887 4288 legis-periti,
905 4205 1141 4290 legis-peritum
1156 4206 1257 4272 archi-

128 4308 211 4376 tecti
234 4316 267 4374 et
286 4307 409 4394 physici
435 4301 604 4375 sententiis
631 4310 866 4395 preceptisque
890 4315 1106 4396 acquiescere.
1128 4313 1166 4380 Et
1194 4317 1256 4381 hoc

129 4427 231 4505 pacto
249 4415 283 4481 in
302 4415 484 4482 subsidium
506 4417 658 4483 humanae
677 4417 875 4485 infirmitatis
888 4421 981 4488 adest
1000 4421 1096 4488 nobis
1107 4421 1256 4490 testimo-

130 4525 229 4592 nium
260 4523 410 4591 aliorum.
441 4523 524 4589 Nam
552 4524 627 4608 qnia
655 4526 689 4590 in
711 4526 854 4593 convictu
879 4509 1039 4595 hominum
1063 4548 1146 4596 narres
1169 4531 1257 4599 bento

169 4740 214 4814 (r)
251 4738 314 4798 Lib.
329 4739 364 4798 de
381 4738 515 4799 Utilitele
529 4737 657 4796 credenti
665 4782 672 4804 ,
688 4738 725 4798 ad
739 4739 939 4813 Honoratum,
953 4764 1017 4817 cap.
1035 4765 1076 4804 12.

1306 2838 1425 2884 necmitaa

1286 2910 1405 2955 testimonii
1415 2908 1453 2954 do·

1320 2980 1416 3035 gmatiei.
