3492 5525
221 461 336 525 Aurio.
355 475 413 545 μ’
427 462 479 524 An
495 477 636 524 aturrus
651 477 857 523 nnrncrnron.
875 478 928 524 sir
940 477 1121 522 utrumme
1142 477 1200 541 793

166 649 267 711 Prob.
289 656 337 711 πθ
384 644 488 720 Adde,
503 643 592 726 quod
614 644 642 710 si
657 643 787 710 habitus
804 643 1034 729 principiorum
1049 643 1133 709 foret
1148 648 1242 708 natu-

122 749 194 816 ralis
209 761 241 816 et
255 750 366 816 animo
385 751 567 838 ingenitus,
586 769 651 816 non
667 751 796 818 daretur
812 751 912 817 modo
927 751 1043 832 major,
1064 750 1165 814 modo
1180 749 1242 813 nti-

122 877 182 923 nor
205 858 338 924 facilitas
357 853 389 923 in
416 858 663 943 pronuntiandis
686 857 798 943 primis
817 857 992 942 principiis.
1020 856 1120 940 Atqui
1146 857 1242 922 datur

121 967 288 1050 majorvel
309 966 416 1032 minor
430 965 561 1032 facilitas
575 984 634 1049 pro
654 965 766 1050 majori
786 965 837 1031 vel
859 964 976 1031 minori
996 962 1237 1039 exercitatione,

121 1081 158 1138 ut
188 1081 317 1140 constat
342 1069 550 1158 potissimum
580 1073 612 1140 in
643 1071 805 1157 principiis
834 1070 971 1156 propriis
1000 1069 1238 1156 particularium

119 1180 325 1260 scientiarum
345 1199 409 1248 seu
420 1180 646 1265 positionibus.

164 1293 266 1356 Prota.
287 1297 337 1357 3.⁰
383 1287 530 1371 Denique
548 1308 566 1352 a
581 1285 689 1370 priori,
715 1287 791 1371 quia
805 1295 841 1352 ut
859 1284 1157 1371 argumentaturP.
1173 1283 1241 1350 Ru·

120 1395 209 1472 bius,
228 1404 339 1461 natura
356 1415 421 1462 non
436 1393 584 1462 concedit
597 1393 694 1459 rebus
715 1394 774 1462 nisi
794 1413 847 1469 ea,
869 1412 943 1478 quae
963 1391 1164 1459 necessarius
1183 1400 1241 1457 ant

118 1503 159 1567 ad
178 1479 355 1570 es'sendum
375 1511 407 1570 et
426 1502 628 1588 operandum
648 1501 851 1586 simpliciter;
872 1520 946 1585 quae
965 1519 1043 1566 vero
1061 1501 1102 1566 ad
1122 1498 1241 1566 melius

119 1617 152 1674 et
165 1609 288 1676 facilius
306 1611 509 1696 operandum
529 1607 692 1685 serviunt,
714 1607 909 1693 acquirenda
926 1607 974 1674 eis
993 1607 1146 1691 relinquit
1165 1626 1240 1692 pro-

120 1717 188 1801 pn'a
211 1717 367 1785 industria
385 1727 418 1784 et
437 1717 561 1792 labore,
591 1717 738 1782 tribuens
766 1717 938 1801 principia,
961 1715 1081 1799 quibus
1114 1714 1240 1798 possint

121 1825 258 1910 operari,
280 1835 312 1890 et
324 1828 489 1910 operando
504 1845 541 1891 ea
555 1823 730 1908 acquirere.
748 1823 785 1890 Et
798 1826 857 1890 hac
867 1824 909 1891 de
922 1841 1020 1889 causa
1031 1841 1097 1890 non
1109 1841 1241 1888 conces·

118 1933 160 1998 sit
175 1933 363 2002 hominibus
378 1933 507 2000 habitus
521 1933 694 2008 virtutum,
711 1932 786 2016 quia
801 1949 867 1997 non
883 1932 1089 2014 requiruntur
1103 1931 1144 1996 ad
1159 1950 1239 2015 ope·

118 2041 256 2108 randum
272 2041 459 2124 simpliciter
469 2039 557 2106 bona
570 2059 682 2124 opera,
700 2040 758 2106 sed
785 2038 825 2103 ad
841 2037 978 2114 melius,
995 2039 1058 2104 hoc
1072 2046 1137 2115 est,
1162 2057 1237 2107 cum

117 2147 265 2213 facilitate
284 2157 317 2213 et
341 2147 596 2231 promptitudine
611 2147 826 2231 operandum.
848 2145 891 2212 At
915 2144 1045 2212 habitus
1068 2145 1240 2231 principio-

118 2273 192 2320 rum
214 2264 348 2322 nonest
368 2255 567 2322 necessarius
591 2253 631 2320 ad
654 2253 898 2320 assentiendum
920 2252 1109 2337 simpliciter
1126 2251 1240 2338 primis

118 2361 298 2446 principiis,
325 2363 382 2428 sed
404 2362 511 2428 solum
536 2362 577 2428 ad
601 2360 845 2428 assentiendum
869 2379 945 2428 curn
969 2361 1131 2428 facilitate.
1156 2361 1240 2445 Ergo

118 2487 184 2534 non
205 2479 255 2536 est
274 2469 368 2536 nobis
386 2491 404 2535 a
421 2479 535 2536 natura
554 2471 667 2545 datus,
687 2469 746 2535 sed
762 2468 890 2553 propria
908 2469 1064 2534 industria
1083 2475 1116 2534 et
1130 2469 1240 2536 labore

117 2575 336 2660 acquisitus...
362 2575 374 2664 (
400 2575 425 2664 ).

160 2689 264 2752 Dices
281 2697 329 2752 1.⁰
375 2684 511 2751 Habitus
527 2683 758 2769 principiorum
777 2679 905 2758 dicitur,
924 2683 1018 2768 quasi
1032 2683 1238 2749 seminarium

118 2793 210 2858 totius
227 2794 409 2878 cognitionis
421 2792 586 2879 sequentis,
606 2792 689 2857 sicui
707 2795 740 2856 ci
759 2791 794 2855 in
811 2791 954 2857 omnibus
971 2792 1097 2857 naturis
1111 2810 1240 2877 sequen-

116 2901 195 2966 tium
212 2901 425 2983 operationum
439 2904 472 2966 ct
480 2902 639 2985 effectuum
650 2902 793 2985 quaedam
806 2900 967 2965 naucratia
980 2899 1148 2964 seminaria
1156 2906 1241 2982 pru·

115 3008 258 3075 castani
273 3004 336 3097 (a).
357 3008 440 3093 Ergo
458 3008 541 3074 sicut
555 3009 624 3074 ltaec
645 3006 829 3073 naturaliter
847 3006 880 3071 in
898 3013 977 3071 sunt
996 3008 1133 3091 propriis
1147 3018 1241 3075 natu·

117 3116 173 3190 ris,
194 3115 238 3181 ita
256 3110 354 3183 etiarn
382 3116 526 3201 cognitio
550 3115 780 3200 principiorum
808 3112 906 3179 debet
929 3096 1117 3181 naturaliter
1133 3114 1240 3182 inesse

116 3222 255 3298 homini,
287 3231 386 3306 atque
419 3222 500 3289 adeo
533 3221 662 3288 habitus
696 3220 886 3288 eorumdem
917 3221 1147 3306 principiorum
1181 3224 1240 3290 erit

114 3331 252 3395 omnino
272 3332 439 3396 naturalis.

182 3443 286 3521 Reep.
309 3436 351 3502 Ut
366 3436 519 3522 principia
537 3438 603 3502 sint
625 3437 835 3502 seminarium
854 3436 955 3504 totius
972 3435 1170 3522 cognitionis
1189 3456 1241 3504 se·

115 3543 258 3627 quentis,
280 3560 412 3617 necesse
432 3562 497 3609 non
521 3553 583 3619 est,
610 3553 646 3610 ut
669 3542 798 3609 habitus
816 3541 947 3609 illorum
962 3544 1003 3611 sit
1022 3544 1164 3609 totaliter
1184 3564 1241 3611 na-

115 3650 240 3716 ruralis.

158 3766 261 3829 Dices
282 3771 330 3825 2.⁰
379 3758 531 3845 Cognitio
555 3759 785 3844 principiorum
814 3757 931 3825 dicitur
962 3760 1131 3826 naturalis.
1156 3758 1240 3845 Ergo

17 3878 18 3891 ³
115 3866 257 3944 habitus,
279 3867 365 3933 unde
383 3867 457 3935 talis
474 3866 616 3952 cognitio
635 3866 791 3953 procedit,
813 3866 965 3931 naturalis
983 3867 1027 3932 sit
1047 3875 1189 3950 oportet.

181 3982 286 4059 Reep.
306 3977 382 4043 disi.
403 3983 508 4041 antec.
529 3972 680 4059 Cognitio
694 3973 925 4058 principiorum
941 3972 1055 4039 dicitur
1071 3965 1237 4051 naturalis,

117 4082 193 4166 quia
221 4083 368 4149 facillime
388 4082 536 4165 sequitur
553 4100 593 4147 ex
612 4080 829 4159 facultatibus,
849 4081 969 4164 quibus
988 4090 1102 4149 natura
1121 4099 1239 4148 omnes

118 4190 271 4257 homines
289 4189 434 4257 instructi
456 4198 644 4267 nascuntur,
664 4208 764 4265 conc„
785 4188 862 4273 quia
884 4190 935 4255 vel
950 4188 1093 4273 ingenita
1108 4197 1169 4264 est,
1186 4191 1238 4254 vel

114 4402 379 4415 Q

148 4482 188 4544 (r)
227 4477 259 4535 P.
281 4477 391 4535 Antou.
414 4474 541 4545 Rubius,
559 4476 661 4551 Logic.
684 4473 715 4531 in
737 4473 785 4532 tib.
803 4483 868 4529 2.'¹
886 4474 1039 4531 Posterior
1059 4475 1236 4548 analyticor,

17 4628 18 4631 ,
113 4580 194 4625 tract.
210 4577 249 4623 ιθ
262 4568 296 4625 de
310 4566 399 4625 habit.
414 4560 552 4640 princip„
568 4585 598 4624 n.
617 4561 906 4638 15.Cfr.Conimbr'.‚
919 4551 1045 4621 Dialect.
1062 4562 1092 4621 in
1102 4563 1152 4621 lib.
1171 4578 1237 4623 „um

17 4662 19 4691 ³
112 4658 239 4726 Foster„
254 4675 316 4727 cap.
336 4676 367 4725 r,
383 4668 489 4727 quoest.
507 4675 533 4722 r,
544 4668 599 4713 art.
612 4673 631 4726 4
644 4654 694 4712 fin.

147 4748 188 4812 (a)
226 4742 258 4805 S.
273 4744 390 4811 Thom„
406 4744 441 4803 de
458 4743 595 4813 Veritas,
612 4755 717 4815 quaest.
733 4743 775 4813 16,
786 4754 841 4801 art.
861 4762 886 4800 r.
