3492 5525
562 465 638 548 1048
752 467 879 533 Loorcn
899 470 1016 547 banon
1026 472 1128 537 -Lna
1153 488 1223 549 μ’,
1247 472 1336 536 Drsr.
1363 486 1404 555 5.·

518 648 734 735 Philosophia
751 650 803 741 (r)
830 656 947 738 partim
977 657 1078 722 modo
1104 656 1349 723 declarabimus.
1374 656 1466 720 lianc
1484 671 1548 719 nos
1571 670 1636 716 me·

516 757 655 822 thodum
675 770 707 826 et
726 762 768 827 ad
790 761 982 829 discendum
1002 774 1035 829 et
1053 766 1093 831 ad
1121 766 1305 831 docendum
1333 764 1537 850 aptissimam
1552 759 1633 845 judi·

515 882 646 940 camus,
668 886 807 952 eamque
824 871 917 955 sequi
937 873 970 938 in
990 873 1077 939 hisce
1095 872 1354 940 institutionibus
1370 870 1549 937 voluimus.
1571 870 1637 933 llle-

514 972 636 1040 thodus
666 977 813 1045 eclectica
839 997 899 1045 seu
925 981 1075 1059 electiva,
1097 988 1133 1046 ut
1154 981 1223 1066 ipsa
1247 1000 1312 1047 vox
1341 980 1476 1055 indicat,
1513 976 1575 1042 nisi
1599 976 1636 1039 ad

515 1099 652 1148 sensum
671 1095 885 1170 mentemque
904 1088 1182 1171 perniciosissimae
1203 1088 1322 1155 scholae
1340 1088 1575 1153 Eclectlcorum
1591 1085 1638 1149 in-

513 1190 693 1275 telligatur,
714 1201 787 1277 apta
807 1195 858 1260 via
889 1196 928 1260 ad
952 1196 1189 1279 assequendam
1219 1196 1388 1263 veritatem
1413 1214 1488 1260 esse
1514 1202 1635 1277 potest.

515 1298 541 1363 sl
560 1299 684 1383 optima
702 1318 843 1384 quaeque
862 1303 936 1369 hinc
965 1302 1039 1369 inde
1058 1324 1099 1370 ex
1118 1305 1256 1371 diversis
1283 1304 1402 1370 scholis
1420 1312 1455 1369 et
1472 1310 1637 1388 systema-

513 1404 571 1481 tis,
592 1406 673 1472 duce
693 1408 816 1474 ratione
835 1421 933 1487 recta,
955 1411 1109 1495 sanisque
1124 1412 1221 1498 jactis
1239 1412 1478 1487 fundamentiS,
1500 1411 1634 1477 selecta.

513 1514 546 1577 in
566 1531 669 1579 unum
698 1515 906 1601 colligantur.
928 1520 1104 1585 Methodus
1122 1519 1263 1605 denique
1281 1519 1479 1605 geometrica
1498 1525 1549 1583 est
1570 1516 1634 1589 illa,

512 1638 578 1703 qua
592 1622 695 1688 utitur
714 1622 913 1690 Geometria.

557 1746 635 1814 3¹2·
677 1732 747 1811 lam
769 1752 867 1816 pauca
885 1736 1036 1817 quaedam
1057 1743 1217 1820 praecepta
1235 1744 1329 1800 rectae
1348 1734 1496 1799 methodi
1516 1750 1637 1817 propo-

512 1835 619 1901 nenda
637 1848 727 1904 sunt.
744 1838 910 1914 Quoniam
926 1840 1000 1908 finis
1014 1843 1251 1909 addiscentium
1267 1862 1303 1909 ac
1318 1842 1517 1907 tradentium
1532 1840 1636 1905 scien-

511 1942 571 2009 tias
590 1956 639 2010 est
659 1934 899 2015 veritatem'aut
918 1952 1063 2035 assequi,
1085 1958 1142 2016 aut
1160 1952 1228 2016 aliis
1244 1968 1439 2035 proponere:

375 2053 444 2097 ⁵¹⁰⁰¹¹¹
478 2126 483 2137 ¹
579 2058 736 2119 Primum
763 2072 978 2139 praeceptum
1007 2060 1065 2135 sit,
1099 2068 1174 2123 ante
1202 2058 1312 2123 omnia
1344 2058 1533 2123 sectandam
1562 2073 1634 2120 esse

309 2137 344 2166 ’ς
373 2139 484 2250 ἔξω]
513 2158 788 2243 perspicuitatem,
803 2171 872 2227 tum
890 2164 922 2228 in
941 2164 1095 2241 dicendo,
1111 2174 1182 2231 tum
1203 2166 1233 2230 in
1254 2165 1456 2249 exponendis
1476 2165 1589 2229 rebus.

555 2273 753 2335 Secundum
767 2286 993 2355 praeceptum.
1042 2272 1253 2339 Definitiones
1268 2274 1484 2354 notionesque
1500 2290 1539 2335 ac
1553 2270 1635 2335 divi·
1718 2252 1719 2281 i

510 2374 620 2439 siones
639 2393 765 2453 rerum,
787 2396 860 2460 quae
879 2379 911 2443 in
938 2380 1152 2463 quaestionem
1173 2381 1324 2457 veniunt,
1354 2382 1485 2454 breves,
1508 2378 1634 2461 simpli-

509 2501 565 2546 ces
583 2494 615 2550 et
629 2484 815 2552 clarissimae
828 2486 994 2553 tradendae
1009 2497 1102 2565 sunt,
1120 2490 1451 2573 praemittendumque
1471 2488 1632 2571 quidquid

510 2589 616 2655 lucem
635 2592 744 2667 affert,
775 2594 866 2658 etad
892 2595 1061 2661 meliorem
1081 2598 1254 2680 propositae
1278 2595 1467 2679 quaestionis
1495 2596 1633 2660 solutio·

510 2714 586 2764 nem
604 2699 768 2768 conducit.

386 2824 439 2876 rum,
552 2814 713 2876 Tertium
745 2826 971 2912 praeceptum.
1027 2809 1234 2896 Exponenda
1265 2811 1471 2887 fidelissime,
1501 2811 1527 2876 si
1558 2831 1632 2894 quae

508 2925 602 2991 sunt,
625 2917 795 3001 opiniones
820 2920 1000 2996 contrariae,
1022 2919 1166 3002 nihilque
1189 2921 1463 2985 dissimulandum
1484 2920 1527 2984 de
1547 2919 1581 2983 vi
1601 2935 1631 2982 et

507 3022 698 3090 efficacitate
725 3037 1012 3111 argumentorum,
1049 3028 1168 3110 quibus
1195 3029 1277 3092 lorte
1307 3028 1434 3111 propria
1467 3025 1630 3092 sententia

509 3140 656 3218 urgetur,
673 3141 729 3198 aut
743 3135 901 3199 contraria
921 3135 1060 3201 fulcitur.

357 3249 384 3278 ¹¹²
405 3251 452 3285 ⁰¹¹¹·
552 3246 722 3325 Quartum
740 3257 966 3326 praeceptum.
1015 3242 1135 3307 Omnia
1157 3243 1322 3326 probanda
1336 3251 1368 3306 et
1385 3240 1628 3310 confirmanda.

506 3355 631 3430 quanto
651 3347 719 3412 fieri
739 3357 848 3431 potest
867 3350 1029 3414 rationum
1050 3351 1193 3433 pondere
1211 3367 1247 3414 ac
1261 3347 1425 3414 firmitate.
1444 3347 1631 3414 Utendum·
1717 3349 1718 3354 ’

506 3472 571 3538 que
604 3455 636 3519 in
669 3455 952 3548 argumentatione
980 3457 1082 3524 sonna
1115 3456 1312 3542 syllogistica
1339 3456 1493 3540 styloque
1522 3453 1627 3527 brevi,
1717 3443 1718 3476 l

505 3559 585 3636 acri,
616 3562 785 3645 perspicuo
816 3571 849 3627 et
887 3546 1146 3647 simplicissimo,
1176 3562 1283 3628 vitatis
1319 3561 1630 3646 amplificationibus

505 3676 688 3753 ornatuque
707 3670 865 3747 oratorio,
887 3671 1007 3753 quibus
1027 3669 1102 3735 nihil
1121 3681 1171 3736 est
1188 3669 1295 3755 aptius
1314 3670 1354 3734 ad
1375 3669 1565 3734 illudendos
1581 3670 1629 3734 in-

503 3783 617 3842 cautos
636 3783 669 3840 et
686 3777 727 3841 ad
746 3776 1014 3842 dissimulandam
1035 3779 1196 3844 rationum
1213 3777 1448 3852 infirmitatem,
1466 3775 1577 3840 immo
1596 3785 1628 3840 el

431 3953 434 3956 ,
503 3883 691 3949 falsitatem.
724 3883 952 3976 Expendendae
977 3903 1108 3968 quoque
1134 3895 1211 3951 sunt
1234 3893 1267 3950 et
1284 3886 1387 3949 forma
1411 3893 1628 3968 argumenta-

501 3990 612 4066 tionis,
638 3999 671 4054 et
696 3989 805 4068 variae,
825 3991 947 4074 quibus
971 3992 1169 4067 coalescant,
1200 3991 1456 4076 propositiones
1482 3999 1521 4056 ut
1546 3991 1627 4054 nihil

501 4098 678 4164 obscurum
697 4116 764 4163 non
782 4099 978 4173 declaretur,
1000 4098 1076 4163 nibil
1091 4097 1227 4165 dubium
1244 4106 1298 4164 aut
1312 4097 1501 4173 infirmum,
1518 4117 1626 4181 quan·

499 4214 572 4270 tum
592 4203 659 4268 fieri
679 4204 782 4288 possit
798 4206 828 4270 in
855 4207 1001 4289 subjecta
1020 4204 1168 4282 materia,
1191 4206 1322 4286 adjectis
1342 4221 1507 4269 novorum
1527 4223 1628 4290 argu·
1716 4209 1717 4294 ,

500 4321 687 4378 mentorum
717 4313 896 4377 momentis
920 4330 985 4378 non
1013 4312 1191 4388 roboretur,
1221 4312 1324 4376 donec
1352 4310 1463 4376 omnia
1492 4322 1551 4376 aut
1586 4313 1626 4376 ad
1716 4303 1717 4308 ’

500 4420 603 4501 prima
618 4419 772 4503 principia
788 4419 982 4486 veritatesve
997 4439 1054 4502 per
1068 4418 1211 4506 segnotas
1224 4419 1442 4494 resolvantur,
1460 4426 1520 4484 aut
1534 4433 1624 4484 certe

497 4526 538 4591 ad
558 4525 796 4610 propositiones
812 4532 880 4624 jam
900 4527 933 4590 in
953 4535 1159 4592 antecessum
1184 4525 1339 4592 stabilitas
1359 4544 1394 4590 ac
1413 4524 1625 4591 demonstra-

530 4759 573 4829 (r)
609 4757 685 4817 Vide
699 4759 730 4816 ἐκ
743 4759 963 4828 Introduction,
981 4775 1062 4815 num.
1085 4775 1127 4830 53.
