3492 5525
550 431 607 496 702
673 418 794 481 [ouras
810 416 1040 491 MnJort-Ltu.
1058 418 1232 494 2.·1·‚1)1s1›.
1251 417 1385 481 1.·Cu›.
1403 431 1473 499 ψ

578 598 740 684 Denique:
764 600 917 683 Quamvis
940 602 1003 667 bac
1020 605 1136 667 natura
1162 602 1318 667 inuracn
1340 602 1452 667 babeat
1472 600 1637 666 rabonem

510 706 714 785 universalis,
729 711 899 774 secundum
915 712 995 793 quart
1007 714 1204 792 comparatur
1220 712 1265 774 aa
1281 728 1348 785 res,
1370 711 1528 793 quassant
1539 711 1637 772 extra

509 814 664 891 animam,
690 816 765 900 quia
792 820 838 881 ast
869 834 934 881 una
955 799 1134 882 similitudo
1155 816 1309 894 omnirun,
1333 821 1436 881 lanua
1457 816 1637 880 sectandum
1731 799 1733 804 ’

508 924 591 1005 quart
608 922 771 988 babatassa
784 922 818 988 in
838 924 893 989 boc
910 923 1066 989 intellectu
1082 926 1134 989 vel
1149 924 1185 988 in
1203 924 1274 1000 illo,
1293 927 1343 988 est
1355 924 1469 1006 spectas
1485 924 1638 1007 quadam

507 1030 661 1096 intellecta
670 1030 920 1113 parlr'cuhris...
940 1031 1015 1115 quia
1028 1050 1092 1096 non
1110 1036 1156 1097 ast
1166 1031 1387 1099 universalitas
1404 1031 1492 1095 illius
1499 1031 1635 1115 firrma,

507 1139 676 1203 secundum
695 1138 749 1205 loc
766 1158 830 1204 assa
847 1142 931 1224 quod
948 1140 1039 1206 balat
1053 1140 1243 1205 intellectum
1260 1136 1360 1225 (torte
1378 1140 1414 1203 in
1432 1139 1636 1219 intellectu),

507 1246 562 1308 sad
582 1248 752 1311 secuudum
765 1248 849 1331 quod
866 1250 911 1311 ad
926 1266 977 1313 ras
994 1248 1147 1332 refertur,
1167 1251 1205 1312 ut
1215 1246 1386 1311 similitudo
1402 1264 1521 1312 rerum.
1537 1245 1641 1310 Sicut

506 1352 598 1418 atram
609 1353 639 1417 si
655 1356 735 1419 assat
745 1372 810 1419 una
822 1357 928 1420 statua
945 1362 1092 1436 corporea
1110 1358 1334 1436 raprasantans
1352 1356 1464 1419 multos
1477 1352 1637 1427 homines,

506 1463 640 1538 constat,
655 1463 739 1545 quod
751 1462 809 1526 illa
826 1462 930 1546 imago
942 1464 993 1526 val
1001 1462 1115 1544 species
1128 1465 1240 1527 statua
1253 1462 1377 1527 baberet
1386 1479 1451 1525 essa
1463 1461 1640 1543 singulare

506 1570 539 1631 et
548 1568 727 1651 proprium,
747 1572 917 1635 secundum
935 1571 1018 1654 quod
1035 1570 1112 1634 asset
1128 1570 1163 1633 iu
1181 1570 1238 1634 bac
1255 1568 1401 1644 matoria,
1427 1571 1485 1633 sul
1504 1568 1643 1663 baleam

505 1676 659 1741 ratonem
670 1663 920 1752 ¹communitatis,
945 1678 1113 1743 secundum
1131 1679 1215 1761 quod
1234 1679 1315 1743 asset
1332 1694 1493 1741 comuntur
1509 1681 1638 1757 repra-

505 1784 693 1849 sentativum
708 1784 849 1866 plurium
867 1782 932 1869 (ι).

571 1891 699 1969 Quibus
714 1892 828 1957 similia
841 1892 969 1977 scripsit
981 1891 1105 1958 Auctor
1116 1893 1250 1958 Summa
1264 1890 1357 1956 totiru
1366 1890 1487 1975 logica
1500 1889 1638 1956 Aristo-
1724 1885 1733 1908 ¹

504 1999 585 2064 talu:
609 2000 644 2065 ln
663 2004 770 2065 nostra
783 2000 952 2081 phantasia
968 2004 1015 2065 est
1025 2000 1206 2081 phantasia,
1228 1999 1345 2082 inquit,
1369 2016 1424 2063 sau
1437 1998 1550 2083 forma
1578 2018 1638 2063 ra·

498 2110 691 2189 prasanlaus
709 2106 790 2173 luna
808 2108 971 2183 bominem,
990 2110 1158 2173 secunaum
1179 2106 1341 2192 quoljirit
1355 2106 1391 2170 in
1405 2106 1512 2190 aliquo
1530 2124 1636 2173 sensu

502 2216 666 2281 exteriori:
684 2234 754 2299 qua
766 2216 876 2301 sornra
901 2215 1017 2281 virtute
1044 2216 1217 2281 intellectus
1234 2215 1356 2299 agentis
1379 2215 1449 2298 agit
1470 2214 1506 2277 in
1534 2213 1639 2279 intel·

502 2326 612 2389 lactum
625 2322 817 2404 passibilem,
836 2322 920 2388 sicul
935 2325 1051 2389 colores
1068 2323 1183 2388 virtuto
1200 2322 1329 2389 luminis
1343 2325 1440 2405 agunt
1461 2320 1495 2385 in
1515 2324 1637 2403 poten-

503 2430 579 2495 tiam
593 2430 738 2507 visivam,
763 2434 796 2496 et
810 2433 960 2496 causatur
982 2434 1056 2495 tunc
1078 2431 1112 2494 in
1137 2431 1296 2495 intellectu
1316 2428 1461 2510 passibili
1481 2430 1635 2512 quadam

493 2538 618 2623 forma,
643 2556 712 2623 qua
737 2537 854 2604 dicitur
872 2544 1003 2622 speeies
1019 2544 1250 2623 ⁴intelligibilis
1279 2538 1416 2622 (species
1439 2535 1631 2625 expressa),

500 2647 551 2711 vel
566 2650 735 2712 secundum
762 2647 854 2722 alios,
885 2662 982 2715 actus
1008 2652 1219 2729 intelligendi
1242 2648 1293 2711 val
1314 2646 1453 2720 varium,
1478 2664 1552 2729 qua
1576 2664 1636 2710 re-

497 2758 671 2836 prasantat
681 2755 845 2832 hominem,
861 2778 932 2824 non
945 2770 1061 2823 tamen
1080 2770 1120 2822 ut
1137 2770 1191 2822 est
1209 2760 1266 2821 hic
1288 2777 1391 2832 nunc,
1412 2758 1475 2821 sed
1491 2758 1633 2821 abstra-

500 2875 630 2931 ctuma
649 2870 775 2931 talibus
788 2870 1052 2932 conditionibus:
1073 2877 1108 2932 et
1125 2873 1190 2930 hoc
1209 2868 1334 2928 dicitur
1345 2867 1544 2929 universale
1558 2859 1629 2947 (2).

325 2987 405 3035 ιιιιη
406 2989 449 3072 ιιι,
569 2973 614 3037 Ex
633 2971 726 3038 dictis
737 2972 910 3057 intelliges
926 2972 1031 3054 qualis
1045 2971 1086 3036 stt
1096 2971 1266 3036 abstractio
1277 2987 1402 3054 propria
1415 2969 1629 3034 universalis

320 3147 422 3252 ιῖιιιῗιω
392 3216 450 3251 auri
424 3133 640 3271 1¹⁸formalis
669 3207 705 3252 ac
736 3187 851 3254 totalis.
882 3186 1038 3252 Formalis
1065 3196 1115 3252 est
1142 3185 1206 3262 illa,
1237 3204 1301 3269 qua
1331 3186 1435 3250 torma
1456 3183 1628 3259 velutad,

498 3295 588 3379 quod
617 3295 717 3360 instar
742 3296 854 3360 iormae
877 3312 912 3360 se
938 3295 1046 3370 babet,
1074 3292 1269 3360 abstrahitur
1287 3311 1305 3357 a
1324 3294 1469 3365 materia,
1491 3293 1546 3356 vei
1566 3294 1632 3361 ior·

501 3405 584 3469 male
604 3424 622 3468 a
641 3403 807 3468 materiali:
828 3421 896 3485 quo
914 3411 1009 3487 pacto
1027 3401 1203 3469 humanitas
1216 3401 1409 3468 abstrahitur
1426 3401 1468 3468 ab
1487 3401 1627 3478 bomine,

499 3511 661 3596 quantitas
690 3531 708 3574 a
746 3510 880 3575 matoria
913 3510 1070 3585 sensibili,
1098 3511 1236 3575 circulus
1264 3506 1452 3581 amouru,
1486 3527 1530 3573 ex
1561 3529 1629 3594 qua

500 3620 603 3684 iactus
621 3627 682 3683 est.
698 3617 771 3684 Non
791 3627 840 3682 est
860 3618 928 3681 haec
942 3617 1115 3682 abstractio
1133 3616 1259 3702 propria
1279 3629 1402 3683 naturae
1415 3614 1625 3692 universalis,

499 3725 556 3790 sed
576 3724 628 3790 illa
647 3744 719 3808 quae
740 3737 873 3793 vocatur
894 3724 1009 3801 totalis,
1031 3743 1088 3808 per
1102 3741 1201 3806 quarn
1217 3733 1329 3790 natura
1343 3722 1451 3806 aliqua
1471 3724 1629 3809 praescin·

498 3833 584 3898 ditur
610 3851 628 3898 a
657 3832 855 3898 differentiis.
883 3834 920 3898 Et
939 3841 1072 3898 vocatur
1099 3831 1214 3908 totalis,
1235 3831 1308 3913 quia
1328 3851 1385 3915 per
1402 3851 1477 3896 eam
1498 3833 1629 3900 abstra-

499 3941 584 4006 hitur
598 3943 693 4006 totum
707 3941 876 4023 mantola
893 3961 912 4005 a
930 3942 1003 4007 suis.
1016 3938 1159 4024 partibus
1176 3938 1373 4023 subjectivis‚
1391 3949 1509 4006 natura
1532 3941 1625 4007 enim

498 4047 645 4133 specifica
671 4059 721 4115 est
742 4058 850 4116 totum
882 4047 1057 4134 potentiale
1089 4055 1236 4131 respectu
1264 4047 1523 4124 individuorum,
1546 4067 1626 4134 quae

533 4357 572 4418 (ι)
611 4351 644 4411 8.
661 4353 766 4410 Thom.
785 4352 894 4424 Opusc.
910 4354 944 4409 (le
959 4351 1032 4408 Enle
1046 4360 1076 4408 at
1088 4359 1205 4419 essent„
1220 4369 1283 4421 cap.
1298 4371 1326 4423 4.
1342 4350 1406 4409 Cis.
1423 4351 1537 4423 Opuse.
1557 4365 1620 4412 ι.“·
1731 4392 1733 4401 »

497 4445 531 4499 de
553 4443 789 4511 Universalibus,
810 4443 864 4499 Est
881 4443 956 4497 enim
979 4442 1036 4497 illa
1058 4441 1173 4496 insola
1195 4441 1349 4496 intellectu
1370 4442 1544 4516 singularis
1567 4459 1625 4504 etc.

497 4531 573 4590 Vide
585 4531 672 4590 etiarn
688 4535 842 4591 Auctorem
862 4532 987 4590 Summa
1009 4531 1101 4587 totius
1116 4529 1218 4604 Logia.
1234 4529 1341 4598 Arist„
1364 4543 1448 4589 tract.
1467 4552 1494 4600 ι,
1511 4553 1579 4606 cap.
1600 4557 1626 4605 ι,

498 4620 547 4680 ubi
561 4621 676 4695 egregie
690 4635 719 4680 et
732 4621 881 4694 perspicue
894 4620 1027 4680 doctrina
1040 4621 1102 4677 haec
1118 4619 1253 4678 traditur.

533 4717 573 4783 (a)
611 4711 720 4784 Opusc,
731 4710 855 4770 Summa
868 4719 920 4771 tot.
935 4711 1039 4784 Logia·
1055 4708 1194 4783 Aristot,
1208 4721 1291 4768 tract.
1310 4730 1334 4779 ι,
1349 4729 1411 4784 vap.
1430 4731 1455 4770 ι.
