3492 5525
283 432 399 493 Anne.
426 429 627 492 1.⁰·Uruun
650 425 773 493 Loorca
793 447 843 491 sm
865 446 1070 494 necessrium
1117 440 1191 509 1075

115 613 192 679 sime
210 613 324 680 deduci
342 632 383 679 ex
412 612 545 678 veritate
570 613 828 695 praemissarum.
858 612 909 677 Sic
937 612 993 695 qui
1025 610 1231 679 Rhetoricam

115 722 229 797 nescit,
250 729 358 804 potest
381 740 470 804 saepe
486 739 686 805 cognoscere
706 739 893 786 sermonem
922 738 992 787 esse
1011 720 1136 803 optime
1155 736 1234 783 con·

115 838 238 893 textum
264 831 305 894 ad
329 828 430 894 linem
458 827 691 911 persuadendi;
723 839 755 895 et
782 827 838 911 qui
868 827 1154 905 Architecturam·,-
1176 825 1232 908 qui

115 935 268 1002 Musicam
288 936 431 1021 ignorat,
449 944 557 1019 potest
576 935 744 1002 evidenter
763 954 861 1002 nosse
875 936 1013 1001 domum
1030 936 1081 1001 hic
1099 946 1132 1000 et
1147 952 1233 999 nunc

114 1061 183 1108 esse
213 1043 342 1129 egregie
369 1042 561 1126 dispositam
589 1043 630 1110 ad
660 1042 761 1108 finem
791 1042 976 1120 habitandi,
1008 1051 1040 1107 et
1066 1059 1166 1108 sonos
1192 1040 1233 1105 ad

115 1151 213 1217 finem
229 1149 413 1217 oblectandi
432 1147 445 1238 (
472 1148 496 1237 ).

178 1259 285 1336 Qum
302 1259 343 1324 ad
362 1277 431 1325 rem
443 1259 588 1332 valeant,
607 1277 681 1341 quae
695 1258 730 1326 S.
747 1257 955 1344 Augustinus
970 1267 1081 1324 contra
1096 1256 1233 1343 Logtcos

114 1368 233 1453 regulis
270 1364 499 1432 minutissimis
536 1365 732 1432 memoriam
768 1367 1002 1451 discipulorum
1046 1374 1231 1441 onerantes,

113 1486 209 1557 atque
234 1472 403 1558 ingenium
429 1474 671 1557 opprimentes,
690 1473 877 1558 scripserat:
897 1475 1086 1559 Plerumque
1104 1471 1231 1549 accidit,

112 1581 290 1668 utsacr'lr'us
307 1582 443 1647 homines
462 1600 575 1646 reseas
591 1586 814 1666 assequantur,
830 1585 959 1664 propter
976 1600 1054 1665 quus
1070 1598 1235 1665 assequen-

111 1694 170 1755 das
186 1690 248 1755 ista
264 1689 446 1764 ducuntur,
467 1706 561 1773 quom
588 1690 700 1755 talium
712 1694 936 1772 praceptorum
958 1688 1179 1755 nodosissimas
1205 1690 1238 1755 et
1308 1732 1313 1742 -

110 1796 338 1880 spinosissimas
345 1796 570 1877 disciplinas...
581 1797 769 1881 Plerumque
781 1797 876 1863 citius
889 1796 1067 1879 ingeniosus
1080 1794 1234 1861 oedetnom

111 1923 176 1971 esse
202 1908 306 1970 ratam
336 1904 582 1983 conclusionem·
607 1922 700 1987 quam
723 1908 878 1987 praecepta
904 1907 970 1991 ejus
996 1904 1097 1986 capit;
1125 1905 1235 1968 lardus

111 2016 295 2078 autemnon
319 2031 389 2077 eam
415 2011 515 2088 videl,
542 2014 598 2077 sed
620 2013 722 2077 ‘mullo
747 2012 851 2079 minus
877 2013 961 2097 quod
985 2014 1023 2077 de
1048 2012 1106 2077 illa
1124 2010 1237 2095 preci·

109 2117 227 2207 pitur(
253 2118 278 2207 ).

156 2234 265 2311 Objic.
287 2234 337 2295 2.⁰
383 2228 515 2311 ignarus
542 2227 668 2312 Logicae
695 2227 797 2294 nescit
815 2228 985 2311 quomodo
1003 2238 1035 2294 et
1055 2246 1097 2293 ex
1115 2226 1235 2313 quibus

112 2337 256 2402 iacienda
275 2334 317 2401 sit
332 2335 580 2402 demonstratio.
603 2334 684 2419 Ergo
700 2337 813 2418 nequit
828 2335 916 2401 illam
937 2336 1055 2401 habere
1074 2334 1135 2400 nisi
1156 2354 1234 2417 pure

102 2444 336 2519 materialiter,
357 2442 600 2508 inadvertenter
617 2455 649 2508 et
678 2462 810 2512 acasu:
841 2443 931 2526 quod
952 2462 1018 2509 non
1046 2442 1169 2509 sufficit
1194 2442 1234 2507 ad

112 2551 295 2618 scientiam.

180 2664 281 2727 Prob.
302 2676 438 2741 conseq.
462 2680 479 2720 «
487 2658 551 2735 Qui
567 2658 641 2723 talia
654 2658 767 2735 nescit,
784 2659 913 2745 ignorat
928 2678 968 2724 an
984 2657 1233 2733 demonstratio,

110 2787 212 2851 quam
233 2768 317 2833 elicit
335 2767 377 2832 sit
396 2767 701 2833 demonstratio...»
724 2790 740 2828 u
749 2767 802 2832 Sic
822 2768 879 2851 qui
898 2784 974 2833 vera
998 2767 1158 2851 loquitur,
1181 2784 1237 2831 ne·

111 2879 218 2943 sciens
236 2895 272 2942 se
290 2893 404 2941 verum
418 2873 539 2950 dicere,
556 2884 589 2939 et
608 2875 687 2958 quid
705 2875 747 2941 sit
761 2876 866 2940 dicere
882 2895 1014 2951 verum,
1036 2894 1115 2960 pure
1135 2881 1237 2938 mate-

112 2986 231 3050 rialiter
248 3002 363 3048 verum
383 2982 478 3065 dicit;
500 2991 536 3046 ut
554 2984 652 3048 etiam
672 2985 727 3066 qui
747 2984 826 3049 laisa
845 2982 1006 3066 loquitur,
1029 2982 1177 3048 nesciens
1200 2999 1237 3046 se

113 3091 260 3167 mentiri,
290 3099 346 3155 aut
364 3089 443 3172 quid
469 3089 512 3154 sit
530 3090 755 3167 mendacium,
785 3109 844 3156 nec
869 3088 1048 3156 formaliter
1066 3089 1234 3164 mentitur,

113 3219 173 3265 nec
192 3197 362 3283 culpabilis
380 3205 431 3262 est
449 3215 559 3262 coram
580 3196 674 3262 Deo»
695 3194 761 3284 (3).

180 3314 286 3390 Resp.
305 3305 380 3370 dist.
401 3313 508 3372 antec.
528 3305 640 3371 Nescit
659 3305 828 3388 quomodo
847 3314 881 3371 et
899 3325 940 3372 ex
954 3305 1076 3389 quibus
1091 3302 1236 3370 iacienda

111 3415 155 3481 sit
172 3412 407 3479 demonstratio
435 3411 468 3477 in
487 3412 674 3489 communi,
696 3433 804 3490 cone,
826 3413 859 3478 in
879 3413 1077 3498 particulari,
1097 3413 1167 3480 sive
1186 3410 1238 3477 hic

111 3530 146 3586 et
165 3519 433 3602 nunc.·sulrdist.;
453 3520 555 3585 nescit
572 3521 718 3605 signate,
742 3521 792 3586 vel
813 3541 869 3604 per
887 3521 1166 3605 comparationem
1190 3537 1238 3584 re-

110 3629 232 3695 ssexam
251 3628 292 3693 ad
321 3629 450 3713 regulas
469 3627 611 3712 Logieae,
640 3648 746 3704 conc„
769 3629 871 3695 nescit
890 3630 1048 3706 exercite,
1069 3629 1120 3694 vel
1139 3627 1237 3693 etiam

109 3737 231 3803 retlexe
249 3735 498 3820 cognoscendo,
518 3753 554 3801 se
574 3753 661 3801 nnnc
687 3735 865 3803 discurrere
890 3736 1056 3804 evidenter
1075 3744 1108 3801 et
1125 3735 1239 3800 infalli-

108 3845 237 3922 biliter,
253 3861 325 3927 neg.
346 3852 455 3909 antec.
476 3853 508 3909 et
527 3861 664 3926 conseq.

181 3951 313 4037 ignarus
329 3950 461 4035 Logicae
476 3949 579 4016 nescit
592 3953 725 4035 quidem
741 3952 865 4019 tradere
880 3953 1007 4038 regulas
1023 3953 1055 4018 in
1069 3952 1239 4018 communi

110 4077 174 4145 pro
201 4058 420 4125 construenda
448 4059 744 4136 demonstratione,
766 4080 873 4144 neque
901 4062 983 4126 hanc
1013 4061 1239 4145 particularem

109 4169 155 4233 ad
175 4167 303 4252 regulas
320 4183 520 4249 comparare3
541 4166 630 4248 quod
649 4167 766 4251 probat
785 4167 877 4235 illum
902 4187 1010 4235 carere
1039 4167 1172 4234 scientia
1193 4184 1241 4232 re·

149 4461 191 4521 (1)
228 4454 372 4521 Loaeeda,
390 4453 444 4510 loc.
469 4451 527 4519 eit,
554 4471 583 4509 n.
606 4473 649 4525 17,
671 4454 749 4524 apud
764 4471 852 4523 qoem
877 4453 944 4512 vide
966 4453 1078 4514 solutas
1099 4452 1241 4526 quasdam

108 4543 270 4604 instantias
284 4542 354 4600 ibid.
371 4562 400 4601 n.
422 4543 513 4600 reae.

148 4639 191 4706 (a)
228 4629 405 4706 SeAupust.
422 4631 486 4691 Lib.
500 4633 535 4689 de
549 4630 682 4690 Doctrin.
696 4629 818 4702 cirisi..
831 4651 894 4704 cap.
913 4653 957 4706 37.

150 4725 192 4797 (3)
227 4721 316 4796 Apud
330 4720 451 4791 lossad,
468 4720 521 4780 loe.
538 4719 600 4791 eit,
616 4740 647 4778 n.
663 4740 706 4795 23.
