3492 5525
542 427 602 511 276
728 420 854 495 Locren
875 424 1127 496 unos-um.
1151 438 1196 495 n·
1218 426 1295 497 Can.
1318 445 1391 497 ate

494 611 645 699 objectam
660 614 768 681 vous:
785 616 836 680 vel
851 614 951 681 etlam
964 614 1085 681 indicat
1096 616 1281 682 secundum
1297 618 1421 685 multos
1435 618 1620 703 subjectum
1723 590 1724 629 ³

494 720 676 804 appellaria
690 722 864 805 praedicato
875 722 1092 801 materialiter,
1108 735 1157 792 ut:
1171 723 1269 801 borno,
1285 728 1438 809 qualemn
1448 726 1545 801 marro,
1561 729 1619 801 est,

492 832 551 893 aul
561 832 835 911 cerlepotcstcssc,
850 826 1013 919 albano).
1027 828 1122 897 Unde
1132 830 1170 896 nt
1182 831 1451 917 propositionem,
1466 831 1622 917 particula
1723 846 1724 873 ÷

495 936 714 1019 reduplicante
738 938 907 1014 allectam,
937 955 1049 1005 veram
1076 940 1128 1004 vel
1149 940 1263 1005 lalsam
1286 956 1358 1005 esse
1382 958 1497 1025 posse,
1525 947 1621 1024 prout

493 1043 705 1128 reduplicatio
720 1054 869 1111 sumatur
883 1042 915 1111 in
931 1063 998 1112 uno
1010 1056 1066 1113 aut
1080 1046 1182 1113 altero
1197 1063 1297 1113 sensu
1313 1066 1346 1113 v.
1358 1066 1393 1132 g.
1407 1049 1492 1113 haec:
1509 1048 1618 1123 Homo,
1723 1094 1724 1109 ,

491 1151 528 1215 in
545 1154 696 1235 quonium
709 1152 813 1231 horno,
828 1156 877 1219 cst
887 1153 1040 1229 musicus,
1057 1155 1135 1219 salsa
1150 1162 1200 1220 est
1223 1152 1453 1237 reduplicative
1468 1163 1618 1239 sumpta;
1723 1170 1724 1189 ¹

479 1243 525 1326 'et
550 1277 643 1337 vera,
675 1262 792 1326 saltem
821 1261 1005 1328 secundum
1035 1262 1173 1327 modurn
1195 1262 1350 1346 loquendi
1371 1264 1569 1339 multorum,
1591 1261 1619 1327 si

492 1366 711 1451 specificative
729 1365 928 1453 intelligatur
942 1366 1005 1457 (2).

558 1473 626 1540 Nos
640 1492 718 1540 vero
736 1475 789 1541 lric
802 1476 970 1559 loquimur
988 1476 1029 1541 de
1048 1448 1268 1561 propositione
1287 1476 1397 1545 stricte
1413 1476 1620 1563 reduplicati·
1723 1528 1724 1537 ,

492 1596 549 1657 va,
574 1580 606 1646 in
632 1600 698 1665 qua
724 1582 878 1648 nimirum
904 1582 1057 1667 particula
1083 1584 1287 1667 reduplicans
1312 1584 1464 1669 exprimit
1484 1602 1617 1651 causam
1723 1646 1724 1649 ,

493 1690 543 1754 vel
557 1689 729 1765 rationem,
741 1708 800 1755 cur
812 1691 1022 1773 praedicatum
1036 1691 1163 1777 objecto
1175 1692 1361 1758 conveniat:
1379 1712 1413 1757 v.
1428 1710 1464 1777 g.
1492 1692 1619 1766 Petrus,

491 1802 528 1864 in
546 1810 715 1881 quantum
729 1803 907 1887 sacerdos,
921 1798 1034 1864 honore
1047 1798 1161 1882 dignus
1174 1802 1240 1880 esl;
1250 1800 1361 1877 Homo,
1377 1813 1547 1884 quatenus
1560 1807 1621 1866 ho·

412 1953 418 1964 .
491 1926 567 1983 mo,
583 1902 715 1971 risibilis
728 1914 778 1971 est
793 1902 857 1993 (3).

320 2036 438 2095 Qum,
558 2012 596 2079 Et
629 2014 804 2096 exponitur
841 2014 892 2079 vel
919 2033 976 2098 per
1008 2012 1241 2097 copulativam,
1270 2015 1322 2080 vel
1357 2033 1414 2099 per
1441 2014 1619 2089 causalem,
1723 2066 1724 2081 ,

279 2120 404 2195 5¹⁹⁰·”Pf
414 2124 468 2167 ¹³¹⁶*
490 2139 528 2210 vt
541 2136 591 2205 gc
606 2120 719 2186 Petrus
732 2120 846 2186 bonore
862 2120 976 2203 doinus
990 2127 1049 2198 cst,
1063 2122 1156 2205 aliquo
1167 2121 1219 2186 illi
1231 2124 1375 2205 competit
1385 2122 1506 2187 ratione
1518 2140 1624 2187 sacer-
1723 2136 1724 2197 ξ

336 2192 417 2238 puram

296 2253 463 2310 resupnum
490 2226 582 2293 dolii:
614 2228 678 2293 vel:
707 2228 837 2305 Petrus,
863 2228 940 2313 quia
964 2230 1108 2295 sacerdos
1130 2232 1191 2305 ost,
1217 2230 1330 2312 donus
1351 2228 1546 2300 estvonore.
1574 2228 1621 2293 Ex
1723 2238 1724 2307 l

491 2334 584 2401 dictis
602 2352 799 2420 cognosces,
816 2353 970 2419 quaenam
992 2336 1033 2401 sit
1047 2336 1097 2402 vis
1115 2354 1235 2401 vocum
1251 2336 1474 2419 reduploanve
1487 2336 1538 2400 vel
1553 2342 1621 2417 spe-
1723 2348 1724 2359 ¹

490 2442 659 2527 cificativc,
676 2461 752 2527 quae
766 2461 853 2529 saepe
867 2443 1063 2509 adhibentur
1077 2443 1110 2508 in
1125 2443 1344 2528 disputatione
1359 2452 1454 2528 prout
1469 2440 1621 2547 opposita
1723 2452 1724 2519 l

490 2549 645 2617 invicem.

836 2758 841 2766 ι

853 2799 872 2891 5
897 2800 1255 2871 lV.-Conmmnve.
1334 2895 1341 2910 .

540 2995 613 3066 126.
661 2998 715 3066 list
742 2997 960 3083 comparativa
991 2997 1170 3084 propositio
1196 2999 1266 3074 illa,
1292 2998 1323 3063 in
1357 3017 1439 3082 qua,
1470 2997 1620 3083 pluribus
1723 3019 1724 3024 ¹

489 3106 574 3173 inter
596 3125 632 3173 se
650 3107 793 3192 collatis,
822 3125 927 3173 unum
955 3106 1044 3172 alteri
1071 3115 1224 3190 praestare
1250 3107 1456 3182 enuntiatur,
1485 3114 1537 3173 ut:
1559 3109 1620 3173 Leo
1723 3113 1724 3186 j

480 3213 602 3300 sorta'm
617 3217 666 3280 est
680 3215 814 3280 homine.
835 3213 972 3280 Planum
985 3232 1082 3299 porro
1102 3225 1152 3280 est
1171 3233 1225 3291 ea,
1246 3232 1320 3296 quae
1336 3212 1419 3280 inter
1433 3233 1468 3280 se
1482 3233 1620 3298 compa·
1723 3199 1724 3294 ff

488 3331 613 3400 rantur,
647 3321 765 3389 debere
798 3320 987 3408 participare
1012 3322 1150 3388 sormam
1169 3305 1279 3397 illam,
1307 3322 1488 3388 secundum
1515 3341 1617 3406 quam
1723 3309 1724 3396 s

432 3490 437 3499 .
486 3439 734 3515 comparantur:
755 3449 848 3497 secus
862 3428 971 3515 inepta
991 3439 1023 3494 et
1039 3429 1170 3496 ridicula
1189 3429 1248 3495 erit
1264 3429 1457 3515 propositio.

555 3537 608 3605 Ad
625 3538 864 3623 comparativae
882 3546 1077 3604 revocantur
1095 3537 1319 3622 superlativae,
1340 3555 1415 3620 quae
1434 3555 1540 3604 unum
1560 3537 1619 3605 ali·
1723 3519 1724 3590 i

486 3647 579 3729 quod
589 3646 719 3730 reliquis
728 3644 883 3711 omnibus
893 3647 943 3712 sul
956 3644 1086 3738 generis
1097 3646 1334 3728 praelerendum
1346 3664 1418 3712 esse
1428 3646 1615 3723 enuntiant,

485 3770 521 3821 v.
540 3770 590 3839 ga
611 3752 711 3819 Homo
729 3751 940 3819 nobilissimus
957 3756 1006 3817 est
1020 3752 1220 3832 animalium.

289 3881 449 3940 mmmm
556 3858 796 3945 Comparativae
815 3879 852 3926 ac
870 3858 1078 3944 superlativae
1097 3869 1309 3943 exponuntur
1324 3877 1380 3944 per
1397 3859 1615 3944 copulativas,

316 3957 429 4012 “mit
484 3977 522 4033 ut
540 3987 599 4052 per
616 3987 653 4034 se
672 3976 773 4053 patet.
795 3966 848 4033 Sic
872 3967 1016 4053 primum
1037 3985 1079 4032 ex
1098 3967 1201 4034 allatis
1220 3965 1381 4050 exemplis
1407 3967 1453 4033 sic
1472 3967 1617 4051 explica-

443 4158 446 4168 ·
483 4074 547 4143 bis:
566 4075 625 4142 Leo
642 4075 804 4161 cstsorn's,
824 4077 857 4139 el
876 4073 963 4140 homo
979 4074 1072 4140 ctiam
1081 4073 1180 4158 sortis
1197 4077 1254 4156 ert·
1272 4075 1328 4140 sed
1347 4075 1396 4140 leo
1416 4077 1548 4158 superat
1560 4073 1618 4140 bo-

481 4183 810 4269 minemjorlitudinc;
824 4183 963 4249 alterum
983 4199 1061 4248 vero
1075 4181 1138 4248 sic:
1159 4180 1258 4247 Homo
1269 4180 1394 4247 animal
1409 4184 1457 4248 cst
1470 4199 1508 4248 oc
1524 4181 1617 4250 nobi·

516 4488 559 4560 (1)
594 4487 679 4546 Hanc
692 4501 790 4547 tanen
799 4487 921 4548 alteram
930 4503 1035 4546 sensus
1045 4484 1230 4558 specificativi
1243 4483 1488 4559 significationem
1498 4497 1533 4544 ut
1541 4485 1617 4546 abu-

480 4597 547 4637 sum
560 4577 780 4650 reprehendunt
794 4576 1021 4649 complutenses
1039 4576 1200 4647 (Dialeon,
1216 4575 1266 4636 lib.
1283 4595 1308 4644 a,
1325 4595 1388 4648 cap.
1407 4593 1440 4635 ιο
1453 4588 1483 4634 et
1497 4573 1567 4644 ult.)

515 4672 556 4734 (a)
592 4667 657 4726 cn.
674 4665 820 4736 Loasada,
839 4665 897 4738 Op.
912 4664 961 4724 cit.
977 4664 1054 4737 disp.
1070 4687 1103 4738 7,
1118 4685 1181 4738 cap.
1195 4665 1224 4736 6,
1240 4685 1271 4723 n.
1290 4685 1332 4740 ¹4·

514 4755 556 4832 (³)
591 4755 656 4816 cn.
672 4753 706 4815 S.
721 4755 826 4814 Thom.
843 4763 883 4828 3.·
900 4753 970 4814 dist.
987 4771 1033 4826 ιο,
1048 4765 1154 4826 quaest.
1173 4775 1200 4827 r,
1215 4771 1242 4814 a.
1262 4771 1286 4812 r.
1306 4752 1482 4826 questione.
1501 4774 1529 4818 r·
