3492 5525
95 1102 100 1112 ,
256 916 1169 1194 roorQruon.

194 1411 229 1482 6.
279 1415 381 1480 Actus
401 1412 538 1489 mentis,
560 1428 661 1494 quem
682 1409 820 1496 dirigere
845 1409 962 1497 Logica
979 1409 1077 1475 debet
1096 1411 1136 1475 ad
1161 1429 1276 1477 verum
1326 1449 1459 1505 Qum,

147 1522 394 1606 assequendum
405 1571 411 1598 ,
422 1528 476 1586 est
485 1518 630 1604 operatio
645 1518 811 1601 quaedam,
824 1535 888 1602 qua
902 1537 952 1584 res
966 1515 1074 1600 aliqua
1087 1516 1274 1604 percipitur,
1348 1523 1437 1568 menti·

145 1649 207 1697 seu
223 1629 449 1715 cognoscitur,
472 1635 572 1710 atque
587 1628 698 1692 animo
713 1635 978 1710 repraesentatur.
996 1626 1141 1692 Vocatur
1156 1626 1275 1709 passim

145 1738 303 1822 cognitio,
315 1737 426 1802 notr'tia
438 1737 615 1816 conceptus,
631 1734 760 1800 intentio
773 1725 885 1800 meritis
902 1730 972 1821 (r),
985 1733 1146 1817 cogitatio,
1158 1728 1209 1819 (a)
1225 1733 1277 1797 in-

144 1845 296 1920 tellectio,
316 1845 443 1910 verbum
467 1842 579 1908 mentis
597 1839 648 1930 (3)
667 1841 802 1926 aliisque
822 1840 1020 1907 'nominibus
1041 1858 1117 1924 quae
1145 1841 1275 1924 proprio

143 1955 176 2018 in
198 1953 273 2018 loco
288 1951 554 2018 declarabuntur.

213 2059 319 2125 Actus
337 2068 447 2126 nutem
477 2076 596 2124 omnes
613 2055 848 2142 cognoscitivi,
869 2074 956 2140 quos
980 2054 1066 2121 elicit
1088 2054 1272 2120 intellectus
1319 2089 1455 2146 Q„„„„1„,
1501 2040 1506 2051 ’

141 2165 175 2232 in
197 2167 344 2232 veritatis
362 2164 629 2250 investigatione,
650 2165 691 2231 ad
710 2175 777 2231 tres
804 2165 941 2230 omnino
960 2171 1172 2239 revocantur,
1197 2163 1275 2226 sim·
1444 2175 1448 2183 ·

136 2275 254 2355 plicam
275 2275 425 2338 nimirum
447 2273 733 2357 apprehensionem,
750 2272 910 2358 judicium
931 2275 963 2337 et
983 2270 1183 2337 ratiocinium
1205 2267 1269 2356 (4).

97 2411 101 2416 ·
140 2383 272 2446 Etenim
294 2381 454 2465 quidquid
474 2381 578 2447 menti
594 2391 713 2448 nostrae
732 2379 1028 2463 contemplandum
1048 2361 1207 2453 occurrit,
1227 2377 1272 2444 ita

137 2490 393 2575 cognoscimus
425 2500 461 2555 ut
488 2492 541 2555 vel
568 2491 671 2555 solam
702 2487 745 2554 rei
774 2487 957 2580 habeamus
976 2487 1146 2563 notitiam,
1170 2485 1272 2552 instar

138 2597 283 2663 intuitus
298 2598 488 2678 cujusdam,
506 2599 583 2662 nihii
604 2599 645 2662 de
665 2616 702 2663 ea
722 2596 927 2662 affirmantes
945 2606 1002 2662 aut
1014 2593 1199 2678 negantes,
1219 2594 1270 2658 vel
1302 2675 1307 2686 Ι

137 2707 180 2770 de
194 2723 229 2770 re
244 2706 291 2771 sic
306 2716 458 2790 percepta
469 2704 591 2790 aliquid
601 2704 805 2771 affirmemus
815 2714 871 2769 aut
888 2721 1062 2787 negemus.
1075 2701 1109 2768 Si
1126 2701 1269 2787 primum

136 2815 334 2899 contingat,
358 2826 449 2881 actus
473 2815 526 2880 iile
548 2814 681 2897 simplex
703 2811 919 2895 apprehensio,
937 2829 995 2877 seu
1020 2811 1202 2896 percepti03
1219 2808 1269 2874 sin

135 2923 301 2999 atterum,
317 2922 476 3010 judicium
500 2928 720 3007 nuncupatur.
752 2920 817 2986 Sed
839 2920 999 3005 judicium
1025 2918 1188 3004 ejusmodi
1218 2917 1269 2982 vel

136 3028 378 3113 pronunciatur
399 3030 509 3097 statim
530 3028 671 3115 cognitis
691 3028 839 3094 terminis
854 3036 943 3093 etex
958 3024 1271 3118 meraobjectispro·
1309 3016 1331 3031 ⁵
1388 3037 1392 3042 ’

136 3136 323 3221 positione,
354 3138 405 3203 vel
432 3137 564 3203 nonnisi
590 3157 631 3203 ex
656 3136 840 3205 successiva
868 3135 1023 3201 binorum
1050 3132 1268 3199 terminorum

133 3264 217 3311 cum
240 3245 338 3311 tertio
357 3245 501 3329 quodam
521 3228 784 3330 comparatione,
811 3243 966 3309 nimirum
988 3260 1092 3307 unum
1104 3240 1267 3326 judicium
1338 3326 1343 3331 ι

133 3372 176 3419 ex
192 3354 260 3418 aiio
274 3353 326 3417 vel
341 3352 409 3419 aliis
420 3353 599 3419 inferendo.
615 3350 648 3417 ln
664 3352 770 3438 primo
785 3370 861 3417 casu
879 3350 989 3416 existit
1002 3359 1094 3416 actus
1111 3350 1169 3432 qui
1181 3348 1269 3433 judi·

132 3461 226 3527 cium
242 3460 473 3529 immediatum
494 3469 550 3527 aut
569 3458 749 3545 propositio
766 3468 918 3535 vocatur,
941 3458 973 3523 in
988 3459 1090 3524 altero
1108 3455 1266 3541 judicium

133 3568 322 3635 mediatum
338 3586 397 3635 seu
412 3567 625 3634 ratiocinium.
855 3568 857 3573 '

177 3685 184 3695 '
204 3676 363 3761 Exempla
383 3684 502 3761 praesto
525 3685 604 3742 sunt
627 3674 816 3742 innumera:
834 3674 946 3759 cogito
962 3672 1082 3749 Deum,
1099 3673 1265 3748 mundun,

130 3783 217 3849 banc
229 3784 389 3860 chartam,
411 3782 490 3849 nihii
508 3784 550 3848 de
569 3782 619 3849 his
638 3782 774 3869 objectis
788 3782 986 3869 judicando,
1007 3780 1067 3847 sed
1087 3779 1119 3845 id
1138 3780 1267 3845 solum-

131 3891 241 3958 modo
256 3899 368 3956 mente
378 3892 540 3957 versando
555 3890 646 3975 quod
659 3890 825 3976 simplices
837 3891 889 3955 hae
904 3906 1003 3955 voces
1013 3886 1217 3974 significant;
1234 3894 1267 3951 et

165 4145 213 4207 tr)
251 4140 322 4199 Haec
350 4138 448 4213 itaque
475 4140 608 4199 intentio
622 4138 719 4199 differt
746 4161 764 4198 e
791 4138 954 4199 voluntatis
978 4136 1128 4211 proposito
1152 4135 1266 4208 aliquid

128 4230 277 4298 faciendi,
293 4230 372 4303 quod
388 4232 477 4305 vuigo
492 4230 616 4289 intentio
629 4231 804 4303 appellatur.
1239 4226 1243 4230 ’

163 4328 211 4391 (o)
249 4320 449 4379 Nihilominus
469 4322 631 4398 «cogitatio
647 4322 766 4396 proprie
786 4322 821 4378 in
837 4320 1028 4394 inquisitione
1040 4319 1179 4377 veritatis
1193 4336 1267 4375 con-

125 4414 253 4479 sistit»,
273 4424 305 4497 ut
319 4410 404 4471 docet
421 4410 555 4484 Aquinus
572 4416 597 4479 (r
615 4431 644 4484 p.
663 4432 692 4483 q.
713 4430 763 4485 34,
783 4432 810 4470 a.
829 4432 840 4467 1
857 4410 895 4469 od
909 4413 1000 4481 2.¹¹)‚
1015 4420 1104 4480 atque
1116 4406 1191 4467 adeo
1205 4425 1266 4465 non

124 4501 338 4561 identificatur
352 4521 418 4559 eum
432 4500 562 4573 qualibet
575 4499 753 4575 cognitione.

160 4596 208 4663 (3)
247 4588 319 4648 vid.
334 4588 368 4647 S.
381 4589 487 4648 Thom.
499 4593 533 4648 de
552 4588 644 4649 Venit.
659 4611 691 4663 qn
705 4610 733 4663 4.
749 4611 776 4647 a.
794 4610 838 4659 2.,
852 4602 882 4649 et
895 4588 966 4648 alibi
980 4608 1066 4661 saepe.

159 4686 207 4755 (4)
246 4677 318 4737 Vid.
335 4677 370 4737 S.
381 4678 440 4738 Th.
456 4681 621 4740 Peritmrm.
637 4678 688 4739 lib.
715 4700 739 4747 r,
758 4678 824 4739 lect.
848 4700 873 4751 η
898 4688 938 4739 ι.·
958 4680 1075 4739 Poster.
1095 4677 1161 4737 lect.
1187 4698 1212 4748 r,
1235 4688 1267 4736 et

121 4784 268 4831 auctores
281 4768 356 4827 alios
370 4767 491 4841 passim.
1050 4813 1053 4820 .
