3492 5525
559 496 618 583 824
674 500 803 565 Locren
817 500 1046 574 innon-tm.
1066 514 1137 575 am,
1153 500 1245 563 Dise.
1263 514 1308 581 3.·
1323 502 1401 565 Cre.
1423 518 1491 565 nm·

512 726 516 735 -
564 666 624 747 'Et
643 682 716 748 licet
743 684 878 767 quidam
898 682 1040 750 arbitrati
1066 682 1147 759 sint,
1177 684 1362 767 praemissas
1387 684 1432 749 ita
1458 682 1639 767 praecedere

519 806 690 856 assensum
709 792 928 859 conclusionis
947 792 1081 865 debere,
1104 798 1141 856 ut
1162 808 1239 857 cum
1268 789 1318 857 hic
1346 791 1455 867 adest,
1484 790 1545 857 illae
1568 793 1638 876 jam

472 970 475 977 ι
517 896 660 981 amplius
689 916 754 963 non
783 899 925 966 existant
952 900 984 965 in
1012 898 1196 974 intellectu,
1224 897 1495 965 communissima
1525 907 1638 965 tamen
1722 917 1723 922 ¹

510 1002 630 1088 -opinio
648 1004 845 1073 contrarium
873 1016 981 1083 tenet,
1012 1006 1197 1090 praemissas
1221 1025 1339 1089 nempe
1359 1007 1479 1073 debere
1500 1005 1638 1073 existere

519 1110 616 1177 simul
630 1106 780 1195 tempore
799 1132 875 1179 cum
894 1114 1104 1180 conclusione
1126 1132 1186 1181 seu
1205 1114 1395 1198 perdurare,
1415 1114 1520 1180 donec
1533 1132 1639 1199 pona·

517 1227 573 1285 tur
589 1220 755 1287 conclusio
772 1218 837 1309 (1).

585 1326 699 1393 Solum
722 1329 891 1413 disputant
919 1331 951 1395 hi
971 1339 1137 1407 auctores,
1164 1339 1274 1396 utrum
1303 1327 1443 1395 sufficiat
1468 1329 1639 1398 existentia

518 1434 663 1502 virtualis
682 1444 715 1501 et
732 1435 905 1503 habitualis
924 1437 1163 1522 praemissarum
1184 1438 1225 1502 ad
1247 1437 1493 1503 conclusionem
1512 1437 1640 1503 elicien-

518 1542 613 1618 dam,
634 1562 674 1608 an
694 1563 772 1609 vero
790 1546 924 1611 actualis
943 1544 1080 1612 omnino
1100 1546 1291 1628 requiratur.
1312 1545 1432 1628 inqua
1457 1545 1638 1628 quaestione

520 1648 803 1717 Conimbricenses
822 1649 873 1740 (2)
890 1662 924 1717 et
943 1653 1129 1718 Franciscus
1148 1652 1267 1717 Soarez
1285 1649 1336 1740 (3)
1355 1659 1471 1735 putant
1489 1652 1638 1719 sufficere

518 1758 607 1839 quod
626 1758 803 1842 premissa
829 1760 965 1837 virtute,
986 1778 1105 1845 nempe
1133 1761 1165 1826 in
1185 1760 1423 1835 recordatione,
1451 1760 1557 1826 adhuc
1580 1760 1640 1849 du·

520 1873 608 1941 rent,
629 1868 702 1932 licet
721 1886 786 1934 non
816 1870 956 1953 amplius
974 1868 1119 1935 formalis
1142 1887 1253 1933 earum
1273 1885 1426 1934 assensus
1444 1869 1557 1949 dehtr3
1584 1888 1640 1934 nc-

518 1980 598 2057 gant
620 1985 748 2051 tamen,
779 1976 857 2042 satis
875 1994 964 2051 esse,
986 1975 1075 2059 quod
1102 1976 1213 2043 habitu
1241 1976 1366 2052 solum,
1391 1974 1532 2042 existant
1559 1995 1638 2061 pra>

501 2081 645 2147 *missae.
675 2081 720 2149 At
746 2084 897 2151 Mastrius
923 2080 976 2171 (4)
1001 2101 1077 2150 cum
1106 2083 1175 2149 aliis
1204 2090 1302 2168 negat
1326 2084 1366 2150 ad
1393 2084 1636 2151 conclusionem

519 2189 706 2271 ponendam
732 2191 880 2258 sufficere
910 2191 1095 2277 praemissas
1118 2191 1187 2257 sive
1216 2190 1413 2267 habituales,
1441 2192 1510 2256 sive
1540 2193 1637 2257 etiam

428 2332 430 2337 ·
518 2294 685 2366 virtuahs.

563 2474 641 2545 219.
689 2456 770 2525 Dico
801 2467 847 2525 1.⁰
892 2465 1111 2538 Praemiesae,
1139 2482 1282 2527 necesse
1300 2473 1368 2538 est,
1398 2466 1521 2527 saltem
1542 2482 1639 2543 regu·

518 2572 635 2632 latitet·
659 2572 845 2651 loquendo,
872 2581 911 2634 ut
935 2581 1013 2635 actu
1040 2573 1146 2633 simul
1168 2572 1317 2633 existant
1340 2571 1453 2651 aliquo
1478 2574 1581 2635 ωοᾰο
1603 2576 1639 2634 in

518 2678 639 2741 eodem
657 2679 799 2741 instanti
816 2697 897 2742 cum
911 2680 1145 2753 conclusione,
1162 2680 1298 2762 quando
1315 2698 1393 2741 eam
1406 2689 1560 2742 causant.

564 2842 664 2904 Proh.
689 2835 739 2902 1.⁰
787 2836 872 2914 Quia
889 2837 957 2902 sive
972 2837 1053 2902 velis
1073 2836 1255 2921 praemissas
1271 2853 1342 2901 esse
1360 2855 1474 2902 causas
1489 2838 1639 2924 physicas

517 2943 750 3021 conclusionis,
776 2944 844 3009 sive
869 2945 1007 3010 morales
1031 2945 1217 3020 dumtaxat,
1243 2961 1372 3010 causare
1395 2945 1638 3012 conclusionem

518 3059 703 3134 nequeunt,
722 3051 782 3117 nisi
796 3050 937 3118 existant
949 3052 983 3116 in
995 3050 1112 3116 eodem
1127 3050 1277 3126 instanti,
1290 3049 1324 3116 in
1339 3049 1406 3134 quo
1421 3050 1553 3136 ponitur
1564 3073 1642 3119 con

518 3159 632 3225 clusio.
653 3157 686 3224 Si
702 3167 780 3224 sunt
798 3175 906 3225 causae
925 3159 1085 3245 physicae,
1107 3156 1210 3251 (quod
1230 3176 1291 3224 nos
1305 3168 1475 3242 tamquam
1491 3159 1642 3244 probabi·

518 3266 581 3331 lius
599 3262 896 3352 propugnavimus)
915 3266 992 3350 quia
1010 3283 1086 3331 cum
1106 3267 1250 3349 operatio
1264 3275 1420 3348 sequatur
1437 3284 1528 3343 esse,
1549 3269 1642 3350 quod

519 3391 585 3438 non
604 3387 653 3440 est
671 3381 762 3450 actu,
794 3391 859 3440 non
889 3381 997 3457 potest
1015 3384 1089 3439 actu
1117 3390 1261 3440 causare.
1291 3373 1334 3439 Ut
1358 3392 1437 3458 ergo
1462 3374 1641 3459 premissa
1722 3400 1723 3437 l

518 3478 653 3567 physice
680 3479 821 3546 efficiant
847 3480 1109 3557 conclusionem,
1130 3486 1260 3563 oportet
1286 3479 1426 3551 existant
1448 3491 1540 3558 turn,
1558 3500 1639 3548 cum

519 3590 588 3653 haec
607 3587 743 3656 elicitur.
761 3587 915 3670 idemque
935 3587 1037 3663 valet,
1058 3587 1084 3652 si
1104 3585 1280 3669 praemissae
1294 3586 1360 3652 sint
1373 3605 1480 3654 causae
1499 3592 1642 3656 morales

518 3695 705 3770 dumtaxat,
726 3702 759 3759 et
783 3695 920 3760 inlluant
939 3695 1171 3775 illuminand0;
1197 3693 1271 3777 quia
1296 3696 1369 3770 lux,
1389 3713 1463 3779 quae
1483 3697 1552 3780 jam
1573 3717 1643 3764 non

518 3810 585 3878 est,
610 3803 685 3869 licet
709 3803 798 3885 prius
825 3801 937 3876 fuerit,
969 3801 1087 3884 nequit
1099 3810 1174 3867 actu
1201 3799 1394 3868 illuminare.
1415 3801 1644 3878 Quemadmo-

518 3910 597 3975 dum
624 3909 720 3975 etiam
751 3910 795 3976 ob
822 3908 971 3974 eamdem
999 3909 1156 3973 rationem
1184 3908 1328 3994 cognitio
1356 3910 1508 3995 quamvis
1537 3915 1644 3994 possit

519 4018 701 4101 praecederc
724 4024 871 4100 tempore
897 4015 1106 4092 volitionem,
1128 4034 1194 4081 non
1224 4016 1268 4081 ita
1286 4025 1415 4094 tamen,
1443 4028 1480 4085 ut
1505 4028 1581 4085 actu
1602 4021 1644 4086 sit

518 4124 647 4200 volitio,
668 4124 746 4208 quin
766 4124 863 4190 simul
883 4123 978 4190 detur
995 4123 1155 4208 cognitio,
1184 4122 1346 4206 siquidem
1366 4123 1567 4208 impossibiie
1593 4138 1644 4194 est

502 4329 509 4336 ’
552 4339 593 4410 (r)
629 4337 704 4398 Vide
725 4336 902 4396 Conimbric.
923 4337 954 4394 iu
971 4337 1215 4406 1.'¹¹Posierior.‚
1234 4357 1298 4410 cap.
1324 4357 1348 4408 r,
1363 4357 1393 4409 q.
1410 4357 1439 4412 4,
1459 4359 1487 4397 a.
1514 4361 1541 4409 ις
1563 4341 1641 4400 Ruh.

516 4428 587 4486 ibid.
604 4448 633 4500 q.
649 4451 677 4502 73
693 4425 810 4496 Soarez,
826 4427 942 4502 Logia,
959 4439 1041 4485 tract.
1057 4427 1086 4496 8,
1101 4427 1177 4498 disp.
1196 4447 1222 4494 a,
1239 4440 1308 4486 sect.
1323 4449 1351 4500 4,
1368 4447 1398 4486 u.
1414 4428 1450 4502 78
1462 4447 1559 4502 seqq,
1570 4431 1644 4490 Los-
1722 4488 1724 4511 ,

516 4518 594 4598 eada,
611 4517 725 4593 Logia,
742 4528 824 4574 tract.
837 4517 865 4585 6,
882 4515 958 4588 disp.
977 4537 1001 4585 r,
1016 4536 1078 4588 cap.
1098 4535 1121 4585 r,
1138 4536 1167 4574 n.
1182 4515 1210 4574 8.

551 4609 592 4680 (a)
629 4607 696 4665 Loc.
713 4605 776 4676 cit,
791 4617 846 4664 art.
862 4625 889 4663 a.

551 4698 592 4768 (t)
629 4696 670 4754 ib.
686 4715 716 4753 n.
731 4695 777 4766 81,
792 4713 875 4767 seqq.
889 4715 917 4754 u.
934 4696 971 4769 84
984 4713 1065 4767 seqq.

552 4793 592 4861 (4)
628 4786 744 4862 Logia,
758 4783 835 4857 disp.
856 4806 898 4855 ιι,
914 4804 943 4857 q.
958 4804 986 4856 4,
1002 4803 1032 4843 n.
1048 4785 1092 4842 26.
