3492 5525
265 522 383 589 Anrrc.
400 538 460 589 nu·
475 524 643 603 Quonouo
656 544 833 593 enutrisse
848 546 934 592 ruer..
948 547 981 591 ru
995 546 1117 593 conor..
1157 522 1213 591 821

201 716 306 793 Resp.
340 710 415 776 disi.
445 718 623 792 assertum;
653 710 680 777 si
709 710 829 781 tinore
859 732 927 780 non
955 718 1121 781 contineat
1147 712 1254 788 illum,

130 835 235 893 conc„
259 834 370 893 secus,
390 835 461 901 neg.
492 816 545 915 Ad
565 818 788 902 probationem
808 838 880 904 neg.
900 829 1078 896 assertum,
1100 829 1133 890 et
1155 827 1258 885 retor-

131 942 218 1009 queo
249 932 493 1009 argumentum.
524 924 558 995 si
585 926 665 1009 quid
684 926 772 993 enim
807 947 845 993 ea
873 927 956 993 ratio
978 929 1082 1003 valet,
1107 924 1257 1011 probabit

131 1050 264 1116 quoque
292 1033 417 1100 nullum
437 1042 547 1099 actum
574 1032 706 1103 vitalem
727 1054 823 1119 posse
851 1054 923 1102 esse
943 1034 1165 1102 conditionem
1195 1052 1256 1099 nec

133 1141 289 1205 moralem
317 1158 449 1207 causam
477 1140 620 1209 alterius,
642 1139 733 1208 Visio
760 1150 846 1208 certe
869 1150 925 1208 aut
949 1140 1075 1212 auditio
1093 1160 1160 1209 una
1187 1159 1254 1208 non

131 1244 290 1314 concurrit
308 1246 349 1313 ad
369 1247 503 1321 alteram
523 1247 622 1313 etiam
643 1266 700 1332 per
718 1250 855 1317 modum
875 1248 1072 1317 conditionis
1090 1250 1142 1315 vel
1156 1266 1256 1315 causa

132 1354 275 1422 moralis.
307 1354 416 1438 ltaque
444 1353 518 1420 licet
537 1373 623 1421 unus
651 1365 742 1422 actus
770 1356 877 1423 vitalis
894 1356 994 1423 alium
1025 1374 1165 1422 numero
1183 1357 1254 1422 solo

131 1461 320 1529 distinctum
349 1461 482 1547 gignere
506 1448 665 1545 nequ'eat,
684 1481 761 1529 ‘non
790 1474 922 1547 apparet
951 1463 1032 1529 ratio
1058 1463 1254 1530 convincens

130 1569 221 1653 quod
240 1587 305 1635 non
325 1566 428 1652 possit
447 1570 626 1653 producere
652 1572 704 1636 vel
724 1570 827 1638 active
852 1589 1045 1638 concurrere
1067 1572 1109 1637 ad
1134 1570 1256 1655 produ·

131 1677 273 1744 ctionem
294 1676 425 1743 alterius
443 1676 549 1760 specie
569 1676 700 1747 diversi.
720 1676 771 1743 Slc
790 1686 881 1745 actus
899 1677 1065 1761 imperans
1080 1677 1177 1743 habet
1195 1695 1254 1761 pro

131 1786 246 1851 ellectu
265 1792 374 1850 actum
396 1784 610 1867 imperatum,
631 1794 664 1852 et
684 1785 716 1851 in
736 1785 881 1869 plurium
900 1785 1063 1853 sententia
1081 1795 1174 1851 actus
1193 1784 1255 1851 im·-

131 1910 247 1976 perans
262 1890 413 1983 producit
431 1890 629 1975 imperatum

175 2006 259 2081 Arg.
280 2008 358 2082 45²¹*
405 1996 511 2065 Causa
541 1998 686 2064 efficiens
705 1999 787 2083 agit,
818 1999 850 2065 in
869 2008 1031 2081 quantum
1050 2007 1101 2065 est
1119 2006 1192 2064 actu
1219 1997 1252 2063 in

132 2126 239 2172 rerum
260 2114 390 2187 natura;
413 2106 503 2191 quod
521 2106 609 2173 enim
630 2114 781 2181 nonest,
803 2104 882 2173 nihil
901 2114 1010 2191 potest
1024 2104 1165 2172 efficere.
1187 2104 1253 2171 Sed

130 2216 210 2281 dum
230 2213 414 2280 intellectus
433 2212 609 2279 assentitur
625 2213 845 2289 conclusioni,
866 2215 936 2299 jam
957 2232 1025 2280 non
1042 2223 1121 2281 sunt
1141 2231 1254 2279 assen-

130 2340 187 2389 sus
213 2319 459 2406 principiorum.
480 2318 565 2398 Quia
583 2312 766 2387 intellectus
795 2340 860 2387 non
881 2329 989 2405 potest
1007 2319 1107 2387 simul
1134 2320 1253 2385 habere

132 2430 238 2513 plures
265 2437 358 2495 actus
381 2429 433 2495 vel
458 2446 631 2503 assensus,
662 2428 720 2493 sed
748 2446 851 2494 unum
884 2437 958 2512 post
986 2428 1138 2496 alterum.
1168 2426 1253 2511 Ergo

131 2536 211 2603 dum
243 2536 341 2601 habet
369 2553 540 2624 assensum
568 2534 803 2611 conclusionis,
832 2536 900 2620 jam
919 2534 1071 2602 transivit
1099 2552 1253 2601 assensus

133 2643 386 2727 praemissarum.
417 2644 525 2721 Quare
543 2662 609 2709 non
642 2642 761 2727 poterit
789 2661 861 2710 esse
891 2661 990 2709 causa
1018 2642 1175 2710 efficiens.
1208 2641 1254 2709 lta

132 2751 304 2819 Durandus
320 2749 388 2840 (1),
410 2750 497 2835 apud
516 2748 661 2818 Rubium
679 2748 743 2839 (2).

176 2867 279 2942 Resp.
305 2877 376 2943 neg.
398 2857 531 2940 Minor.;
559 2866 596 2924 ut
614 2855 702 2924 enim
723 2877 802 2925 mox
826 2857 990 2934 dicemus,
1018 2858 1100 2925 dum
1127 2855 1254 2924 intelle·

131 2975 203 3034 ctus
228 2967 402 3062 assentitur
430 2963 650 3042 conclusioni,
679 2966 798 3032 eodem
822 2976 975 3050 tempore
999 2974 1134 3032 manent
1152 2964 1185 3030 in
1211 2981 1251 3030 eo

131 3091 286 3140 assensus
304 3073 562 3158 praemissarum.
1192 3062 1195 3067 “

199 3182 251 3248 ad
270 3179 495 3265 probationem
513 3180 663 3265 disting.;
682 3181 867 3248 intellectus
886 3180 999 3263 nequit
1016 3179 1115 3246 simul
1135 3177 1252 3245 habere

133 3291 241 3373 plures
259 3297 350 3355 actus
369 3289 421 3355 vel
440 3306 593 3356 assensus
612 3287 752 3356 invicem
772 3289 957 3363 ordinatos,
977 3296 1077 3371 atque
1095 3287 1177 3352 adeo
1195 3304 1253 3371 per

133 3397 270 3464 modum
289 3395 404 3470 unius,
425 3379 511 3480 neg„
533 3395 617 3464 inter
634 3413 670 3462 se
690 3414 756 3462 non
776 3396 962 3472 ordinatos,
982 3413 1019 3460 ac
1038 3412 1095 3479 per
1113 3393 1251 3461 modum

132 3502 293 3588 plurium,
317 3523 406 3572 conc.
451 3531 453 3536 ·

197 3612 282 3678 Tum
302 3629 373 3695 neg.
393 3593 529 3695 conseq.

176 3725 261 3802 Arg.
283 3723 360 3786 5.““ι
406 3716 439 3783 Si
459 3735 613 3784 assensus
632 3718 873 3802 praemissarum
898 3724 975 3803 sunt
993 3735 1090 3782 causa
1107 3714 1252 3783 efficiens

132 3825 368 3901 conclusionis,
388 3835 485 3893 erunt
511 3845 618 3892 causae
650 3829 845 3909 aequivocae,
881 3844 948 3891 non
976 3843 1053 3891 vero
1089 3824 1250 3900 univocae,

133 3953 209 3999 nam
229 3945 307 4001 sunt
322 3950 476 4000 assensus
496 3933 644 4018 specifice
662 3933 821 4015 distincti,
842 3933 966 4000 saltem
979 3933 1006 3998 si
1021 3933 1195 4016 loquamur
1212 3931 1253 3997 de

133 4039 326 4124 praemissis,
347 4057 422 4123 quae
441 4038 506 4108 sint
526 4041 682 4125 principia
700 4040 904 4122 immediata;
926 4041 1042 4106 horum
1062 4038 1185 4123 quippe
1203 4056 1253 4104 as·

133 4165 251 4214 sensus
269 4147 468 4215 discursivus
487 4167 553 4215 non
571 4158 638 4226 est,
656 4149 713 4214 sed
726 4147 951 4223 immediatus,
968 4165 1122 4214 assensus
1141 4155 1252 4213 autem

133 4253 349 4322 conclusionis
377 4255 577 4323 discursivus
604 4276 642 4321 ac
666 4255 828 4322 mediatus
855 4265 918 4322 est.
952 4254 1053 4340 Atqui
1079 4254 1254 4339 praemissae

135 4381 200 4429 non
216 4372 356 4447 possunt
374 4382 446 4430 esse
461 4383 568 4430 causae
580 4363 757 4448 aequivocae
767 4361 997 4428 conclusionis.
1015 4361 1142 4428 Etenim
1156 4379 1255 4428 causa

133 4469 301 4554 aequivoca
335 4479 385 4536 est
417 4490 514 4538 causa
546 4470 753 4548 universalis,
785 4489 842 4536 seu
871 4488 947 4553 quae
974 4488 1010 4537 se
1039 4468 1186 4537 extendit
1212 4467 1255 4534 ad

169 4725 209 4787 m
246 4719 279 4778 tn
293 4728 333 4780 2:
346 4720 416 4780 arra.
435 4693 507 4792 ni.
524 4739 550 4778 η.

168 4809 210 4880 (2)
249 4809 279 4868 ln
294 4809 345 4868 lib.
365 4821 422 4869 1.¹·¹
444 4810 617 4876 Posterior„
632 4828 694 4882 cap.
714 4830 743 4880 r,
759 4830 787 4882 q.
805 4828 831 4884 ς.
