3492 5525
332 297 410 363 Cae.
430 314 499 361 rum
513 297 605 377 Qum
623 317 664 362 ετ
678 286 1078 375 Quorunusx'uuruouus
1154 316 1230 382 ¹047

146 479 306 557 tionibus,
325 500 382 563 per
400 500 483 564 quas
501 481 767 555 manifestantur,
784 479 995 565 indagemus,
1010 480 1098 565 lpsas
1117 493 1271 565 praeterea

144 588 351 656 definitiones
379 608 416 653 ac
443 590 547 672 prima
575 588 730 672 principia
757 588 947 654 inductione
972 589 1168 684 colligimus.
1189 590 1272 666 Quo

144 698 257 762 omnia
293 696 486 763 methodum
515 696 709 781 analyticam
743 694 936 781 important.
974 696 1017 762 Ar
1054 716 1072 761 e
1108 716 1270 763 converso

146 805 323 871 methodus
341 804 522 890 synthetica
550 805 705 870 doctrinae
733 803 915 889 generatim
941 804 1188 871 convenientior
1207 813 1269 869 est;

145 912 231 978 Cum
252 914 339 979 enim
358 912 504 979 doctrina
523 913 680 978 tradenda
700 922 766 986 est,
783 913 852 996 jam
872 930 924 977 res
944 912 1141 997 supponitur
1158 912 1271 997 cogni-

145 1032 195 1095 ta,
217 1029 249 1085 et
268 1022 376 1086 solum
397 1022 505 1104 agitur
523 1020 563 1086 de
583 1019 856 1084 communicanda
876 1018 944 1084 aliis
963 1020 1033 1103 ejus
1052 1020 1199 1085 veritate.
1221 1019 1275 1085 Ad

146 1130 209 1195 hoc
228 1147 306 1194 vero
326 1130 468 1193 multum
484 1129 594 1212 juvat,
616 1136 653 1193 ut
672 1147 690 1192 a
709 1126 961 1211 simplicioribus
985 1128 1025 1193 ad
1053 1124 1158 1212 magis
1182 1142 1274 1193 com-

146 1236 270 1320 posita,
291 1245 325 1301 et
347 1236 388 1300 ab
412 1233 699 1301 universalioribus
717 1236 767 1321 ‘ad
796 1233 908 1299 minus
933 1232 1127 1299 universalia
1151 1235 1273 1319 gradus

147 1343 219 1420 fiat,
241 1353 274 1409 et
293 1344 398 1426 primo
416 1360 539 1427 genus,
553 1342 671 1408 deinde
686 1360 764 1407 vero
782 1342 905 1425 species
919 1360 954 1407 ac
969 1340 1141 1407 varietates
1155 1360 1273 1407 omnes

144 1450 402 1516 considerentur.
436 1450 487 1515 Sic
516 1450 670 1515 nimirum
704 1458 736 1514 et
768 1450 890 1515 facilius
923 1467 974 1515 res
1004 1448 1267 1534 intelliguuntur,
1366 1502 1368 1506 .

148 1559 330 1641 meliusque
359 1558 555 1634 retinentur,
577 1558 758 1625 ordinatius
785 1566 1032 1640 proponuntur,
1054 1565 1087 1621 et
1116 1558 1178 1623 sub
1207 1576 1273 1621 uno

145 1679 280 1749 aspectu
299 1676 367 1732 tota
386 1666 486 1731 series
506 1664 661 1731 doctrinae
680 1662 862 1731 exhibetur.
882 1663 960 1729 Fieri
975 1672 1085 1731 tamen
1106 1674 1214 1748 potest
1234 1683 1274 1731 ex

148 1775 298 1857 peculiari
318 1774 360 1838 rei
381 1773 555 1838 tractandae
575 1773 699 1848 indole,
722 1781 757 1836 ut
774 1773 933 1857 analytica
954 1772 1130 1839 methodus
1149 1791 1272 1838 conve-

149 1884 274 1947 nienter
291 1881 482 1947 adhibeatur
500 1879 514 1963 (
539 1880 565 1965 ).
1133 1940 1139 1949 .

214 1990 284 2055 Alia
301 1976 437 2073 quoque
466 1989 588 2073 passim
616 1988 730 2053 audies
759 1986 892 2053 nomina
920 1986 1123 2053 diversarum
1145 1989 1275 2053 metho-
1333 2015 1449 2061 naboan.

146 2099 284 2174 dorum,
309 2097 478 2179 empirica,
501 2097 551 2160 vel
577 2095 844 2177 experimentato,
869 2094 1052 2169 rationalis,
1073 2096 1273 2173 scholasticae,
1297 2086 1481 2143 ‘¹¹²⁶‘⁵¹l‘l¹³¹³³’

144 2204 308 2281 eclecticae,
325 2204 518 2288 geometrica
539 2212 601 2269 etc.
623 2202 893 2286 Experimentalis
917 2211 967 2267 est
985 2202 1055 2278 illa,
1086 2222 1160 2286 quae
1180 2204 1274 2270 docet

146 2313 379 2397 experientiam
399 2322 431 2375 et
450 2311 713 2376 observationem
743 2312 902 2375 laetorum
928 2320 1003 2375 ante
1022 2310 1133 2375 omni-a
1158 2331 1277 2378 consu-

146 2422 276 2486 lendam
297 2438 386 2500 esse;
404 2429 437 2484 et
456 2420 523 2483 haec
538 2420 571 2483 in
586 2417 728 2484 scientiis
744 2418 887 2505 physicis
901 2418 1084 2483 adhibenda
1098 2428 1165 2497 est,
1182 2421 1277 2504 quip-

147 2548 188 2611 pe
218 2546 293 2609 quae
319 2528 484 2611 objectum
513 2527 776 2608 contemplantur
802 2526 1041 2591 mutationibus
1068 2526 1276 2593 sensibilibus

145 2634 339 2701 obnoxium.
361 2634 520 2716 Empirica
536 2633 714 2698 methodus
731 2633 818 2697 idem
834 2626 920 2698 valet
942 2652 978 2698 ac
998 2634 1272 2717 experimentum,
1303 2618 1306 2627 ¹

146 2746 173 2811 si
198 2741 287 2809 vocis
305 2751 442 2829 etymon
463 2742 632 2821 attendas;
653 2760 740 2825 saepe
760 2750 871 2806 tamen
892 2759 957 2806 non
983 2748 1051 2808 tam
1079 2742 1275 2810 methodum

145 2851 323 2936 significat,
344 2869 444 2933 quam
471 2858 617 2935 systema
646 2849 906 2933 philosophicum
939 2868 1074 2926 eorum,
1096 2852 1152 2934 qui
1171 2861 1275 2918 totam

148 2958 315 3025 scientiam
335 2959 368 3022 in
388 2959 457 3022 sola
482 2958 643 3021 factorum
669 2957 896 3021 observatione
922 2958 1122 3024 concludunt
1145 2961 1274 3044 legum·

148 3088 205 3143 ve,
226 3065 348 3149 quibus
374 3065 427 3130 illa
451 3075 626 3150 reguntur,
648 3064 777 3139 notitia,
800 3066 947 3148 neglecta
973 3083 1164 3142 causarum,
1185 3069 1272 3134 unde

147 3169 222 3240 talia
249 3176 332 3239 facta
356 3174 552 3259 procedunt,
585 3172 810 3257 inquisitione:
838 3193 878 3238 en
902 3184 1049 3261 systema
1072 3173 1267 3242 Positivismi

149 3282 259 3368 paucis
279 3282 523 3348 adumbratum.
552 3281 728 3348 Rationalis
756 3290 806 3345 est
824 3279 894 3357 illa,
916 3300 990 3363 quae
1019 3283 1131 3349 rationi
1151 3285 1272 3368 primas
1332 3304 1452 3356 satanan..

148 3390 260 3456 tribuit
280 3391 311 3454 in
331 3388 473 3455 scientiis
491 3389 739 3473 investigandis.
757 3371 937 3454 Methodus'
949 3390 1033 3465 haec,
1054 3391 1081 3456 si
1096 3390 1140 3457 ita
1155 3393 1277 3458 ratione

149 3497 308 3563 utendum
338 3514 410 3561 esse
441 3495 622 3580 praecipiat,
654 3496 851 3579 experientia
884 3495 1014 3579 penitus
1047 3499 1274 3580 praetermissa,
1334 3497 1338 3504 ’

147 3605 241 3690 quasi
261 3603 372 3670 omnia
395 3603 528 3686 aptiori
554 3602 736 3687 colligenda
755 3611 883 3678 essent,
907 3603 1023 3670 vitiosa
1048 3613 1114 3680 est,
1135 3613 1276 3690 aptaque

148 3715 258 3779 solum
277 3712 407 3777 videtur
426 3712 467 3775 ad
487 3711 683 3777 venditanda
702 3709 812 3775 deliria
832 3729 891 3794 pro
906 3711 991 3777 veris
1010 3711 1151 3778 inventis
1170 3715 1276 3780 scien·

148 3820 219 3897 tiae,
242 3827 338 3903 prout
366 3816 532 3883 cernimus
551 3817 583 3882 in
603 3817 757 3902 operibus
785 3817 1004 3883 ldealistarum
1025 3827 1057 3884 et
1077 3819 1276 3887 Pantheista·

150 3948 223 3993 rum
247 3926 592 3993 transcendentalium.
622 3925 796 3991 Methodus
823 3927 1015 3992 scholastica
1044 3929 1275 4012 experientiam
1321 3948 1459 4000 acbatana,

149 4056 227 4102 cum
248 4036 370 4101 ratione
389 4032 577 4099 felicissimo
595 4033 761 4098 connubio
780 4033 895 4109 nectit,
918 4042 1015 4117 atque
1035 4035 1115 4100 adeo
1134 4035 1172 4102 iis
1194 4037 1291 4102 dotia

149 4145 214 4209 bus
228 4142 496 4218 commendatur,
512 4159 595 4224 quas
610 4138 725 4224 partim
740 4139 907 4206 innuimus
922 4139 955 4206 in
971 4141 1120 4209 historica
1140 4145 1275 4229 synopsi

187 4410 229 4480 (t)
267 4408 356 4466 Plura
371 4409 485 4466 dabunt
499 4407 536 4465 de
547 4407 594 4464 his
610 4407 644 4464 P.
659 4406 719 4475 Jos.
746 4407 891 4474 Romano,
911 4407 1057 4465 Elemeuti
1073 4407 1106 4465 aa·
1124 4411 1276 4483 Filosoſsa,

154 4516 226 4559 tom.
240 4498 327 4570 prim.
345 4513 419 4570 part.
436 4518 468 4567 2,
490 4518 552 4570 cap.
572 4499 606 4566 83
627 4497 660 4554 P.
683 4497 861 4569 Tongiorgi‚
878 4497 1010 4555 institut.
1035 4499 1162 4572 Philae,
1184 4501 1231 4559 vol
1252 4523 1277 4570 1,
1371 4573 1374 4578 Ι

156 4590 244 4663 Lug„
261 4609 290 4646 n.
306 4608 377 4661 357,
393 4607 487 4659 seqq..
503 4587 612 4658 aliique
626 4586 807 4644 recentiores.
