3492 5525
528 473 586 554 278
679 554 682 557 ἦ
717 470 1283 537 Lootca·Mruoa-D1se.a.¹Cna.
1310 488 1380 557 ψ

485 672 563 721 nant
579 656 699 720 eosdem
720 655 869 722 immam
885 654 1063 721 habentium
1079 654 1366 733 diversitatem,oal
1381 656 1609 742 emanante,
1727 654 1728 715 i

486 764 539 829 aei
554 763 591 828 in
606 764 770 847 qualitate,
790 766 842 829 uel
856 764 892 828 in
909 766 1041 847 utraque
1058 763 1165 829 simut.
1727 766 1728 829 ᾗ

544 870 591 936 Ex
616 888 682 954 qua
708 870 899 937 definitione
918 870 1100 936 notandum
1125 872 1209 937 bene
1232 880 1281 937 est
1309 871 1349 936 ad
1367 870 1608 955 oppositionem
1727 898 1728 909 2

484 977 622 1063 logicam
652 978 788 1061 requiri,
810 986 847 1044 ut
874 978 960 1044 binae
980 977 1219 1063 propositiones
1238 978 1324 1045 idem
1344 978 1484 1045 habeant
1502 980 1609 1063 subje-

483 1095 573 1151 ctum
585 1060 740 1169 idemque
759 1086 971 1171 praedicatum
985 1094 1018 1150 et
1033 1092 1107 1151 'voce
1122 1093 1155 1150 et
1172 1104 1218 1152 re:
1234 1086 1320 1152 unde
1337 1104 1403 1152 non
1418 1095 1495 1153 sunt
1510 1105 1610 1171 oppo

484 1192 554 1259 sitae
572 1195 652 1271 illae,
669 1211 745 1277 quae
759 1195 920 1262 terminos
935 1194 1069 1277 quidem
1086 1194 1226 1260 habeant
1241 1194 1445 1261 materialiter
1460 1194 1605 1270 eosdem,

480 1308 633 1386 sumptos
660 1309 773 1369 tamen·
804 1302 974 1387 aequivoce
998 1302 1180 1369 secundum
1204 1302 1367 1369 diversam
1395 1302 1608 1389 significatio-

482 1426 577 1487 nem,
603 1410 654 1475 vel
682 1409 775 1477 aliter
802 1411 943 1479 variatos
971 1410 1154 1475 secundum
1180 1409 1459 1494 suppositionem,
1489 1410 1606 1475 aliasve

425 1607 428 1611 λ
479 1518 696 1584 terminorum
716 1519 953 1603 proprietates,
971 1520 1028 1583 vel
1037 1518 1217 1603 generatim
1236 1518 1368 1584 allectos
1381 1517 1516 1585 diversis
1535 1536 1609 1613 syn·
1727 1530 1728 1583 ἱ

478 1626 747 1710 categorematis,
765 1628 837 1691 solo
849 1634 987 1711 excepto
1003 1633 1308 1712 syncategoremate
1320 1625 1496 1693 denotante
1508 1644 1609 1709 quan·
1727 1668 1728 1679 ι

480 1730 609 1798 titatem
629 1741 686 1798 aut
704 1734 910 1817 qualitatem.

301 1847 428 1931 Quomptex
529 1842 603 1909 128.
650 1839 863 1925 Quadruplex
889 1841 991 1925 vulgo
1010 1839 1223 1925 distinguitur
1249 1840 1431 1926 oppositio,
1451 1842 1608 1907 contradi-

308 1929 424 1974 ⁰⁹⁹⁰⁸'¹¹⁰‘
479 1948 594 2025 ctoria,
614 1948 776 2014 cantaria
793 1948 1012 2013 subcontraria
1026 1956 1059 2013 et
1072 1948 1268 2014 subalterna.

281 2062 455 2117 alemeon,
547 2054 974 2140 Oppositiocontradietoria
985 2053 1168 2139 vigetinter
1179 2044 1418 2140 propositiones
1428 2064 1499 2146 tum
1508 2075 1608 2140 quan·
1727 2034 1728 2083 ³

479 2162 571 2229 titate
595 2172 668 2229 tum
699 2163 855 2247 qualitate
881 2161 1119 2246 discrepantes,
1148 2180 1225 2245 quae
1258 2173 1428 2247 propterea
1455 2164 1608 2232 dicuntur

479 2271 746 2346 contradictoriae,
769 2290 801 2336 v.
821 2289 871 2355 ga
887 2268 1000 2336 Omnis
1019 2270 1107 2337 tana
1120 2273 1168 2334 est
1176 2272 1297 2359 justus,
1313 2270 1429 2356 aliquis
1443 2272 1530 2339 haam
1543 2292 1606 2339 non

479 2382 529 2445 ast
539 2381 664 2467 justus;
683 2386 727 2446 et:
749 2379 868 2448 Nullus
888 2378 974 2444 homa
991 2380 1170 2465 estjrutus,
1190 2376 1307 2462 aliquis
1325 2378 1412 2443 homo
1429 2382 1604 2467 estjustus.

309 2508 425 2562 mamea,
534 2487 720 2571 -Oppositio
743 2486 903 2551 contraria
921 2485 1010 2570 viget
1033 2484 1118 2550 inter
1142 2484 1382 2569 propositiones
1406 2485 1605 2554 universales
1727 2474 1728 2559 s

479 2594 550 2661 sola
568 2594 723 2678 qualitate
741 2593 903 2669 diversas,
924 2610 1000 2676 quae
1018 2601 1177 2660 vocantur
1194 2594 1375 2660 contraria:
1397 2596 1510 2677 quales
1526 2609 1605 2666 sunt
1727 2626 1728 2631 ¹

480 2703 543 2768 hae:
565 2702 780 2771 omnishomo
796 2703 978 2789 estjustus,
1000 2700 1210 2772 nullushomo
1232 2704 1403 2788 estjusns.

282 2829 444 2886 meconem,
546 2810 720 2895 Oppositio
739 2808 961 2878 subcontraria
976 2809 1065 2894 viget
1079 2808 1163 2874 inter
1179 2809 1416 2892 propositiones
1436 2811 1606 2896 particula-

479 2935 529 2983 res
547 2919 616 2984 sola
634 2918 788 3000 qualitate
807 2917 1009 2992 differentes,
1030 2933 1106 3000 quae
1125 2915 1279 2982 dicuntur
1297 2917 1546 2996 subcontrariae,
1567 2928 1605 2986 ut

477 3033 556 3092 sunt
575 3027 638 3092 hae:
659 3024 788 3110 Aliquis
805 3024 893 3090 honio
910 3027 1088 3110 estjustus,
1107 3023 1225 3108 aliquis
1241 3024 1329 3092 tomo
1346 3044 1410 3090 non
1426 3029 1600 3113 estjustus.
1727 3099 1728 3102 ,

299 3151 436 3202 aarum..
543 3132 694 3217 Denique
707 3133 893 3202 subalterna
911 3131 1001 3216 viget
1024 3130 1108 3199 inter
1131 3131 1371 3215 propositiones
1392 3133 1463 3202 sola
1477 3137 1604 3219 quanti·
1727 3175 1728 3230 g

475 3247 543 3308 tate
567 3240 802 3325 discrepantes,
834 3258 910 3323 quae
928 3239 1128 3322 appellantur
1149 3239 1346 3306 subalterne
1370 3261 1404 3310 v.
1424 3261 1475 3328 ga
1489 3243 1604 3312 Omnis
1727 3231 1728 3276 ³

475 3349 564 3416 bama
580 3352 629 3415 est
644 3351 769 3436 justus,
797 3347 915 3432 aliquis
933 3347 1020 3414 baana
1033 3349 1080 3412 est
1093 3348 1218 3432 jasius:
1235 3355 1279 3413 et:
1301 3349 1418 3416 Nullus
1443 3351 1531 3420 boma
1555 3357 1608 3420 ast
1727 3333 1728 3372 ³

465 3456 898 3547 justas,aliqaisltomanon
927 3457 976 3520 est
990 3457 1111 3542 justas.
1133 3453 1167 3519 ln
1192 3453 1387 3522 subalternis
1411 3458 1602 3530 universalis
1727 3467 1728 3542 l

473 3565 664 3632 nominatur
684 3565 916 3637 subalternam,
937 3560 1134 3647 particularis
1149 3571 1258 3627 autem
1276 3563 1502 3638 subalternam.
1727 3553 1728 3582 ¹

538 3673 668 3740 Omnes
683 3672 755 3739 tstae
771 3669 998 3756 oppositiones
1013 3670 1072 3736 hac
1090 3669 1201 3735 tabula
1220 3668 1318 3737 simul
1338 3674 1560 3744 continentur:

938 3933 1128 3988 cott'tttattffl

1271 4011 1385 4072 Nullus
1398 4016 1481 4076 homo

1559 4411 1586 4558 37⁸⁸
1561 4293 1587 4406 ihr-'1
1562 4131 1589 4288 VHOS

933 4393 1009 4523 «θ’
1078 4429 1118 4498 ⁶>
1223 4512 1227 4522 .

906 4501 943 4576 ‘¹⁰
1108 4484 1180 4624 οὑν
1262 4575 1382 4650 Aliquis
1397 4575 1479 4634 tomo

603 4667 648 4718 ast
659 4659 762 4735 justus
901 4699 1154 4754 SUBCONTRAM
1259 4683 1316 4722 aon
1331 4663 1485 4739 estjuatus
