3492 5525
549 428 588 511 36
957 428 1179 495 lnmouucrro

507 609 641 693 exponit
660 611 810 678 bebraeus
828 611 966 695 scriptor
983 612 1087 679 Munk
1100 609 1163 700 (r).
1181 611 1344 679 Caeterum
1358 613 1488 680 traditio
1502 613 1630 680 Cabalae

507 725 574 781 tarn
594 726 717 785 secrete
738 719 778 785 ab
793 718 853 784 alia
873 719 905 784 in
925 720 1020 785 aliam
1039 719 1284 806 generationem
1300 721 1489 788 transmissa
1510 731 1559 787 est
1581 722 1631 787 in-

507 834 556 890 ter
565 826 711 911 judeos,
726 837 762 892 ut
775 826 957 893 christianis
970 845 1036 893 non
1047 829 1225 896 innotuerit
1235 846 1342 913 usque
1354 830 1394 895 ad
1404 847 1482 895 saec.
1494 826 1577 925 ΧΥ(
1601 827 1628 916 ).

552 950 607 1013 4¹·
655 931 721 999 Sed
739 935 806 1018 iam
821 934 862 1000 de
876 932 1126 1017 Neoplatonismo
1138 955 1198 1003 seu
1214 936 1363 1003 &mdia
1384 938 1436 1003 vel
1449 938 1631 1018 Syncrelica

363 1044 385 1073 ¹¹¹
414 1058 421 1074 ·
507 1041 616 1106 schola
641 1042 836 1109 narrandum
866 1053 933 1119 est,
959 1044 1053 1128 cuius
1076 1045 1169 1129 origo
1196 1062 1238 1109 ex
1266 1044 1384 1130 duplici
1408 1063 1505 1110 causa
1529 1045 1630 1128 repeti

507 1147 716 1231 potissimum
746 1158 866 1233 potest.
893 1150 1002 1215 Primo
1025 1150 1113 1216 enirn
1142 1160 1258 1219 mutua
1285 1152 1417 1219 dissidia
1440 1163 1473 1217 et
1495 1172 1628 1237 pugnae,

507 1256 627 1338 quibus
652 1256 849 1324 seinvicem
878 1259 1040 1323 vexabant
1063 1260 1159 1325 variae
1182 1270 1296 1337 sectae,
1329 1279 1418 1325 arma
1442 1260 1632 1343 praebebant

506 1364 672 1448 scepticis,
694 1375 730 1431 ut
749 1364 871 1431 facilius
886 1365 956 1431 illas
969 1367 1178 1451 impeterent.
1195 1366 1318 1433 Deinde
1338 1366 1438 1433 etiam
1457 1367 1631 1435 christiana

507 1471 636 1556 religio,
652 1491 727 1555 quae
751 1480 859 1539 totum
884 1474 998 1539 orbem
1021 1475 1143 1539 sensim
1167 1472 1345 1553 invaserat,
1371 1474 1546 1556 divinaque
1569 1492 1631 1539 sua

507 1577 665 1662 sapientia
681 1578 850 1647 coelestem
866 1579 1047 1647 doctrinam
1065 1581 1237 1667 spargebat
1272 1601 1396 1647 errores
1405 1582 1542 1648 ethnicae
1557 1582 1633 1648 Phi-

507 1686 662 1770 losopbiae
683 1687 833 1764 notabat,
855 1686 1017 1754 idolorum
1041 1690 1167 1756 cultum
1187 1689 1402 1755 vanissimum
1422 1688 1629 1763 ostendebat,

507 1810 680 1876 moresque
704 1794 928 1861 sanctissimos
946 1806 978 1861 et
995 1797 1147 1880 exemplo
1168 1796 1242 1862 vitae
1258 1798 1421 1863 cultorum
1440 1813 1577 1861 suorum
1598 1804 1632 1859 et
1706 1824 1710 1831 ·

505 1918 658 1967 sermone
677 1902 945 1985 eloquentissime
963 1904 1118 1982 docebat,
1137 1914 1173 1970 ut
1187 1904 1371 1971 timendum
1394 1921 1506 1969 revera
1524 1903 1633 1970 Pbilo-

505 2008 619 2092 sophis
633 2020 735 2084 esset,
754 2028 795 2074 ne
811 2011 916 2095 magis
935 2011 1053 2076 indies
1071 2012 1243 2097 magisque
1264 2010 1451 2078 Graecorum
1473 2010 1632 2094 sapientia

505 2114 675 2182 vilesceret
702 2118 788 2201 apud
818 2137 936 2183 omnes
961 2130 1094 2204 gentes,
1123 2138 1160 2185 ac
1185 2119 1315 2203 penitus
1336 2118 1537 2185 desereretur
1559 2114 1628 2205 (3).

506 2220 614 2297 Quare
629 2232 666 2288 ut
680 2223 756 2289 huic
777 2226 883 2301 malo,
905 2226 995 2309 quod
1009 2222 1070 2291 sibi
1089 2226 1301 2304 imminebat,
1326 2235 1549 2302 occurrerent,
1574 2226 1632 2289 de·

504 2343 677 2398 creverunt
705 2332 893 2416 Philosophi
921 2353 962 2398 ex
984 2334 1120 2399 diversis
1151 2334 1265 2410 sectis,
1292 2343 1428 2417 excepta
1459 2332 1628 2415 epicurea,

505 2436 629 2522 optima
653 2456 814 2522 quaeque,
840 2447 873 2504 et
891 2440 1148 2507 adversariorum
1170 2440 1243 2506 telis
1258 2441 1367 2506 minus
1383 2441 1540 2524 patentia,
1557 2440 1633 2504 seli-

503 2564 574 2629 gcae
595 2555 693 2629 atque
712 2546 743 2610 ln
766 2564 869 2613 unum
885 2565 1004 2631 corpus
1026 2549 1190 2631 colligere:
1207 2549 1293 2614 unde
1309 2548 1437 2613 illorum
1455 2546 1534 2613 ratio
1558 2548 1632 2631 phi-

506 2651 698 2737 losophandi
715 2652 941 2719 Eclectr'cism'us
956 2664 988 2720 et
1001 2656 1246 2736 Syncreiismus,
1263 2676 1321 2721 seu
1336 2654 1502 2722 electionis
1515 2662 1548 2719 et
1562 2656 1632 2719 col-

506 2760 652 2828 lectionis
671 2772 817 2849 systema
832 2771 947 2829 vocata
971 2775 1037 2840 est,
1059 2763 1118 2847 ipsi
1135 2783 1211 2829 vero
1234 2765 1392 2830 Ecleclici,
1404 2764 1448 2830 At
1470 2764 1629 2846 quonlam

504 2870 536 2936 in
553 2871 613 2935 bac
627 2871 817 2936 collectione
832 2872 988 2937 doctrinae
1003 2872 1191 2948 Platonicae,
1214 2871 1442 2945 Aristotelicae,
1464 2870 1631 2956 Pythago·

504 2977 577 3042 ricae
592 2986 623 3041 et
639 2975 773 3054 Stoicae,
790 2979 959 3062 prevaluit
975 2997 1040 3061 prae
1054 2977 1179 3044 caeteris
1194 2976 1382 3062 primasque
1397 2977 1509 3044 babuit
1522 2979 1633 3042 Plato-

506 3083 1627 3170 nica,systemaEclecticismivocaturnetiamestNeoplatonismus,

504 3192 594 3274 quod
610 3209 730 3257 nomen
747 3194 846 3278 longe
865 3205 916 3260 est
932 3192 1040 3276 aptius
1062 3195 1195 3259 nomine
1215 3192 1419 3274 Philosophiae
1432 3191 1631 3256 Alexandri-

503 3319 569 3376 noe,
596 3318 663 3382 quo
696 3299 793 3364 eliam
818 3301 1016 3384 appellatum
1041 3314 1108 3376 est,
1138 3300 1214 3384 quia
1243 3319 1303 3364 nec
1323 3318 1440 3365 omnes
1463 3297 1631 3382 sapientes

502 3405 706 3472 Alexandriae
738 3408 1045 3492 Neoplatonismum
1079 3410 1180 3474 secuti
1206 3418 1304 3485 sunt,
1336 3425 1396 3472 nec
1424 3405 1630 3471 Alexandriae

502 3513 671 3582 dumtaxat
684 3514 974 3598 Neoplatonismus
983 3525 1159 3582 sectatores
1174 3514 1298 3581 habuit.
1314 3513 1476 3580 Caeterum
1487 3514 1632 3596 Neopla-

501 3623 666 3688 tonismus
679 3623 802 3706 accepit
816 3623 915 3688 etiam
934 3641 1122 3709 cognomen
1141 3621 1370 3697 enthusiastici,
1396 3618 1445 3709 (4)
1460 3619 1537 3704 quia
1552 3619 1627 3685 Plri-

503 3731 630 3813 losoplri
650 3733 748 3816 hujus
762 3732 883 3796 scholae
898 3749 964 3796 non
985 3749 1055 3796 raro
1071 3731 1237 3816 jactabant
1250 3730 1494 3814 inspirationem
1509 3747 1631 3811 quarn-

504 3838 579 3902 dam
609 3856 646 3903 ac
667 3837 909 3920 revelationem
932 3839 1095 3905 caelestem
1115 3837 1289 3914 doctrinae,
1316 3855 1417 3920 quarn
1441 3835 1628 3912 tradebant,

539 4070 580 4134 (r)
616 4066 703 4139 apud
714 4065 868 4136 Gonaalea,
880 4081 903 4126 t.
913 4087 941 4138 2,
957 4088 1019 4140 par.
1031 4089 1077 4142 993
1090 4067 1153 4127 cfr.
1162 4067 1371 4139 Tenncmann,
1386 4087 1448 4140 par.
1467 4067 1534 4141 ι98ς
1550 4066 1631 4125 Bou·
1730 4050 1731 4067 Χ

503 4156 581 4223 vier,
598 4155 656 4228 Op.
670 4156 718 4216 cit.
734 4157 786 4214 liv.
805 4178 816 4214 1
832 4157 918 4229 chap.
936 4157 987 4216 Vl.

540 4247 581 4317 (a)
617 4246 826 4316 Tennemann‚
842 4248 896 4304 loc.
913 4267 982 4319 nup.
1000 4248 1050 4306 cit.

539 4335 585 4406 (3)
622 4335 660 4392 V.
677 4335 810 4406 Cuevas,
827 4335 884 4408 Op.
900 4336 948 4395 eit.
965 4336 1080 4397 dissert.
1097 4359 1113 4410 3
1127 4357 1189 4408 cap.
1202 4335 1292 4406 unie.;
1304 4336 1444 4405 Bouvier,
1462 4336 1519 4409 Op.
1535 4335 1586 4395 cit.
1599 4348 1633 4396 et

504 4424 558 4482 loc.
571 4424 656 4496 chap.
677 4423 742 4482 xil.
759 4425 813 4482 His
826 4426 922 4485 causis
936 4425 1166 4498 Neoplatoniami
1181 4426 1253 4485 alias
1266 4427 1403 4500 adjungit
1421 4425 1630 4499 Tennemann,

504 4533 646 4588 panant.
768 4577 771 4588 ‚

539 4611 581 4684 (4)
617 4611 683 4670 Vox
697 4611 775 4670 enlm
790 4633 895 4686 graeca,
911 4603 1133 4698 ἐνθουσιασμός.
1150 4627 1186 4675 ut
1203 4629 1307 4676 notum
1323 4628 1387 4686 eat,
1402 4618 1536 4688 afflatum
1551 4617 1630 4675 divi-

505 4731 573 4768 num
587 4723 683 4770 sonat.
739 4759 743 4768 .
