3492 5525
511 462 572 545 b38
706 465 829 531 Lonrcx
850 465 1079 541 Maron-Lm.
1104 480 1161 531 ψ
1181 466 1273 530 Drse.
1295 480 1342 549 4·

473 650 577 734 portio
602 658 712 717 autem
733 654 800 717 baec
825 652 856 716 in
878 659 1016 735 utroque
1043 660 1207 727 extremo,
1233 651 1396 716 intellectu
1417 648 1543 715 scilicet
1560 657 1598 712 et

472 758 614 843 objecto,
632 758 801 833 tundatur,
823 774 889 825 non
916 768 1027 824 tamen
1050 759 1167 824 eodem
1195 759 1312 837 mod03
1333 776 1410 823 narn
1438 764 1595 839 respectu

472 883 580 932 rerum
600 865 785 933 inferiorum
805 862 977 953 (bomine)
991 865 1146 932 fundatur
1163 865 1196 931 in
1215 862 1459 950 imperfectione
1477 881 1598 927 earum

468 974 580 1057 juncta
604 974 847 1058 imperfectione
873 973 1056 1040 intellectus
1084 991 1150 1039 non
1171 972 1321 1039 habentis
1343 971 1410 1037 vim
1436 971 1476 1036 ad
1495 971 1598 1036 attin·

472 1080 632 1165 gendarn,
662 1091 698 1148 ut
726 1082 768 1147 ita
797 1080 921 1159 dicam,
953 1080 1123 1147 minimam
1152 1079 1443 1165 intelligibilitatem
1476 1078 1595 1143 talium

473 1206 592 1257 rerum.
614 1189 647 1255 ln
667 1189 764 1256 rebus
783 1197 893 1255 autem
917 1188 1140 1273 superioribus
1158 1187 1295 1253 homine
1312 1188 1467 1253 fundatur
1484 1186 1517 1251 in
1537 1204 1598 1251 ex-

471 1314 566 1363 cessu
586 1297 806 1381 perfectionis,
828 1316 929 1381 quam
944 1296 1145 1382 imperiectio
1165 1308 1274 1363 nostra
1292 1294 1372 1361 satis
1390 1311 1504 1379 capere
1525 1312 1597 1359 non

472 1411 593 1489 potest.
615 1404 723 1489 Atque
743 1404 785 1470 ita
803 1404 858 1480 srt,
880 1413 917 1470 ut
932 1406 998 1470 lere
1015 1403 1049 1469 in
1066 1403 1162 1470 rebus
1176 1402 1333 1469 omnibus
1348 1401 1478 1469 difficile
1497 1400 1596 1467 nobis

472 1510 513 1577 sit
528 1511 697 1579 veritatem
714 1512 897 1579 invenire.»

539 1620 699 1687 «Accedit
717 1619 832 1697 etiam,
854 1621 944 1705 quod
967 1620 1002 1686 in
1024 1618 1163 1705 singulis
1186 1620 1282 1685 rebus
1304 1626 1337 1683 et
1356 1616 1597 1702 quaestionibus

472 1727 589 1793 veritas
607 1746 672 1793 una
690 1736 756 1804 est,
777 1728 900 1794 falsitas
914 1737 1026 1794 autem
1046 1726 1236 1811 multiplex,
1258 1726 1334 1809 quia
1353 1725 1466 1791 multis
1485 1724 1596 1789 modis

472 1853 490 1897 a
508 1834 642 1901 veritate
661 1835 764 1900 recedi
791 1842 916 1919 potest,
938 1836 1106 1919 multaque
1135 1843 1272 1918 possunt
1299 1832 1418 1899 habere
1435 1849 1598 1916 apparen-

470 1951 538 2007 tem
568 1941 816 2009 similitudinem
848 1942 984 2027 alicujus
1013 1941 1074 2019 rei,
1104 1959 1178 2025 quae
1206 1959 1316 2006 revera
1344 1958 1409 2005 non
1437 1947 1528 2005 sunt.
1554 1938 1597 2002 Et

471 2048 546 2115 inde
565 2050 662 2116 etiam
682 2049 739 2126 nt,
756 2060 792 2116 ut
807 2049 952 2116 veritatis
966 2050 1111 2115 inventio
1125 2047 1263 2114 difficilis
1277 2047 1336 2124 sit,
1356 2048 1467 2132 lapsus
1481 2056 1594 2113 autem

471 2158 502 2222 in
524 2158 695 2225 salsitatem
716 2157 837 2223 facilior
855 2165 953 2241 atque
973 2153 1229 2242 frequentiori(
1253 2153 1278 2243 ).

537 2265 613 2331 Haec
628 2283 706 2349 ergo
725 2266 828 2348 prima
847 2282 945 2331 causa
962 2274 1012 2331 est
1027 2262 1217 2349 ignorantiae
1231 2270 1329 2345 atque
1343 2279 1502 2339 errorum,
1517 2280 1596 2345 quae

470 2371 538 2438 tolli
560 2371 688 2458 penitus
706 2371 738 2437 in
759 2374 819 2438 bac
837 2373 954 2437 misera
974 2372 1039 2436 vita
1058 2370 1187 2454 nequit,
1208 2371 1384 2454 solumque
1408 2370 1594 2435 remedium

470 2480 600 2563 aliquod
631 2480 773 2547 adhiberi
802 2492 908 2563 potest
934 2480 1044 2546 studio
1072 2488 1104 2544 et
1139 2479 1334 2554 attentione,
1365 2488 1401 2544 ut
1433 2495 1596 2543 numerus

470 2608 634 2665 errorum,
660 2588 715 2673 qui
737 2589 919 2655 necessario
937 2606 1009 2653 esse
1038 2587 1223 2664 debebunt,
1243 2594 1387 2670 spectata
1406 2584 1596 2651 conditione

470 2716 580 2765 rerum
599 2710 631 2766 et
650 2697 832 2764 intellectus
852 2698 969 2772 nostri,
990 2697 1032 2762 sit
1051 2714 1149 2780 quarn
1170 2694 1339 2762 minimus.

520 2825 593 2889 ¹43·
642 2805 752 2870 Altera
769 2824 865 2871 causa
884 2805 1010 2870 interna
1028 2805 1218 2890 ignorantiae
1240 2813 1339 2888 atque
1363 2822 1508 2870 errorum
1530 2803 1594 2870 sita

310 2895 402 2996 '³⁶3¹'
470 2922 519 2980 est
539 2915 571 2980 in
600 2912 844 2999 deceptionibus
863 2931 1020 2978 sensuum
1046 2921 1251 2989 nostrorum,
1271 2913 1345 3002 qui,
1364 2912 1595 2996 quamvisper

469 3039 506 3089 se
525 3041 653 3088 veraces
670 3022 750 3097 sint,
773 3022 928 3087 falluntur
941 3034 1051 3088 tamen
1071 3039 1138 3086 non
1157 3039 1228 3085 raro
1243 3038 1300 3104 per
1314 3019 1474 3096 accidens,
1491 3027 1525 3084 et
1544 3025 1595 3085 in·

469 3130 609 3198 tellectui
640 3147 772 3213 quoque
803 3129 948 3214 praebent
980 3147 1093 3194 ansam
1121 3126 1260 3193 errandi.
1291 3125 1454 3194 Cavendae
1479 3126 1593 3212 itaque

468 3247 547 3306 sunt
564 3237 804 3304 accuratissime
818 3253 977 3302 sensuum
998 3236 1177 3301 illusiones.

519 3362 592 3427 ¹44·
639 3343 747 3410 Tertia
772 3362 918 3410 errorum
946 3351 1113 3409 causaest
1142 3342 1381 3426 inminente,
1402 3341 1452 3408 cui
1481 3343 1594 3409 multi·

471 3452 578 3518 modis
596 3450 738 3536 plurium
760 3470 905 3518 errorum
924 3452 1020 3537 culpa
1038 3451 1209 3516 tribuenda
1229 3459 1296 3525 est,
1322 3451 1373 3515 vel
1396 3449 1474 3534 quia
1487 3452 1594 3536 negli-

467 3561 613 3645 gentiam
629 3569 662 3626 et
674 3560 838 3628 fastidium
852 3566 974 3626 attente
988 3559 1141 3625 studendi
1157 3577 1222 3624 non
1241 3559 1380 3634 excutit,
1396 3568 1430 3623 et
1443 3567 1590 3624 mentem

467 3666 677 3735 asutiicienti
706 3667 748 3733 rei
777 3666 1034 3733 consideratione
1058 3665 1192 3744 avertit,
1218 3675 1275 3731 aut
1298 3666 1375 3732 sinit
1398 3666 1516 3749 averti;
1538 3669 1591 3733 vel

467 3776 542 3860 quia
562 3775 740 3862 praejudicia
758 3790 817 3841 seu
845 3775 924 3841 alios
943 3782 1186 3860 praeconceptos
1204 3791 1328 3840 errores
1350 3775 1522 3841 excludere
1541 3777 1592 3841 in·

466 3885 633 3951 tellectum
655 3901 720 3949 non
735 3883 845 3968 jubet;
867 3883 919 3947 vel
938 3883 1014 3965 quia
1033 3891 1231 3970 praepostere
1249 3881 1378 3947 ordinat
1395 3884 1520 3953 studia,
1539 3887 1589 3950 vel

466 3991 543 4076 quia
561 3991 730 4057 aflectibus
748 4009 783 4056 se
802 3987 879 4056 sinit
898 3989 1016 4075 abripi,
1038 4000 1070 4057 et
1088 3990 1289 4056 intellectum
1304 3989 1437 4056 inclinat
1453 3991 1493 4056 ad
1504 3991 1591 4075 judi-

467 4101 608 4166 candum
628 4099 808 4165 secundum
829 4097 913 4163 illos.

533 4205 609 4282 Qro
627 4207 725 4273 etiam
738 4193 886 4270 ¹revocari
906 4213 1045 4289 possunt
1064 4205 1233 4289 passiones
1247 4203 1412 4290 appetitus
1427 4203 1586 4283 sensitivl,

467 4331 503 4380 ac
521 4314 729 4398 potissimum
759 4314 886 4381 luxuria
904 4321 937 4378 et
954 4315 1048 4398 gula,
1069 4332 1160 4397 quae,
1181 4314 1262 4378 dum
1282 4312 1431 4397 spiritum
1454 4314 1588 4382 immer-

466 4431 550 4516 gunt
568 4422 600 4488 in
620 4423 769 4500 materia,
785 4421 888 4487 aciem
904 4421 1024 4486 mentis
1039 4421 1209 4496 hebetant,
1225 4421 1439 4506 studiumque
1457 4423 1589 4508 penitus

502 4671 544 4740 (r)
581 4669 704 4740 Suarez,
728 4669 1000 4746 disp.-Merept.9,
1023 4684 1094 4730 sect.
1117 4692 1148 4743 3,
1165 4691 1194 4730 n.
1220 4691 1261 4743 ις.
1285 4669 1348 4728 Cir.
1371 4669 1494 4732 Cosmm
1512 4675 1588 4734 Ala-

467 4759 583 4832 manni,
598 4760 709 4820 Summ.
725 4761 841 4821 Plrilos.
856 4761 943 4834 prim.
959 4774 1045 4834 part..
1061 4774 1165 4833 quaest.
1181 4781 1225 4835 37,
1237 4773 1294 4820 nrt.
1308 4781 1345 4836 4.,
