3492 5525
390 500 834 569 Anrrc.a.·¹⁸Srtcoc1snus
855 522 997 569 nonnus
1160 520 1218 587 347

134 687 306 754 solvantur
323 688 414 773 prius
427 689 460 754 in
475 687 554 754 alias
568 696 672 753 rectas
685 687 841 782 eumdem
851 705 987 754 sensum
999 688 1186 754 reserentes.
1204 685 1258 753 Sic

134 793 223 859 bunc
250 794 495 881 syllogismum:
526 794 673 863 cerutus
689 798 739 861 est
757 796 856 863 Deus.
880 795 944 861 Sed
964 794 1072 861 Maria
1088 797 1135 861 est
1155 795 1260 860 Mater

134 898 266 966 Christi.
283 901 368 988 Ergo
385 903 494 969 Μανία
511 906 559 969 est
573 902 775 983 Mater·Dei;
790 902 880 968 facile
894 900 927 966 in
947 904 1033 968 hunc
1048 903 1146 968 aliurn
1163 900 1260 968 resol-

131 1028 204 1077 ves.
223 1010 332 1076 Mater
350 1009 470 1078 Christi
485 1013 534 1075 e'st
547 1011 653 1076 Mater
664 1010 738 1077 Dei.
754 1010 818 1077 Sed
831 1009 941 1076 Maria
951 1012 1001 1076 est
1011 1010 1115 1079 Mater
1125 1008 1256 1075 Christi.

131 1119 255 1202 Ergo...

502 1380 806 1458 ARTICULUS
836 1381 884 1457 II.

356 1551 429 1617 De
451 1548 730 1633 syllogismis
751 1549 1027 1615 modalibus.

179 1762 253 1830 162.
303 1764 390 1831 Sunt
406 1764 469 1842 illi,
489 1766 546 1848 qui
564 1783 630 1831 una
648 1767 701 1831 vel
719 1763 866 1851 pluribus
885 1760 1166 1851 propositionibus
1185 1781 1256 1829 rno-

127 1872 258 1939 dalibus
277 1882 442 1941 constant.
463 1872 505 1941 V.
525 1893 563 1958 g.
583 1872 713 1939 Necesse
729 1876 779 1940 est
791 1892 882 1940 omne
897 1873 1020 1939 animal
1036 1891 1100 1938 esse
1113 1870 1256 1937 sulstan-
1296 1877 1352 1979 ,ΝΟ
1367 1876 1436 1981 ijnss'u.

128 1979 217 2045 tiam.
234 1980 299 2046 Sed
314 1998 435 2046 necesse
451 1984 498 2045 esl
513 1999 632 2047 omnem
646 1980 797 2046 hominem
814 1999 878 2046 esse
893 1980 1027 2047 animal.
1041 1980 1120 2064 Ergo
1133 1998 1255 2046 necesse

125 2092 304 2153 eslomnern
313 2086 464 2154 bominem
472 2106 537 2153 esse
546 2088 763 2154 substantiam.
784 2090 881 2153 ltem:
902 2088 1051 2154 Posscltile
1073 2091 1121 2154 est
1134 2106 1254 2154 omnem

125 2194 283 2261 bominem
299 2195 392 2260 mori.
406 2196 471 2262 See
486 2194 616 2281 aliquod
631 2195 740 2261 vivens
752 2199 799 2261 esl
819 2196 918 2261 loma
946 2196 1029 2279 Ergo
1045 2194 1255 2279 possibilem

121 2303 257 2388 aliquod
271 2302 380 2368 arbore
396 2303 489 2368 neeri.

169 2411 176 2423 '
194 2412 340 2477 Possunt
359 2410 506 2477 modales
524 2408 704 2497 syllogismi
722 2410 755 2476 in
781 2429 902 2495 magna
926 2410 1079 2477 varietate
1100 2410 1247 2489 conflari,

124 2528 225 2604 prout
251 2518 305 2584 vel
326 2536 392 2584 una
419 2520 504 2596 sola,
525 2520 577 2583 vel
602 2517 708 2584 ambae
735 2517 912 2603 praemissae
940 2519 1087 2585 modales
1114 2517 1246 2585 suerint:

126 2634 337 2711 possuntque
350 2624 493 2692 construi
509 2625 752 2709 inquibuslibet
766 2626 880 2711 figuris
899 2636 931 2692 et
944 2624 1051 2693 modis
1067 2626 1248 2711 syllogismi

121 2734 328 2802 communis.
349 2734 468 2800 Modus
485 2753 562 2801 vero
580 2735 632 2801 vel
652 2734 766 2820 figura,
792 2735 834 2800 ad
855 2750 964 2819 quam
979 2732 1087 2819 quivis
1111 2734 1248 2802 modalis

122 2843 345 2929 syllogismus
356 2842 532 2927 pertineat}
545 2843 755 2927 dignoscetur
767 2863 808 2909 ex
822 2849 912 2927 parte
924 2843 1013 2908 dicti:
1030 2843 1246 2926 quamobrem

120 2950 269 3034 primum
290 2950 479 3034 exemplum
499 2949 599 3014 modo
624 2951 786 3034 prolatum
805 2950 837 3016 in
856 2949 1001 3015 Barbara
1019 2958 1088 3026 est,
1109 2951 1247 3018 alterurn

119 3059 153 3124 in
174 3057 286 3124 Darii.
800 3114 804 3123 .

189 3162 275 3230 Tota
301 3171 412 3230 autern
441 3162 614 3231 difficultas
642 3163 675 3229 in
704 3163 890 3231 modalibus
916 3164 1098 3250 syllogismi
1125 3172 1190 3231 stat
1214 3165 1246 3230 in

117 3273 268 3340 eruenda
293 3270 516 3338 conclusione.
546 3272 633 3338 Licet
658 3271 746 3337 enim
780 3292 821 3338 ex
844 3279 983 3356 utraque
1009 3273 1177 3356 praemissa
1205 3273 1246 3339 de

115 3383 254 3450 Necesse
271 3388 358 3445 recte
371 3379 451 3446 iluat
468 3380 634 3446 conclusio
652 3380 750 3446 etiarn
766 3381 807 3446 de
824 3380 975 3447 Necesse:
991 3394 1180 3450 nontamen
1196 3389 1245 3448 est

114 3491 236 3555 eadem
264 3487 346 3553 ratio
370 3487 411 3552 de
436 3487 505 3553 aliis
528 3486 730 3565 modalibus,
751 3498 789 3554 ut
819 3489 897 3554 satis
926 3489 1029 3574 liquet
1056 3507 1097 3555 ex
1126 3491 1246 3575 regulis

115 3595 433 3680 consequentiarum
449 3595 523 3661 alibi
542 3594 728 3684 expositis(
754 3593 779 3683 l.

184 3703 287 3780 Quod
300 3701 327 3769 si
343 3703 521 3787 praemisse
538 3704 616 3780 sint,
636 3704 752 3787 partim
766 3703 808 3768 de
826 3702 940 3780 inesse,
957 3704 1073 3787 partim
1085 3704 1241 3780 modales,

112 3817 168 3880 vel
194 3813 400 3879 diversorum
428 3811 620 3886 modorum,
640 3812 727 3877 haud
756 3829 870 3894 parum
895 3829 1070 3896 operosum
1103 3820 1170 3888 est,
1202 3812 1243 3878 de

113 3920 316 3988 rectitudine
337 3916 586 3984 conclusionum
604 3917 762 4003 judicium
787 3920 881 3985 serre.
904 3917 1034 3994 Quibus
1056 3918 1089 3985 in
1114 3919 1242 3987 casibus

110 4037 232 4094 auctor
251 4027 308 4092 tibi
334 4043 428 4100 sum,
460 4032 514 4102 ut,
541 4042 669 4090 memor
698 4043 814 4091 sensus
845 4025 1049 4104 communis,
1073 4028 1240 4110 materiam

107 4147 245 4203 attente
256 4133 454 4208 consideres,
468 4132 603 4216 vimque
615 4134 873 4217 propositionum
889 4134 948 4202 rite
966 4135 1130 4220 percipere
1144 4152 1242 4202 cone-

108 4246 169 4311 ris.
188 4240 224 4308 Si
244 4239 319 4324 quis
332 4247 444 4305 tamen
463 4239 545 4306 scire
562 4240 682 4325 cupiat,
699 4259 774 4325 quae
792 4240 898 4326 Logici
920 4244 979 4308 hac
997 4260 1097 4327 super
1111 4261 1144 4307 re
1159 4262 1242 4328 prae·

107 4357 297 4438 ceperunt,
314 4347 410 4414 adeat
423 4345 459 4413 S.
475 4345 637 4413 Thomam
652 4346 716 4436 (2).

144 4535 190 4597 (ι)
229 4525 309 4583 Vide
322 4543 421 4596 supra,
438 4523 513 4596 disp.
529 4545 633 4598 Μαι).
652 4547 679 4592 r,
696 4537 750 4584 art.
768 4547 792 4583 r.

142 4623 189 4684 (ι)
230 4613 343 4686 opusc.
360 4615 397 4672 de
419 4615 535 4672 Natura
555 4613 747 4691 Syllogismi‚·
764 4615 875 4674 Sumen.
906 4625 955 4673 lot.
983 4617 1102 4692 topice
1130 4617 1238 4690 Arist,

103 4721 196 4768 tract.
210 4707 247 4774 8,
262 4723 326 4776 cup.
354 4724 396 4776 η,
419 4723 502 4775 seqq.
518 4702 581 4762 cir.
598 4705 642 4762 De
656 4703 835 4775 Benedictis,
850 4706 955 4783 Logic.
970 4704 1023 4766 lib.
1041 4729 1070 4777 r,
1086 4720 1189 4778 quaest.
1210 4728 1238 4779 a,

100 4819 172 4872 ap.
191 4815 245 4863 ¹¹3
264 4791 430 4865 lzquierdo‚
445 4793 561 4852 Pharus
574 4793 736 4854 scientiar.
748 4794 825 4866 disp.
839 4814 875 4854 20
885 4835 892 4866 ‚
903 4816 933 4867 q.
948 4817 976 4869 7,
993 4797 1044 4857 ubi
1057 4795 1217 4858 fusissime.
