3492 5525
294 458 383 542 5111.
406 425 757 524 Puruosoeuta'onrnn
780 478 824 527 eu
845 462 1061 527 eaoonessus
1167 474 1206 545 75

119 639 356 726 philosophicis
365 636 519 728 usus(1).
535 638 767 709 Celebrttatem
777 650 889 709 autem
901 651 1016 711 nactus
1026 652 1076 710 est
1088 643 1244 720 Fonseca,
1346 720 1351 731 Ι

118 750 212 834 quod
222 750 365 835 primus,
379 766 443 815 non
453 740 728 823 nobitatisamore,
744 751 803 816 sed
815 750 972 817 claritatis
977 752 1100 835 gratio
1111 753 1246 819 tertium

117 856 280 925 invexerit
299 856 488 923 membrum
504 856 536 923 in
551 855 696 923 scientiae
710 856 829 924 divina
844 858 1036 941 partitione,
1052 878 1127 943 quae
1142 879 1159 924 a
1174 862 1247 927 loco

118 966 333 1041 intermedio,
347 981 448 1049 quem
464 974 603 1048 occupat
618 964 702 1031 inter
712 964 882 1043 scientias,
897 965 1033 1032 liberam
1056 977 1088 1033 et
1099 986 1247 1034 neaema-

118 1076 219 1150 riam,
253 1072 503 1157 contingentem
537 1078 570 1136 et
600 1072 800 1149 naturalem,
826 1072 965 1140 scientio
988 1075 1100 1170 media
1123 1067 1246 1143 nomen

116 1183 279 1264 obtinuit,
296 1199 372 1265 quae
384 1189 435 1248 tot
453 1180 608 1263 deinceps
624 1197 773 1245 rumores
791 1178 965 1257 excitavit,
982 1189 1015 1246 et
1033 1183 1127 1267 cujus
1145 1190 1247 1250 tantae

115 1300 197 1359 sunt
208 1298 318 1375 partes
332 1288 365 1354 in
376 1288 506 1354 Molinae
516 1288 721 1370 aliorumque
731 1288 771 1353 de
786 1288 890 1373 gratia
905 1287 1244 1376 systemattbussp).

161 1400 220 1465 88.
270 1394 402 1481 Collegit
419 1394 682 1463 Conimbricensis
707 1394 829 1461 Cursus
848 1395 1067 1478 Philosophia.
1095 1398 1247 1463 «Emma
1280 1397 1448 1485 murmanus·

117 1508 195 1573 nuel
210 1507 252 1572 de
268 1504 372 1580 Goes,
390 1503 564 1571 Lusitanus
574 1554 581 1579 ,
593 1522 635 1568 ex
645 1503 767 1588 oppido
779 1503 885 1568 Portet
895 1503 1243 1581 Eborensisdioecesis,
1285 1470 1437 1589 ''uz-⁰3⁰⁸

110 1616 311 1697 Jesuitarum
335 1611 471 1688 sodalis,
501 1611 647 1677 oratione
671 1620 740 1679 tam
764 1612 873 1677 soluta
897 1630 998 1695 quam
1028 1610 1168 1696 pedibus
1189 1612 1246 1677 ad·
1292 1614 1432 1667 Amata·

114 1723 228 1793 stricta
247 1720 442 1804 dicendique
461 1720 612 1785 facultate
632 1718 811 1807 plurimum
827 1720 946 1797 valuit,
964 1720 1199 1787 humaniorum
1213 1730 1245 1786 et
1260 1686 1460 1807 fflffi

115 1829 419 1917 philosophicarum
430 1827 674 1912 disciplinarum
686 1828 925 1905 valdedoctus‚
937 1826 1084 1913 scripsit:
1101 1828 1137 1895 ln
1151 1823 1247 1893 toros
1286 1831 1346 1877 ⁶¹³0
1354 1828 1433 1881 crura

114 1934 529 2022 natantianatantia
548 1934 580 2001 in
602 1934 750 2021 ejusdem
765 1934 864 2001 libros
878 1936 919 2000 de
937 1935 1037 2013 Coeto,
1057 1933 1195 2001 Metcora
1213 1942 1246 2001 et

114 2048 146 2114 in
157 2046 283 2113 Eitha:
307 2061 382 2126 quae
394 2042 492 2107 vivus
503 2040 615 2110 edidit.
631 2042 664 2108 ln
683 2041 831 2128 ejusdem
845 2041 944 2109 libros
960 2044 1002 2109 de
1020 2042 1140 2108 Ansina
1163 2050 1194 2106 et
1212 2038 1245 2107 in

114 2157 216 2222 libros
232 2160 275 2219 de
293 2150 500 2218 Generatim
514 2157 548 2215 et
562 2149 781 2233 Cormptione.
799 2150 876 2215 Haec
893 2150 1006 2216 omnia
1020 2152 1091 2215 sine
1104 2148 1248 2216 auctoris

112 2262 253 2331 nomine
277 2260 341 2327 sub
360 2256 578 2343 appellatione
605 2256 736 2341 Collegit
760 2256 1021 2323 conimbricensis
1041 2257 1128 2323 edita
1153 2268 1245 2324 sunt.

112 2370 173 2437 Cui
186 2388 266 2436 cum
281 2364 511 2452 supposuisset
522 2363 649 2430 nomini
660 2365 760 2441 alius,
778 2351 1248 2448 nescioquis,'C0mmentarios

112 2482 145 2546 in
165 2474 351 2545 Araunia
363 2472 529 2558 logicam»
543 2473 697 2557 indignos
711 2474 768 2556 qui
783 2472 824 2538 ad
846 2472 1082 2558 perficiendum
1102 2474 1243 2553 Artium,

113 2598 150 2654 ut
179 2593 321 2658 vocant,
350 2580 493 2647 Cursum
523 2582 611 2647 hunc
630 2579 898 2656 admitterentur,
921 2580 1028 2647 editos
1047 2580 1245 2647 Francolurti

111 2714 204 2762 anno
225 2688 326 2772 16043
343 2686 585 2755 abolendisillis
600 2687 717 2763 edidit,
738 2688 874 2774 collegii
889 2690 1040 2774 ejusdem
1057 2688 1249 2773 appellatio-

112 2823 154 2870 ne
176 2818 274 2877 usus,
296 2796 510 2864 Sebastianus
532 2797 661 2864 Coutus
685 2789 860 2862 Lusitanus
875 2816 916 2862 ex
938 2797 1060 2880 oppido
1074 2795 1244 2872 Olivenza,

111 2910 282 2997 genuinos
297 2903 561 2971 Commentarios
576 2904 607 2969 in
618 2903 797 2989 Logicam»
807 2903 990 2970 Aristotelis
1002 2954 1010 2981 ,
1022 2905 1079 2986 qui
1094 2923 1245 2971 unacum

110 3016 245 3084 caeteris
259 3017 328 3100 jam
345 3013 482 3080 laudatis
497 3030 555 3095 per
575 3029 693 3078 manus
703 3021 783 3077 eunt
798 3009 810 3099 (
816 3009 862 3099 3).

158 3127 218 3210 89.
268 3119 452 3187 «Antonius
480 3119 597 3194 Ratio,
632 3118 734 3203 patria
764 3119 930 3196 rodensis,
954 3119 1095 3200 Jesuita,
1127 3118 1244 3186 ldexici
1370 3141 1391 3186 a

111 3237 221 3300 Novae
240 3229 405 3314 Hispaniae
428 3227 644 3310 Philosophiae
661 3223 921 3312 Theologiaeque
938 3228 1096 3294 docendae
1110 3246 1245 3312 operam

112 3345 169 3408 diu
204 3339 353 3413 navavit,
380 3352 598 3418 reversusque
623 3335 654 3400 in
681 3336 870 3418 Hispaniam
897 3334 1065 3420 Compluti
1084 3335 1244 3411 consedit,

112 3448 266 3531 obiitque
285 3443 438 3511 &Martii
461 3440 560 3526 1615,
585 3443 691 3508 aetatis
709 3460 777 3508 suae
803 3441 864 3526 67,
885 3444 934 3510 vir
947 3443 1093 3510 doctrina
1107 3442 1247 3510 eximius

110 3569 215 3641 atque
237 3551 335 3624 editis
349 3553 389 3617 de
402 3559 473 3619 tota
488 3550 694 3643 Philosophia
714 3550 815 3617 libris.
835 3553 963 3636 Nempe
979 3551 1011 3617 in
1033 3553 1141 3618 lucem
1156 3549 1246 3616 dedit

111 3661 364 3732 Commentarios
377 3661 411 3725 in
438 3657 626 3724 Unahersam
644 3658 825 3724 Aristotelis
837 3659 994 3743 Logicam,
1018 3658 1084 3724 sive
1100 3657 1245 3741 Logicom

109 3772 357 3841 Meuianum...
383 3767 582 3832 Eorumdem
609 3766 933 3834 Commentariorum
965 3764 1189 3849 compendium
1210 3767 1245 3830 in

102 3880 247 3967 gratum
273 3876 454 3942 Academica
477 3874 720 3958 Conplutensis‚
752 3895 828 3959 quae
858 3876 989 3959 publico
1017 3877 1149 3941 decreto
1175 3875 1245 3940 suis

109 3985 355 4073 professoribus
363 4001 422 4050 eos
427 3984 594 4069 juventuti
606 3982 817 4067 explicandos
827 3980 1245 4069 praescripsit‚curavitque

107 4099 285 4163 decretum
300 4095 362 4158 hoc
376 4108 475 4158 suum
491 4090 685 4157 auctoritate
699 4091 787 4176 regia
800 4089 940 4168 firmari,
955 4091 984 4157 si
997 4109 1063 4156 non
1073 4088 1154 4155 tallit
1168 4088 1245 4154 Ale·

106 4202 268 4291 gambius
292 4201 325 4266 in
349 4197 536 4265 Bibliotheca
550 4196 724 4264 Societatis.
751 4198 997 4264 Commentarios
1015 4199 1050 4264 in
1063 4201 1130 4265 octo
1145 4197 1243 4264 libros

141 4495 188 4559 (ι)
225 4487 291 4547 Csr.
306 4484 478 4557 htegambe,
491 4481 629 4542 biblioth.
646 4482 780 4556 scriptor.
797 4481 829 4542 S.
845 4483 890 4555 J.;
905 4485 1025 4544 Becker.
1037 4483 1242 4557 Bibliotheque

104 4582 158 4640 dee
174 4573 331 4638 Eoritains
344 4575 382 4632 de
395 4573 424 4631 la
438 4572 509 4632 Οοω
514 4571 621 4646 pagate
634 4572 672 4630 de
680 4573 775 4643 Jesua.

139 4671 185 4744 (2)
222 4666 265 4732 tt,
277 4665 398 4724 Hurter.
419 4661 477 4735 Op.
492 4661 541 4721 eit.
555 4675 577 4722 t.
596 4683 625 4733 a,
642 4682 709 4738 pag.
729 4683 794 4735 ror,
812 4685 863 4724 rto
874 4663 905 4723 iu
918 4679 999 4726 nota.

139 4767 184 4832 (3)
220 4755 362 4817 Nicotaus
373 4755 483 4814 Antan.
494 4751 525 4811 iu
535 4752 660 4812 Bitioth.
671 4773 756 4828 nouo,
766 4767 837 4815 tom.
852 4778 876 4826 r,
888 4776 954 4831 pag.
965 4755 1241 4832 349,Matriti1783.
