3492 5525
462 419 578 484 Anmc.
607 433 666 480 μ·
687 418 867 483 Desrnrmo
1130 433 1189 496 2⁰9

168 605 249 672 Fieri
267 613 379 671 autem
394 603 595 687 quandoque
614 611 740 688 potest,
760 609 797 667 ut
817 601 998 668 differentia
1017 601 1133 668 ultima
1150 618 1228 666 cum

101 732 222 800 genere
245 713 349 778 'etiarn
378 719 506 777 remoto
531 710 612 778 satis
636 711 807 796 perspicue
834 729 904 775 rem
936 718 1043 776 totam
1074 707 1226 774 declaret:

102 831 203 904 atque
220 821 263 886 ita
288 819 411 904 passim
437 819 659 904 approbantur
683 817 853 903 communi
881 819 1004 884 calculo
1022 835 1090 882 non
1118 833 1229 900 paucae

102 928 311 994 definitiones
324 906 486 1012 ejusmodi
503 923 554 1013 (ι)
573 937 609 1000 ut
629 927 694 1002 illa,
716 945 782 1010 qua
804 927 909 992 virtus
928 925 1042 990 dicitur
1061 939 1133 1007 esse
1151 923 1231 988 dona

102 1033 240 1121 qualitas
255 1035 379 1111 mentis,
394 1052 457 1118 pua
474 1038 555 1099 recte
567 1033 705 1110 unitur,
719 1052 782 1119 qua
795 1035 905 1099 nullus
918 1035 999 1099 naula
1010 1031 1122 1108 otiien,
1139 1049 1232 1115 quam

103 1145 191 1210 Deus
207 1143 243 1207 in
260 1141 351 1207 raons
366 1141 435 1206 sinc
461 1141 549 1222 nobis
570 1145 721 1223 operatur
736 1138 802 1228 (2).
830 1141 876 1207 lta
896 1140 994 1208 etiam
1012 1139 1233 1227 syllogismus

103 1253 189 1317 solet
206 1249 330 1315 deliniri
357 1267 434 1314 cum
453 1249 642 1316 Aristotele:
660 1249 768 1314 oratio
786 1249 821 1314 in
842 1267 906 1334 quo
924 1248 1110 1334 quidusdam
1122 1247 1234 1330 positu
1342 1265 1344 1270 ·

102 1360 196 1425 aliud
211 1357 360 1442 plaudam
386 1356 427 1422 ab
444 1355 510 1432 lis,
528 1374 599 1441 qaae
620 1357 723 1438 posita
741 1359 832 1434 mni,
848 1377 889 1424 ex
910 1356 1088 1422 necessitate
1105 1354 1231 1430 accedit,

102 1486 139 1531 eo
159 1468 245 1551 quod
260 1465 325 1530 dac
340 1467 418 1530 sunt
438 1460 504 1551 (3).

171 1572 257 1643 Quae
274 1591 349 1638 curn
369 1571 412 1637 ita
431 1572 512 1646 sint,
534 1581 636 1657 patet,
655 1591 712 1638 cur
730 1572 877 1639 definitio
898 1573 1046 1640 laudetur
1059 1574 1109 1638 vel
1130 1591 1237 1656 repre-

104 1682 272 1747 hendatur
288 1698 354 1746 non
371 1686 438 1744 tam
458 1679 534 1761 quia
549 1698 626 1746 vera
643 1681 694 1745 vel
700 1679 792 1765 salsa
810 1679 870 1755 sit,
887 1681 947 1746 sed
965 1680 1042 1764 quia
1058 1685 1140 1746 recte
1154 1681 1236 1746 lacta

105 1790 159 1853 vel
177 1789 306 1868 vitrum
334 1805 402 1853 non
429 1786 519 1869 quod
546 1804 612 1852 non
639 1788 816 1871 quaerenda
841 1788 935 1854 sitin
956 1788 1236 1863 caveritas‚lraec

104 1896 197 1962 enirn
224 1913 357 1979 semper
383 1882 597 1979 supponitur,
617 1896 677 1960 sed
702 1895 778 1978 quia
802 1905 911 1980 potest
939 1916 1014 1962 vera
1041 1915 1131 1972 esse,
1157 1897 1236 1980 quin

105 2013 183 2088 apta
201 2004 244 2069 sit
257 2004 299 2070 ad
309 2002 412 2068 finem
429 2020 589 2086 ususque,
608 2004 649 2070 ad
664 2021 750 2087 quos
764 2004 946 2070 adhibenda
964 2004 996 2070 in
1015 2002 1156 2071 scientiis
1171 2015 1234 2070 est.

105 2111 336 2188 Qramobrem
356 2110 472 2195 logica
495 2119 599 2176 rectas
616 2111 713 2177 docet
731 2111 890 2178 conficere
913 2111 1136 2189 definitiones,
1161 2131 1236 2177 curn

106 2219 291 2305 praesertim
312 2237 380 2284 non
404 2226 529 2302 spectet
556 2219 597 2284 ad
615 2221 684 2305 ejus
708 2219 922 2305 provinciam,
939 2221 1107 2287 veritatem
1130 2239 1237 2286 terum

105 2329 324 2412 investigare,
352 2327 411 2393 sed
436 2334 530 2412 aptos
551 2328 670 2394 modos
694 2329 828 2394 adeam
857 2329 1122 2412 perscrutandam
1150 2346 1239 2394 com-

107 2445 307 2502 monstrare.

285 2663 306 2756 ᾖ
325 2665 549 2739 ill-Quaere
563 2685 683 2735 oenear
698 2644 774 2735 esse
792 2685 849 2738 nes
867 2685 1063 2737 narrurenox.

158 2884 215 2951 77.
267 2836 560 2951 Complementum
577 2867 722 2935 materiae
736 2870 897 2952 postulat,
915 2877 951 2935 ut
967 2887 1070 2953 pauca
1088 2870 1240 2953 quaedam

109 2975 276 3039 addantur
293 2974 380 3039 dere
395 2972 541 3042 delinita.
554 2974 733 3042 Definitum
749 2976 871 3061 duplex
886 2976 1043 3063 distingui
1057 2979 1157 3055 solet,
1173 2980 1244 3062 pri·
1270 2976 1394 3033 0⁰⁰1¹³¹²¹0¹
1404 2978 1444 3025 d*

1307 3050 1402 3097 finitum.

108 3100 198 3147 mum
216 3082 269 3146 vel
282 3081 492 3165 propinquum
511 3083 563 3148 vel
582 3082 793 3149 immediatum
813 3085 966 3169 alterurn,
988 3084 1126 3151 alterum
1146 3104 1245 3152 cenw-

109 3196 193 3257 tum.
215 3188 442 3273 Propinquum
458 3198 521 3268 est,
543 3192 634 3274 quod
657 3192 807 3276 proxime
831 3191 1014 3277 explicatur
1040 3192 1242 3269 definitione,

111 3307 151 3362 ut
169 3298 259 3363 nomo
275 3296 431 3363 definitur
447 3316 506 3382 per
523 3299 644 3365 animal
663 3299 831 3366 rationale.
852 3301 1033 3368 Remotum
1053 3302 1106 3367 vel
1129 3320 1246 3369 secun-

109 3408 197 3473 dum
219 3404 272 3469 vel
292 3405 554 3489 mediatumest,
579 3401 670 3491 qu'od
690 3416 816 3474 remote
834 3408 1001 3487 definitur,
1023 3419 1188 3493 quatenus
1212 3408 1246 3475 in

110 3511 305 3600 propinquo
332 3523 528 3581 contentum
548 3512 611 3603 (4):
633 3534 700 3598 quo
720 3525 815 3601 pacto
841 3535 917 3582 curn
942 3516 1097 3583 definitur
1122 3518 1247 3603 species

108 3622 221 3707 bomo,
240 3640 282 3685 eo
299 3618 372 3705 ipso
389 3620 523 3688 delinita
547 3632 682 3689 manent
707 3633 834 3689 remote
851 3622 1020 3690 individua
1043 3625 1162 3709 speciei
1187 3625 1249 3691 hu·

109 3748 237 3808 manae,
256 3747 294 3793 ac
311 3727 448 3796 deirnito
465 3748 586 3817 genere
600 3731 737 3816 quovis,
753 3729 956 3803 deliniuntur
970 3750 1104 3817 quoque
1122 3739 1249 3800 remote

150 4004 194 4065 (r)
231 3995 303 4055 Vid.
317 3994 407 4055 Card.
422 3993 515 4054 Tolet·
530 3994 566 4052 ln
579 3996 756 4056 Universum
767 3982 894 4056 Abisson
905 3996 1063 4075 Lupiam,
1077 3998 1127 4059 lib.
1142 4001 1249 4059 1:122·

106 4090 252 4159 rilrerm„
267 4106 330 4159 cap.
340 4104 369 4158 4,
380 4088 415 4145 de
424 4084 638 4157 Orationete.¹
652 4102 756 4159 quaest.
772 4099 820 4158 1.·;
833 4086 1065 4149 Conimbricens
1079 4088 1206 4150 Dialect.
1218 4090 1249 4151 in

106 4200 178 4254 cap.
193 4190 268 4252 ,μω
281 4178 318 4234 de
330 4176 499 4251 interpret,
513 4190 623 4247 quaest.
637 4198 668 4251 3,
684 4190 739 4238 art.
756 4199 783 4237 2.

149 4274 195 4339 (ι)
233 4266 275 4324 V.
290 4264 324 4324 S.
339 4264 445 4324 Thom.
464 4286 488 4325 r.
503 4285 531 4324 a.
548 4285 578 4337 q.
595 4284 640 4340 55.
654 4288 682 4326 a.
701 4288 731 4341 4.

149 4364 195 4432 (ῃ)
234 4354 360 4415 Aristot.
375 4356 476 4413 Prior.
490 4355 680 4429 onolpur‘cor„
696 4356 746 4416 lib.
766 4378 791 4428 r,
806 4376 871 4430 cap.
890 4378 914 4415 1.

148 4454 194 4523 (4)
235 4442 317 4505 Sunt
329 4458 428 4504 autem
447 4445 499 4517 qui
513 4445 600 4506 aliter
613 4448 676 4505 haec
694 4448 861 4519 explanant.
879 4446 994 4507 Scilicet
1013 4446 1165 4508 definitum
1184 4458 1250 4525 pro·

104 4542 260 4615 piusquam
272 4537 379 4595 volunt
406 4554 470 4594 csse
482 4535 581 4608 ipsum
599 4558 701 4597 nomen
714 4538 932 4608 veltermr'num,
951 4558 1010 4609 quo
1036 4558 1082 4598 res
1104 4540 1249 4613 quapiam

109 4628 321 4704 significatum
335 4633 474 4683 remotum
493 4637 610 4698 autem,
625 4647 686 4687 rem
704 4625 799 4701 ipsam
821 4626 948 4689 termino
965 4627 1168 4703 significatam.
1183 4628 1249 4689 Non

108 4735 159 4781 est
170 4715 394 4792 disputandum
410 4714 449 4775 de
458 4734 538 4775 voce.

1181 4836 1217 4905 14
