3492 5525
560 436 622 517 qqo
675 437 799 502 Loorcr
814 436 1046 511 Maron-Lis.
1064 451 1135 511 aaa,
1151 437 1243 499 Drsa.
1258 444 1304 517 41·
1319 432 1399 499 Cra.
1417 453 1489 517 aaa

522 642 555 687 v.
573 641 607 706 g.
630 622 681 686 vel
700 622 867 703 animalia;
896 621 947 685 vel
975 640 993 684 e
1021 638 1179 686 converso
1198 630 1327 686 constat
1351 638 1449 694 eum,
1477 618 1536 702 qui
1566 626 1644 681 recte

522 729 620 795 sentit
638 729 719 794 circa
734 732 860 814 plantas
875 730 926 795 vel
942 728 1108 804 animalia,
1125 746 1222 811 posse
1236 745 1340 792 errare
1355 726 1440 793 circa
1455 745 1644 809 corpoream

523 836 748 902 extensionem
776 836 969 903 essentiaeve
991 834 1275 901 constitutionem.
1304 832 1396 899 'lunc
1415 853 1498 918 ergo
1518 832 1647 897 habebi-

522 954 576 1009 tur
589 945 687 1010 simul
701 945 734 1009 in
749 945 866 1010 eodem
882 944 1047 1011 intellectu
1068 942 1198 1009 habitus
1217 942 1360 1007 scientiae
1371 951 1413 1006 et
1433 942 1554 1005 erroris
1570 942 1646 1005 cirea

523 1051 609 1116 idem
630 1052 811 1137 objectum:
834 1051 964 1117 habitus
993 1051 1125 1134 quidem
1148 1050 1306 1125 scientiae,
1333 1050 1408 1133 quia
1428 1068 1469 1114 ex
1497 1050 1647 1113 adversa-

524 1158 645 1225 riorum
681 1159 828 1225 doctrina
857 1178 915 1243 per
950 1159 1087 1242 primam
1116 1158 1433 1223 demonstrationem
1470 1156 1647 1239 acquiritur

410 1286 421 1300 ‘
524 1267 654 1332 habitus
672 1267 774 1332 totius
792 1266 934 1332 scientiae
956 1265 1096 1351 physicae
1115 1282 1172 1331 seu
1194 1248 1409 1347 Philosophiae
1425 1264 1601 1339 naturalis
1617 1284 1646 1327 ac

524 1374 658 1458 proinde
685 1374 782 1438 etiam
812 1392 923 1438 earum
955 1372 1224 1448 conclusionum,
1250 1391 1323 1454 quae
1350 1381 1504 1455 spectant
1523 1373 1648 1454 plantas

524 1490 556 1545 et
575 1480 742 1555 animalia,
763 1489 814 1545 est
832 1480 921 1545 enim
941 1481 1124 1545 secundum
1145 1480 1234 1564 ipsos
1249 1480 1378 1544 habitus
1399 1480 1560 1544 naturalis
1581 1479 1648 1543 Phi-

524 1587 680 1671 losophiae
698 1589 836 1670 qualitas
860 1588 1018 1671 simplex,
1038 1606 1113 1670 quae
1129 1587 1263 1671 proinde
1282 1595 1337 1650 aut
1354 1595 1422 1652 tota
1449 1585 1572 1661 simul,
1599 1602 1647 1649 aur

525 1696 614 1759 nullo
644 1695 743 1761 modo
771 1695 959 1777 acquiritur.
990 1695 1027 1759 Et
1056 1694 1129 1759 ideo
1157 1695 1264 1759 solent
1291 1693 1337 1758 illi
1363 1692 1470 1757 dicere
1500 1694 1648 1757 habiturn

522 1802 664 1867 scientiae
678 1802 747 1887 jam
768 1822 824 1885 per
843 1802 983 1885 primam
1010 1800 1324 1867 demonstrationem
1350 1801 1571 1882 acquisitum,
1594 1802 1649 1863 mi-

524 1909 614 1973 nime
636 1908 669 1973 in
697 1928 756 1974 sua
783 1910 916 1975 entitate
945 1907 1127 1983 immutari,
1160 1928 1214 1992 per
1243 1908 1483 1989 subsequentes
1513 1907 1648 1972 aliarum

523 2016 772 2082 conclusionum
792 2016 1105 2090 demonstrationes,
1124 2016 1231 2080 necin
1251 2034 1286 2081 se
1303 2013 1527 2098 perfectiorem
1547 2016 1648 2079 reddi.

525 2124 583 2189 sed
614 2124 722 2189 solum
750 2122 790 2187 ad
820 2125 910 2207 plura
939 2124 1065 2209 objecta
1093 2122 1234 2189 extendi.
1266 2122 1402 2187 Habitus
1422 2140 1502 2187 vero
1533 2124 1650 2187 erroris

523 2232 620 2295 simul
641 2233 794 2305 habetur,
814 2231 891 2313 quia
913 2250 1056 2296 erroneae
1081 2230 1308 2295 conclusiones
1335 2248 1371 2293 ac
1392 2231 1649 2295 demonstratio

524 2356 583 2402 nes
601 2338 682 2403 circa
701 2339 827 2422 plantas
846 2346 879 2402 et
897 2338 1047 2404 animalia
1065 2338 1180 2403 erroris
1195 2337 1342 2401 habitum
1358 2335 1496 2420 gignant
1514 2356 1649 2403 necesse

440 2474 443 2479 ·
523 2429 605 2530 est(
631 2446 657 2526 l.
754 2491 757 2497 ,

589 2554 683 2617 Plura
702 2551 801 2619 videri
822 2562 960 2637 possunt
980 2552 1065 2635 apud
1085 2551 1204 2618 Suarez
1224 2560 1256 2616 et
1272 2550 1447 2637 Lossada(
1471 2550 1499 2640 ).

568 2785 645 2853 293·
694 2766 873 2834 Scuouun.
920 2768 1095 2834 Confutata
1104 2769 1171 2853 jam
1184 2767 1288 2851 prima
1298 2769 1471 2844 sententia,
1486 2777 1604 2840 restat,
1618 2783 1649 2833 u:

257 2959 265 2973 .
523 2893 624 2957 pauca
642 2875 792 2956 quaedam
813 2876 1015 2940 declaremus
1034 2876 1074 2940 ad
1094 2876 1249 2940 doctrinae
1268 2876 1572 2958 complementum.

240 2994 242 2997 ·
331 3013 370 3057 p,
382 3015 486 3068 „mm
588 2981 625 3046 Et
644 2982 675 3046 in
696 2981 809 3065 primis
827 3001 867 3046 ex
887 2985 1042 3048 hactenus
1061 2982 1155 3048 dictis
1174 2983 1265 3065 sequi
1286 2983 1430 3058 videtur,
1452 2992 1504 3048 tot
1523 3003 1598 3048 esse
1617 2984 1647 3048 in

316 3085 498 3128 tibimiri·
521 3087 658 3186 singulls
676 3090 831 3154 totalibus
850 3089 992 3156 scientiis
1010 3090 1157 3174 partiales
1186 3090 1316 3155 habitus
1345 3093 1535 3172 ponendoS,
1572 3105 1650 3174 quot

358 3154 418 3200 tendi
435 3155 458 3197 in

320 3226 495 3282 nummu,
521 3204 599 3259 sunt
623 3195 746 3278 species
776 3195 958 3280 partialium
992 3197 1195 3281 objectorum
1222 3198 1400 3262 formaliter
1426 3198 1645 3272 diversorum,

334 3297 481 3349 sumerem
504 3293 555 3367 'et
573 3303 798 3369 conclusiones
817 3305 960 3370 diversas
981 3305 1133 3370 veritates
1152 3306 1344 3401 detegentes
1361 3304 1424 3391 (3).

344 3367 471 3411 ianiculum

334 3439 479 3491 obiectorum:
589 3410 711 3475 Deinde
737 3411 788 3475 isti
813 3412 962 3494 partiales
986 3412 1114 3476 habitus
1134 3431 1198 3477 non
1225 3413 1375 3478 uidentur
1399 3432 1471 3478 esse
1499 3417 1645 3498 ejusdem

307 3511 509 3636 pmifflffim
522 3517 581 3580 sed
599 3517 734 3582 diversae
754 3519 871 3600 speciei
892 3518 1098 3603 incompletae
1118 3538 1175 3603 pro
1195 3520 1382 3600 diversitate
1400 3521 1555 3604 specifica
1567 3523 1649 3606 ipsa-

328 3654 485 3698 „demm
523 3642 596 3693 rum
628 3624 820 3700 veritatum,
846 3627 886 3690 ad
910 3643 991 3708 quas
1014 3627 1259 3711 cognoscendas
1279 3628 1458 3697 habilitant.
1488 3629 1563 3694 Dixi
1591 3651 1648 3695 esre

372 3725 445 3778 Μὴ
521 3731 654 3795 diversae
687 3733 798 3811 speciei
832 3731 1037 3814 incompleta,
1074 3753 1149 3799 nam
1187 3754 1224 3799 ea
1256 3734 1507 3820 distinguuntur
1542 3739 1647 3822 specie

340 3799 472 3852 incompleta

357 3868 461 3919 dama,
522 3839 701 3919 completa,
722 3857 795 3920 quae
823 3839 986 3921 pertinent
1010 3841 1049 3906 ad
1074 3841 1219 3908 diversas
1244 3843 1368 3925 species
1394 3862 1459 3908 non
1484 3845 1648 3910 ordinata<

521 3944 562 4008 ad
581 3945 666 4009 aliud
685 3947 971 4028 constituendum3
993 3967 1030 4010 ea
1050 3967 1126 4012 vero
1145 3949 1393 4034 distinguuntur
1405 3937 1647 4035 specieincona

523 4052 624 4134 pieta,
641 4070 716 4134 quae
730 4052 831 4118 instar
846 4055 985 4136 partium
1001 4056 1192 4122 ordinantur
1208 4057 1248 4122 ad
1264 4059 1350 4122 aliud
1365 4059 1647 4126 constituendum.

521 4156 607 4232 Qria
624 4177 703 4242 ergo
722 4160 871 4243 partiales
891 4161 934 4226 illi
954 4163 1085 4228 habitus
1108 4164 1299 4230 ordinantur
1324 4166 1365 4230 ad
1392 4183 1492 4232 unam
1512 4172 1645 4234 totalem

522 4271 801 4308 ..A—.—

556 4361 596 4419 (r)
634 4352 680 4412 Cf.
696 4354 929 4414 adversariorum
945 4355 1100 4416 instantias
1115 4359 1192 4431 apud
1209 4359 1352 4432 Lossada,
1364 4361 1417 4420 loc.
1429 4363 1479 4421 cit.
1496 4383 1525 4422 n.
1538 4384 1594 4433 20,
1607 4385 1648 4422 ar.

555 4443 596 4515 (2)
611 4443 680 4502 Loc.
696 4444 803 4503 citatis.

555 4539 594 4605 (3)
631 4533 706 4590 Vide
721 4533 783 4592 suae
798 4535 833 4592 de
847 4535 895 4594 his
909 4536 1107 4606 disputantem
1128 4535 1274 4596 Eximium
1298 4539 1470 4612 Ductorem,
1494 4543 1549 4602 loe.
1567 4543 1648 4602 cite

519 4641 549 4680 n.
561 4623 607 4694 46.
622 4621 685 4770 C6lr.
702 4644 731 4680 n.
747 4643 846 4698 27-33,
861 4639 889 4683 et
900 4645 928 4682 n.
941 4644 991 4697 40,
1007 4646 1088 4698 seqq,
1101 4626 1164 4685 Cir.
1180 4627 1268 4686 etiam
1280 4628 1414 4702 Lossad.,
1431 4633 1484 4690 loc.
1495 4633 1546 4692 cit.
1561 4655 1594 4692 n.
1606 4655 1648 4701 aa,

516 4724 547 4771 et
560 4731 623 4783 saep.
657 4756 664 4773 .
683 4731 714 4771 n.
727 4732 772 4785 29.
