3492 5525
277 430 366 513 5111.
389 430 627 495 Pnrrosontrrn
647 449 749 495 onroo
770 448 813 495 nr
833 449 1046 496 rnoonassus
1146 450 1188 515 49

95 622 128 679 et
146 612 301 689 Pharius,
327 612 712 699 constantinopolitanus
731 611 910 681 Patriarcha
927 611 984 701 (n.
1001 614 1116 697 8787-
1129 612 1223 701 891),

94 729 214 785 auctor
238 719 424 787 schismatis
449 738 508 787 seu
518 696 744 805 'separationis
766 721 916 788 Ecclesiae
935 738 1052 807 graecae
1073 739 1093 785 a
1111 721 1222 791 latina.

97 826 211 909 Atque
226 828 271 892 ita
285 828 386 913 longo
401 826 509 893 labore
524 828 655 897 Patrum
670 836 703 893 et
718 828 919 913 scriptorum
931 826 1223 895 ecclesiasticorum

94 935 297 1017 Philosophia
309 935 481 1001 christahna
500 934 640 1003 stabilita
659 947 728 1014 est,
752 954 827 1021 quae
849 947 965 1021 postea
984 953 1157 1002 summum
1174 933 1225 1002 in·

94 1046 311 1108 crementu'm
337 1051 438 1127 atque
459 1043 667 1127 splendorem
696 1054 790 1111 nacta
813 1052 863 1111 est
891 1060 911 1108 a
937 1042 1146 1111 Sholasticis:
1173 1043 1225 1109 illa

95 1132 220 1235 nempe
240 1149 447 1234 philosophia
465 1169 541 1233 quae
559 1152 712 1219 veritates
730 1169 749 1215 a
770 1148 838 1216 Deo
857 1152 1017 1217 revelatas
1036 1168 1102 1235 prae
1121 1152 1225 1217 oculis

96 1258 226 1323 habens
242 1256 320 1322 nihil
335 1258 562 1341 amplectitur,
578 1259 668 1342 quod
681 1256 796 1324 iisdem
809 1258 860 1324 vel
874 1257 1051 1325 minimum
1064 1274 1227 1343 repugna·

96 1384 130 1429 re
146 1366 273 1441 valeat,
291 1366 350 1430 sed
365 1364 592 1463 praetermissis
605 1375 776 1449 tamquam
798 1382 859 1431 suo
876 1364 1027 1433 instituto
1045 1364 1158 1432 alienis
1172 1366 1224 1443 iis,

93 1490 173 1555 quae
197 1470 332 1537 rationis
354 1472 510 1545 humanae
535 1481 669 1559 captum
696 1467 928 1557 superant‚'in
954 1471 1086 1556 reliquis
1113 1474 1226 1539 omnia

94 1579 231 1647 resolvit
245 1561 427 1645 secundu'm
443 1580 555 1645 lumen
572 1588 667 1646 rectae
688 1580 820 1647 rationis
839 1590 871 1647 et
887 1580 1071 1645 secundum
1088 1580 1225 1646 auctori·

94 1694 199 1751 tatem
216 1686 274 1753 Dei
288 1687 340 1753 vel
359 1686 526 1763 Ecclesiae,
543 1685 745 1771 ubicumque
764 1686 875 1753 divina
890 1685 1093 1771 providentia
1107 1686 1149 1752 ad
1163 1688 1226 1753 hu·

95 1811 204 1859 manae
215 1792 772 1877 imbecillitatissubsidiumaliquid
782 1793 900 1863 docere
912 1794 1045 1879 dignata
1056 1792 1112 1870 sit,
1124 1792 1223 1861 etiam

95 1919 232 1978 eonrm,
263 1919 337 1984 quae
363 1919 420 1984 per
447 1918 485 1967 se
522 1902 707 1970 intellectus
732 1900 834 1967 nostri
858 1899 944 1967 vires
975 1899 1112 1966 minime
1136 1908 1226 1967 tran·

94 2008 272 2077 scendunt.
1153 2060 1156 2067 .

161 2118 247 2184 Novi
272 2118 417 2201 proiecto
440 2116 528 2183 haud
542 2116 628 2183 bene
646 2134 762 2183 sonare
781 2113 972 2183 castissimis
988 2106 1122 2182 auribus
1140 2132 1225 2199 quo·

1287 630 1385 681 Photide.

1270 952 1411 1009 Philosophia

1276 1024 1394 1073 christiana

94 2224 248 2291 rumdam
277 2225 551 2293 rationalistarum
575 2242 698 2289 nomen
717 2222 902 2289 christiane
921 2220 1169 2310 Philosophiae(
1195 2220 1220 2311 ).
1298 2278 1301 2285 .
1350 2222 1355 2241 '

93 2330 220 2397 Verum
245 2333 342 2415 quid,
369 2350 498 2416 quaeso,
527 2330 657 2399 absurdi
684 2331 791 2398 estin
817 2350 857 2396 eo
884 2329 1102 2416 cognomine,
1133 2330 1223 2415 quod

91 2438 224 2505 nomini
244 2439 461 2523 Philosophiae
482 2436 648 2515 additum,
670 2438 747 2504 nihil
770 2438 856 2505 aliud
877 2437 1031 2521 exprimit
1051 2436 1111 2503 nisi
1133 2438 1223 2521 quod

90 2566 188 2623 eam,
207 2557 368 2629 quantum
383 2548 536 2612 humanae
553 2544 722 2629 sapientiae
742 2545 833 2623 licet,
857 2546 899 2612 ab
914 2547 1007 2612 omni
1022 2564 1129 2612 errore
1144 2545 1224 2609 libe·

91 2664 158 2727 ret,
174 2654 387 2737 maximoque
402 2655 577 2721 veritatum
595 2653 940 2737 praestantissimarum
955 2654 1109 2719 thesauro
1125 2651 1223 2719 ditet?

88 2760 183 2837 Quid
208 2763 297 2828 enim
320 2763 407 2828 aliud
430 2770 481 2828 est
503 2760 661 2829 chistiana
685 2762 910 2846 Philosophia,
937 2770 974 2828 ut
1002 2781 1042 2828 ex
1070 2762 1219 2842 ejusdem

90 2869 230 2936 notione
256 2881 361 2954 patet,
390 2869 450 2936 nisi
473 2869 608 2936 scientia
628 2867 748 2934 divinae
767 2868 935 2953 sapientiae
963 2880 996 2935 et
1018 2869 1137 2956 clypeo
1161 2867 1222 2934 cir-

87 2978 248 3044 cumdata
263 2989 294 3043 et
308 2978 432 3044 lumine
447 2977 622 3052 illustrata,
639 2976 723 3044 utin
738 2977 900 3060 plurimos
916 2994 1057 3053 errores,
1080 2977 1113 3041 in
1136 2995 1222 3059 quos

88 3103 212 3151 omnes
225 3084 499 3170 Philosophorum
514 3094 611 3152 sectae
625 3082 827 3160 inciderunt,
843 3102 912 3150 non
927 3084 1106 3169 impingat,
1123 3083 1222 3168 pluri-

90 3211 256 3276 masque,
290 3209 374 3276 quas
405 3189 449 3257 illi
478 3191 638 3278 attingere
671 3191 915 3274 nequiverunt,
949 3190 1104 3258 veritates
1134 3208 1223 3258 asse-

89 3297 230 3385 quatur?
927 3321 931 3326 ’

159 3425 215 3489 52.
264 3405 329 3471 Sed
356 3413 534 3489 antequam
554 3407 596 3472 ad
622 3405 824 3472 Scholasticos
849 3405 1081 3483 deveniamus,
1101 3404 1223 3487 aliquid

88 3517 191 3582 etiam
218 3513 395 3580 dicendum
415 3521 465 3579 est
484 3513 525 3580 de
537 3512 700 3578 Arabibus
718 3510 1102 3596 Philosophis.Studium
1117 3512 1223 3577 scien·

87 3625 211 3690 riarum
226 3621 316 3706 apud
340 3623 463 3686 Arabes
485 3620 623 3689 debetur
638 3619 839 3704 Principibus
852 3620 982 3705 generis
996 3620 1219 3686 Abissidarum

89 3751 125 3796 ac
141 3727 344 3798 nominatim
358 3730 405 3795 Al
416 3729 568 3817 Maurori
580 3725 631 3816 (a)
645 3727 817 3794 Al-Mobdi
829 3723 842 3814 l
852 3727 895 3810 -Ι-
913 3725 1012 3815 784),
1027 3727 1177 3794 Harouni
1187 3727 1224 3791 al

88 3839 231 3908 Roschid
244 3833 318 3925 (3),
333 3835 558 3904 Al-Mamouni
567 3833 618 3924 (q)
634 3845 665 3901 et
680 3834 831 3902 Motasem
844 3833 858 3920 (
869 3837 913 3922 -l-
926 3832 1057 3922 84)qui
1070 3847 1103 3902 et
1114 3853 1222 3920 graeca

89 3966 191 4032 opera
206 3945 240 4011 in
255 3944 420 4011 arabicum
431 3962 620 4010 sermonem
630 3943 851 4010 convertenda
861 3951 1031 4019 curarunt,
1046 3952 1079 4010 et
1092 3943 1221 4009 scholas

88 4063 291 4139 aperuerunt
312 4058 345 4117 et
371 4051 470 4118 libros
494 4049 658 4136 undique,
677 4049 884 4118 studentium
906 4039 1100 4128 commodo,
1123 4051 1219 4116 colle·

89 4261 361 4277 -μ-

123 4363 167 4424 (ι)
204 4355 276 4414 Vid.
292 4375 320 4413 v.
330 4375 361 4428 g.
376 4353 559 4422 Feuerbeeh,
570 4353 768 4429 Philosophia
778 4351 1076 4414 undetricenorum.
1089 4372 1157 4428 pag.
1171 4374 1217 4427 31,

89 4445 213 4521 Leipzig
229 4445 308 4519 1839.
558 4477 561 4482 n

123 4538 166 4608 (a)
205 4535 261 4593 Hie
275 4531 410 4608 regnavit
423 4533 460 4594 ab
472 4553 522 4592 en.
538 4552 591 4607 753
606 4533 642 4591 td
658 4550 721 4607 775.

122 4631 174 4699 (7)
212 4623 358 4698 Regnavit
371 4623 409 4683 ab
422 4643 470 4682 an.
486 4623 540 4698 786
553 4623 590 4682 nd
603 4621 668 4682 808,

123 4717 169 4789 (4)
206 4713 351 4788 Regnavit
365 4713 401 4773 ab
415 4733 465 4774 an.
478 4713 532 4788 813
547 4712 584 4773 ad
597 4713 662 4787 877.

1285 3424 1383 3471 Arabum

1258 3509 1410 3569 Philosophia.
