3492 5525
549 465 609 531 228
739 467 864 534 morea
884 467 1135 534 Minore-Drso.
1160 482 1205 532 a·
1226 468 1306 532 Can.
1331 483 1400 532 num

394 678 429 748 ,Ε
553 666 610 735 94.
655 647 815 729 iudicium
835 650 1042 718 multifariam
1061 649 1160 716 dividi
1187 658 1313 735 potest,
1334 649 1418 718 sicut
1437 649 1628 735 propositio,

355 739 361 749 ’
430 765 438 780 ·
510 764 548 823 ut
574 757 708 824 interius
735 757 937 824 videbimus:
966 776 1054 824 nunc
1079 756 1199 824 sufficit
1221 756 1360 827 indicare
1389 757 1567 824 divisiones
1597 758 1629 822 in

506 862 664 948 judicium
694 866 906 932 immediatam
926 885 963 932 ac
982 865 1169 946 irradiatum
1196 883 1217 932 a
1235 865 1342 948 priori
1366 869 1398 931 et
1417 861 1628 947 aposteriori.

510 972 736 1039 immediatum
749 982 799 1039 est
813 973 905 1051 illud,
917 974 1006 1057 quod
1019 973 1247 1056 pronuntiatur
1259 992 1300 1039 ex
1311 990 1401 1037 mera
1413 980 1629 1058 conceptuum

510 1077 709 1160 inspectione
737 1089 768 1145 et
794 1081 1054 1164 comparatione,
1084 1081 1161 1164 quia
1185 1080 1339 1146 nimirum
1364 1079 1447 1146 illico
1471 1079 1632 1164 detegitur

509 1185 638 1250 illorum
657 1188 883 1253 convenientia
902 1189 952 1253 vel
973 1187 1198 1272 discrepantia.
1221 1187 1264 1253 Ut
1283 1187 1309 1253 si
1329 1183 1434 1252 dicas:
1462 1185 1570 1252 Tolum
1587 1192 1633 1252 est
1723 1211 1728 1220 ·

509 1278 613 1380 nuju's
636 1313 695 1360 sua
713 1299 817 1376 parte:
842 1295 961 1360 Charta
983 1295 1047 1360 haec
1071 1296 1210 1362 condida
1233 1299 1290 1362 est.
1313 1293 1492 1360 Mediatum
1518 1314 1536 1359 e
1555 1312 1633 1358 con-

510 1418 605 1466 verso
622 1409 673 1466 est
692 1402 783 1477 illud,
799 1404 891 1485 quod
909 1411 984 1487 eget
999 1401 1164 1468 ratiocinio
1183 1413 1216 1468 et
1230 1401 1474 1486 comparatione
1488 1402 1630 1468 duorum

509 1516 729 1590 conceptuum
747 1527 825 1574 cum
843 1508 940 1575 tertio
960 1511 1087 1593 aliquo,
1104 1511 1200 1593 cujus
1214 1528 1277 1591 ope
1292 1508 1445 1574 identitas
1464 1509 1515 1574 vel
1536 1525 1633 1591 repu-

509 1615 642 1699 gnantia
664 1615 794 1685 illorum
818 1616 991 1701 detegatur
1009 1636 1043 1682 v.
1064 1638 1098 1702 g.
1120 1616 1257 1682 Animus
1276 1616 1430 1681 humanus
1448 1615 1632 1681 immortalis

509 1725 568 1788 esi:
602 1724 693 1806 quod
724 1724 884 1809 judicium
913 1725 1121 1807 pronuntiare
1142 1741 1289 1806 nequeo,
1319 1723 1379 1789 nisi
1406 1741 1468 1806 ope
1496 1721 1632 1807 alicujus

510 1829 641 1897 alterius
659 1831 806 1908 termini,
827 1831 981 1914 quicum
1001 1831 1110 1897 animo
1131 1833 1276 1896 humano
1296 1840 1329 1896 et
1348 1829 1523 1896 immortali
1541 1829 1634 1895 iden-

509 1937 652 2003 tificetur
678 1949 776 2020 atque
805 1939 887 2003 adeo
916 1946 1077 2004 monstret
1101 1938 1305 2004 identitatem
1331 1937 1473 2004 duorum
1502 1937 1630 2002 illorum

510 2054 745 2130 conceptuum.

884 2308 1254 2421 ARTICULtlsll.

824 2496 971 2572 Quid
1001 2495 1073 2560 sit
1101 2511 1315 2560 nomon.

317 2735 478 2795 Quum
557 2708 612 2777 95.
659 2691 788 2759 Nomen
816 2690 973 2758 latissime
1001 2698 1051 2756 est
1079 2690 1233 2773 quaelibet
1263 2709 1329 2756 vox
1357 2689 1539 2765 articulata,
1567 2707 1634 2772 qua
1731 2753 1732 2769 ἶ

512 2817 580 2865 rem
599 2800 779 2882 quamlibet
797 2808 830 2864 et
848 2806 1046 2881 conceptum
1073 2799 1305 2882 exprimimus:
1327 2798 1414 2881 apud
1433 2795 1634 2863 Grammati-

511 2924 569 2972 cos
586 2916 696 2973 autem
716 2908 828 2973 minus
847 2907 911 2971 late
929 2906 1072 2973 sumitur
1090 2925 1148 2990 pro
1169 2925 1266 2983 voce,
1286 2925 1357 2990 quae
1373 2904 1571 2971 declinabitis
1588 2910 1637 2969 est

505 3020 564 3094 per
580 3032 683 3080 casrrs.
705 3013 828 3079 Verum
848 3032 866 3077 a
886 3012 1010 3097 Logicis
1028 3030 1069 3077 ex
1089 3012 1272 3080 Aristotelis
1290 3011 1437 3081 doctrina
1451 3008 1502 3098 (r)
1516 3010 1635 3077 desmi-

509 3129 564 3186 tur
579 3138 641 3185 vox
657 3120 868 3205 significativa
892 3122 936 3185 ad
952 3120 1120 3202 placitum,
1137 3119 1255 3204 finito,
1280 3120 1349 3185 sine
1372 3124 1517 3201 tempore,
1540 3124 1634 3205 cujus

509 3229 598 3292 nullo
617 3234 697 3309 pars
716 3226 873 3311 rr'gnificat
896 3226 1093 3309 separatim,
1115 3245 1242 3311 quaque
1259 3230 1407 3313 emuncto
1429 3242 1503 3303 est,
1524 3244 1635 3293 verum

508 3334 687 3419 veisalsum
702 3333 874 3420 significat:
890 3342 926 3400 ut
941 3334 1043 3411 bomo,
1059 3334 1168 3409 arbor,
1184 3320 1332 3400 Petrus(

576 3439 697 3506 Dicitur
714 3458 776 3506 vox
794 3460 851 3526 per
875 3440 1011 3507 modum
1035 3441 1180 3525 generis,
1202 3450 1234 3506 et
1258 3460 1315 3525 per
1342 3443 1424 3507 hanc
1443 3439 1634 3524 particulam

508 3548 615 3615 dinen
634 3567 756 3614 nomen
771 3549 816 3614 ab
835 3548 904 3613 aliis
918 3549 1025 3626 sonis,
1045 3566 1119 3631 quae
1141 3566 1205 3614 non
1226 3558 1304 3615 sunt
1324 3566 1434 3615 voces.
1451 3546 1573 3616 Dicitur
1590 3549 1638 3613 si—

358 3642 432 3674 ¹²¹¹¹¹²¹'
506 3655 706 3739 gnaflcatmo,
722 3656 763 3721 ad
777 3657 998 3722 excludendos
1013 3655 1171 3721 terminos
1182 3674 1248 3721 non
1263 3655 1514 3740 significativos,
1528 3656 1637 3738 qualis

509 3774 560 3830 est
577 3763 692 3828 dlictri.
714 3763 769 3828 Ad
780 3764 934 3845 placitum
947 3761 1083 3838 dicitur,
1099 3763 1140 3828 ad
1154 3764 1373 3829 excludendas
1392 3780 1490 3829 voces
1506 3772 1638 3828 natura·
1730 3796 1731 3805 κ

508 3871 580 3937 liter
604 3870 843 3955 significantes,
872 3880 910 3936 ut
930 3870 1065 3954 gemitus
1086 3868 1284 3954 infirmorum
1306 3890 1342 3937 ac
1361 3888 1449 3936 voces
1471 3871 1637 3937 braciorum

506 3978 707 4043 animalium.
724 3977 846 4055 linita,
877 3978 918 4043 ad
946 3978 1168 4044 excludendos
1196 3977 1355 4045 terminos
1384 3976 1549 4053 infinitos,
1577 3978 1637 4060 qui

509 4086 633 4151 nullam
656 4084 905 4150 determinatam
933 4096 1082 4151 naturam
1110 4103 1170 4151 nec
1195 4085 1405 4169 suppositum
1431 4086 1636 4169 exprimunt,

508 4192 567 4257 sed
585 4200 652 4256 tam
673 4210 733 4257 ens
751 4209 851 4275 quam
873 4210 940 4257 non
959 4210 1019 4258 ens
1037 4191 1101 4258 sub
1119 4211 1155 4259 se
1173 4194 1456 4277 complectuntur,
1477 4192 1639 4275 quemad·

508 4299 645 4365 modum
666 4298 770 4365 fusius
787 4300 1004 4382 exposuimus
1027 4296 1092 4387 (2).
1113 4299 1253 4367 Additur
1269 4300 1337 4365 sine
1359 4303 1508 4382 tempore,
1533 4308 1570 4365 ut
1587 4299 1641 4365 di-

507 4406 693 4491 stinguatur
711 4424 833 4473 nomen
852 4426 872 4472 a
890 4408 991 4473 verbo
1011 4426 1047 4473 ac
1062 4407 1248 4493 participio,
1265 4408 1356 4504 quod
1374 4406 1493 4474 dicitur
1510 4406 1640 4492 signifi-

416 4640 420 4645 ·
543 4663 585 4725 (ι)
619 4657 697 4718 vide
709 4656 813 4728 Arist,
828 4657 880 4716 lib.
895 4657 1130 4731 tPeriltermen.¹
1144 4628 1206 4729 cap.
1222 4677 1249 4724 a,
1265 4670 1295 4717 et
1306 4656 1340 4719 S.
1351 4656 1460 4719 Thorn.
1474 4658 1514 4719 ib.
1526 4658 1590 4717 lect.
1605 4680 1636 4733 ⁴·

542 4753 583 4817 (a)
618 4745 695 4807 Vide
708 4765 799 4819 supra
813 4766 843 4807 n.
859 4748 905 4807 πό.
1095 4766 1101 4787 ¹
