3492 5525
185 463 304 528 Anne.
325 477 382 526 ψ
395 463 447 526 An
464 479 661 527 uuuurrnrro
675 481 725 528 srr
739 479 1005 528 ssseurrxcrren
1020 479 1106 528 vent
1126 483 1184 550 443

150 664 206 729 24.
254 651 358 712 Dices
380 644 430 714 r.⁰
451 645 528 712 Haec
547 643 743 712 enuntiatio:
762 645 878 712 Petrus
894 646 1010 731 currit,
1032 665 1099 714 non
1118 657 1225 732 potest

105 763 234 822 mutare
247 752 430 839 objectum,
452 771 511 819 nec
526 754 595 820 sine
614 753 743 838 objecto
761 753 911 820 existere.
933 754 1032 837 Atqui
1051 756 1121 841 ejus
1134 757 1224 841 obje·
1294 832 1297 841 Ι

103 872 195 931 ctum
219 871 269 928 est
293 861 407 928 Petrus
434 861 537 944 reipsa
564 879 708 928 currens.
735 861 817 948 Ergo
845 879 912 927 non
938 871 1046 947 potest
1071 863 1221 942 existere,

103 973 184 1055 quin
203 973 318 1038 Petrus
346 968 450 1053 reipsa
468 977 590 1049 currat;
617 979 650 1036 et
671 977 910 1054 consequenter
937 971 1049 1056 nequit
1070 971 1222 1050 existere,

102 1080 184 1165 quin
203 1097 278 1145 vera
295 1078 355 1153 sit,
375 1095 432 1144 seu
448 1077 628 1144 necessario
646 1095 721 1142 vera
735 1085 797 1148 est.
861 1135 865 1144 .

172 1194 277 1271 Reap.
302 1183 352 1255 1.⁰
381 1185 463 1251 insto
485 1185 517 1250 in
546 1184 769 1271 propositione
796 1185 900 1251 vocali
919 1186 969 1251 vet
987 1186 1124 1271 scripta,
1149 1205 1223 1271 quae

105 1296 225 1380 pariter
242 1293 407 1378 objectum
430 1300 559 1359 mutare
578 1292 709 1376 nequit,
724 1300 831 1360 stante
850 1293 966 1360 eadem
985 1311 1105 1361 vocum
1124 1293 1224 1379 signi·

103 1401 272 1478 irratione,
292 1409 325 1466 et
344 1399 555 1466 nihilominus
570 1409 678 1485 potest
695 1401 774 1468 ratsa
787 1417 871 1467 esse.
886 1401 968 1467 item
987 1401 1050 1468 hoc
1064 1401 1223 1487 judicium

104 1512 235 1576 falsum:
256 1509 369 1576 Petrus
386 1507 487 1591 reapse
504 1489 622 1584 currit,
642 1508 732 1591 quod
747 1505 846 1574 habet
866 1525 925 1592 pro
943 1507 1073 1593 objecto
1091 1509 1221 1576 Petrum

103 1619 208 1702 reipsa
223 1626 423 1692 currentem,
441 1623 549 1700 potest
567 1615 715 1692 existere,
736 1616 831 1681 Petro
846 1633 913 1682 non
932 1628 1094 1682 currente.
1120 1616 1226 1683 Caete-
1320 1617 1325 1626 '

103 1743 179 1792 rum
198 1723 288 1809 quod
316 1721 510 1809 propositio,
532 1723 611 1789 saiso
635 1739 782 1789 asserens
810 1722 942 1790 Petrum
961 1741 1109 1802 currere,
1134 1723 1222 1788 idem

103 1834 222 1899 lrabeat
240 1831 424 1916 objectum,
446 1849 482 1896 ac
496 1831 674 1915 propositio
691 1848 768 1896 vere
782 1831 954 1897 enuntians
973 1831 1057 1898 Petri
1074 1848 1221 1909 cursum,

99 1947 247 2020 constat3
260 1947 331 2005 tum
347 1937 421 2021 quia
433 1945 568 2021 utraque
579 1937 667 2004 idem
685 1937 810 2023 signate
829 1945 1050 2022 repraesentat,
1067 1935 1222 2006 affirmat-

102 2067 186 2132 que;
203 2055 275 2112 tum
294 2046 369 2129 quia
388 2046 467 2111 salsa
485 2045 616 2129 praecise
635 2044 821 2111 ‘falsificatur
839 2063 896 2129 per
911 2045 1087 2111 carentiam
1106 2063 1222 2112 cursus

102 2155 290 2231 existentis,
312 2153 421 2220 nuilus
441 2163 551 2220 autem
567 2160 658 2220 actus
672 2151 875 2230 falsificatur,
897 2153 957 2220 nisi
972 2172 1030 2238 per
1045 2154 1220 2220 carentiam

99 2263 152 2330 sui
170 2260 304 2348 objecti;
320 2271 392 2328 tum
407 2259 483 2345 quia
501 2279 567 2327 non
582 2269 689 2345 potest
702 2279 775 2327 esse
786 2261 952 2347 objectum
966 2271 1060 2330 actus
1072 2261 1117 2338 id,
1130 2261 1221 2346 quod

99 2372 143 2436 ab
160 2379 234 2438 actu
251 2388 316 2436 non
335 2369 522 2454 attingitur,
542 2369 600 2435 sed
620 2385 752 2452 prorsus
767 2365 948 2454 reticetur(
972 2365 998 2457 ).

169 2485 275 2562 Resp.
292 2477 345 2545 a.⁰
364 2477 450 2543 Diri.
467 2477 581 2562 Major.
598 2476 784 2543 Enuntiatio
798 2478 880 2542 haec:
894 2477 1009 2542 Petne
1024 2477 1138 2555 currit,
1154 2495 1221 2546 non

102 2595 211 2671 potest
239 2592 367 2651 mutare
392 2584 557 2671 objectum
586 2583 695 2668 quoad
720 2582 856 2649 idealem
888 2583 1219 2669 repraesentationem,

97 2714 202 2772 conc,
223 2694 333 2778 quoad
351 2711 422 2760 esse
443 2693 636 2780 physicum,
662 2700 824 2776 quatenus
842 2710 957 2758 cursus
975 2693 1059 2758 Petri
1084 2692 1221 2760 deiicere

100 2822 168 2870 non
188 2802 309 2887 possit,
340 2800 421 2867 dum
441 2819 498 2885 per
524 2801 623 2867 talem
641 2798 898 2885 propositionem
924 2802 1127 2878 enuntiatur,
1151 2820 1218 2885 neg.

100 2912 219 2996 Major:
234 2908 443 2992 nequeenim
463 2886 667 2974 connectitur
685 2908 866 2977 necessario
885 2928 961 2975 cum
980 2928 1038 2986 eo,
1058 2911 1148 2994 quod
1163 2911 1222 2977 ob-

95 3022 222 3105 jectum
234 3036 270 3083 se
284 3015 402 3083 habeat
420 3017 452 3081 in
473 3034 517 3093 re,
539 3016 623 3083 sicut
641 3014 840 3086 enuntiatur.

167 3126 205 3192 Et
222 3142 365 3191 concesso
384 3123 516 3200 Minori,
536 3143 604 3208 neg.
624 3124 767 3208 conseq.
783 3122 946 3190 Caeterum
961 3124 1139 3210 propositio
1152 3125 1217 3204 illa,

97 3236 128 3301 si
152 3250 269 3300 cursus
294 3232 377 3299 Petri
396 3232 560 3309 deiiceret,
590 3250 657 3298 non
685 3239 831 3297 maneret
852 3232 922 3298 sine
949 3233 1076 3318 objecto
1098 3233 1221 3317 signate

94 3344 218 3423 surrepto
234 3350 266 3405 et
285 3339 319 3405 in
337 3338 459 3405 ratione
476 3340 596 3426 objecti,
617 3338 693 3422 quia
712 3340 862 3405 retineret
876 3340 1026 3407 eamdem
1042 3358 1219 3425 repraesen-

96 3450 275 3526 tationem,
296 3465 414 3531 quam,
430 3446 589 3514 existente
607 3465 722 3525 cursu,
742 3446 899 3524 habebat,
919 3458 951 3514 et
967 3466 1023 3532 per
1041 3466 1142 3532 quam
1162 3448 1220 3514 ob·

92 3559 221 3641 jectum
240 3556 312 3641 ejus
329 3554 537 3622 constituitur
556 3554 588 3620 in
607 3572 678 3620 esse
697 3554 829 3640 objecti3
852 3564 999 3621 maneret
1016 3565 1130 3623 tamen
1149 3556 1219 3621 sine

95 3665 227 3753 objecto
240 3662 372 3729 exercite
383 3670 416 3727 et
427 3662 632 3749 specificative
649 3666 768 3745 sumpto
786 3662 819 3728 in
838 3681 911 3729 esse
929 3663 1030 3739 entis,
1044 3662 1151 3739 idest,
1167 3682 1220 3731 se·

95 3771 243 3837 cundum
260 3768 465 3837 existentiam
481 3770 615 3857 physice
628 3769 907 3853 exercitamque
921 3771 1091 3855 adaequate
1105 3770 1220 3837 distin·

94 3864 211 3965 guitur
223 3896 242 3943 a
256 3876 478 3962 propositione
493 3878 580 3943 iilam
593 3878 794 3943 enuntiante.
814 3877 852 3942 Et
866 3878 899 3943 in
914 3879 976 3944 hoc
988 3896 1087 3945 sensu
1101 3896 1219 3964 propo·

95 3986 173 4054 sitio
192 3994 303 4051 manet
320 3984 390 4051 sine
409 3984 553 4071 objecto,
574 3997 606 4053 et
618 3984 690 4050 ideo
705 3985 836 4069 praecise
850 3994 901 4051 est
918 3986 998 4053 falsa
1009 3982 1073 4074 (2).

163 4098 267 4161 Diees
287 4092 342 4159 2.⁰
358 4090 426 4159 Hoc
438 4090 613 4177 iudicium:
629 4094 742 4159 Petras
754 4096 803 4158 est
813 4093 912 4172 horno,
929 4112 986 4177 per
1002 4111 1097 4160 suam
1111 4111 1219 4160 essen·

93 4202 174 4267 tiam
197 4206 246 4265 est
274 4199 518 4285 repraesentatio
537 4199 632 4267 sicuti
656 4209 717 4266 est.
747 4200 831 4286 Ergo
853 4220 911 4286 per
928 4220 1022 4267 suam
1042 4201 1216 4268 essentiam

96 4316 152 4375 est
169 4308 352 4375 conformis
372 4308 478 4384 Petro,
492 4326 529 4374 ac
548 4307 682 4393 proinde
700 4326 809 4377 verus.

129 4669 172 4741 (t)
213 4654 353 4735 Lossada,
369 4668 422 4727 loe.
439 4664 502 4740 cit,
517 4687 580 4740 cap.
596 4686 636 4738 a.,
651 4686 682 4727 n.
697 4684 741 4734 ao,
759 4680 787 4728 et
800 4687 863 4740 cap.
882 4689 908 4739 r,
922 4688 952 4728 u.
971 4688 1010 4742 ¹4

133 4761 176 4831 (a)
214 4755 355 4825 Loesada,
371 4756 423 4817 loe.
441 4756 504 4829 cio,
519 4778 583 4833 cap.
598 4778 632 4830 a,
647 4778 677 4817 n.
693 4778 737 4817 aa.
