3492 5525
256 445 373 508 Anne.
392 459 451 508 au·
464 444 516 508 Au
532 461 626 506 enon.
645 461 695 508 sm
708 423 974 508 rnnurnnrurran
988 463 1086 507 vam.
1142 463 1202 526 447

187 632 292 710 Resp.
308 627 426 694 iterum
442 626 512 692 haec
526 644 598 692 esse
616 633 727 692 contra
747 643 882 692 sensum
902 645 1130 693 communem.
1145 623 1244 702 Quis·

120 751 185 818 que
205 734 291 800 enim
312 733 477 819 experitur
500 733 762 800 distinctissimas
785 751 858 800 esse
885 734 1070 801 tendentias
1092 742 1125 798 et
1142 733 1245 819 signi-

120 841 287 908 ficationes
311 840 431 908 horum
454 840 664 926 judiciorum:
693 842 805 907 Petrus
830 843 929 922 sedet·
954 842 1068 908 Petmas
1089 840 1183 922 sedit·
1210 849 1243 906 et

118 949 231 1014 Petnes
247 948 373 1015 sedebit.
393 948 431 1012 Et
450 948 511 1014 nisi
531 948 680 1014 dicamus
700 947 732 1012 in
748 947 879 1033 judiciis
900 948 1091 1034 hujusmodi
1108 957 1242 1032 tempus
1346 952 1349 973 ¹

119 1045 289 1120 intrinsece
303 1054 488 1140 significari,
509 1072 692 1138 numquam
706 1055 850 1122 sciemus
865 1074 1006 1138 proquo
1025 1064 1173 1138 tempore
1187 1074 1244 1121 ve-

119 1162 247 1230 ritatem
267 1163 386 1230 habere
403 1161 549 1228 dicende
567 1161 632 1228 sint
656 1164 739 1228 tales
764 1162 1015 1247 propositiones.
1035 1163 1191 1228 Praeterea
1209 1161 1241 1228 in

120 1271 210 1336 hunc
233 1271 371 1336 modum
396 1283 515 1354 arguo:
538 1269 661 1352 judicia
679 1272 763 1335 haec:
787 1270 939 1338 Generale
962 1269 1118 1336 dituaium
1141 1269 1247 1335 extitit

119 1377 227 1462 alimm
244 1381 389 1460 tempore,
410 1385 458 1442 et:
481 1377 632 1444 Generale
649 1376 811 1464 judicium
836 1379 949 1443 existet
968 1378 1074 1462 aluno
1098 1381 1239 1460 empore,

120 1485 172 1550 vel
199 1484 354 1551 differunt
381 1483 554 1550 intrinsece
583 1484 765 1550 secundum
795 1503 895 1550 suum
924 1477 1063 1550 modum
1087 1484 1242 1550 tendendi

119 1593 172 1658 vel
192 1610 271 1656 non.
291 1591 325 1657 Si
344 1592 510 1669 differunt,
531 1592 650 1658 salsum
670 1601 736 1669 est,
753 1593 844 1674 quod
862 1592 1036 1658 adversarii
1051 1593 1176 1669 dicunt,
1189 1594 1243 1678 ju·

119 1698 202 1764 dicia
220 1709 331 1766 nostra
346 1699 558 1784 praescindere
580 1717 674 1765 exse
692 1719 712 1764 a
730 1693 897 1784 tempore3
918 1719 1026 1783 neque
1044 1701 1133 1765 enim
1151 1699 1243 1765 aliter

118 1807 195 1872 duae
219 1807 282 1871 illae
309 1806 548 1891 propositiones
574 1791 703 1872 differre
733 1816 885 1892 possunt.
916 1807 950 1873 Si
979 1826 1046 1872 non
1072 1808 1240 1884 differunt,

119 1923 302 1998 utrumque
321 1929 435 1980 verum
454 1933 548 1998 aeque
566 1915 626 1980 erit
645 1933 747 1992 nunc,
770 1935 846 1980 nam
866 1934 908 1980 ex
921 1914 1070 2001 judiciis,
1090 1933 1164 1998 quae
1182 1933 1242 1981 nec

119 2022 152 2087 in
172 2022 299 2108 objecto
328 2022 447 2088 necin
475 2023 574 2088 modo
592 2022 746 2089 tendendi
772 2021 1052 2098 discriminantur,
1083 2041 1149 2089 non
1177 2034 1240 2100 est,

119 2148 177 2195 cur
195 2148 299 2196 unum
319 2148 385 2214 prae
414 2131 477 2196 alio
494 2149 609 2196 verum
628 2131 683 2198 sit.
705 2130 805 2214 Atqui
825 2131 888 2198 hoc
906 2148 1040 2215 prorsus
1059 2130 1241 2197 absurdum

119 2246 187 2312 est,
206 2245 241 2301 et
257 2246 371 2303 contra
395 2255 608 2303 communem
635 2237 786 2304 omnium
805 2256 960 2305 sensum:
981 2238 1123 2323 primum
1153 2238 1241 2304 enim

119 2345 327 2411 verissimum
347 2353 414 2422 est,
436 2353 469 2409 at
487 2346 626 2411 alterum
645 2347 778 2411 salsum.
896 2413 906 2430 ,

187 2452 281 2518 Adde
305 2452 395 2536 quod
413 2453 558 2520 doctrina
579 2453 841 2520 adversariorum
859 2453 1053 2520 contradicit
1070 2452 1107 2520 S.
1128 2452 1244 2537 Augu-

119 2561 206 2628 stino
234 2569 267 2626 et
293 2559 327 2628 S.
354 2557 503 2626 Thomae.
534 2561 617 2628 Nam
646 2560 680 2628 S.
710 2561 918 2647 Augustinus
947 2561 1007 2627 sibi
1036 2558 1243 2645 probandum

120 2669 262 2752 sumpsit
279 2668 453 2734 discrimen
467 2667 609 2734 scientiae
627 2667 747 2735 divinae
766 2689 784 2734 a
803 2679 915 2735 nostra
930 2671 1059 2754 praecise
1084 2689 1125 2735 ex
1142 2668 1245 2735 varie·

118 2786 187 2843 tate
204 2788 407 2860 temporum.
427 2776 499 2846 Non
517 2777 612 2853 enim,
632 2778 750 2861 inquit,
770 2796 854 2844 nure
866 2782 973 2844 nostro
995 2779 1083 2844 Deus
1099 2780 1150 2845 vet
1162 2779 1247 2863 quad

13 2884 14 2889 ’
108 2886 263 2970 sutrinum
288 2887 345 2961 est,
363 2884 529 2967 prospicit·
546 2887 597 2950 vet
612 2888 696 2970 quaet
714 2892 853 2967 praeseus
871 2890 926 2961 est,
954 2886 1247 2970 aspiciendam

114 2992 312 3077 praeteritam
332 2996 393 3069 est,
425 2992 570 3074 respuit·
595 2993 736 3059 sedatio
758 2996 848 3059 moda
870 2996 1044 3079 quodam
1064 2997 1246 3060 nostrarum

117 3100 342 3183 cogitationum
367 3100 589 3165 consuetudine
617 3102 704 3184 tange
739 3103 859 3187 lateque
889 3102 1054 3167 diuerso...
1087 3101 1246 3185 Quoniam

118 3226 184 3275 non
205 3209 289 3274 sicut
303 3210 427 3284 nostra,
452 3208 496 3273 ita
522 3210 555 3273 et
574 3211 643 3295 ejus
660 3227 780 3293 quoqne
803 3210 948 3287 sca'entra,
968 3210 1065 3276 trium
1078 3214 1245 3292 ternpoeum

113 3317 279 3399 prasente
296 3316 453 3391 videlicet,
473 3318 507 3381 et
512 3317 676 3398 preteriti,
691 3320 724 3383 et
729 3318 841 3402 sutrari
857 3318 1007 3384 varietate
1024 3314 1189 3405 manue(
1214 3316 1241 3405 ).

188 3422 312 3490 Similia
329 3425 426 3489 docet
443 3422 477 3488 S.
499 3422 644 3491 Thomas
663 3442 730 3490 non
749 3443 816 3491 uno
835 3426 868 3491 in
887 3427 959 3492 loco
977 3422 1042 3513 (2).

189 3530 282 3598 Plura
300 3530 423 3597 dabunt
441 3530 562 3596 laudati
580 3538 741 3609 auctores,
758 3551 795 3597 ac
813 3531 1023 3615 potissimum
1043 3532 1197 3598 Lossada.

188 3644 420 3707 Confirmatur
445 3638 623 3722 propositio
642 3640 831 3707 auctoritate
851 3639 886 3707 S.
908 3638 1062 3717 Thomae,
1091 3640 1243 3725 quicum

118 3750 205 3813 hanc
222 3745 283 3811 sriri
301 3745 493 3813 solvendam
514 3748 729 3829 quaestionem
751 3748 988 3832 proposuisset:
1012 3747 1126 3814 Unum
1145 3764 1245 3813 enun-

117 3854 228 3921 tiabile
246 3854 342 3919 snnet
362 3870 489 3931 wum,
517 3854 563 3919 sit
583 3862 702 3938 semper
718 3872 843 3933 aarum,
865 3854 912 3922 sic
930 3856 1108 3939 respondit:
1129 3855 1246 3921 Duen·

116 3964 198 4027 dum
223 3962 308 4047 qamt
329 3961 421 4048 trum
443 3961 648 4028 dubitationis
665 3963 715 4028 ais
741 3962 777 4028 in
799 3964 853 4029 hoc
871 3963 1029 4039 consistit,
1054 3966 1094 4029 ut
1111 3962 1241 4039 sciatur,

116 4072 229 4135 utrum
245 4068 290 4134 sit
304 4067 388 4133 idem
404 4070 608 4147 enuntiabile,
630 4072 715 4154 quad
731 4073 780 4135 est
799 4072 838 4136 de
858 4070 1025 4154 prasenti,
1040 4069 1200 4153 preterita
1217 4072 1250 4135 et

106 4177 241 4262 sutura.
261 4166 301 4241 Si
316 4175 400 4269 enim
422 4176 477 4242 tac
495 4196 603 4244 uerum
618 4178 674 4255 sit,
702 4196 890 4263 consequens
903 4179 980 4253 erit,
1004 4180 1088 4263 quod
1103 4177 1248 4244 enuntia-

117 4286 200 4361 bile,
223 4286 308 4369 quad
336 4284 432 4349 senui
456 4289 503 4351 est
528 4301 655 4364 aarum,
677 4294 798 4370 semper
821 4288 886 4354 erit
909 4304 1039 4365 amun,
1074 4286 1148 4352 licet
1163 4287 1249 4373 sorte

156 4556 199 4620 (1)
235 4550 269 4611 S.
285 4552 364 4626 Aug.
379 4553 424 4612 De
437 4551 643 4623 CivitateDei,
655 4551 706 4611 lib.
726 4572 768 4625 ιι,
784 4573 849 4627 cap.
861 4573 908 4613 21.

156 4643 200 4713 (a)
234 4640 312 4701 Vide
329 4663 353 4699 1.
370 4662 398 4714 p.
414 4660 444 4715 q.
462 4642 505 4712 16,
520 4662 547 4701 a.
569 4641 740 4716 8ad4.⁸⁸;
763 4645 808 4704 De
834 4642 938 4715 Venit,
953 4662 984 4713 q.
1002 4662 1026 4712 r,
1045 4660 1205 4719 a.5corp.,
1220 4658 1250 4707 et

13 4802 14 4827 ᾖ
115 4746 175 4793 art.
188 4730 218 4801 6,
229 4730 268 4790 ad
279 4726 445 4799 o.··,vide
455 4729 598 4803 Lossada,
613 4731 668 4793 loc.
681 4731 732 4794 cit.
747 4752 778 4794 n.
792 4734 856 4807 4·8.
