3492 5525
333 402 341 431 t

322 453 400 519 Can.
421 471 489 519 rum
504 456 594 534 Quro
609 476 650 521 er
664 473 867 533 Quorurcsx
881 470 1058 525 neruosus
1135 462 1208 531 1053

987 556 1251 570 ———--=·

127 637 234 721 inquit
251 638 425 724 Cajetanus
443 638 676 716 Sanseverino,
696 639 785 723 quod
804 638 864 704 alia
886 658 927 704 ex
952 636 1021 703 aliis
1040 631 1249 719 Philosophis

128 746 283 830 dogmata
298 746 368 813 sine
388 748 454 812 ullo
473 747 586 813 ordine
604 759 757 832 certoque
778 746 933 831 principio
952 744 1091 811 corradit
1105 753 1137 807 et
1155 760 1249 807 com-

130 852 245 936 ponit»
270 850 335 940 (r).
355 853 425 933 lam
446 871 502 938 per
530 874 564 921 se
591 865 679 938 patet
702 854 915 941 syncreticam
944 852 1156 925 methodum,
1187 852 1249 915 hoc

129 970 222 1044 pacto
237 961 447 1037 intellectam,
461 962 636 1028 intrinseco
649 961 726 1028 vilio
739 963 895 1027 laborare.
911 961 958 1025 De
971 960 1248 1025 mothodoautem

129 1068 279 1134 eclectica
302 1077 410 1152 potest
435 1088 508 1135 esse
536 1071 639 1155 major
657 1069 828 1137 dubitatio.
848 1067 931 1145 Quis
949 1069 1035 1133 enirn
1053 1070 1125 1152 jure
1145 1084 1252 1149 repre-

128 1176 250 1242 hendat
267 1177 413 1242 studium
434 1178 559 1262 optima
585 1197 725 1261 quaeque
751 1176 926 1261 seligendi,
947 1184 1073 1260 etapte
1092 1176 1123 1241 in
1146 1193 1251 1240 unum

129 1301 248 1366 corpus
266 1283 451 1349 conflandi?
479 1285 665 1354 Commune
685 1294 795 1351 tamen
819 1285 935 1351 vitium
966 1283 1025 1349 luit
1051 1283 1249 1357 scholarum,

129 1409 203 1472 quae
221 1402 346 1457 vocatae
365 1400 443 1457 sunt
464 1391 639 1468 eclecticae,
666 1393 814 1459 delectus
842 1392 957 1459 criterii
976 1390 1054 1456 certi
1079 1410 1115 1455 ac
1133 1388 1249 1466 securi,

129 1501 247 1581 quoin
272 1502 398 1567 delectu
418 1502 652 1568 contrariarum
680 1502 898 1568 doctrinarum
927 1500 1071 1565 iaciendo
1096 1500 1252 1565 duceren-

128 1616 193 1672 tur.
217 1608 299 1673 llinc
317 1629 356 1673 eo
375 1628 411 1675 se
437 1610 537 1675 modo
566 1610 631 1674 tere
650 1617 843 1694 gesserunt,
868 1628 936 1692 quo
955 1610 1061 1674 solent
1088 1626 1123 1672 se
1141 1625 1251 1691 gerere

128 1715 171 1779 illi
191 1716 402 1793 mediatores,
423 1718 525 1799 quiin
547 1737 757 1801 quacumque
776 1716 985 1782 contentione
997 1716 1116 1800 iubent
1131 1724 1254 1780 utram-

128 1842 192 1905 que
208 1832 333 1906 partem
352 1823 566 1890 dissidentem
587 1826 745 1903 nonnihil
765 1827 805 1891 de
824 1843 884 1891 sua
898 1822 1059 1890 sententia
1075 1824 1250 1899 remittere,

128 1931 169 1995 ad
187 1930 366 1996 ineundam
386 1932 534 1997 videlicet
560 1932 779 2000 concordiam.
805 1932 882 2008 Quo
902 1933 980 2016 quid
1005 1931 1178 1998 absurdius
1197 1949 1253 1996 ex·

128 2039 260 2123 cogitari
281 2039 406 2123 possit?
425 2039 611 2124 Saepissime
631 2059 773 2124 namque
791 2039 845 2115 ht,
867 2048 904 2105 ut
918 2042 1016 2105 altera
1030 2050 1158 2105 tantum
1178 2056 1252 2123 pars

128 2145 299 2211 veritatem
325 2166 361 2211 ac
378 2147 539 2231 justitiam
569 2156 725 2223 sectetur,
755 2150 853 2214 altera
880 2146 1008 2231 penitus
1028 2156 1128 2213 erret:
1151 2147 1250 2211 altera

127 2252 309 2319 doctrinam
330 2253 497 2319 evidenter
517 2274 627 2319 veram
651 2265 796 2331 tueatur,
826 2257 926 2320 altera
953 2255 993 2319 de
1021 2272 1127 2319 errore
1149 2254 1251 2318 mani-

128 2362 209 2427 feste
236 2362 459 2428 convincatur.
490 2361 589 2444 Atqui
619 2382 731 2427 verum
752 2382 828 2428 cum
853 2381 960 2428 errore
986 2362 1018 2426 in
1043 2359 1248 2427 concordiam

1296 857 1425 905 Coniuratur

128 2487 278 2533 revocare
296 2469 386 2534 netas
401 2476 461 2535 est.
484 2470 593 2551 ltaque
613 2471 791 2556 absurdum
813 2480 862 2535 est
887 2478 920 2534 et
945 2468 1122 2553 scepticum
1150 2485 1247 2551 opuS,
1325 2496 1327 2503 ⁴

128 2577 211 2639 velle
226 2576 299 2641 hinc
314 2577 390 2642 inde
404 2577 489 2643 varia
505 2577 725 2643 doctrinarum
739 2578 964 2662 oppositarum
980 2576 1083 2660 capita
1097 2576 1129 2641 in
1146 2594 1247 2640 unum

127 2701 246 2768 corpus
264 2683 432 2770 colligere;
455 2704 514 2749 nec
534 2684 600 2750 fleri
626 2694 750 2770 potest,
780 2685 1061 2769 quemadmodum
1086 2684 1165 2750 scite
1192 2684 1251 2748 ob·

128 2802 236 2857 servat
256 2793 431 2877 Cajetanus
450 2793 687 2870 Sanseverino,
705 2793 784 2876 quin
804 2794 1044 2860 Eclecticismus
1059 2791 1247 2877 hujusmodi

128 2900 219 2965 omni
238 2918 353 2964 norma
373 2901 564 2983 criterioque
593 2901 769 2966 destitutus
789 2902 822 2967 in
841 2901 1094 2987 syncretismum
1118 2899 1247 2976 evadat,

128 3007 395 3090 inconditamque
416 3008 607 3092 farraginem
628 3009 766 3074 invicem
799 3009 1052 3094 repugnantium
1074 3006 1251 3074 sententia-

128 3133 201 3180 rum
220 3116 387 3200 exhibeat,
405 3115 503 3199 ldque
523 3118 629 3183 multo
648 3116 833 3183 evidentius
852 3125 984 3201 apparet
999 3117 1031 3182 in
1051 3114 1249 3182 Cousiniano

128 3221 356 3287 eclecticismo.
392 3223 504 3289 Victor
535 3224 622 3290 enim
659 3224 799 3301 Cousin,
838 3224 1120 3308 quemadmodum
1158 3222 1249 3288 initio

127 3329 286 3406 diximus,
317 3331 475 3396 abnorme
496 3332 576 3397 illud
603 3352 639 3397 ac
667 3352 743 3397 vere
769 3330 977 3416 peregrinum
1003 3331 1116 3398 statuit
1133 3329 1251 3415 princi-

128 3437 235 3520 pium,
251 3457 392 3504 errorem
407 3446 525 3520 purum
542 3441 656 3506 cadere
675 3441 708 3505 in
726 3453 871 3506 mentem
893 3442 1070 3504 humanam
1092 3458 1157 3504 non
1173 3457 1250 3522 pos-

127 3563 180 3620 se,
202 3564 411 3629 erroremque
431 3566 498 3612 non
513 3566 585 3612 esse
606 3546 665 3612 nisi
687 3546 856 3613 veritatem
877 3548 1128 3631 incompletam,
1149 3562 1250 3630 quare

127 3645 420 3740 nullum‘systema
439 3656 701 3738 philosophicum
728 3656 813 3732 dari,
839 3658 929 3739 quod
954 3656 1070 3722 salsum
1091 3655 1135 3720 sit
1162 3654 1251 3738 peni-

126 3770 196 3836 tus,
228 3762 311 3827 sicut
340 3765 467 3828 nullum
499 3783 633 3847 quoque
664 3765 776 3841 datur,
807 3766 896 3847 quod
921 3765 1050 3848 plenam
1078 3762 1248 3829 veritatem

126 3868 308 3961 possideat,
331 3889 408 3935 cunr
429 3871 546 3937 veritas
565 3872 708 3954 dispersa
727 3872 785 3948 sit,
807 3891 843 3936 ac
866 3871 949 3939 inter·
967 3889 1084 3938 omnes
1103 3870 1249 3937 Philoso-

127 3977 268 4060 phorum
292 3978 423 4044 scholas
443 3997 499 4062 per
518 3987 625 4062 partes
654 3979 836 4048 distributa.
868 3981 944 4058 Quo
963 3980 1050 4064 jacto
1078 3977 1246 4063 principio,

162 4194 202 4258 (r)
238 4191 388 4248 Elementa
402 4191 602 4266 Philosophiae
615 4165 783 4251 cbristchuoe
802 4194 879 4270 Log.
890 4157 891 4162 ἵ
902 4194 980 4272 Pars
999 4193 1085 4252 terlio
1100 4213 1181 4250 num.
1205 4213 1248 4276 33,

126 4288 157 4347 in
170 4301 248 4346 nota.
267 4289 380 4361 «Origo
394 4289 471 4347 vocis
483 4305 542 4357 est,
558 4291 652 4364 pergit
666 4291 741 4349 idem
756 4293 880 4362 Auctor,
896 4313 912 4351 a
928 4295 1014 4352 verbo
1028 4281 1248 4376 τυγκρητιθειν,

123 4379 235 4450 quoda
263 4394 318 4436 συν
336 4380 437 4448 (cum)
464 4393 492 4438 et
519 4371 627 4463 Κρητη
643 4362 764 4452 (Crelb)
777 4383 978 4454 componitur,
995 4381 1063 4455 quia
1083 4381 1248 4451 Cretenses,

123 4491 198 4535 teste
214 4477 371 4535 Plutarcho
384 4479 435 4546 (dc
450 4479 531 4536 Fiat.
548 4500 659 4549 amore,
676 4479 753 4551 Opp.
768 4493 837 4538 tom.
857 4481 897 4551 ll,
914 4501 982 4553 pag.
994 4500 1049 4554 490
1065 4479 1109 4540 ed.
1128 4481 1251 4552 Xiland)

121 4567 231 4624 crebris
250 4568 440 4626 seditionibus
455 4568 595 4641 bellisque
611 4570 750 4628 civilibus
765 4573 932 4646 exagitati,
946 4572 1128 4629 extrinsecus
1143 4571 1251 4630 aduen-

122 4657 251 4713 tantibus
267 4658 414 4727 hostibus,
428 4665 527 4731 pacem
541 4670 567 4716 et
581 4661 746 4717 societatem
762 4662 924 4720 coiverunt.
940 4659 970 4718 ls
987 4663 1060 4719 euim
1076 4671 1153 4732 erat,
1169 4681 1249 4738 quem

122 4745 186 4821 ipsi
197 4748 386 4821 appellebant
403 4747 653 4820 Syncrelismum.»
