3492 5525
548 444 605 507 492
662 364 791 489 'Lootcn
808 424 1037 498 Maroae-Lm.
1057 439 1125 487 ψ.
1139 423 1226 488 ursa.
1244 438 1288 487 a.·
1303 424 1381 488 Cae.
1399 429 1476 488 aaut

871 766 1172 842 ARTICULUS
1195 766 1260 841 III.

687 936 756 1001 De
777 934 1136 1037 proprietatibus
1154 918 1471 1000 oertitudinis.'

511 1196 514 1201 a
575 1147 626 1213 Ad
645 1149 880 1216 enucleandam
899 1146 1103 1215 certitudinis
1122 1156 1286 1223 naturam,
1307 1147 1401 1213 valde
1416 1148 1535 1231 juvant
1551 1166 1637 1212 non·
1730 1163 1731 1194 t

482 1286 484 1291 ·
509 1255 606 1321 nullae
628 1258 843 1339 quaestiones,
865 1275 940 1341 quae
963 1257 1116 1323 attributa
1142 1255 1227 1321 illius
1255 1254 1508 1338 affectionesque
1529 1254 1635 1339 respi-
1730 1283 1731 1334 q

472 1363 615 1443 jciunt,
651 1365 766 1447 quales
797 1373 876 1431 sunt
903 1364 1062 1430 connexio
1091 1363 1238 1449 ejusdem
1277 1381 1353 1429 curn
1384 1362 1563 1437 evidentia,
1599 1371 1634 1426 et
1730 1393 1731 1404 κ

507 1471 670 1556 graduum
691 1474 828 1539 varietas
847 1491 884 1538 ac
903 1472 1113 1557 principium:
1136 1471 1177 1536 de
1194 1470 1315 1553 quibus
1334 1469 1470 1555 proinde
1489 1469 1636 1535 breviter

508 1580 672 1663 agendum
694 1588 755 1646 est.

555 1758 608 1825 57.
657 1741 851 1809 Pnoeosrrro
871 1748 918 1806 1.·
941 1748 1020 1808 Non
1034 1754 1089 1808 eet
1101 1744 1145 1807 de
1161 1746 1313 1809 essentia
1330 1744 1548 1807 certitudinis
1560 1745 1636 1807 evi-
1730 1733 1731 1740 ’

507 1852 639 1927 dentis,
656 1853 718 1917 sed
736 1862 834 1915 actus
848 1862 964 1915 certus
983 1871 1064 1916 esse
1080 1862 1208 1931 potest,
1228 1854 1312 1931 quin
1332 1853 1379 1915 sit
1390 1851 1553 1923 evidens,
1572 1860 1636 1913 aut
1730 1835 1731 1860 ’

509 1978 552 2025 ex
569 1961 737 2038 objectiva
755 1962 806 2023 rei
819 1960 993 2024 evidentia
1013 1960 1185 2039 procedat.

575 2116 804 2202 Supponimus
814 2117 865 2183 hic
878 2116 1046 2183 notionem
1062 2116 1245 2194 evidentia,
1258 2135 1333 2201 quae
1343 2124 1633 2200 moxexponetur.

577 2231 744 2293 Probatur
766 2231 814 2292 1.⁰
835 2226 920 2294 Nam
939 2234 1031 2291 actus
1050 2224 1169 2290 divinae
1183 2224 1268 2290 Fidei
1288 2224 1545 2310 supernaturalis
1562 2242 1636 2289 cer-

335 2326 456 2430 „m‘jassio
510 2334 657 2401 tissimus
686 2343 753 2411 est,
781 2341 819 2399 ut
845 2333 1067 2417 supponimus
1094 2352 1136 2399 ex
1163 2333 1310 2399 Ecclesiae
1339 2332 1499 2399 doctrina.
1530 2332 1636 2416 Atqui
1730 2325 1731 2332 ’

338 2458 358 2501 r'
374 2458 432 2502 enta
458 2487 463 2501 ·
510 2452 623 2508 tamen
643 2440 806 2508 evidentia
824 2440 960 2505 minime
983 2440 1117 2527 gaudet.

576 2551 664 2616 ldem
690 2549 865 2615 dicendum
895 2556 945 2613 est
964 2547 1005 2614 de
1032 2548 1298 2614 conclusionibus
1317 2516 1502 2631 theologice
1519 2548 1634 2613 certis.

510 2660 620 2742 Atque
645 2658 720 2723 inde
748 2654 893 2722 exoritur
919 2656 1076 2739 quaestio,
1106 2673 1146 2721 an
1171 2654 1348 2741 Theologia
1376 2653 1564 2740 dogmatica
1593 2655 1638 2721 sit

510 2767 653 2844 scientia,
674 2774 707 2830 et
726 2772 835 2830 utrum
855 2765 897 2829 ad
920 2763 988 2830 veri
1004 2763 1146 2829 nominis
1164 2763 1333 2829 scientiam
1360 2764 1544 2847 requiratur
1567 2765 1639 2829 evi-

509 2873 630 2949 dentia,
649 2891 689 2938 an
714 2890 792 2939 vero
811 2871 951 2938 sufficiat
968 2870 1143 2936 certitudo:
1164 2889 1231 2953 qua
1249 2871 1289 2936 de
1314 2889 1347 2935 re
1370 2869 1444 2936 alibi
1464 2870 1637 2956 disputan-

510 2981 589 3046 dum
610 2990 670 3046 est.

577 3095 679 3156 Prob.
701 3096 750 3154 2.⁰
785 3085 858 3151 Non
893 3097 1053 3170 repugnat
1072 3085 1139 3150 dari
1159 3084 1321 3180 motivum
1341 3103 1515 3162 assensus,
1543 3089 1638 3170 quod

512 3216 577 3265 non
597 3197 705 3263 solum
725 3194 766 3262 sit
784 3191 1011 3259 firmissimum
1030 3193 1063 3259 in
1090 3211 1125 3258 se
1144 3211 1344 3277 prorsusque
1366 3191 1548 3270 infallibile,
1576 3196 1638 3259 sed

512 3306 609 3371 etiam
630 3315 800 3387 tamquam
825 3299 1055 3366 rationabiliter
1079 3298 1291 3366 indubitabile
1315 3311 1516 3385 proponatur
1538 3299 1639 3366 intel·
1730 3382 1731 3395 ἵ

511 3411 626 3488 lectui,
649 3409 802 3494 quamvis
822 3416 975 3474 nontam
996 3406 1163 3475 evidenter
1185 3415 1337 3493 appareat
1360 3409 1431 3492 ejus
1449 3407 1636 3483 existentia,
1730 3410 1731 3443 l

512 3530 548 3586 ut
569 3537 635 3586 non
663 3515 767 3603 possit
791 3518 907 3582 saltem
927 3515 1228 3600 imprudentissime
1252 3517 1287 3582 in
1313 3515 1453 3582 dubium
1478 3517 1636 3584 revocari.
1730 3538 1731 3541 ¹

512 3627 611 3712 Atqui
632 3625 795 3692 motivum
825 3623 1015 3710 hujusmodi
1034 3641 1204 3689 assensum
1228 3623 1363 3709 gignere
1382 3623 1481 3690 debet
1506 3633 1637 3690 eertum

512 3735 611 3802 simul
632 3742 664 3798 et
678 3731 912 3799 inevidentem.
929 3730 1054 3816 Ergo...

578 3847 690 3925 Major
712 3838 882 3905 manifesta
901 3847 951 3904 est
971 3839 1004 3903 in
1024 3838 1221 3904 revelatione
1238 3837 1360 3913 divina,
1381 3839 1475 3923 cujus
1493 3839 1639 3905 existen·

512 3951 556 4017 tia
584 3949 626 4014 ita
656 3944 928 4032 irrefragabilibus
957 3945 1159 4031 argumentis
1186 3945 1384 4020 ostenditur,
1405 3964 1480 4028 quae
1506 3947 1639 4012 nullum

514 4057 697 4141 relinquant
709 4057 818 4120 locum
828 4053 1014 4120 rationabili
1029 4072 1066 4119 ac
1086 4053 1239 4138 prudenti
1258 4053 1371 4130 dubio,
1385 4053 1459 4118 iicet
1471 4068 1642 4137 nequeant

514 4165 683 4250 impedire,
705 4182 747 4229 ne
762 4162 954 4247 imprudens
973 4161 1082 4244 aliqua
1100 4161 1241 4227 formido
1258 4162 1311 4226 vel
1334 4162 1509 4246 scrupulus
1528 4163 1642 4245 pulset

515 4273 676 4342 animum.
705 4271 768 4338 Vix
787 4271 875 4337 enim
904 4270 1008 4336 ullum
1032 4269 1225 4335 estfactum
1250 4268 1439 4336 historicum
1464 4278 1641 4353 tamquam

515 4393 640 4448 certum
664 4377 884 4446 communiter
911 4376 1112 4452 admissum,
1143 4377 1233 4460 quod
1260 4388 1327 4443 tatn
1351 4377 1471 4444 invicte
1498 4377 1644 4446 demon·

516 4479 705 4564 stretur,”ac
724 4485 929 4553 revelationis
947 4484 1131 4553 existentia.
1257 4479 1265 4492 ⁸

582 4603 699 4665 Minor
717 4597 815 4662 etiam
838 4604 938 4680 patet.
959 4591 1045 4669 Quia
1065 4593 1227 4660 motivum
1248 4593 1436 4678 hujusmodi
1455 4610 1569 4662 revera
1587 4595 1645 4660 fir·

517 4705 702 4772 missimum
730 4713 797 4779 est,
836 4713 868 4770 et
897 4701 1010 4785 nequit
1038 4719 1103 4766 non
1140 4719 1312 4768 assensum
1345 4719 1478 4787 quoque
1502 4702 1644 4790 gignere
