3492 5525
547 458 602 525 542
657 442 780 507 Loorca
795 442 1028 516 MaJoa-Lrs.
1048 458 1114 505 μ’.
1132 442 1224 505 Drse.
1241 455 1284 524 3.¹
1299 441 1379 505 Cae.
1396 456 1467 506 aum

549 634 656 711 objic.
690 628 743 697 §.⁰
792 652 809 689 ι(
819 626 1019 694 constitutio
1047 626 1116 710 ipsa
1146 634 1269 693 naturae
1297 624 1452 692 instinctu
1479 626 1632 708 quodam

505 754 566 802 nos
584 735 714 801 adducit
732 735 772 801 ad
790 734 980 801 tribuendas
998 734 1057 801 toti
1077 732 1193 817 speciei
1212 734 1400 815 qualitates,
1421 750 1503 816 quas
1521 733 1555 798 in
1577 730 1636 797 in·

504 843 645 908 dividuis
663 840 786 928 experti
801 860 931 909 sumus.
953 842 991 907 vi
1010 839 1185 909 instinctus
1199 841 1298 926 hujus
1317 858 1378 907 nos
1395 839 1550 910 citissime
1563 840 1635 905 sci-

421 1034 426 1043 !
506 968 580 1016 mus
599 950 709 1036 ignem
728 950 937 1026 comburere,
953 968 1071 1033 aquam
1091 949 1295 1032 refrigerare,
1311 966 1447 1032 corpora
1464 947 1633 1023 decidere,

505 1076 624 1141 panem
645 1058 800 1125 nutrire.»
822 1059 867 1124 ita
886 1055 1032 1123 Thomas
1050 1054 1132 1123 Reid
1150 1053 1215 1143 (ι).

571 1172 676 1248 Resp.
702 1184 778 1249 neg.
807 1167 876 1231 haec
897 1164 1063 1231 instinctui
1090 1172 1213 1230 naturae
1236 1182 1322 1229 caeco
1347 1161 1519 1229 tribuenda
1537 1180 1632 1230 esse.

506 1264 589 1337 Nam
605 1272 792 1356 hujusmodi
801 1272 939 1356 judicia,
955 1272 1080 1355 aliaque
1092 1269 1210 1337 similia
1223 1270 1435 1345 universalia,
1451 1290 1514 1355 ope
1527 1269 1634 1337 indu·

505 1378 621 1445 ctionis
639 1388 673 1445 et
691 1380 899 1463 experientiae
917 1380 1115 1466 colliguntur
1134 1379 1234 1444 modo
1254 1378 1370 1462 partim
1385 1378 1546 1444 declarato
1558 1374 1631 1465 (a),

506 1487 622 1573 partim
642 1487 834 1554 declarando
852 1483 918 1574 (3).

875 1768 1176 1845 ARTICULUS
1198 1769 1246 1843 II.

572 1938 740 2023 Utpum
758 1937 972 2015 generale
990 1954 1044 2001 ao
1061 1953 1338 2016 supremum
1356 1938 1562 2003 veritatis

735 2047 738 2058 ’
773 2063 1005 2128 oriterium
1025 2064 1073 2127 in
1090 2064 1363 2127 auctoritate

864 2170 1186 2271 reponendum
1203 2192 1274 2257 sit.

403 2474 429 2505 us
551 2458 606 2528 90.
655 2414 813 2517 Attende,
829 2440 908 2523 quid
918 2448 1080 2523 quaeratur
1094 2441 1126 2505 in
1138 2442 1199 2506 hoc
1212 2441 1361 2506 articulo:
1380 2459 1446 2507 non
1458 2440 1628 2524 quaeritur,

506 2568 547 2615 an
566 2547 739 2615 auctoritas
758 2548 799 2615 sit
818 2548 999 2623 criterium,
1021 2548 1190 2632 possitque
1214 2548 1246 2613 in
1273 2549 1383 2631 aliquo
1401 2548 1631 2635 cognitionum

506 2656 617 2721 ordine
637 2656 797 2721 motivum
818 2656 1025 2739 suppeditare
1044 2656 1261 2738 certitudinis;
1282 2657 1341 2722 sed
1363 2675 1405 2721 an
1432 2656 1474 2722 sit
1501 2656 1632 2722 undum

505 2775 537 2831 et
553 2771 729 2848 supremum
749 2784 808 2849 pro
827 2764 973 2847 qualibet
990 2773 1077 2831 certa
1095 2763 1294 2849 cognitione.

299 2888 490 2937 Traditionalistis.
570 2871 760 2956 Turpissimi
789 2870 1075 2939 Rationalistarum
1099 2890 1222 2938 errores
1249 2891 1321 2937 eam
1345 2871 1430 2938 inter
1454 2873 1532 2939 alias
1555 2892 1632 2958 per·
1741 2884 1742 2953 i

504 2978 619 3046 niciem
639 2987 838 3064 genuerunt,
855 2988 892 3070 ut
911 2979 1177 3045 Traditionalistis
1192 2980 1224 3044 in
1240 2978 1320 3044 alios
1335 2979 1631 3063 periculosissimos
1741 2974 1742 3063 i

504 3105 628 3153 errores
647 3086 774 3152 labendi
794 3087 998 3153 occasionem
1013 3105 1193 3171 ansamque
1212 3087 1421 3172 praebuerint.
1437 3085 1524 3154 Dum
1538 3089 1630 3154 enim

503 3195 547 3260 illi
567 3194 724 3260 rationem
745 3195 820 3278 plus
844 3213 943 3278 aequo
966 3195 1144 3271 extollunt,
1165 3195 1197 3259 hi
1222 3203 1333 3260 contra
1355 3194 1430 3278 plus
1452 3213 1547 3280 aequo
1572 3195 1633 3260 de·
1741 3200 1742 3237 r

459 3283 462 3290 ’
504 3301 667 3384 primunt,
689 3300 864 3367 inhabilem
884 3301 974 3366 iliam
993 3321 1050 3386 per
1068 3319 1104 3367 se
1123 3310 1310 3386 reputantes
1324 3303 1366 3367 ad
1379 3300 1523 3368 veritatis
1539 3321 1632 3368 asse-

504 3409 670 3476 cutionem
690 3407 753 3496 (4).

539 3646 579 3707 (r)
615 3641 742 3699 OEuures
759 3642 935 3714 completes,
953 3653 976 3703 t.
990 3660 1018 3714 4.
1033 3641 1136 3698 Essais
1148 3661 1200 3698 sur
1217 3642 1260 3700 ies
1271 3644 1406 3713 secuites
1434 3643 1469 3701 de
1489 3641 1514 3701 1¹
1534 3643 1641 3719 aspris

505 3732 641 3800 humeris,
658 3729 744 3788 Essai
760 3749 790 3804 5,
805 3731 890 3802 chap.
905 3721 940 3800 6',
957 3729 1030 3788 trad.
1048 3749 1100 3800 par
1111 3729 1253 3805 Jouffroy.

539 3827 579 3888 (a)
615 3821 692 3879 Vide
706 3839 773 3892 quae
786 3819 822 3878 de
836 3819 1007 3878 inductione
1020 3819 1097 3878 dicta
1112 3836 1183 3880 sunt
1197 3841 1287 3893 supra
1301 3821 1332 3880 in
1348 3821 1457 3896 Logica
1467 3821 1586 3881 Minori.

539 3918 579 3982 (3)
617 3909 692 3969 Vide
719 3909 843 3968 dicenda
867 3910 943 3968 eirca
973 3911 1093 3969 modum
1126 3909 1282 3984 colligendi
1309 3911 1470 3985 principia,
1502 3911 1626 3995 inferius

506 4019 538 4060 n.
554 4020 630 4074 ²07·-

473 4152 476 4159 ,
539 4095 580 4163 (4)
617 4090 698 4150 Cette
712 4089 810 4146 raison
830 4089 982 4156 hauteine,
1005 4087 1122 4161 scripsit
1136 4088 1269 4149 Felicitas
1282 4090 1319 4149 de
1333 4090 1522 4160 Lamennais,
1538 4112 1622 4151 osera

502 4189 608 4238 uenter
621 4199 657 4237 sa
667 4180 832 4254 graadeur,
848 4187 876 4237 ei
890 4178 919 4236 ε’
933 4179 1126 4252 energueiiit'r
1140 4181 1353 4250 insolemrnent,
1366 4183 1522 4239 aumiiieu
1535 4184 1626 4240 deses

503 4270 857 4341 domaiuessontastiques
871 4269 944 4326 etde
955 4269 1150 4327 sesrichcsses
1162 4270 1363 4344 imagineires.
1377 4277 1545 4330 rdeemlui
1554 4279 1630 4329 donc

503 4363 596 4418 sentit
617 4379 652 4418 sa
670 4359 859 4434 prodigieuse
882 4359 1051 4434 indigerem,-
1074 4359 1319 4433 depoua'ilons-lo,
1340 4379 1446 4419 comme
1468 4383 1509 4420 un
1529 4362 1576 4419 roi
1593 4364 1628 4419 de

505 4451 617 4508 ihddire
630 4450 725 4507 deses
738 4455 884 4507 decernens
898 4455 1077 4524 cmpruntes,
1092 4457 1120 4506 et
1134 4470 1187 4522 que
1197 4469 1229 4507 se
1242 4459 1349 4524 voyani
1363 4451 1430 4509 teile
1444 4450 1488 4525 pu'
1502 4452 1561 4509 eila
1574 4460 1626 4518 est,

504 4559 572 4608 reue,
590 4539 778 4609 dissiliente,
794 4539 851 4596 elie
864 4545 1010 4614 apprenne
1026 4545 1044 4594 ὰ
1058 4535 1086 4595 s'
1099 4538 1248 4608 humilier,
1264 4549 1291 4597 et
1306 4545 1325 4596 d
1338 4541 1442 4616 rougir
1456 4543 1491 4598 de
1509 4560 1563 4598 son
1577 4561 1630 4598 ex*

505 4637 682 4704 travagnano
695 4629 898 4703 presomption.
912 4627 1002 4687 Essci
1012 4647 1064 4686 sur
1079 4624 1103 4685 l'
1117 4628 1302 4698 indifference
1323 4649 1359 4696 en
1379 4631 1497 4690 masere
1513 4631 1550 4689 de
1572 4631 1630 4691 Re·

503 4719 618 4796 ligion,
634 4731 705 4778 tom.
720 4738 753 4788 a,
768 4717 815 4777 eh.
839 4738 881 4790 ¹3·
