3492 5525
559 410 635 490 1038
675 412 800 477 Loorca
813 412 1042 486 Maron-Lm.
1059 423 1130 489 ψ,
1148 412 1235 476 Drso.
1250 426 1294 495 4·
1309 412 1388 475 Car.
1405 428 1476 495 aum
1503 374 1506 379 Δ

517 595 681 671 accidens,
715 597 806 680 quod
833 606 920 663 certe
953 594 1209 663 minusnotum
1247 604 1313 671 est,
1343 612 1444 678 quam
1481 592 1632 659 sensibile

516 721 706 771 commune.

324 842 474 899 rumpha..
580 816 700 878 Tertia
716 816 822 879 etiam
839 834 920 895 pars
939 811 1104 895 probatur.
1118 810 1202 876 Nam
1223 809 1453 894 Metaphysicae
1468 808 1631 892 objectum

327 930 378 997 '⁶¹9
391 912 473 995 'tell‘
515 935 592 981 cum
611 918 652 984 sit
671 919 779 984 omnis
798 937 913 1003 expers
932 918 1090 993 materiae,
1111 935 1276 983 summam
1300 915 1397 981 habet
1421 914 1634 987 immutabili·

256 1068 259 1072 >
345 995 455 1104 {fffi
514 1032 615 1090 tatem
635 1044 671 1090 ac
691 1022 917 1091 necessitatem
938 1026 970 1092 in
990 1022 1114 1108 seipso,
1136 1044 1172 1089 ac
1191 1020 1326 1108 proinde
1344 1042 1476 1089 summa
1496 1042 1629 1107 quoque

333 1130 462 1213 aenimate,
513 1139 564 1196 est
588 1132 723 1217 hujusce
743 1132 887 1198 scientiae
909 1132 1069 1218 objectiva
1093 1131 1263 1197 certitudo.
1287 1133 1329 1197 At
1359 1132 1402 1197 ob
1428 1150 1501 1195 eam
1530 1130 1631 1213 ipsam

299 1203 497 1319 ωζζῗζζῗῖζ,
512 1256 644 1304 causam
663 1240 826 1323 objectum
846 1238 1076 1327 Metaphysicae
1096 1238 1351 1305 remotissimum
1368 1248 1450 1303 esta
1469 1238 1630 1312 sensibus,

503 1329 581 1410 ¹sive
591 1346 734 1412 externis
745 1344 815 1412 sive
825 1326 970 1422 internis,
987 1352 1084 1430 atque
1099 1346 1139 1412 ab
1152 1346 1242 1412 oanni
1253 1344 1497 1443 imaginatione.
1514 1346 1634 1423 Qram·

511 1451 643 1528 obrem,
675 1472 751 1519 cum
779 1454 985 1539 cognitiones
1022 1462 1149 1521 nostras
1181 1475 1200 1519 a
1235 1440 1386 1520 sensibus
1423 1454 1630 1541 accipiamus,

511 1578 579 1635 res,
616 1578 690 1642 quae
720 1562 782 1628 sub
812 1560 1044 1647 Metaphysicae
1075 1562 1385 1647 contemplationem
1419 1561 1560 1638 cadunt,
1592 1563 1633 1627 ob

510 1684 605 1732 suam
630 1665 854 1752 altitudinem,
878 1668 987 1734 minus
1011 1669 1095 1733 clare
1122 1668 1333 1753 percipimus:
1355 1670 1441 1735 unde
1469 1669 1629 1735 minorem

509 1774 550 1841 de
569 1773 608 1839 iis
627 1775 787 1841 habemus
805 1775 1034 1842 certitudinem
1054 1775 1282 1862 subjectivum.

575 1880 668 1947 Plura
687 1883 727 1948 de
744 1884 783 1949 iis
801 1883 876 1950 vide
894 1884 980 1967 apud
1001 1884 1284 1951 Conimbricenses
1303 1882 1354 1973 (t)
1368 1895 1400 1951 et
1420 1886 1629 1952 Benedictum

509 1988 672 2055 Pererium
692 1986 744 2079 (2)
762 1999 796 2055 et
815 1991 996 2059 Antonium
1016 1988 1159 2061 Rubium
1179 1990 1242 2080 (3).

552 2166 631 2238 309·
677 2153 872 2218 Pnoeosrmo
904 2161 952 2221 2.·
996 2158 1158 2221 scientiae
1192 2156 1412 2235 speculativae
1444 2159 1631 2221 nobiliores

507 2272 590 2325 sunt
620 2265 794 2341 practicis3
829 2266 919 2328 inter
949 2266 1176 2344 speculativas
1200 2264 1510 2344 autem‚'primum
1538 2276 1632 2328 tenet

506 2371 619 2433 locum
639 2372 893 2453 metaphysica,
914 2372 1066 2435 succedit
1085 2373 1247 2453 Physica,
1264 2383 1299 2435 et
1317 2370 1472 2436 extrema
1489 2374 1629 2439 tandem

506 2479 665 2558 sequitur
684 2482 940 2556 Mathematica.

552 2640 653 2703 Prob.
682 2640 795 2721 prima
818 2658 911 2719 pars.
961 2635 994 2703 ld
1022 2638 1112 2720 quod
1139 2637 1240 2722 gratia
1269 2636 1319 2703 sui
1348 2636 1526 2722 expetitur,
1548 2654 1630 2723 prae·

507 2742 646 2811 stantius
666 2741 838 2828 est'atque
864 2744 1086 2813 honorabilius
1110 2765 1167 2822 eo,
1195 2746 1284 2829 quod
1310 2744 1472 2830 expetitur
1498 2756 1628 2831 propter

328 2828 454 2940 ,ω’ἷῑζξζ,
506 2850 611 2928 aliud,
629 2852 792 2937 siquidem
809 2853 989 2919 nonhabet
1007 2843 1137 2921 aliunde
1156 2829 1352 2939 pendentem
1371 2853 1537 2938 dignitatis
1556 2871 1623 2918 sua

506 2959 679 3025 rationem.
702 2960 802 3053 Atqui
822 2956 1029 3044 speculative
1047 2970 1245 3045 expetuntur
1263 2969 1394 3046 propter
1411 2979 1464 3036 se,
1482 2959 1625 3043 practicae

506 3084 584 3130 vero
603 3057 736 3151 propter
754 3067 991 3152 operationem.
1013 3069 1138 3154 Ergo...
1159 3067 1212 3154 (4)

551 3179 719 3241 Probatur
736 3159 844 3242 ‘altera
860 3170 954 3259 pars.
997 3153 1161 3242 'Nobilitas
1179 3158 1320 3241 scientiae
1346 3173 1555 3260 potissimum
1578 3173 1625 3238 di-

317 3267 465 3311 ⁸⁹⁶¹¹³¹'⁸³
506 3281 670 3346 metienda
695 3294 808 3349 estex
832 3271 1015 3366 praestanti'a
1040 3270 1302 3376 objecti.''Atqui
1329 3282 1494 3367 objectum
1523 3283 1625 3348 Meta·

507 3386 651 3476 physic'ae
670 3397 720 3454 est
739 3389 890 3455 omnium
912 3384 1170 3466 nobilissimum,
1192 3389 1376 3456 Matheseos
1401 3408 1479 3454 vero
1505 3409 1523 3454 e
1546 3409 1622 3455 con-

506 3513 600 3562 verso
619 3488 652 3561 in
671 3497 786 3564 intimo
804 3498 906 3583 gradu
928 3485 1104 3564 nobilitatis
1122 3490 1307 3563 continetur
1324 3493 1389 3584 (5).

571 3603 654 3669 Sane
674 3605 820 3669 accidens
839 3604 1013 3692 ignobilius
1032 3613 1082 3671 est
1101 3601 1298 3680 substantia,
1314 3613 1347 3668 et
1362 3603 1504 3670 rationes
1519 3611 1622 3668 mate-

505 3711 598 3777 n'ales
615 3697 896 3778 immaterialibus.
927 3713 969 3779 At
997 3703 1160 3796 objectum
1181 3705 1366 3778 Matheseos
1386 3719 1434 3776 est
1460 3711 1622 3782 accidens,

504 3820 685 3902 quantitas;
715 3829 902 3886 caeterarum
920 3837 998 3886 vero
1026 3819 1218 3885 substantia.
1248 3819 1281 3883 ln
1303 3817 1492 3884 substantiis
1519 3818 1619 3882 etiam

493 3925 751 4004 immateriales,
772 3935 851 3993 sunt
878 3913 1116 4011 praestantiores
1141 3924 1372 4018 materialibus.
1398 3909 1499 4008 'Atqui
1520 3925 1625 3991 Meta-

504 4031 637 4120 physica
655 4035 897 4119 contemplatur
911 4034 1141 4101 immateriales
1159 4033 1373 4108 substantias,
1392 4051 1508 4117 nempe
1522 4021 1625 4097 ⁵intel-

537 4342 579 4407 (r)
613 4339 781 4412 Physcon,
798 4336 936 4406 Prooem,
949 4355 979 4408 q.
996 4353 1027 4410 ς,
1042 4356 1069 4394 a.
1083 4354 1116 4408 4,
1132 4335 1224 4394 conci,
1241 4357 1266 4406 3.

538 4429 579 4497 (a)
616 4425 661 4488 De
675 4424 884 4505 communibus
897 4424 1026 4484 'omnium
1040 4423 1136 4484 rer'urn
1150 4438 1204 4484 etc.
1220 4423 1270 4484 lib.
1287 4445 1315 4494 ι,
1331 4444 1394 4496 cap.
1410 4423 1453 4482 16.

536 4523 578 4591 (3)
613 4519 777 4592 Physicor„
792 4515 931 4586 prooem..
948 4536 978 4575 n.
997 4537 1039 4590 ¹3·

535 4614 577 4682 (4)
612 4605 957 4686 VadeConimbric.,loc.
971 4605 1031 4674 cit,
1046 4607 1176 4690 conclus.
1194 4613 1234 4662 r.·
1375 4675 1378 4680 Ι

536 4703 577 4773 (5)
612 4693 690 4756 vide
702 4694 736 4757 S.
749 4694 867 4769 Thoan.¹
883 4695 934 4758 lib.
946 4703 974 4772 ⁴4.
987 4693 1135 4769 Mamm,
1151 4691 1216 4756 lect.
1232 4713 1264 4765 a,
1280 4711 1356 4754 vers.
1373 4687 1427 4753 fin.
