3492 5525
436 454 553 519 Anrrc.
578 467 637 521 nu·
658 453 746 533 Quro
767 472 937 519 samarcam
1145 452 1201 537 891

123 640 291 707 evidenter
308 657 369 705 sua
387 637 552 725 principia.
570 638 668 723 Atqui
683 639 859 725 Theologia
877 648 975 724 prout
992 639 1025 705 in
1044 638 1139 706 nobis
1155 655 1243 724 repe·

124 748 217 826 ritur,
235 765 301 813 non
316 747 413 813 habet
427 746 623 813 evidentiam
644 746 875 833 principiorum
894 765 1030 813 suorum
1046 745 1241 837 ullomodo:

125 856 212 940 Ergo
230 873 306 921 vera
325 852 475 933 scientia,
492 852 591 920 etiam
610 854 849 931 subalternata,
871 873 937 922 non
956 862 1019 922 est.

192 961 289 1041 Quod
319 980 397 1027 vero
428 980 487 1029 nec
522 962 703 1029 secundum
731 981 767 1029 se
802 962 1036 1029 consideratam
1068 958 1245 1044 Theologia

124 1072 193 1135 haec
211 1078 322 1137 nostra
339 1068 381 1135 sit
399 1068 533 1137 scientia
549 1071 769 1138 subalternata
793 1070 935 1139 scientiae
954 1068 1145 1145 Beatorum,
1171 1085 1245 1153 pro·

124 1174 413 1253 babitur'inlerius,
433 1176 502 1243 Deo
521 1178 661 1247 favente.

494 1440 794 1517 nnncunus
816 1442 863 1517 11.
970 1392 973 1399 ’

398 1608 544 1685 Quid
575 1609 648 1673 eit
675 1609 974 1730 sapientia!

171 1837 248 1904 252.
297 1820 445 1887 Diximus
464 1820 495 1886 in
525 1821 637 1888 limine
656 1823 754 1909 hujus
772 1823 880 1907 operis
904 1821 959 1911 (t)
985 1821 1142 1908 triplicem
1171 1830 1345 1916 essentne·
1359 1834 1456 1915 κξψιῑο

122 1928 346 2012 acceptionem
364 1928 536 2013 sapientire.
557 1928 664 1996 Primo
683 1930 770 1995 enim
792 1930 850 1995 hac
868 1925 947 1996 voce
965 1928 1137 2016 significari
1155 1928 1244 1996 vide-
1295 1913 1419 2035 “m“

123 2047 178 2103 tur
197 2056 264 2103 non
284 2055 370 2103 unus
387 2036 622 2103 determinatus
640 2037 770 2105 habitus
788 2039 987 2115 intellectus,
1007 2038 1066 2106 sed
1085 2038 1243 2105 rectitudo

122 2145 275 2229 quaedam
288 2144 515 2211 intellectualis
529 2146 569 2210 ad
584 2146 667 2211 bene
677 2145 891 2231 judicandum
908 2146 949 2212 de
964 2146 1061 2214 rebus
1074 2146 1241 2223 omnibus,

121 2270 326 2337 consurgens
357 2271 397 2318 ex
429 2238 569 2336 perlecta
602 2254 810 2338 possessione
840 2254 1048 2321 scientiarum
1076 2253 1239 2321 omnium:

124 2384 139 2423 n
150 2360 191 2426 ad
217 2380 292 2425 eum
314 2360 470 2439 modum,
490 2379 558 2445 quo
568 2360 698 2447 justinia
716 2360 749 2427 in
769 2380 834 2428 una
852 2361 1038 2446 acceptione
1057 2380 1123 2428 non
1142 2362 1243 2447 signi·

122 2469 198 2537 licat
218 2486 322 2533 unum
346 2468 543 2554 singularem
563 2468 728 2544 habitum,
749 2470 808 2540 sed
825 2479 1040 2546 concentum,
1061 2478 1093 2537 et
1112 2469 1242 2536 rectitu-

121 2575 232 2661 dinem
252 2574 403 2641 omnium
422 2575 581 2641 virtutum
601 2575 790 2643 voluntatis.
811 2579 922 2661 Atque
948 2578 988 2642 ad
1008 2577 1093 2645 hanc
1113 2578 1242 2663 sapien·

121 2683 174 2749 tie
193 2682 414 2768 acceptionem
434 2682 585 2749 videntur
603 2682 729 2769 optime
747 2686 985 2751 accommodari
1007 2684 1240 2770 descriptiones

121 2793 183 2856 illae
196 2791 370 2858 Ciceronis:
382 2791 542 2874 Sapientia
554 2795 602 2858 est
612 2809 719 2858 rerum
731 2792 914 2860 diuinanrm
926 2798 1020 2879 atque
1033 2795 1242 2860 humanarum

119 2917 363 2984 caricarumque,
392 2899 504 2985 quibus
529 2900 576 2965 lae
602 2918 652 2966 res
676 2899 875 2967 continentur
891 2901 1021 2967 scientae
1037 2898 1101 2990 (2).
1133 2901 1241 2986 Atque

121 3008 241 3074 eodem
257 3026 355 3074 sensu
375 3007 526 3074 videntur
543 3008 583 3074 de
602 3008 759 3092 sapientia
779 3009 879 3074 locuti
897 3007 1022 3092 antiqui
1040 3008 1238 3094 Philosophi,

120 3116 178 3201 qui
197 3115 239 3182 de
258 3113 379 3181 ratione
398 3113 564 3199 saplentiae
590 3114 719 3200 aiebant
737 3134 821 3192 esse,
842 3124 880 3182 ut
897 3115 1046 3211 omnium
1065 3133 1174 3182 rerum
1198 3116 1241 3183 sit

120 3223 277 3309 cognitio,
295 3224 392 3289 etiam
413 3240 518 3308 usque
536 3224 578 3288 ad
592 3223 722 3292 infimas
741 3222 864 3307 species
878 3230 912 3289 et
929 3241 1046 3290 omnes
1064 3224 1241 3309 proprieta-

120 3345 170 3398 tes
190 3349 318 3398 earum:
342 3331 403 3396 hoc
428 3331 515 3396 enim
536 3349 602 3397 non
622 3331 661 3397 stt
678 3351 742 3397 una
760 3330 908 3409 scientia,
929 3332 986 3399 sed
1005 3333 1155 3398 omnium
1174 3334 1240 3399 col·

121 3440 270 3504 lectione.
292 3439 396 3504 lmmo
424 3437 450 3504 si
470 3437 510 3504 de
530 3439 663 3506 homine
680 3440 722 3506 sit
747 3458 875 3516 sermo,
905 3458 1012 3523 neque
1038 3458 1095 3524 pet
1122 3459 1239 3507 omnes

119 3547 270 3614 scientias
288 3547 386 3612 simul
409 3555 558 3630 sumptas
576 3554 644 3612 tam
664 3555 809 3612 exactam
829 3565 937 3612 rerum
957 3547 1107 3612 omnium
1125 3549 1235 3632 cogni·

119 3658 244 3722 tionem
263 3655 462 3738 assequitur;
483 3662 516 3718 et
536 3653 608 3720 ideo
633 3653 693 3738 ipsi
716 3653 845 3738 ajebant
864 3668 930 3719 non
957 3672 1029 3720 esse
1047 3653 1080 3718 in
1105 3655 1238 3721 homine

118 3783 230 3829 veram
250 3762 459 3847 sapientiam,
488 3762 548 3826 sed
567 3761 727 3843 fucatam3
755 3779 815 3828 nos
833 3769 944 3827 autem
969 3761 1077 3829 verius
1099 3762 1238 3828 dicimus

118 3891 192 3938 esse
211 3869 391 3937 innomine
409 3887 520 3934 veram
539 3867 748 3951 sapientiam,
769 3867 867 3934 etiam
883 3870 1080 3946 naturalem,
1101 3868 1160 3936 sed
1178 3871 1238 3936 hu·

119 3997 250 4045 menam
270 3979 328 4043 hac
348 3975 483 4061 proinde
502 3975 595 4042 valde
612 3975 817 4043 limitatam.»
896 4041 899 4048 ,

165 4084 264 4150 «Alio
284 4102 361 4149 vero
374 4085 491 4160 modo,
509 4085 679 4170 magisque
697 4083 784 4166 apud
796 4082 960 4168 sapientes
978 4083 1112 4163 usitate,
1135 4086 1238 4152 sumi·
1344 4110 1366 4141 er

117 4205 171 4260 tur
198 4191 353 4275 sapientia
380 4210 439 4276 pro
466 4192 576 4275 aliquo
593 4189 743 4276 peculiari
769 4189 899 4268 habitu,
928 4191 1027 4276 idque
1054 4193 1234 4278 dupliciter.

119 4301 174 4368 Est
188 4299 277 4365 enim
291 4300 462 4383 quadam,
478 4316 552 4382 quae
567 4297 683 4366 dicitur
696 4296 852 4383 sapientia
866 4298 1070 4385 simpliciter,
1086 4301 1148 4367 alia
1161 4321 1235 4386 quae

152 4573 192 4635 (ι)
228 4569 386 4627 Introducl.
407 4567 440 4624 r‘n
454 4568 583 4626 unium.
607 4567 789 4644 Pln'losolilt.¹
814 4589 928 4643 paragr.
954 4591 982 4640 1,
999 4569 1051 4628 ubi
1074 4583 1132 4630 tros
1151 4571 1237 4630 hasce

116 4659 296 4732 acceptiones
309 4656 433 4717 breviter
446 4655 587 4716 indicatus
600 4657 676 4716 vide.

152 4754 193 4816 (a)
230 4747 294 4807 Lib.
311 4749 376 4806 ade
391 4747 514 4825 Officiis,
532 4767 593 4820 cap.
609 4767 635 4805 2.
