3492 5525
696 447 802 511 10000
823 466 940 511 annun
1365 457 1440 525 1175

155 535 840 571 ..-—-—.----——-—-——-l-——-—-

183 623 287 697 positio
300 624 338 683 ad
351 622 546 697 copulativam
558 631 710 680 revocatur
723 620 784 693 067.

146 715 308 772 Remotio
322 734 384 774 200.

145 807 271 865 Reman
284 828 328 880 9¹·

144 895 339 953 Restrictio
353 914 415 954 200.

847 676 848 679 ,
871 626 1059 687 vindicantur
1091 626 1129 684 ab
1151 621 1382 684 adversariorum
1404 624 1482 682 calu-

872 716 1014 777 00011060
1032 736 1125 787 seqq:
1143 712 1390 786 Scholasticorum
1416 713 1482 771 laus

768 884 770 887 Ι
874 829 951 882 1049:
967 805 1138 866 scholastica
1154 803 1313 877 Theologia
1327 818 1427 863 utrum
1442 802 1482 862 sit

869 898 930 957 veri
940 896 1067 957 nominis
1076 895 1195 955 scientia
1204 896 1268 954 886.

144 985 332 1042 1100010110
359 982 505 1057 possibilis
533 994 588 1049 cst,
618 979 785 1051 quibusque
835 986 1118 1060 Sohopmheuer
1131 986 1179 1057 89.

182 1074 276 1132 modis
296 1096 313 1132 a
334 1074 396 1131 Deo
419 1070 481 1130 fieri
501 1070 591 1143 possit
613 1087 665 1143 935
689 1084 795 1140 seqq:
835 1077 996 1136 solenne
1022 1076 1093 1149 quid
1122 1076 1178 1134 880
1198 1094 1292 1164 seqq:
1318 1075 1478 1148 quotuplex

178 1163 311 1223 revelatio
325 1164 479 1223 veritatum
494 1162 519 1220 si
534 1183 550 1219 0
566 1162 628 1221 Deo
648 1160 709 1229 fiat,
725 1180 784 1218 non

177 1269 221 1313 cst
236 1254 382 1327 integrum
399 1252 510 1311 homini
529 1252 660 1310 eamdem
677 1252 784 1323 ample·

176 1342 214 1401 cti
229 1343 274 1401 vel
289 1342 437 1414 respicere,
458 1341 509 1399 sed
528 1340 691 1399 necessario
705 1355 783 1398 tene·

176 1444 224 1491 tur
237 1432 403 1491 firmissime
417 1431 532 1489 credere
546 1448 598 1502 955
614 1450 706 1501 seqq:
722 1428 783 1489 offi-

174 1520 251 1580 cium
274 1521 443 1594 Philosophi
462 1520 613 1578 christiani
635 1520 724 1578 relate
744 1520 781 1577 ad

172 1612 309 1671 veritates
321 1613 461 1670 revelatas
472 1613 535 1684 965:
559 1612 691 1669 revelatae
708 1608 782 1669 veri·

173 1715 246 1760 tates
273 1715 398 1775 possunt
429 1700 604 1760 constituere
635 1700 779 1771 obiectum

172 1790 294 1862 alicujus
312 1790 439 1849 scientiae
452 1790 515 1863 966:
531 1789 666 1849 revelatio
679 1789 780 1847 utilis-

171 1880 245 1939 sima
255 1894 298 1939 est
308 1880 371 1953 958,
383 1900 435 1939 nec
449 1880 543 1939 solum
554 1878 691 1937 revelatio
702 1878 780 1939 veri-

171 1982 264 2027 tatum
291 1968 568 2041 supernaturalium,
600 1968 650 2026 sed
678 1986 777 2025 earum

171 2058 268 2126 etiam,
285 2077 351 2130 quae
365 2057 477 2131 ingenii
496 2054 619 2115 humani
632 2056 709 2116 vires
722 2056 778 2115 mi-

171 2148 250 2207 nime
264 2148 474 2207 transcendunt
485 2150 548 2222 967.
683 2150 687 2157 ’

136 2240 333 2298 Rhabanus
345 2240 467 2299 Maurus
483 2257 525 2313 53.

135 2329 278 2387 Rhodes
293 2327 435 2400 Georgius
448 2326 493 2385 81.

134 2418 375 2475 Rthadonetre
391 2418 495 2475 Petrus
509 2436 553 2489 70.

133 2507 337 2565 Richardus
350 2529 367 2565 0
381 2504 556 2576 110ἀί001110,
576 2508 683 2565 Doctor
700 2506 773 2563 soli-

168 2600 222 2654 dus
238 2596 280 2668 58.

132 2687 358 2745 Roscelllnus
371 2686 499 2755 loannes
515 2704 557 2758 53·

133 2777 267 2836 Roseus
282 2776 419 2836 Salvator
432 2776 524 2834 Maria
538 2773 584 2834 88.
598 2835 604 2844 ,

131 2865 293 2925 nomint
305 2865 452 2924 Antonius
465 2885 511 2938 92·
556 2859 561 2870 '

131 2956 318 3014 Rousseeu
332 2955 458 3025 Joannes
471 2955 595 3024 Jacobus
608 2954 655 3017 86.

132 3063 402 3198 Setini-Simon
419 3134 549 3203 (Comes)
563 3133 706 3194 Henricus
723 3157 769 3208 9¹·

131 3225 292 3283 Salmero
306 3225 476 3296 Alphonsus
491 3245 536 3298 74.

130 3313 297 3385 80000101
312 3313 438 3386 111089.

131 3402 372 3460 Sanssverlno
403 3401 561 3472 Caietonus
592 3420 637 3476 95:
671 3399 770 3474 opinio

163 3495 227 3564 ejus
241 3494 315 3552 circa
329 3494 518 3566 enthymema
533 3493 594 3566 366.
687 3517 691 3524 ’

130 3583 318 3656 Sapientia
336 3582 408 3656 quid
423 3603 438 3641 2
459 3601 540 3654 seqq.
556 3597 585 3643 et
604 3583 668 3657 891:
683 3581 770 3642 variae

162 3673 343 3732 conditiones
358 3670 507 3744 sapientia
520 3671 584 3744 893.

129 3761 293 3833 seatium
305 3760 402 3830 Julius
415 3761 515 3819 Caesar
527 3761 572 3819 68.

128 3849 288 3924 sceptici
301 3849 346 3918 08,
360 3871 403 3924 77,
414 3871 459 3923 70,
471 3850 517 3922 87,
529 3849 593 3922 478,
608 3868 663 3924 479
674 3869 767 3922 seqq:

163 3940 361 4016 scepticismus
376 3940 547 4014 profligatur
560 3940 613 4013 482
628 3960 709 4013 seqq.

128 4031 312 4104 8010011100
326 4028 500 4090 Gullielmus
519 4029 674 4102 josephus,
691 4049 770 4103 pan-

162 4121 268 4182 theista
282 4117 520 4180 trasocudentalis
533 4117 578 4178 88.

127 4211 259 4270 schola
272 4207 434 4270 atomistica
451 4207 494 4278 18,
512 4207 613 4281 cynica
628 4227 672 4282 30,
687 4231 771 4284 cyre-

164 4300 246 4359 naica
259 4318 304 4368 ao,
317 4297 437 4374 eleatica
454 4298 493 4365 18,
514 4296 652 4356 elidenais
665 4310 694 4357 et
707 4297 769 4358 cri-

163 4387 348 4458 uictoriam,
378 4385 576 4460 0910000007,
602 4386 696 4457 ionica
724 4409 766 4462 17,

161 4475 303 4552 megarico
311 4494 356 4547 00,
367 4475 554 4549 pythagorica
561 4475 607 4534 001
616 4475 711 4535 italica
724 4498 765 4551 07,

161 4566 265 4626 scotica
275 4566 321 4640 83,
336 4563 550 4625 sentimentalis
562 4563 609 4642 88,
621 4578 767 4626 transcen·

159 4655 284 4716 dentalis
297 4654 345 4714 88.

124 4745 341 4807 scholastici
355 4765 385 4815 51
396 4765 489 4818 0000,
501 4766 532 4820 71
549 4765 643 4818 sequa
657 4747 703 4820 87.
718 4766 765 4820 943

867 1166 922 1239 884
935 1186 1028 1238 seqq:
1051 1165 1207 1225 discrimen
1222 1166 1285 1237 ejus
1307 1186 1324 1223 a
1338 1162 1479 1235 sapientia

866 1257 931 1329 896:
947 1256 1074 1315 scientiae
1085 1255 1301 1328 objectum917,
1314 1255 1476 1326 subiectum
1561 1289 1564 1298 «

866 1367 930 1419 921:
946 1345 1073 1404 scientias
1093 1346 1237 1418 objectum
1251 1345 1337 1403 debet
1351 1363 1414 1403 esse
1425 1363 1479 1402 ne·

867 1438 1023 1496 cessarium
1037 1427 1100 1510 900,
1117 1436 1282 1495 universale
1294 1456 1359 1509 907,
1376 1456 1477 1509 perpe·

867 1524 1474 1600 tuum,ingeuerabile‚incorruptibilem

865 1629 895 1674 et
914 1636 967 1673 ens
981 1635 1032 1687 per
1046 1636 1088 1685 00,
1104 1636 1163 1673 000
1188 1634 1257 1673 vero
1274 1635 1325 1687 per
1344 1610 1479 1673 accidens

865 1726 934 1777 932:
950 1704 1073 1763 scientia
1086 1718 1117 1764 et
1134 1703 1234 1776 opinio
1247 1725 1286 1763 an
1298 1703 1373 1763 circa
1394 1703 1472 1763 idem

864 1795 1008 1863 objectum
1032 1793 1063 1852 in
1077 1794 1178 1852 eodem
1194 1793 1342 1852 intellectu
1362 1793 1473 1851 versari

865 1882 977 1953 possint
987 1883 1041 1955 936
1054 1902 1148 1953 seqq:
1172 1882 1322 1942 scientiam
1344 1882 1474 1954 plurium

863 1992 961 2031 rerum
986 1986 1082 2045 potest
1104 1974 1193 2031 homo
1213 1972 1340 2031 naturali
1363 1972 1473 2031 virtute

864 2060 977 2135 ingenii
988 2062 1105 2133 assequi
1111 2079 1175 2134 945,
1186 2081 1220 2119 ac
1235 2081 1322 2134 porro
1339 2060 1472 2132 assequi·

841 2163 845 2173 ·
862 2162 911 2207 tur
924 2151 988 2223 948:
1001 2168 1102 2209 utrum
1114 2148 1232 2221 scientia
1240 2146 1338 2208 totalis
1347 2149 1387 2209 sit
1399 2144 1473 2221 qual

862 2240 929 2298 litas
942 2239 1064 2311 simplex
1077 2239 1131 2313 984
1144 2258 1238 2310 seqq:
1255 2238 1375 2298 scientia
1389 2259 1470 2297 com·

861 2329 958 2401 parari
977 2341 1071 2400 potest
1089 2328 1256 2387 inventione
1269 2350 1302 2385 ac
1315 2326 1470 2400 disciplina

859 2438 923 2490 949:
939 2414 1125 2476 scientiarum
1138 2417 1288 2478 distinctio
1302 2431 1391 2492 atque
1405 2440 1469 2493 spe-

859 2504 1048 2579 011100ῐί0969
1061 2525 1154 2578 seqq:
1175 2521 1203 2565 et
1223 2508 1468 2578 speculativarum

859 2594 977 2665 quidem
998 2593 1106 2667 optime
1123 2594 1287 2655 desumitur
1303 2616 1338 2654 ex
1358 2596 1469 2667 obiecto

858 2682 972 2743 formali
979 2704 1044 2758 970,
1053 2685 1245 2756 practicarum
1254 2700 1352 2745 autem
1365 2706 1401 2745 ex
1409 2686 1468 2744 fine

857 2794 920 2848 972:
939 2776 1086 2833 undenam
1099 2775 1257 2835 desumant
1275 2776 1404 2835 scientiae
1419 2791 1468 2836 to-

858 2865 929 2924 tales
943 2863 1085 2924 unitatem
1099 2867 1145 2924 vel
1158 2866 1359 2927 diversitatem
1373 2868 1466 2940 speci-

857 2952 941 3013 ficam
958 2975 1023 3028 970
1043 2953 1171 3014 scientiae
1196 2956 1300 3015 totales
1322 2955 1465 3015 unitatem

856 3043 902 3100 vel
916 3042 1116 3102 diversitatem
1129 3043 1290 3104 desumunt
1303 3065 1338 3102 ex
1353 3043 1465 3103 unitate

855 3134 901 3192 vel
919 3133 1089 3195 diversitate
1112 3133 1244 3207 specifica
1262 3136 1392 3196 formalis
1413 3137 1466 3196 ob·

855 3223 922 3294 lecti
946 3243 1010 3297 974,
1034 3225 1080 3282 vel
1104 3238 1138 3283 ut
1156 3224 1206 3283 alii
1230 3225 1403 3297 loquuntur,
1429 3247 1464 3284 ex

855 3311 969 3370 unitate
987 3314 1032 3371 vel
1051 3313 1239 3372 distinctione
1263 3313 1377 3384 obiecti.
1404 3333 1464 3373 non

854 3403 888 3459 in
907 3422 969 3461 0000
990 3405 1045 3472 rei,
1068 3402 1120 3462 sed
1139 3405 1174 3460 in
1193 3423 1257 3461 0000
1273 3405 1388 3461 scibilis
1410 3404 1466 3477 976

854 3511 949 3564 seqq.¹
973 3491 1020 3549 001
1033 3513 1067 3550 ex
1090 3491 1183 3566 gradu
1209 3491 1464 3551 immaterialitatis

854 3599 906 3638 seu
915 3579 1119 3639 abstractionis
1133 3601 1150 3637 a
1162 3580 1283 3640 materia
1297 3602 1351 3654 977
1365 3600 1461 3653 seqq:

854 3668 1041 3728 scientiarum
1055 3669 1201 3742 generalis
1213 3667 1317 3728 divisio
1341 3683 1372 3729 et
1384 3689 1464 3729 conr·

854 3758 967 3817 dinatio
977 3778 1042 3832 1015
1053 3778 1148 3831 seqq:
1163 3758 1293 3819 scientiae
1305 3758 1462 3832 speculati·

854 3867 908 3918 vae,
924 3847 1055 3919 inspecto
1064 3848 1180 3909 diverso
1191 3848 1285 3922 gradu
1293 3848 1463 3908 abstractio·

856 3935 913 4007 nis,
929 3935 1115 4007 dividuntur,
1126 3949 1275 4011 tamquam
1286 3937 1316 3996 10
1323 3936 1463 4009 primarie

855 4028 992 4095 membra,
1009 4027 1040 4088 io
1056 4027 1210 4101 Physicam
1231 4027 1278 4087 001
1299 4029 1461 4088 naturalem

855 4110 1064 4188 Philoromum,
1076 4115 1234 4176 Mathesim
1247 4116 1463 4192 etlletaplrysi·

853 4226 917 4264 cam
928 4206 1006 4277 ιοιός
1015 4206 1147 4278 practicae
1160 4225 1239 4277 vero,
1248 4205 1379 4280 iuspecto
1391 4207 1460 4278 line,

853 4294 1027 4354 dividuntur
1049 4294 1079 4354 in
1105 4295 1246 4369 Logicam
1270 4310 1300 4356 et
1324 4296 1461 4356 Philoso-

854 4384 953 4457 phiam
976 4385 1115 4443 moralem
1140 4402 1218 4443 1021:
1235 4383 1383 4458 quomodo
1396 4383 1461 4444 istae

852 4473 981 4533 scientiae
998 4473 1073 4533 inter
1093 4493 1125 4532 se
1149 4486 1356 4546 comparentur
1380 4474 1458 4547 1036:

852 4563 974 4636 reliquae
986 4562 1113 4623 scientie
1126 4562 1185 4624 iere
1198 4577 1250 4623 aut
1263 4576 1336 4624 sunt
1353 4564 1459 4623 harum

852 4669 959 4727 partes,
974 4668 1027 4714 aut
1047 4654 1150 4714 saltem
1172 4654 1211 4744 alr
1228 4653 1332 4714 iisdem
1351 4653 1459 4726 depen-

850 4743 925 4803 dent
939 4744 1016 4803 1028:
1030 4743 1158 4804 scientia
1172 4743 1357 4818 speculativae
1371 4744 1460 4803 nobi·
