3492 5525
304 517 420 590 Anne.
446 533 503 603 5³¹⁸
519 513 713 582 D1v1s1onns
734 513 882 582 Teanam
905 498 1045 583 onnus¹
1130 532 1182 599 131

103 695 320 780 Aequinocus
329 721 347 765 a
356 719 432 767 casu
445 710 512 778 est,
524 702 581 783 qui
594 701 738 786 pluribus
747 700 901 766 tribuitur
910 701 1093 773 secundum
1102 699 1226 784 signifi-

102 803 247 870 cationes
262 807 398 874 omnino
410 807 573 885 diversas,
590 827 665 892 quae
680 807 834 874 nimirum
852 809 975 873 nunam
988 806 1129 873 retinent
1143 808 1226 873 inter

100 930 137 975 se
151 911 365 992 affinitatem,
382 925 515 1002 propter
531 935 631 1001 quam
646 918 780 983 nomine
800 915 971 983 communi
986 914 1222 1000 exprimantur3
1324 971 1326 976 .

102 1029 139 1083 ut
162 1039 261 1088 mons
288 1021 426 1101 Taurus,
449 1034 481 1090 et
506 1029 616 1090 taurus
639 1024 759 1090 animal
784 1032 974 1090 cornutum.
996 1023 1034 1087 Et
1055 1031 1225 1107 propterea
1325 1036 1327 1039 ·

100 1125 257 1193 dicuntur
284 1131 354 1196 haec
381 1132 552 1214 aequivoca
580 1154 597 1196 a
622 1151 718 1209 casu,
749 1133 825 1216 quia
846 1151 925 1198 casu
953 1132 1074 1196 factum
1098 1138 1169 1207 est,
1193 1138 1225 1194 et

100 1234 228 1318 absque
244 1238 309 1302 ulla
324 1239 484 1324 objectiva
499 1241 640 1318 ratione,
658 1251 693 1307 ut
710 1241 860 1306 eamdem
876 1239 1071 1306 sortirentur
1084 1239 1226 1322 appella-

99 1342 239 1408 tionem.
263 1345 474 1429 Aequivocus
492 1368 509 1412 a
528 1349 663 1413 consilio
683 1359 732 1415 est
751 1347 915 1413 terminus
930 1348 1021 1430 plura
1036 1345 1225 1432 significans

99 1451 285 1516 secundum
308 1455 465 1519 rationem
487 1456 604 1540 partim
628 1457 796 1532 eamdem,
816 1457 934 1539 partim
959 1455 1136 1520 diversam.
1156 1452 1224 1519 Hoc

99 1567 197 1638 pacto
216 1559 336 1626 dicitur
356 1581 454 1627 sanus
475 1563 516 1627 de
535 1563 683 1640 animali,
709 1565 749 1628 de
776 1563 903 1638 colore,
929 1563 970 1627 de
991 1561 1166 1637 medicina,
1183 1561 1224 1626 de

96 1665 191 1746 cibo;
206 1669 265 1733 sed
281 1668 324 1734 ita
340 1679 375 1735 ut
389 1689 455 1736 vox
469 1671 521 1736 illa
536 1672 709 1754 praedicata
723 1672 764 1735 de
779 1670 910 1735 animali
925 1669 1087 1766 significat
1100 1669 1223 1755 bonam

97 1773 250 1856 ejusdem
280 1777 519 1857 valetudinem
556 1778 725 1860 praedicata
753 1796 832 1843 vero
860 1777 1057 1852 decolore,
1089 1777 1223 1860 signum

98 1880 314 1963 valetudinis;
335 1883 376 1948 de
396 1885 556 1950 medicina
576 1903 709 1950 causam
727 1886 965 1970 producentem
981 1886 1033 1949 vel
1050 1885 1225 1951 restituen-

96 1997 188 2067 tem3
207 1996 240 2052 et
252 1989 293 2054 de
307 1991 396 2066 cibo,
420 2009 553 2057 cansam
569 2005 833 2057 conservantem.
851 1993 896 2059 lta
911 1993 1008 2058 etiam
1024 1993 1133 2056 oculas
1147 1989 1225 2056 dici-

97 2103 151 2158 tur
173 2105 207 2160 et
230 2098 376 2180 corporis
398 2110 429 2165 et
455 2099 589 2174 animae,
611 2101 651 2164 ad
672 2099 920 2184 significandam
939 2108 1052 2164 tamen
1068 2117 1136 2164 rem
1157 2115 1223 2163 non

96 2203 251 2268 omnimo
275 2205 443 2284 eamdem,
470 2208 528 2272 sed
550 2199 799 2288 quodammodo
821 2207 954 2272 affinem
982 2217 1015 2271 et
1032 2204 1221 2291 cognatam.
1339 2194 1349 2220 ⁹

96 2306 210 2382 Quare
237 2313 448 2379 manifestum
471 2321 538 2390 est,
564 2315 671 2397 inquit
693 2313 869 2398 Angelicus
895 2311 964 2400 (1),
988 2316 1072 2398 qaod
1093 2331 1162 2398 qua
1179 2313 1225 2378 sic

94 2416 270 2493 dabuntur,
285 2420 387 2484 meaa
400 2425 478 2485 sunt
485 2421 567 2486 inter
580 2422 713 2486 univoca
723 2422 930 2506 ataquiaoaa.
942 2421 978 2486 In
990 2420 1133 2486 univocis
1140 2421 1225 2485 anim

95 2543 209 2588 nomen
224 2543 325 2590 unum
333 2528 528 2608 pradicatar
540 2530 578 2592 da
591 2528 726 2594 diversis
738 2531 910 2594 secundum
923 2527 1076 2594 rationem
1090 2526 1226 2592 totalilar

94 2634 258 2713 eamdam
275 2632 357 2698 sicut
370 2635 492 2700 animal
505 2639 543 2700 da
560 2655 637 2720 equo
655 2640 687 2701 et
702 2639 740 2700 da
761 2637 833 2714 bova
851 2635 1010 2722 significat
1018 2634 1224 2700 substantiam

93 2740 271 2807 animulam
297 2741 482 2809 sensibilem.
505 2743 542 2809 Ia
565 2743 731 2829 aequivocis
752 2763 826 2809 vero
846 2740 884 2832 (a
898 2740 997 2831 casu)
1017 2743 1098 2808 idam
1113 2760 1224 2809 namen

89 2848 293 2927 pradia-atur
314 2850 352 2914 de
373 2850 507 2915 alanensis
535 2853 702 2917 secundum
728 2851 882 2917 rationem
907 2852 1042 2917 totaliter
1066 2850 1225 2916 aaarsam

92 2956 325 3038 sautpaatae
337 2957 392 3023 hac
405 2959 640 3035 neminemnam,
653 2959 924 3041 prautdiaitarde
935 2961 1025 3024 stella
1042 2962 1073 3022 at
1087 2959 1225 3043 quadam

91 3064 197 3144 spacia
210 3064 373 3130 animalis.
385 3065 420 3130 ln
432 3065 480 3130 his
492 3084 566 3131 varo
578 3116 585 3142 ,
599 3085 669 3151 qua
678 3066 829 3148 praedica
838 3067 928 3131 mado
937 3066 1089 3131 dicantar
1101 3066 1223 3153 (aequi-

94 3190 179 3235 voce
196 3190 214 3235 a
230 3171 368 3237 consilio
382 3191 440 3238 seu
455 3171 628 3261 analoge),
651 3174 731 3238 idem
745 3192 855 3238 naman
873 3177 912 3239 da
925 3173 1060 3239 diversis
1069 3173 1225 3255 pradica-

91 3282 149 3342 tur
177 3280 354 3343 secundum
383 3280 536 3345 rationem
567 3281 686 3363 partim
717 3284 872 3357 eamdam,
903 3280 1022 3362 partim
1051 3280 1224 3345 azaersam:

90 3386 258 3451 diversam
266 3386 406 3469 quidem,
419 3392 570 3472 quantum
581 3390 625 3452 ad
632 3388 771 3453 danersas
780 3390 886 3459 modos
899 3386 1077 3469 relationis;
1086 3390 1225 3453 eamdam

89 3617 187 3677 vum,
215 3603 247 3665 et
267 3601 523 3710 effltivum
545 3602 705 3668 diversum
722 3606 783 3685 ast;
806 3586 1003 3668 sed’sa‘n'iias
1025 3620 1090 3668 aaa
1109 3605 1167 3667 est.
1187 3602 1228 3667 Et

84 3712 223 3790 propter
239 3706 294 3773 hoc
311 3707 490 3795 hujusmodi
505 3709 656 3775 dicuntur
674 3712 825 3795 analoga,
847 3710 923 3795 quia
941 3710 1223 3792 proportionantur

87 3817 134 3879 ad
148 3811 332 3902 unum(2).
1166 3831 1168 3834 ·

85 3994 244 4067 definitio,
262 4000 363 4067 nempe
384 3994 513 4051 essentia
530 3992 667 4051 animata.
686 3992 852 4066 Omonyma
869 3991 1040 4064 (aequivoca)
1056 4005 1142 4063 eunt,
1162 4010 1224 4067 qaae

86 4084 328 4141 utuntureodem
339 4083 467 4151 nomine,
483 4074 540 4140 nan
553 4083 660 4141 habant
672 4090 769 4140 autem
783 4084 912 4140 eamdem
922 4084 1080 4152 rationem,
1097 4092 1131 4140 ut
1140 4084 1224 4142 aomo

85 4175 141 4246 qui
154 4182 204 4230 est
215 4172 346 4239 animal,
362 4182 390 4229 et
403 4172 483 4229 hamo
495 4173 602 4247 pictus.
620 4171 657 4229 Et
676 4190 710 4229 ax
724 4171 889 4245 omonymis
904 4174 969 4231 alia
982 4172 1096 4245 quidem
1117 4172 1223 4231 habent

85 4263 166 4319 idem
178 4280 287 4319 namen
303 4282 340 4319 ex
349 4266 490 4332 fhrtuna,
506 4272 538 4319 ut
552 4261 637 4336 Ajax
645 4260 772 4329 Laena,
787 4272 815 4321 et
830 4262 915 4338 Ajax
929 4262 1114 4321 Salaminius
1127 4261 1225 4335 (Tele-

86 4352 248 4416 monius):
272 4352 335 4409 alia
354 4360 449 4409 autem
463 4372 501 4409 ex
523 4352 710 4428 cogitatione.
722 4349 872 4411 -Similia
894 4352 992 4410 habet.
1009 4349 1043 4411 S.
1063 4351 1147 4421 Joen.
1163 4352 1223 4411 De·

85 4462 182 4503 masc.
199 4441 335 4501 Dialect.
349 4460 413 4512 cap.
430 4460 475 4515 32·
489 4438 535 4515 46.
832 4456 834 4461 ·

118 4538 166 4599 (1)
210 4528 245 4589 ln
266 4528 316 4588 lib.
337 4529 362 4588 11
385 4530 624 4604 Metapaysicor„
644 4531 709 4589 leet.
723 4552 755 4605 3,
775 4550 837 4604 par.
853 4552 880 4606 9.
893 4530 957 4591 Csr.
971 4531 1033 4592 loca
1046 4531 1169 4592 inferius
1182 4532 1224 4591 ai·

85 4624 191 4681 tande.
572 4674 576 4681 .
1063 4622 1068 4633 “

118 4716 163 4779 (2)
207 4708 275 4769 Cfr.
288 4706 465 4771 Conimbric.
489 4712 521 4769 In
533 4712 756 4771 Proedicament.
779 4712 892 4783 Arae,
910 4732 973 4786 cap.
982 4712 1017 4773 de
1034 4714 1222 4789 aequivoca,

86 4821 113 4875 q,
125 4824 152 4863 1.
164 4824 197 4863 ι.
215 4822 238 4861 1.
811 4822 814 4827 Δ

90 3512 186 3569 aera,
200 3497 355 3576 quantum
371 3495 480 3571 adid,
499 3496 544 3559 ad
560 3497 644 3579 quad
658 3496 698 3575 fit
712 3494 833 3562 salatia.
855 3496 928 3561 Essa
942 3494 1224 3591 eaiarffignfiwti-
1307 3456 1329 3559 ,ἲ
