3492 5525
575 451 643 519 ’δύο
693 455 821 523 ,loorca
838 460 1067 533 Maron-Lm.
1086 476 1157 538 aare,
1173 461 1264 525 Drsn.
1282 474 1325 538 3.·
1340 460 1418 525 Can.
1436 475 1508 527 ψ

542 638 656 716 clusio,
674 641 788 707 saltem
804 643 1015 727 quandoque,
1032 664 1065 710 re
1080 662 1145 710 non
1159 644 1286 710 diflerat
1297 665 1314 710 a
1325 644 1512 729 premissis.
1529 641 1568 733 β)
1581 644 1664 709 Prae-
1719 661 1721 670 ’

541 753 628 812 terea
649 748 680 814 in
701 749 907 817 conclusione
925 750 1107 837 theologica
1136 752 1250 818 fluenti
1276 772 1318 819 ex
1336 772 1401 819 una
1430 751 1602 838 praemissa
1623 754 1663 817 de

543 854 617 921 Fide
637 866 669 922 et
692 860 790 925 altera
810 860 962 936 naturali,
984 860 1075 929 adest
1095 862 1198 945 major
1216 861 1393 938 certitudo,
1409 880 1510 945 quarn
1529 861 1564 926 in
1583 880 1663 944 prae-
1719 929 1721 934 ,

543 962 641 1029 missa
662 966 811 1033 naturali.
841 967 950 1033 Potest
978 986 1057 1051 ergo
1084 966 1253 1034 conclusio
1279 986 1432 1052 superare
1460 970 1598 1035 alteram
1623 968 1662 1033 de

489 1096 492 1103 ¹
541 1064 717 1155 praemissis
736 1074 769 1139 ln
787 1074 994 1141 certitudine.
1015 1075 1136 1154 Quidni
1152 1060 1342 1160 utramque?
1719 1067 1721 1088 '

607 1188 710 1265 Reap.
732 1200 803 1266 neg.
824 1181 942 1250 Minor.

587 1288 658 1354 'Ad
678 1289 859 1373 probation.
892 1288 927 1377 α)
945 1290 977 1356 in
1007 1290 1119 1375 primis
1137 1292 1249 1376 negari
1276 1299 1388 1376 posset
1406 1289 1585 1377 disjunctio
1610 1290 1661 1355 ad-

541 1398 649 1463 dendo
667 1396 798 1465 tertium
818 1397 1025 1475 membrum,
1046 1416 1166 1482 nempe
1193 1400 1282 1482 quod
1312 1398 1489 1483 praemissae
1516 1399 1661 1463 dicantur

542 1504 700 1579 notiores,
721 1505 795 1588 quia
816 1504 1045 1573 evidentiores.
1064 1507 1205 1572 Necesse
1232 1508 1369 1590 proinde
1387 1525 1454 1572 non
1474 1516 1525 1572 est
1550 1525 1592 1571 ex
1609 1525 1657 1578 eo,

541 1612 630 1695 quod
649 1612 825 1695 praemissae
856 1611 922 1679 sint
945 1612 1103 1690 notiores,
1132 1622 1170 1680 ut
1197 1615 1262 1680 sint
1280 1632 1413 1698 quoque
1436 1614 1583 1679 veriores
1607 1623 1659 1679 aut

541 1718 704 1787 certiores
1251 1775 1254 1780 ,

534 1848 536 1857 ·
609 1828 772 1894 Caeterum
800 1846 906 1911 neque
934 1828 1033 1893 etiam
1060 1830 1182 1897 debent
1212 1848 1284 1895 esse
1315 1828 1491 1914 premissae
1518 1827 1658 1893 notiores

540 1934 768 2011 conclusione,
790 1946 954 2018 quatenus
972 1936 1113 2003 habeant
1131 1937 1328 2004 evidentiam
1345 1938 1524 2019 majorem,
1547 1954 1661 2001 secun-
1719 1915 1721 1946 ²

539 2045 620 2110 dum
640 2041 869 2128 perfectionem
899 2044 1101 2127 specificam,
1122 2046 1180 2111 sed
1199 2045 1333 2120 sufficit,
1354 2027 1391 2109 ut
1410 2044 1492 2109 intra
1512 2044 1658 2108 eamdem
1719 2041 1721 2084 ἵ

539 2151 679 2235 speciem
699 2150 870 2216 evidentiae
890 2152 1067 2236 praemissae
1087 2164 1243 2236 superent
1262 2153 1526 2229 conclusionem,
1545 2150 1659 2217 saltem
1719 2231 1720 2234 Ἴ

538 2256 572 2323 in
591 2258 700 2341 uliquo
718 2257 819 2342 gradu
846 2257 1053 2325 intensitatis.
1077 2258 1246 2343 Siquidem
1272 2279 1313 2324 ex
1330 2258 1459 2325 duabus
1487 2256 1661 2342 premissis
1719 2255 1721 2308 ἴ

539 2363 759 2451 metaphysice
788 2364 1011 2441 evidentibus,
1042 2367 1154 2450 procul
1187 2367 1287 2432 dubio
1317 2364 1464 2450 sequitur
1498 2364 1662 2431 conclusio

537 2473 634 2539 etlam
654 2473 878 2560 metaphysice
896 2472 1043 2539 evidens.
1086 2491 1089 2504 ·

533 2600 537 2606 ·
604 2580 727 2645 Delnde
751 2580 791 2645 ad
810 2580 953 2664 primurn
974 2582 1161 2647 membrum
1182 2580 1381 2665 probationis
1406 2580 1591 2664 respondeo
1610 2598 1664 2643 ve·

530 2687 666 2756 ritatem
686 2688 819 2772 quidem
839 2675 1015 2754 formaliter
1028 2697 1197 2774 sumptam
1213 2690 1309 2755 sitam
1325 2705 1397 2755 esse
1415 2689 1449 2754 in
1463 2687 1661 2756 indivisibili.

539 2816 658 2880 nempe
676 2804 839 2881 quatenus
864 2795 1020 2881 importat
1038 2798 1207 2864 formalem
1229 2798 1386 2864 rationem
1413 2796 1660 2880 adaequationis;

538 2894 671 2972 sl'vero
698 2903 920 2970 consideretur
946 2913 1103 2988 exparte
1131 2904 1354 2981 fundamenti,
1384 2912 1483 2989 prout
1509 2903 1662 2986 importat

540 3015 697 3098 majorem
733 3014 785 3078 vel
814 3013 975 3078 minorem
1006 3012 1194 3079 firmitatem
1231 3024 1329 3096 atque
1361 3010 1659 3079 immutabilitatem
1719 3014 1721 3019 '

539 3119 786 3204 adaequationis,
800 3136 866 3185 non
881 3119 1029 3185 consistit
1043 3121 1075 3185 in
1091 3119 1294 3201 indivisibili3
1311 3120 1368 3187 sed
1382 3139 1486 3204 capax
1500 3119 1660 3202 graduum

539 3239 606 3306 est,
626 3239 659 3296 et
687 3227 851 3311 suscipere
879 3236 987 3312 potest
1006 3228 1111 3312 magis
1130 3235 1162 3292 et
1189 3228 1312 3295 minus.
1332 3227 1370 3293 Et
1398 3229 1462 3294 hoc
1481 3227 1584 3292 modo
1611 3245 1661 3292 ve

540 3337 605 3403 rius
624 3346 674 3403 est
692 3336 793 3401 Deum
810 3354 891 3410 esse,
912 3354 1012 3418 quam
1031 3355 1078 3400 ma
1094 3337 1201 3401 sedare
1218 3355 1317 3400 nunc.
1342 3334 1380 3401 Et
1399 3335 1446 3400 sic
1466 3335 1565 3400 etiarn
1587 3333 1659 3399 nihil
1719 3320 1721 3409 J

539 3453 634 3510 vetat.
647 3441 831 3527 praemissas
849 3461 922 3508 esse
940 3443 1098 3518 veriores,
1115 3443 1148 3507 id
1167 3451 1219 3508 est
1236 3442 1396 3507 firmiores
1411 3441 1599 3507 secundum
1610 3461 1660 3503 ve·

541 3553 666 3617 ritatem
687 3560 743 3617 aut
756 3548 910 3616 certiores
924 3550 1147 3626 conclusione,
1164 3552 1279 3615 saltem
1300 3559 1464 3633 quatenus
1478 3550 1530 3614 hac
1547 3547 1659 3615 abillis

540 3679 634 3727 suam
655 3666 848 3724 mutuantur
867 3657 1035 3722 veritatem
1057 3666 1089 3722 et
1107 3657 1313 3732 firmitatem,
1339 3675 1440 3741 quam
1459 3673 1659 3722 servarene

541 3777 666 3851 queunt
682 3765 741 3831 nisi
757 3765 980 3848 dependenter
997 3785 1015 3828 a
1035 3763 1170 3831 veritate
1188 3773 1221 3830 et
1238 3764 1392 3830 firmitate
1406 3763 1656 3848 praemissarum.

607 3872 717 3949 Adde,
745 3873 834 3956 quod
863 3891 951 3956 saepe
974 3871 1139 3938 conclusio
1167 3872 1300 3958 physica
1326 3871 1499 3939 dumtaxat
1526 3871 1658 3955 gaudeat

540 3980 748 4056 certitudine,
769 3980 850 4045 dum
870 3981 1022 4045 alterutra
1042 3979 1207 4063 praemissa
1225 3978 1481 4065 metaphysicam
1500 3975 1658 4045 certitudi-

542 4109 617 4156 nem
637 4088 750 4164 habet,
773 4105 901 4172 nempe·
912 4087 938 4152 si
958 4086 1125 4153 conclusio
1147 4085 1303 4152 inferatur
1320 4105 1362 4151 ex
1381 4088 1480 4150 altera
1498 4085 1657 4169 praemissa
1719 4106 1721 4135 =

541 4195 765 4284 metaphysica
783 4203 815 4261 et
834 4176 933 4260 altera
953 4194 1099 4280 physica.
1122 4193 1251 4269 Fateor,
1272 4193 1405 4277 quando
1423 4200 1566 4276 utraque
1587 4209 1659 4276 pne
1719 4196 1721 4209 '

542 4305 641 4370 missa
668 4312 720 4369 est
747 4301 981 4388 metaphysicae
1007 4300 1227 4377 certitudinis,
1252 4301 1402 4366 eamdem
1430 4319 1569 4383 quoque
1594 4315 1658 4363 esse
1719 4326 1721 4371 ;

542 4411 761 4478 conclusionis
781 4409 1027 4490 certitudinem
1050 4408 1263 4474 nihilominus
1281 4407 1378 4473 etiarn
1403 4416 1484 4472 tunc
1505 4407 1540 4472 in
1560 4407 1658 4487 aliquo

542 4537 641 4588 sensu
672 4518 734 4584 dici
763 4527 904 4602 possunt
931 4517 1109 4600 praemissae
1135 4516 1277 4582 veriores
1303 4515 1593 4582 fundamentaliter
1609 4529 1659 4576 seu

542 4625 696 4694 certiores
713 4624 941 4700 conclusione,
965 4631 1127 4706 quatenus
1145 4622 1199 4687 iila
1218 4641 1284 4688 non
1304 4622 1365 4689 nisi
1383 4622 1608 4707 dependenter
1624 4618 1658 4680 ab

545 4735 583 4802 iis
603 4751 698 4803 suarn
720 4733 857 4800 retineat
871 4731 1058 4799 firmitatem
1077 4749 1114 4796 ac
1133 4731 1315 4797 veritatem.
