<?xml version="1.0" encoding="UTF-8"?>
<!DOCTYPE html PUBLIC "-//W3C//DTD XHTML 1.0 Transitional//EN"
    "http://www.w3.org/TR/xhtml1/DTD/xhtml1-transitional.dtd">
<html xmlns="http://www.w3.org/1999/xhtml" xml:lang="en" lang="en">
 <head>
  <title>
</title>
<meta http-equiv="Content-Type" content="text/html;charset=utf-8" />
  <meta name='ocr-system' content='tesseract 3.04.00' />
  <meta name='ocr-capabilities' content='ocr_page ocr_carea ocr_par ocr_line ocrx_word'/>
</head>
<body>
  <div class='ocr_page' id='page_1' title='image "./institutionesph00urrgoog/institutionesph00urrgoog_1017.png"; bbox 0 0 3492 5525; ppageno 0'>
   <div class='ocr_carea' id='block_1_1' title="bbox 232 458 1216 587">
    <p class='ocr_par' dir='ltr' id='par_1_1' title="bbox 232 458 1216 587">
     <span class='ocr_line' id='line_1_1' title="bbox 232 458 1178 549; baseline 0.012 -28"><span class='ocrx_word' id='word_1_1' title='bbox 232 458 349 523; x_wconf 76' lang='lat' dir='ltr'><strong>Anne.</strong></span> <span class='ocrx_word' id='word_1_2' title='bbox 376 476 435 543; x_wconf 61' lang='lat'><strong>3³¹⁵</strong></span> <span class='ocrx_word' id='word_1_3' title='bbox 455 460 507 525; x_wconf 83' lang='lat' dir='ltr'><strong>An</strong></span> <span class='ocrx_word' id='word_1_4' title='bbox 533 480 674 527; x_wconf 78' lang='lat' dir='ltr'><strong>naeuus</strong></span> <span class='ocrx_word' id='word_1_5' title='bbox 697 470 858 529; x_wconf 68' lang='lat' dir='ltr'><strong>scrutina·</strong></span> <span class='ocrx_word' id='word_1_6' title='bbox 883 481 933 530; x_wconf 79' lang='lat' dir='ltr'><strong>sir</strong></span> <span class='ocrx_word' id='word_1_7' title='bbox 952 484 1099 531; x_wconf 74' lang='lat' dir='ltr'><strong>smonex</strong></span> <span class='ocrx_word' id='word_1_8' title='bbox 1118 484 1178 549; x_wconf 76' lang='lat'><strong>997</strong></span> 
     </span>
     <span class='ocr_line' id='line_1_2' title="bbox 684 564 1216 587; baseline 0.015 -7"><span class='ocrx_word' id='word_1_9' title='bbox 684 564 1216 587; x_wconf 53' lang='lat' dir='ltr'><strong>---.-e...-.-..</strong></span> 
     </span>
    </p>
   </div>
   <div class='ocr_carea' id='block_1_2' title="bbox 91 642 1429 4286">
    <p class='ocr_par' dir='ltr' id='par_1_2' title="bbox 94 642 1221 836">
     <span class='ocr_line' id='line_1_3' title="bbox 94 642 1221 734; baseline 0.006 -28"><span class='ocrx_word' id='word_1_10' title='bbox 94 642 303 709; x_wconf 77' lang='lat' dir='ltr'><strong>conflandam</strong></span> <span class='ocrx_word' id='word_1_11' title='bbox 326 644 512 720; x_wconf 88' lang='lat' dir='ltr'><strong>scientiam,</strong></span> <span class='ocrx_word' id='word_1_12' title='bbox 542 659 711 729; x_wconf 88' lang='lat' dir='ltr'><strong>nequeunt</strong></span> <span class='ocrx_word' id='word_1_13' title='bbox 735 648 892 733; x_wconf 85' lang='lat' dir='ltr'><strong>distingui</strong></span> <span class='ocrx_word' id='word_1_14' title='bbox 916 649 1022 733; x_wconf 86' lang='lat' dir='ltr'><strong>specie</strong></span> <span class='ocrx_word' id='word_1_15' title='bbox 1039 652 1221 734; x_wconf 85' lang='lat' dir='ltr'><strong>completa,</strong></span> 
     </span>
     <span class='ocr_line' id='line_1_4' title="bbox 96 752 386 836; baseline -0.007 -19"><span class='ocrx_word' id='word_1_16' title='bbox 96 752 157 817; x_wconf 87' lang='lat' dir='ltr'><strong>sed</strong></span> <span class='ocrx_word' id='word_1_17' title='bbox 175 752 386 836; x_wconf 84' lang='lat' dir='ltr'><strong>incompleta.</strong></span> 
     </span>
    </p>

    <p class='ocr_par' dir='ltr' id='par_1_3' title="bbox 93 858 1392 2546">
     <span class='ocr_line' id='line_1_5' title="bbox 164 858 1387 947; baseline 0.002 -23"><span class='ocrx_word' id='word_1_18' title='bbox 164 858 245 924; x_wconf 87' lang='lat' dir='ltr'><strong>Hinc</strong></span> <span class='ocrx_word' id='word_1_19' title='bbox 271 862 420 943; x_wconf 87' lang='lat' dir='ltr'><strong>sequitur</strong></span> <span class='ocrx_word' id='word_1_20' title='bbox 445 862 594 946; x_wconf 89' lang='lat' dir='ltr'><strong>paniales</strong></span> <span class='ocrx_word' id='word_1_21' title='bbox 620 862 702 929; x_wconf 86' lang='lat' dir='ltr'><strong>istos</strong></span> <span class='ocrx_word' id='word_1_22' title='bbox 732 862 863 930; x_wconf 88' lang='lat' dir='ltr'><strong>habitus</strong></span> <span class='ocrx_word' id='word_1_23' title='bbox 889 883 956 931; x_wconf 93' lang='lat' dir='ltr'><strong>non</strong></span> <span class='ocrx_word' id='word_1_24' title='bbox 980 882 1076 947; x_wconf 89' lang='lat' dir='ltr'><strong>posse</strong></span> <span class='ocrx_word' id='word_1_25' title='bbox 1099 864 1217 930; x_wconf 88' lang='lat' dir='ltr'><strong>habere</strong></span> <span class='ocrx_word' id='word_1_26' title='bbox 1280 896 1319 925; x_wconf 65' lang='lat' dir='ltr'><strong>nac</strong></span> <span class='ocrx_word' id='word_1_27' title='bbox 1332 883 1387 927; x_wconf 63' lang='lat' dir='ltr'><strong>tnta</strong></span> 
     </span>
     <span class='ocr_line' id='line_1_6' title="bbox 95 954 1392 1078; baseline 0.005 -47"><span class='ocrx_word' id='word_1_28' title='bbox 95 968 182 1031; x_wconf 89' lang='lat' dir='ltr'><strong>inter</strong></span> <span class='ocrx_word' id='word_1_29' title='bbox 211 986 247 1033; x_wconf 90' lang='lat' dir='ltr'><strong>se</strong></span> <span class='ocrx_word' id='word_1_30' title='bbox 275 967 443 1055; x_wconf 86' lang='lat' dir='ltr'><strong>physicam</strong></span> <span class='ocrx_word' id='word_1_31' title='bbox 462 970 638 1046; x_wconf 90' lang='lat' dir='ltr'><strong>unionem,</strong></span> <span class='ocrx_word' id='word_1_32' title='bbox 658 989 734 1036; x_wconf 91' lang='lat' dir='ltr'><strong>cum</strong></span> <span class='ocrx_word' id='word_1_33' title='bbox 755 980 837 1037; x_wconf 91' lang='lat' dir='ltr'><strong>sunt</strong></span> <span class='ocrx_word' id='word_1_34' title='bbox 861 972 998 1037; x_wconf 79' lang='lat' dir='ltr'><strong>diversae</strong></span> <span class='ocrx_word' id='word_1_35' title='bbox 1017 970 1165 1058; x_wconf 91' lang='lat' dir='ltr'><strong>speciei(</strong></span> <span class='ocrx_word' id='word_1_36' title='bbox 1190 970 1215 1058; x_wconf 85' lang='grc'><strong>).</strong></span> <span class='ocrx_word' id='word_1_37' title='bbox 1272 954 1392 1078; x_wconf 40' lang='lat' dir='ltr'><strong>⁸⁰33?oe</strong></span> 
     </span>
     <span class='ocr_line' id='line_1_7' title="bbox 96 1075 1218 1165; baseline 0.005 -26"><span class='ocrx_word' id='word_1_38' title='bbox 96 1075 319 1141; x_wconf 87' lang='lat' dir='ltr'><strong>Nihilominus</strong></span> <span class='ocrx_word' id='word_1_39' title='bbox 337 1078 444 1159; x_wconf 89' lang='lat' dir='ltr'><strong>aliqua</strong></span> <span class='ocrx_word' id='word_1_40' title='bbox 462 1078 570 1143; x_wconf 90' lang='lat' dir='ltr'><strong>unitas</strong></span> <span class='ocrx_word' id='word_1_41' title='bbox 589 1087 622 1142; x_wconf 89' lang='lat' dir='ltr'><strong>et</strong></span> <span class='ocrx_word' id='word_1_42' title='bbox 634 1078 801 1144; x_wconf 88' lang='lat' dir='ltr'><strong>connexio</strong></span> <span class='ocrx_word' id='word_1_43' title='bbox 827 1081 1034 1165; x_wconf 82' lang='lat' dir='ltr'><strong>agnoscenda</strong></span> <span class='ocrx_word' id='word_1_44' title='bbox 1058 1091 1107 1147; x_wconf 90' lang='lat' dir='ltr'><strong>est</strong></span> <span class='ocrx_word' id='word_1_45' title='bbox 1136 1081 1218 1145; x_wconf 87' lang='lat' dir='ltr'><strong>inter</strong></span> 
     </span>
     <span class='ocr_line' id='line_1_8' title="bbox 94 1184 1220 1269; baseline 0.005 -22"><span class='ocrx_word' id='word_1_46' title='bbox 94 1185 207 1267; x_wconf 87' lang='lat' dir='ltr'><strong>plures</strong></span> <span class='ocrx_word' id='word_1_47' title='bbox 225 1184 413 1267; x_wconf 84' lang='lat' dir='ltr'><strong>hujusmodi</strong></span> <span class='ocrx_word' id='word_1_48' title='bbox 433 1185 583 1269; x_wconf 88' lang='lat' dir='ltr'><strong>partiales</strong></span> <span class='ocrx_word' id='word_1_49' title='bbox 601 1186 742 1253; x_wconf 89' lang='lat' dir='ltr'><strong>habitus.</strong></span> <span class='ocrx_word' id='word_1_50' title='bbox 762 1188 846 1253; x_wconf 87' lang='lat' dir='ltr'><strong>Nam</strong></span> <span class='ocrx_word' id='word_1_51' title='bbox 866 1187 1056 1253; x_wconf 89' lang='lat' dir='ltr'><strong>communis</strong></span> <span class='ocrx_word' id='word_1_52' title='bbox 1076 1189 1220 1253; x_wconf 87' lang='lat' dir='ltr'><strong>Philoso-</strong></span> 
     </span>
     <span class='ocr_line' id='line_1_9' title="bbox 94 1288 1220 1379; baseline 0.004 -25"><span class='ocrx_word' id='word_1_53' title='bbox 94 1292 237 1373; x_wconf 85' lang='lat' dir='ltr'><strong>phorum</strong></span> <span class='ocrx_word' id='word_1_54' title='bbox 257 1308 375 1357; x_wconf 87' lang='lat' dir='ltr'><strong>sensus</strong></span> <span class='ocrx_word' id='word_1_55' title='bbox 397 1288 488 1358; x_wconf 84' lang='lat' dir='ltr'><strong>tenet</strong></span> <span class='ocrx_word' id='word_1_56' title='bbox 508 1292 729 1358; x_wconf 84' lang='lat' dir='ltr'><strong>Geometriam</strong></span> <span class='ocrx_word' id='word_1_57' title='bbox 754 1315 788 1360; x_wconf 92' lang='lat' dir='ltr'><strong>v.</strong></span> <span class='ocrx_word' id='word_1_58' title='bbox 808 1314 857 1379; x_wconf 85' lang='lat' dir='ltr'><strong>g.,</strong></span> <span class='ocrx_word' id='word_1_59' title='bbox 879 1306 1043 1378; x_wconf 88' lang='lat' dir='ltr'><strong>quatenus</strong></span> <span class='ocrx_word' id='word_1_60' title='bbox 1061 1304 1112 1360; x_wconf 90' lang='lat' dir='ltr'><strong>est</strong></span> <span class='ocrx_word' id='word_1_61' title='bbox 1130 1294 1220 1361; x_wconf 89' lang='lat' dir='ltr'><strong>habi-</strong></span> 
     </span>
     <span class='ocr_line' id='line_1_10' title="bbox 94 1399 1217 1486; baseline 0.004 -23"><span class='ocrx_word' id='word_1_62' title='bbox 94 1412 151 1464; x_wconf 89' lang='lat' dir='ltr'><strong>tus</strong></span> <span class='ocrx_word' id='word_1_63' title='bbox 169 1399 327 1465; x_wconf 80' lang='lat' dir='ltr'><strong>facilitans</strong></span> <span class='ocrx_word' id='word_1_64' title='bbox 345 1400 385 1465; x_wconf 87' lang='lat' dir='ltr'><strong>ad</strong></span> <span class='ocrx_word' id='word_1_65' title='bbox 404 1419 522 1466; x_wconf 88' lang='lat' dir='ltr'><strong>omnes</strong></span> <span class='ocrx_word' id='word_1_66' title='bbox 540 1402 756 1486; x_wconf 85' lang='lat' dir='ltr'><strong>geometricas</strong></span> <span class='ocrx_word' id='word_1_67' title='bbox 774 1403 1017 1477; x_wconf 82' lang='lat' dir='ltr'><strong>conclusiones,</strong></span> <span class='ocrx_word' id='word_1_68' title='bbox 1032 1422 1103 1468; x_wconf 88' lang='lat' dir='ltr'><strong>esse</strong></span> <span class='ocrx_word' id='word_1_69' title='bbox 1118 1420 1217 1469; x_wconf 89' lang='lat' dir='ltr'><strong>unam</strong></span> 
     </span>
     <span class='ocr_line' id='line_1_11' title="bbox 94 1506 1218 1597; baseline 0.004 -26"><span class='ocrx_word' id='word_1_70' title='bbox 94 1506 282 1583; x_wconf 86' lang='lat' dir='ltr'><strong>scientiam,</strong></span> <span class='ocrx_word' id='word_1_71' title='bbox 313 1517 348 1572; x_wconf 91' lang='lat' dir='ltr'><strong>et</strong></span> <span class='ocrx_word' id='word_1_72' title='bbox 373 1508 459 1572; x_wconf 92' lang='lat' dir='ltr'><strong>idem</strong></span> <span class='ocrx_word' id='word_1_73' title='bbox 490 1520 642 1575; x_wconf 87' lang='lat' dir='ltr'><strong>censetur</strong></span> <span class='ocrx_word' id='word_1_74' title='bbox 671 1509 712 1573; x_wconf 91' lang='lat' dir='ltr'><strong>de</strong></span> <span class='ocrx_word' id='word_1_75' title='bbox 742 1511 979 1597; x_wconf 85' lang='lat' dir='ltr'><strong>Metaphysica,</strong></span> <span class='ocrx_word' id='word_1_76' title='bbox 1010 1511 1218 1594; x_wconf 86' lang='lat' dir='ltr'><strong>Philosophia</strong></span> 
     </span>
     <span class='ocr_line' id='line_1_12' title="bbox 95 1614 1219 1702; baseline 0.004 -24"><span class='ocrx_word' id='word_1_77' title='bbox 95 1616 253 1690; x_wconf 90' lang='lat' dir='ltr'><strong>naturali,</strong></span> <span class='ocrx_word' id='word_1_78' title='bbox 275 1625 338 1680; x_wconf 90' lang='lat' dir='ltr'><strong>etc.</strong></span> <span class='ocrx_word' id='word_1_79' title='bbox 360 1614 394 1680; x_wconf 90' lang='lat' dir='ltr'><strong>Si</strong></span> <span class='ocrx_word' id='word_1_80' title='bbox 414 1635 493 1700; x_wconf 85' lang='lat' dir='ltr'><strong>ergo</strong></span> <span class='ocrx_word' id='word_1_81' title='bbox 513 1616 620 1682; x_wconf 85' lang='lat' dir='ltr'><strong>unitas</strong></span> <span class='ocrx_word' id='word_1_82' title='bbox 639 1617 769 1682; x_wconf 91' lang='lat' dir='ltr'><strong>habitus</strong></span> <span class='ocrx_word' id='word_1_83' title='bbox 787 1617 923 1702; x_wconf 86' lang='lat' dir='ltr'><strong>intelligi</strong></span> <span class='ocrx_word' id='word_1_84' title='bbox 944 1618 1056 1700; x_wconf 87' lang='lat' dir='ltr'><strong>nequit</strong></span> <span class='ocrx_word' id='word_1_85' title='bbox 1075 1636 1133 1701; x_wconf 90' lang='lat' dir='ltr'><strong>per</strong></span> <span class='ocrx_word' id='word_1_86' title='bbox 1147 1638 1219 1683; x_wconf 93' lang='lat' dir='ltr'><strong>mo-</strong></span> 
     </span>
     <span class='ocr_line' id='line_1_13' title="bbox 96 1720 1217 1809; baseline 0.003 -21"><span class='ocrx_word' id='word_1_87' title='bbox 96 1725 178 1788; x_wconf 91' lang='lat' dir='ltr'><strong>dum</strong></span> <span class='ocrx_word' id='word_1_88' title='bbox 213 1722 368 1807; x_wconf 91' lang='lat' dir='ltr'><strong>simplicis</strong></span> <span class='ocrx_word' id='word_1_89' title='bbox 400 1720 579 1806; x_wconf 84' lang='lat' dir='ltr'><strong>qualitatis,</strong></span> <span class='ocrx_word' id='word_1_90' title='bbox 615 1742 674 1789; x_wconf 89' lang='lat' dir='ltr'><strong>nec</strong></span> <span class='ocrx_word' id='word_1_91' title='bbox 711 1743 769 1807; x_wconf 90' lang='lat' dir='ltr'><strong>per</strong></span> <span class='ocrx_word' id='word_1_92' title='bbox 801 1725 939 1790; x_wconf 90' lang='lat' dir='ltr'><strong>modum</strong></span> <span class='ocrx_word' id='word_1_93' title='bbox 971 1725 1217 1809; x_wconf 83' lang='lat' dir='ltr'><strong>compositionis</strong></span> 
     </span>
     <span class='ocr_line' id='line_1_14' title="bbox 96 1831 1214 1916; baseline 0.003 -21"><span class='ocrx_word' id='word_1_94' title='bbox 96 1831 256 1916; x_wconf 88' lang='lat' dir='ltr'><strong>physicae,</strong></span> <span class='ocrx_word' id='word_1_95' title='bbox 276 1848 352 1913; x_wconf 84' lang='lat' dir='ltr'><strong>quae</strong></span> <span class='ocrx_word' id='word_1_96' title='bbox 370 1852 410 1896; x_wconf 90' lang='lat' dir='ltr'><strong>ex</strong></span> <span class='ocrx_word' id='word_1_97' title='bbox 426 1832 561 1896; x_wconf 89' lang='lat' dir='ltr'><strong>diversis</strong></span> <span class='ocrx_word' id='word_1_98' title='bbox 574 1831 763 1915; x_wconf 80' lang='lat' dir='ltr'><strong>partialibus</strong></span> <span class='ocrx_word' id='word_1_99' title='bbox 777 1833 986 1914; x_wconf 83' lang='lat' dir='ltr'><strong>qualitatibus</strong></span> <span class='ocrx_word' id='word_1_100' title='bbox 1001 1852 1100 1898; x_wconf 90' lang='lat' dir='ltr'><strong>unam</strong></span> <span class='ocrx_word' id='word_1_101' title='bbox 1120 1833 1214 1898; x_wconf 89' lang='lat' dir='ltr'><strong>aliam</strong></span> 
     </span>
     <span class='ocr_line' id='line_1_15' title="bbox 95 1939 1216 2025; baseline 0.001 -21"><span class='ocrx_word' id='word_1_102' title='bbox 95 1939 247 2005; x_wconf 80' lang='lat' dir='ltr'><strong>conficiat</strong></span> <span class='ocrx_word' id='word_1_103' title='bbox 265 1941 306 2003; x_wconf 90' lang='lat' dir='ltr'><strong>ad</strong></span> <span class='ocrx_word' id='word_1_104' title='bbox 326 1958 402 2003; x_wconf 88' lang='lat' dir='ltr'><strong>cum</strong></span> <span class='ocrx_word' id='word_1_105' title='bbox 422 1940 578 2015; x_wconf 88' lang='lat' dir='ltr'><strong>modum,</strong></span> <span class='ocrx_word' id='word_1_106' title='bbox 599 1957 667 2021; x_wconf 89' lang='lat' dir='ltr'><strong>quo</strong></span> <span class='ocrx_word' id='word_1_107' title='bbox 685 1959 726 2004; x_wconf 89' lang='lat' dir='ltr'><strong>ex</strong></span> <span class='ocrx_word' id='word_1_108' title='bbox 745 1941 878 2004; x_wconf 90' lang='lat' dir='ltr'><strong>materia</strong></span> <span class='ocrx_word' id='word_1_109' title='bbox 898 1948 930 2004; x_wconf 88' lang='lat' dir='ltr'><strong>et</strong></span> <span class='ocrx_word' id='word_1_110' title='bbox 956 1941 1059 2005; x_wconf 81' lang='lat' dir='ltr'><strong>forma</strong></span> <span class='ocrx_word' id='word_1_111' title='bbox 1077 1961 1141 2006; x_wconf 89' lang='lat' dir='ltr'><strong>una</strong></span> <span class='ocrx_word' id='word_1_112' title='bbox 1160 1962 1216 2025; x_wconf 89' lang='lat' dir='ltr'><strong>per</strong></span> 
     </span>
     <span class='ocr_line' id='line_1_16' title="bbox 95 2046 1217 2133; baseline 0.004 -21"><span class='ocrx_word' id='word_1_113' title='bbox 95 2068 134 2112; x_wconf 91' lang='lat' dir='ltr'><strong>se</strong></span> <span class='ocrx_word' id='word_1_114' title='bbox 153 2048 297 2131; x_wconf 90' lang='lat' dir='ltr'><strong>corporis</strong></span> <span class='ocrx_word' id='word_1_115' title='bbox 315 2046 472 2123; x_wconf 85' lang='lat' dir='ltr'><strong>essentia,</strong></span> <span class='ocrx_word' id='word_1_116' title='bbox 497 2057 554 2113; x_wconf 89' lang='lat' dir='ltr'><strong>aut</strong></span> <span class='ocrx_word' id='word_1_117' title='bbox 571 2068 612 2113; x_wconf 90' lang='lat' dir='ltr'><strong>ex</strong></span> <span class='ocrx_word' id='word_1_118' title='bbox 631 2048 777 2132; x_wconf 89' lang='lat' dir='ltr'><strong>pluribus</strong></span> <span class='ocrx_word' id='word_1_119' title='bbox 800 2048 947 2132; x_wconf 80' lang='lat' dir='ltr'><strong>partibus</strong></span> <span class='ocrx_word' id='word_1_120' title='bbox 979 2049 1217 2133; x_wconf 86' lang='lat' dir='ltr'><strong>integrantibus</strong></span> 
     </span>
     <span class='ocr_line' id='line_1_17' title="bbox 96 2155 1214 2241; baseline 0.004 -22"><span class='ocrx_word' id='word_1_121' title='bbox 96 2174 164 2219; x_wconf 91' lang='lat' dir='ltr'><strong>una</strong></span> <span class='ocrx_word' id='word_1_122' title='bbox 180 2157 333 2221; x_wconf 88' lang='lat' dir='ltr'><strong>continua</strong></span> <span class='ocrx_word' id='word_1_123' title='bbox 351 2156 498 2221; x_wconf 84' lang='lat' dir='ltr'><strong>extensio</strong></span> <span class='ocrx_word' id='word_1_124' title='bbox 512 2158 662 2231; x_wconf 89' lang='lat' dir='ltr'><strong>resultat,</strong></span> <span class='ocrx_word' id='word_1_125' title='bbox 679 2155 907 2239; x_wconf 90' lang='lat' dir='ltr'><strong>explicandum</strong></span> <span class='ocrx_word' id='word_1_126' title='bbox 927 2166 1093 2241; x_wconf 87' lang='lat' dir='ltr'><strong>superest,</strong></span> <span class='ocrx_word' id='word_1_127' title='bbox 1114 2176 1214 2240; x_wconf 86' lang='lat' dir='ltr'><strong>quam</strong></span> 
     </span>
     <span class='ocr_line' id='line_1_18' title="bbox 95 2264 1214 2351; baseline 0.003 -22"><span class='ocrx_word' id='word_1_128' title='bbox 95 2266 255 2329; x_wconf 90' lang='lat' dir='ltr'><strong>unitatem</strong></span> <span class='ocrx_word' id='word_1_129' title='bbox 276 2264 393 2329; x_wconf 88' lang='lat' dir='ltr'><strong>habeat</strong></span> <span class='ocrx_word' id='word_1_130' title='bbox 410 2264 518 2330; x_wconf 90' lang='lat' dir='ltr'><strong>totalis</strong></span> <span class='ocrx_word' id='word_1_131' title='bbox 536 2265 679 2329; x_wconf 83' lang='lat' dir='ltr'><strong>scientiae</strong></span> <span class='ocrx_word' id='word_1_132' title='bbox 697 2264 846 2340; x_wconf 84' lang='lat' dir='ltr'><strong>habitus,</strong></span> <span class='ocrx_word' id='word_1_133' title='bbox 871 2264 927 2347; x_wconf 91' lang='lat' dir='ltr'><strong>qui</strong></span> <span class='ocrx_word' id='word_1_134' title='bbox 956 2276 1005 2333; x_wconf 88' lang='lat' dir='ltr'><strong>est</strong></span> <span class='ocrx_word' id='word_1_135' title='bbox 1031 2267 1214 2351; x_wconf 83' lang='lat' dir='ltr'><strong>complexio</strong></span> 
     </span>
     <span class='ocr_line' id='line_1_19' title="bbox 95 2368 1215 2460; baseline 0.004 -25"><span class='ocrx_word' id='word_1_136' title='bbox 95 2372 237 2457; x_wconf 90' lang='lat' dir='ltr'><strong>plurium</strong></span> <span class='ocrx_word' id='word_1_137' title='bbox 257 2372 439 2456; x_wconf 84' lang='lat' dir='ltr'><strong>partialium</strong></span> <span class='ocrx_word' id='word_1_138' title='bbox 459 2372 630 2437; x_wconf 86' lang='lat' dir='ltr'><strong>habituum</strong></span> <span class='ocrx_word' id='word_1_139' title='bbox 650 2372 846 2454; x_wconf 91' lang='lat' dir='ltr'><strong>simplicium</strong></span> <span class='ocrx_word' id='word_1_140' title='bbox 862 2368 929 2460; x_wconf 87' lang='lat'>(2);</span> <span class='ocrx_word' id='word_1_141' title='bbox 946 2391 1147 2457; x_wconf 87' lang='lat' dir='ltr'><strong>quamquam</strong></span> <span class='ocrx_word' id='word_1_142' title='bbox 1165 2392 1215 2440; x_wconf 88' lang='lat' dir='ltr'><strong>res</strong></span> 
     </span>
     <span class='ocr_line' id='line_1_20' title="bbox 93 2479 494 2546; baseline 0.005 -2"><span class='ocrx_word' id='word_1_143' title='bbox 93 2484 164 2546; x_wconf 88' lang='lat' dir='ltr'><strong>haec</strong></span> <span class='ocrx_word' id='word_1_144' title='bbox 183 2480 260 2546; x_wconf 88' lang='lat' dir='ltr'><strong>satis</strong></span> <span class='ocrx_word' id='word_1_145' title='bbox 279 2488 329 2545; x_wconf 91' lang='lat' dir='ltr'><strong>est</strong></span> <span class='ocrx_word' id='word_1_146' title='bbox 346 2479 494 2545; x_wconf 83' lang='lat' dir='ltr'><strong>difficilis.</strong></span> 
     </span>
    </p>

    <p class='ocr_par' dir='ltr' id='par_1_4' title="bbox 91 2587 1429 4286">
     <span class='ocr_line' id='line_1_21' title="bbox 122 2587 1397 2672; baseline 0.004 -20"><span class='ocrx_word' id='word_1_147' title='bbox 122 2592 125 2599; x_wconf 85' lang='lat'>&#39;</span> <span class='ocrx_word' id='word_1_148' title='bbox 162 2587 275 2654; x_wconf 83' lang='lat' dir='ltr'><strong>Unitas</strong></span> <span class='ocrx_word' id='word_1_149' title='bbox 302 2588 412 2670; x_wconf 90' lang='lat' dir='ltr'><strong>itaque</strong></span> <span class='ocrx_word' id='word_1_150' title='bbox 440 2587 507 2653; x_wconf 90' lang='lat' dir='ltr'><strong>haec</strong></span> <span class='ocrx_word' id='word_1_151' title='bbox 535 2588 594 2652; x_wconf 91' lang='lat' dir='ltr'><strong>alia</strong></span> <span class='ocrx_word' id='word_1_152' title='bbox 622 2605 688 2652; x_wconf 93' lang='lat' dir='ltr'><strong>non</strong></span> <span class='ocrx_word' id='word_1_153' title='bbox 707 2597 773 2662; x_wconf 89' lang='lat' dir='ltr'><strong>est,</strong></span> <span class='ocrx_word' id='word_1_154' title='bbox 801 2604 900 2672; x_wconf 88' lang='lat' dir='ltr'><strong>quam</strong></span> <span class='ocrx_word' id='word_1_155' title='bbox 921 2588 1028 2654; x_wconf 85' lang='lat' dir='ltr'><strong>unitas</strong></span> <span class='ocrx_word' id='word_1_156' title='bbox 1046 2590 1216 2655; x_wconf 80' lang='lat' dir='ltr'><strong>coordinat·</strong></span> <span class='ocrx_word' id='word_1_157' title='bbox 1261 2613 1397 2657; x_wconf 63' lang='lat' dir='ltr'><strong>autentum</strong></span> 
     </span>
     <span class='ocr_line' id='line_1_22' title="bbox 91 2686 1420 2801; baseline 0.007 -42"><span class='ocrx_word' id='word_1_158' title='bbox 91 2697 192 2762; x_wconf 89' lang='lat' dir='ltr'><strong>tionis</strong></span> <span class='ocrx_word' id='word_1_159' title='bbox 216 2704 248 2759; x_wconf 88' lang='lat' dir='ltr'><strong>et</strong></span> <span class='ocrx_word' id='word_1_160' title='bbox 270 2696 506 2760; x_wconf 82' lang='lat' dir='ltr'><strong>convenientiae</strong></span> <span class='ocrx_word' id='word_1_161' title='bbox 529 2696 824 2780; x_wconf 88' lang='lat' dir='ltr'><strong>connexionisque,</strong></span> <span class='ocrx_word' id='word_1_162' title='bbox 854 2714 954 2779; x_wconf 89' lang='lat' dir='ltr'><strong>quam</strong></span> <span class='ocrx_word' id='word_1_163' title='bbox 981 2714 1030 2760; x_wconf 89' lang='lat' dir='ltr'><strong>res</strong></span> <span class='ocrx_word' id='word_1_164' title='bbox 1056 2696 1135 2780; x_wconf 84' lang='lat' dir='ltr'><strong>ipsae</strong></span> <span class='ocrx_word' id='word_1_165' title='bbox 1159 2698 1215 2762; x_wconf 88' lang='lat' dir='ltr'><strong>ha·</strong></span> <span class='ocrx_word' id='word_1_166' title='bbox 1236 2686 1420 2801; x_wconf 52' lang='lat' dir='ltr'><strong>‘⁰⁰⁰23juslss&#39;3‘</strong></span> 
     </span>
     <span class='ocr_line' id='line_1_23' title="bbox 92 2771 1421 2889; baseline 0.005 -21"><span class='ocrx_word' id='word_1_167' title='bbox 92 2807 174 2869; x_wconf 90' lang='lat' dir='ltr'><strong>bent</strong></span> <span class='ocrx_word' id='word_1_168' title='bbox 192 2805 224 2869; x_wconf 91' lang='lat' dir='ltr'><strong>in</strong></span> <span class='ocrx_word' id='word_1_169' title='bbox 245 2804 367 2869; x_wconf 88' lang='lat' dir='ltr'><strong>ratione</strong></span> <span class='ocrx_word' id='word_1_170' title='bbox 386 2803 515 2870; x_wconf 90' lang='lat' dir='ltr'><strong>scibilis.</strong></span> <span class='ocrx_word' id='word_1_171' title='bbox 536 2802 744 2868; x_wconf 87' lang='lat' dir='ltr'><strong>Coordinatio</strong></span> <span class='ocrx_word' id='word_1_172' title='bbox 764 2821 858 2886; x_wconf 87' lang='lat' dir='ltr'><strong>porro</strong></span> <span class='ocrx_word' id='word_1_173' title='bbox 878 2805 1066 2889; x_wconf 85' lang='lat' dir='ltr'><strong>hujusmodi</strong></span> <span class='ocrx_word' id='word_1_174' title='bbox 1092 2805 1213 2888; x_wconf 88' lang='lat' dir='ltr'><strong>duplex</strong></span> <span class='ocrx_word' id='word_1_175' title='bbox 1227 2771 1421 2874; x_wconf 37' lang='lat' dir='ltr'><strong>affixisti&amp;</strong></span> 
     </span>
     <span class='ocr_line' id='line_1_24' title="bbox 92 2897 1420 3015; baseline 0 -38"><span class='ocrx_word' id='word_1_176' title='bbox 92 2912 229 2996; x_wconf 86' lang='lat' dir='ltr'><strong>intelligi</strong></span> <span class='ocrx_word' id='word_1_177' title='bbox 257 2920 441 2995; x_wconf 74' lang='lat' dir='ltr'><strong>potest,·et</strong></span> <span class='ocrx_word' id='word_1_178' title='bbox 471 2921 607 2995; x_wconf 90' lang='lat' dir='ltr'><strong>utraque</strong></span> <span class='ocrx_word' id='word_1_179' title='bbox 635 2910 733 2976; x_wconf 92' lang='lat' dir='ltr'><strong>simul</strong></span> <span class='ocrx_word' id='word_1_180' title='bbox 763 2928 954 2975; x_wconf 87' lang='lat' dir='ltr'><strong>concurrere</strong></span> <span class='ocrx_word' id='word_1_181' title='bbox 984 2911 1024 2976; x_wconf 91' lang='lat' dir='ltr'><strong>ad</strong></span> <span class='ocrx_word' id='word_1_182' title='bbox 1053 2913 1210 2977; x_wconf 91' lang='lat' dir='ltr'><strong>unitatem</strong></span> <span class='ocrx_word' id='word_1_183' title='bbox 1227 2897 1420 3015; x_wconf 49' lang='lat' dir='ltr'><strong>hffl‘i&#39;ffffi</strong></span> 
     </span>
     <span class='ocr_line' id='line_1_25' title="bbox 91 3003 1429 3101; baseline -0.001 -16"><span class='ocrx_word' id='word_1_184' title='bbox 91 3020 249 3086; x_wconf 82' lang='lat' dir='ltr'><strong>scientiae.</strong></span> <span class='ocrx_word' id='word_1_185' title='bbox 273 3020 403 3084; x_wconf 88' lang='lat' dir='ltr'><strong>«Prima</strong></span> <span class='ocrx_word' id='word_1_186' title='bbox 428 3030 478 3086; x_wconf 90' lang='lat' dir='ltr'><strong>est</strong></span> <span class='ocrx_word' id='word_1_187' title='bbox 505 3019 728 3085; x_wconf 89' lang='lat' dir='ltr'><strong>subordinatio</strong></span> <span class='ocrx_word' id='word_1_188' title='bbox 751 3019 915 3095; x_wconf 78' lang='lat' dir='ltr'><strong>effectiva,</strong></span> <span class='ocrx_word' id='word_1_189' title='bbox 938 3018 1042 3101; x_wconf 90' lang='lat' dir='ltr'><strong>qualis</strong></span> <span class='ocrx_word' id='word_1_190' title='bbox 1060 3029 1111 3084; x_wconf 85' lang='lat' dir='ltr'><strong>est</strong></span> <span class='ocrx_word' id='word_1_191' title='bbox 1129 3020 1214 3084; x_wconf 92' lang='lat' dir='ltr'><strong>inter</strong></span> <span class='ocrx_word' id='word_1_192' title='bbox 1424 3003 1429 3014; x_wconf 76' lang='grc'>’</span> 
     </span>
     <span class='ocr_line' id='line_1_26' title="bbox 93 3125 1210 3212; baseline 0.001 -20"><span class='ocrx_word' id='word_1_193' title='bbox 93 3129 244 3212; x_wconf 86' lang='lat' dir='ltr'><strong>partiales</strong></span> <span class='ocrx_word' id='word_1_194' title='bbox 273 3127 419 3202; x_wconf 88' lang='lat' dir='ltr'><strong>habitus,</strong></span> <span class='ocrx_word' id='word_1_195' title='bbox 453 3128 642 3192; x_wconf 87' lang='lat' dir='ltr'><strong>inclinantes</strong></span> <span class='ocrx_word' id='word_1_196' title='bbox 660 3128 700 3190; x_wconf 93' lang='lat' dir='ltr'><strong>ad</strong></span> <span class='ocrx_word' id='word_1_197' title='bbox 729 3125 1210 3205; x_wconf 88' lang='lat' dir='ltr'><strong>subordinatasconclusiones,</strong></span> 
     </span>
     <span class='ocr_line' id='line_1_27' title="bbox 91 3233 1212 3319; baseline 0.001 -19"><span class='ocrx_word' id='word_1_198' title='bbox 91 3253 235 3319; x_wconf 87' lang='lat' dir='ltr'><strong>quarum</strong></span> <span class='ocrx_word' id='word_1_199' title='bbox 255 3254 320 3299; x_wconf 93' lang='lat' dir='ltr'><strong>una</strong></span> <span class='ocrx_word' id='word_1_200' title='bbox 338 3235 501 3301; x_wconf 90' lang='lat' dir='ltr'><strong>derivatur</strong></span> <span class='ocrx_word' id='word_1_201' title='bbox 515 3254 557 3300; x_wconf 92' lang='lat' dir='ltr'><strong>ex</strong></span> <span class='ocrx_word' id='word_1_202' title='bbox 571 3235 647 3316; x_wconf 82' lang='lat' dir='ltr'><strong>alia3</strong></span> <span class='ocrx_word' id='word_1_203' title='bbox 663 3253 763 3317; x_wconf 88' lang='lat' dir='ltr'><strong>quem</strong></span> <span class='ocrx_word' id='word_1_204' title='bbox 784 3235 921 3299; x_wconf 92' lang='lat' dir='ltr'><strong>modum</strong></span> <span class='ocrx_word' id='word_1_205' title='bbox 938 3233 1212 3301; x_wconf 86' lang='lat' dir='ltr'><strong>subordinationis</strong></span> 
     </span>
     <span class='ocr_line' id='line_1_28' title="bbox 91 3340 1212 3430; baseline -0.001 -22"><span class='ocrx_word' id='word_1_206' title='bbox 91 3343 224 3428; x_wconf 87' lang='lat' dir='ltr'><strong>attingit</strong></span> <span class='ocrx_word' id='word_1_207' title='bbox 252 3341 292 3406; x_wconf 91' lang='lat' dir='ltr'><strong>D.</strong></span> <span class='ocrx_word' id='word_1_208' title='bbox 322 3343 466 3408; x_wconf 89' lang='lat' dir='ltr'><strong>Thomas</strong></span> <span class='ocrx_word' id='word_1_209' title='bbox 490 3340 553 3430; x_wconf 74' lang='lat'><strong>(3).</strong></span> <span class='ocrx_word' id='word_1_210' title='bbox 584 3343 621 3410; x_wconf 83' lang='lat' dir='ltr'><strong>Et</strong></span> <span class='ocrx_word' id='word_1_211' title='bbox 644 3345 739 3428; x_wconf 86' lang='lat' dir='ltr'><strong>juxta</strong></span> <span class='ocrx_word' id='word_1_212' title='bbox 768 3342 854 3407; x_wconf 92' lang='lat' dir='ltr'><strong>hunc</strong></span> <span class='ocrx_word' id='word_1_213' title='bbox 884 3341 1021 3405; x_wconf 92' lang='lat' dir='ltr'><strong>modum</strong></span> <span class='ocrx_word' id='word_1_214' title='bbox 1045 3342 1162 3409; x_wconf 89' lang='lat' dir='ltr'><strong>dicitur</strong></span> <span class='ocrx_word' id='word_1_215' title='bbox 1179 3343 1212 3408; x_wconf 92' lang='lat' dir='ltr'><strong>in</strong></span> 
     </span>
     <span class='ocr_line' id='line_1_29' title="bbox 93 3449 1213 3524; baseline -0.001 -8"><span class='ocrx_word' id='word_1_216' title='bbox 93 3452 274 3517; x_wconf 88' lang='lat' dir='ltr'><strong>moralibus</strong></span> <span class='ocrx_word' id='word_1_217' title='bbox 292 3468 379 3516; x_wconf 91' lang='lat' dir='ltr'><strong>unus</strong></span> <span class='ocrx_word' id='word_1_218' title='bbox 398 3461 489 3516; x_wconf 89' lang='lat' dir='ltr'><strong>actus</strong></span> <span class='ocrx_word' id='word_1_219' title='bbox 507 3449 660 3516; x_wconf 90' lang='lat' dir='ltr'><strong>constitui</strong></span> <span class='ocrx_word' id='word_1_220' title='bbox 679 3469 720 3515; x_wconf 88' lang='lat' dir='ltr'><strong>ex</strong></span> <span class='ocrx_word' id='word_1_221' title='bbox 739 3452 864 3516; x_wconf 88' lang='lat' dir='ltr'><strong>interno</strong></span> <span class='ocrx_word' id='word_1_222' title='bbox 881 3461 911 3515; x_wconf 90' lang='lat' dir='ltr'><strong>et</strong></span> <span class='ocrx_word' id='word_1_223' title='bbox 924 3461 1075 3524; x_wconf 89' lang='lat' dir='ltr'><strong>externo,</strong></span> <span class='ocrx_word' id='word_1_224' title='bbox 1097 3459 1129 3514; x_wconf 91' lang='lat' dir='ltr'><strong>et</strong></span> <span class='ocrx_word' id='word_1_225' title='bbox 1148 3469 1213 3515; x_wconf 92' lang='lat' dir='ltr'><strong>una</strong></span> 
     </span>
     <span class='ocr_line' id='line_1_30' title="bbox 92 3557 1211 3641; baseline 0.001 -18"><span class='ocrx_word' id='word_1_226' title='bbox 92 3559 199 3624; x_wconf 88' lang='lat' dir='ltr'><strong>virtus</strong></span> <span class='ocrx_word' id='word_1_227' title='bbox 218 3579 258 3624; x_wconf 92' lang='lat' dir='ltr'><strong>ex</strong></span> <span class='ocrx_word' id='word_1_228' title='bbox 272 3557 437 3624; x_wconf 89' lang='lat' dir='ltr'><strong>habitibus</strong></span> <span class='ocrx_word' id='word_1_229' title='bbox 455 3557 669 3623; x_wconf 88' lang='lat' dir='ltr'><strong>existentibus</strong></span> <span class='ocrx_word' id='word_1_230' title='bbox 684 3558 867 3624; x_wconf 66' lang='lat' dir='ltr'><strong>in‘diversis</strong></span> <span class='ocrx_word' id='word_1_231' title='bbox 882 3557 1050 3641; x_wconf 89' lang='lat' dir='ltr'><strong>potentiis,</strong></span> <span class='ocrx_word' id='word_1_232' title='bbox 1072 3577 1211 3641; x_wconf 87' lang='lat' dir='ltr'><strong>quarum</strong></span> 
     </span>
     <span class='ocr_line' id='line_1_31' title="bbox 93 3663 1210 3748; baseline 0 -17"><span class='ocrx_word' id='word_1_233' title='bbox 93 3686 160 3732; x_wconf 91' lang='lat' dir='ltr'><strong>una</strong></span> <span class='ocrx_word' id='word_1_234' title='bbox 174 3666 288 3731; x_wconf 90' lang='lat' dir='ltr'><strong>subest</strong></span> <span class='ocrx_word' id='word_1_235' title='bbox 300 3663 390 3730; x_wconf 88' lang='lat' dir='ltr'><strong>alteri</strong></span> <span class='ocrx_word' id='word_1_236' title='bbox 401 3665 515 3748; x_wconf 51' lang='lat' dir='ltr'><strong>¹quoad</strong></span> <span class='ocrx_word' id='word_1_237' title='bbox 528 3683 624 3729; x_wconf 87' lang='lat' dir='ltr'><strong>usum</strong></span> <span class='ocrx_word' id='word_1_238' title='bbox 640 3665 712 3730; x_wconf 92' lang='lat' dir='ltr'><strong>talis</strong></span> <span class='ocrx_word' id='word_1_239' title='bbox 732 3675 843 3741; x_wconf 93' lang='lat' dir='ltr'><strong>actus,</strong></span> <span class='ocrx_word' id='word_1_240' title='bbox 865 3675 901 3730; x_wconf 91' lang='lat' dir='ltr'><strong>ut</strong></span> <span class='ocrx_word' id='word_1_241' title='bbox 915 3666 997 3733; x_wconf 83' lang='lat' dir='ltr'><strong>tides</strong></span> <span class='ocrx_word' id='word_1_242' title='bbox 1016 3666 1210 3732; x_wconf 63' lang='lat' dir='ltr'><strong>voluntatis</strong></span> 
     </span>
     <span class='ocr_line' id='line_1_32' title="bbox 92 3773 1277 3857; baseline 0.003 -18"><span class='ocrx_word' id='word_1_243' title='bbox 92 3774 270 3839; x_wconf 86' lang='lat' dir='ltr'><strong>«Secunda</strong></span> <span class='ocrx_word' id='word_1_244' title='bbox 280 3791 378 3838; x_wconf 91' lang='lat' dir='ltr'><strong>causa</strong></span> <span class='ocrx_word' id='word_1_245' title='bbox 393 3774 490 3856; x_wconf 85' lang='lat' dir='ltr'><strong>hujus</strong></span> <span class='ocrx_word' id='word_1_246' title='bbox 503 3773 715 3840; x_wconf 88' lang='lat' dir='ltr'><strong>connexionis</strong></span> <span class='ocrx_word' id='word_1_247' title='bbox 731 3783 780 3840; x_wconf 88' lang='lat' dir='ltr'><strong>est</strong></span> <span class='ocrx_word' id='word_1_248' title='bbox 794 3773 960 3840; x_wconf 89' lang='lat' dir='ltr'><strong>attributio</strong></span> <span class='ocrx_word' id='word_1_249' title='bbox 971 3793 1027 3840; x_wconf 93' lang='lat' dir='ltr'><strong>seu</strong></span> <span class='ocrx_word' id='word_1_250' title='bbox 1047 3782 1213 3857; x_wconf 89' lang='lat' dir='ltr'><strong>respectus</strong></span> <span class='ocrx_word' id='word_1_251' title='bbox 1274 3833 1277 3842; x_wconf 93' lang='lat'><strong>.</strong></span> 
     </span>
     <span class='ocr_line' id='line_1_33' title="bbox 92 3879 1214 3966; baseline -0.002 -20"><span class='ocrx_word' id='word_1_252' title='bbox 92 3883 135 3946; x_wconf 90' lang='lat' dir='ltr'><strong>ad</strong></span> <span class='ocrx_word' id='word_1_253' title='bbox 165 3882 251 3946; x_wconf 91' lang='lat' dir='ltr'><strong>idem</strong></span> <span class='ocrx_word' id='word_1_254' title='bbox 281 3880 446 3964; x_wconf 89' lang='lat' dir='ltr'><strong>objectum</strong></span> <span class='ocrx_word' id='word_1_255' title='bbox 476 3882 591 3955; x_wconf 90' lang='lat' dir='ltr'><strong>totale,</strong></span> <span class='ocrx_word' id='word_1_256' title='bbox 625 3889 661 3945; x_wconf 95' lang='lat' dir='ltr'><strong>ut</strong></span> <span class='ocrx_word' id='word_1_257' title='bbox 690 3900 722 3945; x_wconf 89' lang='lat' dir='ltr'><strong>v.</strong></span> <span class='ocrx_word' id='word_1_258' title='bbox 748 3901 783 3966; x_wconf 84' lang='lat' dir='ltr'><strong>g.</strong></span> <span class='ocrx_word' id='word_1_259' title='bbox 808 3879 840 3945; x_wconf 90' lang='lat' dir='ltr'><strong>in</strong></span> <span class='ocrx_word' id='word_1_260' title='bbox 866 3879 999 3946; x_wconf 84' lang='lat' dir='ltr'><strong>scientia</strong></span> <span class='ocrx_word' id='word_1_261' title='bbox 1022 3881 1063 3946; x_wconf 90' lang='lat' dir='ltr'><strong>de</strong></span> <span class='ocrx_word' id='word_1_262' title='bbox 1083 3881 1214 3947; x_wconf 89' lang='lat' dir='ltr'><strong>homine</strong></span> 
     </span>
     <span class='ocr_line' id='line_1_34' title="bbox 91 3987 1214 4072; baseline -0.001 -19"><span class='ocrx_word' id='word_1_263' title='bbox 91 3997 235 4072; x_wconf 84' lang='lat' dir='ltr'><strong>possunt</strong></span> <span class='ocrx_word' id='word_1_264' title='bbox 253 3987 294 4052; x_wconf 90' lang='lat' dir='ltr'><strong>de</strong></span> <span class='ocrx_word' id='word_1_265' title='bbox 312 3987 446 4052; x_wconf 89' lang='lat' dir='ltr'><strong>homine</strong></span> <span class='ocrx_word' id='word_1_266' title='bbox 464 3987 678 4054; x_wconf 88' lang='lat' dir='ltr'><strong>demonstrari</strong></span> <span class='ocrx_word' id='word_1_267' title='bbox 698 3989 814 4071; x_wconf 86' lang='lat' dir='ltr'><strong>aliquae</strong></span> <span class='ocrx_word' id='word_1_268' title='bbox 833 3987 1059 4054; x_wconf 88' lang='lat' dir='ltr'><strong>conclusiones</strong></span> <span class='ocrx_word' id='word_1_269' title='bbox 1077 3987 1160 4052; x_wconf 94' lang='lat' dir='ltr'><strong>inter</strong></span> <span class='ocrx_word' id='word_1_270' title='bbox 1179 4007 1214 4053; x_wconf 88' lang='lat' dir='ltr'><strong>se</strong></span> 
     </span>
     <span class='ocr_line' id='line_1_35' title="bbox 92 4095 1216 4177; baseline -0.001 -16"><span class='ocrx_word' id='word_1_271' title='bbox 92 4113 272 4170; x_wconf 88' lang='lat' dir='ltr'><strong>connexae,</strong></span> <span class='ocrx_word' id='word_1_272' title='bbox 294 4113 432 4177; x_wconf 87' lang='lat' dir='ltr'><strong>quarum</strong></span> <span class='ocrx_word' id='word_1_273' title='bbox 461 4112 524 4159; x_wconf 87' lang='lat' dir='ltr'><strong>una</strong></span> <span class='ocrx_word' id='word_1_274' title='bbox 548 4095 711 4161; x_wconf 90' lang='lat' dir='ltr'><strong>derivetur</strong></span> <span class='ocrx_word' id='word_1_275' title='bbox 733 4095 865 4160; x_wconf 89' lang='lat' dir='ltr'><strong>exalia.</strong></span> <span class='ocrx_word' id='word_1_276' title='bbox 892 4095 928 4159; x_wconf 87' lang='lat' dir='ltr'><strong>Et</strong></span> <span class='ocrx_word' id='word_1_277' title='bbox 948 4113 1059 4162; x_wconf 88' lang='lat' dir='ltr'><strong>rursus</strong></span> <span class='ocrx_word' id='word_1_278' title='bbox 1077 4096 1216 4160; x_wconf 92' lang='lat' dir='ltr'><strong>demon·</strong></span> 
     </span>
     <span class='ocr_line' id='line_1_36' title="bbox 91 4203 1216 4286; baseline -0.004 -16"><span class='ocrx_word' id='word_1_279' title='bbox 91 4203 363 4286; x_wconf 83' lang='lat' dir='ltr'><strong>strari‘possunt</strong></span> <span class='ocrx_word' id='word_1_280' title='bbox 395 4204 504 4286; x_wconf 89' lang='lat' dir='ltr'><strong>plures</strong></span> <span class='ocrx_word' id='word_1_281' title='bbox 535 4204 777 4278; x_wconf 87' lang='lat' dir='ltr'><strong>conclusiones,</strong></span> <span class='ocrx_word' id='word_1_282' title='bbox 815 4203 967 4267; x_wconf 79' lang='lat' dir='ltr'><strong>derivatae</strong></span> <span class='ocrx_word' id='word_1_283' title='bbox 1003 4203 1137 4286; x_wconf 91' lang='lat' dir='ltr'><strong>quidem</strong></span> <span class='ocrx_word' id='word_1_284' title='bbox 1175 4203 1216 4266; x_wconf 91' lang='lat' dir='ltr'><strong>ab</strong></span> 
     </span>
    </p>
   </div>
   <div class='ocr_carea' id='block_1_3' title="bbox 95 4297 1260 4386">
    <p class='ocr_par' dir='ltr' id='par_1_5' title="bbox 95 4297 1260 4386">
     <span class='ocr_line' id='line_1_37' title="bbox 95 4297 1260 4386; baseline -0.003 -9"><span class='ocrx_word' id='word_1_285' title='bbox 95 4311 212 4377; x_wconf 88' lang='lat' dir='ltr'><strong>eadem</strong></span> <span class='ocrx_word' id='word_1_286' title='bbox 234 4309 375 4376; x_wconf 88' lang='lat' dir='ltr'><strong>essentia</strong></span> <span class='ocrx_word' id='word_1_287' title='bbox 393 4310 502 4386; x_wconf 89' lang='lat' dir='ltr'><strong>totali,</strong></span> <span class='ocrx_word' id='word_1_288' title='bbox 528 4309 653 4374; x_wconf 90' lang='lat' dir='ltr'><strong>etiamsi</strong></span> <span class='ocrx_word' id='word_1_289' title='bbox 678 4311 760 4374; x_wconf 90' lang='lat' dir='ltr'><strong>inter</strong></span> <span class='ocrx_word' id='word_1_290' title='bbox 783 4329 819 4376; x_wconf 90' lang='lat' dir='ltr'><strong>se</strong></span> <span class='ocrx_word' id='word_1_291' title='bbox 842 4328 907 4375; x_wconf 91' lang='lat' dir='ltr'><strong>una</strong></span> <span class='ocrx_word' id='word_1_292' title='bbox 929 4311 1052 4376; x_wconf 89' lang='lat' dir='ltr'><strong>exalia</strong></span> <span class='ocrx_word' id='word_1_293' title='bbox 1075 4328 1141 4375; x_wconf 90' lang='lat' dir='ltr'><strong>non</strong></span> <span class='ocrx_word' id='word_1_294' title='bbox 1160 4311 1217 4374; x_wconf 92' lang='lat' dir='ltr'><strong>de·</strong></span> <span class='ocrx_word' id='word_1_295' title='bbox 1252 4297 1260 4304; x_wconf 76' lang='grc'><strong>’</strong></span> 
     </span>
    </p>
   </div>
   <div class='ocr_carea' id='block_1_4' title="bbox 130 4558 961 4722">
    <p class='ocr_par' dir='ltr' id='par_1_6' title="bbox 130 4558 961 4722">
     <span class='ocr_line' id='line_1_38' title="bbox 131 4558 961 4634; baseline 0.002 -17"><span class='ocrx_word' id='word_1_296' title='bbox 131 4567 174 4629; x_wconf 84' lang='grc' dir='ltr'><strong>(ι)</strong></span> <span class='ocrx_word' id='word_1_297' title='bbox 213 4559 277 4618; x_wconf 77' lang='lat' dir='ltr'><strong>Cir.</strong></span> <span class='ocrx_word' id='word_1_298' title='bbox 291 4558 391 4628; x_wconf 66' lang='lat' dir='ltr'><strong>Suam,</strong></span> <span class='ocrx_word' id='word_1_299' title='bbox 406 4558 481 4630; x_wconf 89' lang='lat' dir='ltr'><strong>disp.</strong></span> <span class='ocrx_word' id='word_1_300' title='bbox 499 4558 628 4634; x_wconf 75' lang='lat' dir='ltr'><strong>Metaplr.</strong></span> <span class='ocrx_word' id='word_1_301' title='bbox 641 4579 690 4633; x_wconf 82' lang='lat'><strong>44,</strong></span> <span class='ocrx_word' id='word_1_302' title='bbox 707 4573 776 4619; x_wconf 84' lang='lat' dir='ltr'><strong>sect.</strong></span> <span class='ocrx_word' id='word_1_303' title='bbox 795 4581 841 4629; x_wconf 83' lang='lat' dir='ltr'><strong>tr,</strong></span> <span class='ocrx_word' id='word_1_304' title='bbox 857 4579 886 4618; x_wconf 89' lang='lat' dir='ltr'><strong>n.</strong></span> <span class='ocrx_word' id='word_1_305' title='bbox 905 4561 961 4633; x_wconf 82' lang='lat'><strong>5·8.</strong></span> 
     </span>
     <span class='ocr_line' id='line_1_39' title="bbox 130 4647 630 4722; baseline -0.006 -14"><span class='ocrx_word' id='word_1_306' title='bbox 130 4657 172 4718; x_wconf 83' lang='lat' dir='ltr'><strong>(a)</strong></span> <span class='ocrx_word' id='word_1_307' title='bbox 210 4649 271 4707; x_wconf 81' lang='lat' dir='ltr'><strong>clr.</strong></span> <span class='ocrx_word' id='word_1_308' title='bbox 290 4648 389 4713; x_wconf 66' lang='lat' dir='ltr'><strong>Suam,</strong></span> <span class='ocrx_word' id='word_1_309' title='bbox 405 4649 458 4706; x_wconf 88' lang='lat' dir='ltr'><strong>loc.</strong></span> <span class='ocrx_word' id='word_1_310' title='bbox 475 4647 522 4706; x_wconf 87' lang='lat' dir='ltr'><strong>cit.</strong></span> <span class='ocrx_word' id='word_1_311' title='bbox 540 4669 569 4706; x_wconf 94' lang='lat' dir='ltr'><strong>n.</strong></span> <span class='ocrx_word' id='word_1_312' title='bbox 587 4667 630 4722; x_wconf 80' lang='lat'><strong>55.</strong></span> 
     </span>
    </p>
   </div>
   <div class='ocr_carea' id='block_1_5' title="bbox 131 4736 612 4811">
    <p class='ocr_par' dir='ltr' id='par_1_7' title="bbox 131 4736 612 4811">
     <span class='ocr_line' id='line_1_40' title="bbox 131 4736 612 4811; baseline 0.01 -5"><span class='ocrx_word' id='word_1_313' title='bbox 131 4747 175 4810; x_wconf 81' lang='lat' dir='ltr'><strong>‹a›</strong></span> <span class='ocrx_word' id='word_1_314' title='bbox 217 4760 239 4796; x_wconf 84' lang='lat'><strong>1-</strong></span> <span class='ocrx_word' id='word_1_315' title='bbox 255 4759 283 4796; x_wconf 84' lang='lat'><strong>2·</strong></span> <span class='ocrx_word' id='word_1_316' title='bbox 299 4759 330 4809; x_wconf 80' lang='lat' dir='ltr'><strong>n·</strong></span> <span class='ocrx_word' id='word_1_317' title='bbox 347 4757 395 4810; x_wconf 67' lang='lat'><strong>54.</strong></span> <span class='ocrx_word' id='word_1_318' title='bbox 412 4736 538 4811; x_wconf 61' lang='lat' dir='ltr'><strong>ohad</strong></span> <span class='ocrx_word' id='word_1_319' title='bbox 552 4749 612 4811; x_wconf 56' lang='lat' dir='ltr'><strong>al*</strong></span> 
     </span>
    </p>
   </div>
   <div class='ocr_carea' id='block_1_6' title="bbox 0 0 1750 5525">
    <p class='ocr_par' dir='ltr' id='par_1_8' title="bbox 0 0 1750 5525">
     <span class='ocr_line' id='line_1_41' title="bbox 0 0 1750 5525; baseline 0 1"><span class='ocrx_word' id='word_1_320' title='bbox 0 0 1750 5525; x_wconf 95' lang='lat' dir='ltr'><strong> </strong></span> 
     </span>
    </p>
   </div>
  </div>
 </body>
</html>
