3492 5525
555 474 615 560 448
667 476 792 542 Locren
807 476 1041 552 Meron-Lm.-
1059 476 1235 554 1.⁰·,Drse.
1256 491 1298 540 1.·
1311 477 1390 542 Can.
1408 492 1479 562 ψ

514 657 569 722 boc
585 657 807 724 dubitationem
832 658 972 743 aliquam
1002 658 1111 724 babere
1133 656 1235 740 possit
1255 656 1342 722 cirea
1365 656 1573 724 enuntiabilia
1593 660 1634 722 de

510 767 616 844 tutem
626 766 828 852 anunente,
844 768 901 832 sed
918 766 973 831 boe
988 769 1037 832 est
1050 766 1174 832 alboris
1190 765 1414 850 inquisitiones.

580 875 617 941 Si
638 893 709 940 uero
734 874 803 940 sint
820 857 946 940 diuersa
966 873 1174 940 mundabilr'a
1191 875 1230 939 de
1244 874 1408 956 prasenti,
1426 871 1585 954 preterito
1602 876 1638 936 et

503 981 616 1066 futtuo
633 979 698 1064 (est
708 985 811 1048 auum
828 980 910 1046 irlern
926 981 1134 1058 enuntiabile,
1156 983 1240 1066 qnod
1256 983 1305 1046 est
1317 983 1357 1046 de
1369 979 1535 1061 presenti,
1554 997 1634 1064 qaa-

512 1089 710 1174 litercnmque
734 1107 783 1154 res
803 1108 836 1154 se
863 1089 1002 1172 babeat),
1029 1087 1228 1173 manifestum
1249 1092 1311 1164 est,
1331 1089 1415 1172 quod
1432 1087 1514 1152 idern
1530 1104 1633 1152 enun-

512 1197 616 1262 tiabile
642 1199 824 1282 quandoque
850 1200 898 1262 est
919 1214 1047 1272 vnum,
1080 1198 1265 1280 quandoque
1287 1196 1426 1280 salsum,
1460 1197 1633 1260 seeundum

511 1305 594 1390 quod
610 1304 812 1386 Philosophus
824 1302 905 1370 dicit
914 1303 950 1368 in
964 1303 1187 1379 Periberrnen„
1202 1304 1287 1388 quod
1298 1305 1405 1368 eaden
1417 1302 1517 1368 oratrb
1530 1320 1634 1386 quon·

510 1413 608 1496 doque
624 1413 984 1496 ornamentoque
998 1411 1101 1494 falsa.
1128 1411 1168 1478 Et
1191 1420 1368 1494 postquam
1391 1409 1424 1474 id
1442 1408 1630 1483 declaravit,

511 1516 598 1584 hisce
616 1518 724 1585 verbis
748 1510 932 1585 coneludit:
961 1519 1003 1585 lit
1025 1518 1096 1584 ideo
1116 1518 1285 1584 tuendum
1304 1523 1368 1596 est,
1390 1519 1476 1602 quod
1499 1535 1564 1582 non
1585 1521 1636 1581 est

510 1625 590 1690 e'etem
617 1625 808 1692 enuntiabile
836 1631 1012 1693 Socratem
1030 1631 1163 1705 sedere,
1183 1628 1216 1691 el
1230 1631 1407 1693 Socratem
1432 1629 1565 1692 sedisse
1580 1625 1635 1688 uel

510 1755 692 1801 sessurum
710 1755 800 1802 esse.
815 1735 880 1801 Sed
890 1729 1048 1800 suenum
1062 1736 1167 1800 sedere
1179 1737 1228 1799 est
1238 1733 1322 1799 iden
1332 1732 1540 1809 enuntiabile,
1555 1730 1632 1816 quea

508 1843 557 1907 est
570 1843 675 1908 eadem
692 1859 754 1906 oon
770 1843 804 1906 et
817 1841 900 1906 edem
916 1843 1025 1906 nodas
1042 1840 1257 1928 significandi.
1283 1842 1324 1908 lit
1345 1840 1415 1906 ideo
1425 1842 1528 1924 patet,
1547 1841 1634 1923 quod

509 1947 592 2014 idern
628 1947 818 2014 enuntiabile
847 1951 950 2031 polest
979 1950 1164 2033 quandoque
1193 1966 1259 2014 esse
1287 1965 1413 2024 uerunt,
1446 1949 1633 2032 quandoque

499 2055 624 2138 salsum
641 2052 705 2143 (r).
725 2055 770 2122 En
790 2056 822 2121 in
840 2054 988 2122 terminis
1006 2064 1154 2122 nostram
1173 2055 1383 2122 sententiam.

575 2161 699 2254 Similia
714 2163 816 2236 habet
831 2163 922 2228 alibi:
939 2163 1119 2246 Qunam...
1132 2163 1297 2239 dimum,
1319 2164 1404 2248 quod
1419 2163 1464 2228 ad
1479 2162 1631 2228 unitatem

507 2269 556 2336 rei
571 2269 751 2355 suaficata
766 2271 909 2358 sequitur
923 2271 1030 2336 unitas
1051 2262 1270 2349 enuntiabilis,
1289 2270 1432 2356 quemuis
1448 2269 1541 2335 elsarn
1557 2287 1632 2334 rum

506 2377 633 2443 diuma
648 2378 930 2466 consignificatione
948 2379 1090 2461 temporis
1113 2378 1307 2463 proseratur.
1328 2379 1367 2444 Et
1386 2379 1557 2444 seeundum
1573 2377 1631 2442 boc

507 2485 662 2570 sequitrer,
681 2489 765 2571 quod
780 2485 986 2563 enuntiabile,
1006 2490 1090 2571 quod
1108 2488 1201 2552 semel
1215 2489 1264 2552 est
1277 2504 1402 2561 oerum,
1417 2493 1537 2568 semper
1544 2485 1628 2570 suit,

506 2596 538 2658 et
551 2596 598 2658 est
613 2611 764 2660 oerum...
785 2593 849 2659 Sed
860 2594 923 2659 ista
935 2593 1049 2676 posint>
1065 2601 1207 2677 expresse
1219 2594 1434 2660 contrariatur
1446 2591 1539 2658 tuns
1551 2592 1633 2658 Pbi-

507 2700 624 2784 losopbi
640 2700 674 2766 in
693 2701 950 2769 Praedr'eamentis
965 2699 1055 2790 (cap.
1075 2701 1117 2767 de
1134 2700 1348 2787 Substantia),
1364 2700 1423 2787 qui
1439 2701 1529 2779 dicit,
1543 2703 1632 2786 quod

506 2812 612 2875 eadem
631 2810 819 2892 propositio,
847 2810 983 2877 scilieet:
1009 2816 1168 2878 Socrates
1194 2815 1310 2889 seder,
1346 2827 1417 2894 qua
1438 2810 1533 2892 prius
1558 2814 1632 2875 erat

505 2935 597 2993 vera,
613 2918 741 2985 Socrate
754 2920 893 2995 sedente,
912 2919 1018 2983 eodem
1029 2920 1188 3002 uergente,
1207 2916 1479 3001 efficitursalsu...
1499 2916 1538 2981 Et
1550 2925 1630 3001 post

506 3026 635 3094 allatam
654 3026 750 3092 aliam
768 3027 865 3112 hujus
890 3025 935 3090 rei
962 3025 1139 3103 rationem,
1167 3025 1290 3112 pergit:
1313 3024 1404 3091 llnde
1426 3024 1467 3091 ab
1483 3023 1631 3102 omnibus

505 3134 662 3199 modernis
675 3133 870 3210 conceditur,
883 3136 968 3218 qnod
979 3133 1046 3199 sint
1053 3136 1116 3199 duo
1126 3133 1254 3199 diversa
1266 3132 1490 3208 enuntiabilia,
1506 3138 1631 3201 socra-

504 3256 577 3309 tem
589 3264 729 3310 currere
741 3245 774 3308 el
780 3246 990 3319 cucurrisse,
1005 3241 1128 3308 otranni
1138 3244 1184 3307 ad
1195 3242 1335 3307 eumrtern
1346 3258 1475 3308 uersum
1484 3240 1630 3326 reserun-

505 3354 575 3426 tur,
594 3360 656 3417 ete.
673 3348 725 3439 (2)

549 3475 605 3540 27.
652 3461 812 3541 objicies.
834 3457 1031 3541 Propositio:
1046 3458 1162 3523 Petrus
1177 3460 1277 3534 sedet,
1299 3467 1336 3526 ut
1355 3475 1432 3524 vera
1445 3455 1505 3535 sit,
1525 3454 1627 3522 debet

504 3565 668 3650 objectum
688 3567 758 3651 ejus
775 3566 892 3631 durare
909 3574 980 3632 toto
1004 3575 1154 3649 ternpore
1176 3564 1354 3651 importato
1382 3584 1439 3650 per
1456 3565 1625 3649 copulam,

504 3690 562 3739 seu
575 3672 715 3751 tamdiu,
727 3673 884 3757 quamdiu
893 3674 989 3740 duret
997 3672 1067 3759 ipsa
1076 3672 1254 3758 propositio
1263 3672 1431 3740 affirmans
1441 3671 1625 3739 sessionem

503 3781 545 3847 de
563 3779 728 3865 praesenti.
749 3779 781 3846 Si
796 3800 875 3848 vero
894 3781 1008 3847 Petrus
1031 3798 1098 3847 non
1121 3781 1233 3847 sedeat
1250 3781 1284 3847 in
1307 3780 1417 3864 aliqua
1434 3796 1524 3865 parte
1537 3787 1628 3845 tens-

503 3888 607 3973 pon‘s,
627 3906 695 3973 quo
714 3889 808 3957 durat
827 3888 1023 3974 propositio,
1036 3890 1105 3975 jam
1126 3889 1196 3954 haee
1213 3890 1293 3954 talsa
1309 3889 1447 3956 omnino
1465 3887 1623 3955 redditur.

501 3994 604 4079 Atqui
627 3996 654 4063 si
679 3998 792 4063 Petrus
819 3996 1016 4082 supponitur
1038 3996 1157 4062 sedens
1182 4004 1255 4062 toto
1280 3996 1336 4062 illo
1363 4004 1526 4081 tempore,
1550 3996 1624 4081 jam

503 4104 617 4188 nequit
634 4104 738 4171 sessio
755 4104 841 4171 illius
860 4103 1016 4182 deficere,
1036 4104 1194 4189 quamdiu
1213 4104 1309 4171 durat
1327 4103 1518 4189 propositio.
1537 4103 1627 4190 Ergo

501 4210 529 4277 si
542 4211 627 4278 dicta
641 4212 820 4297 propositio
833 4214 937 4279 semel
951 4220 1002 4279 est
1015 4230 1108 4291 vera,
1123 4211 1212 4279 abire
1224 4212 1256 4279 in
1272 4213 1386 4278 talsms
1401 4212 1527 4296 nequit.

567 4326 780 4389 Declaratur.
809 4319 861 4386 llla
886 4318 1080 4405 propositio:
1106 4320 1221 4389 Petrus
1242 4322 1344 4397 sedet,
1379 4321 1431 4386 vel
1462 4317 1627 4405 significat

501 4426 633 4495 Petrum
648 4428 762 4495 sedere
777 4447 835 4514 pro
854 4427 1012 4495 omnibus
1029 4428 1240 4506 instantibus,
1260 4426 1381 4512 quibus
1396 4428 1467 4512 ipsa
1490 4426 1625 4507 existet,

535 4684 580 4745 (r)
615 4676 1083 4761 S.Thom.erotllibetoq,urt.
1102 4698 1145 4752 ¹7·
1719 4749 1722 4768 Ι

535 4772 576 4838 (a)
612 4766 646 4829 S.
660 4767 767 4829 Thoen.
784 4777 824 4830 1.⁰
836 4766 907 4829 diat.
920 4787 973 4841 41,
986 4780 1043 4827 art.
1059 4784 1087 4841 5.
1100 4786 1181 4840 corp·
1197 4764 1262 4828 cte.
1275 4764 1317 4829 ib.
1331 4766 1370 4826 ad
1388 4774 1451 4827 a.⁸¹
1467 4779 1498 4827 et
1509 4768 1548 4828 ed
1560 4779 1629 4845 4.-
