3492 5525
302 452 308 461 ’
376 421 959 528 darre.1.¹¹·l)rcSuuvoarrrorrav
1108 476 1163 544 rq3

87 643 341 721 determinetur,
358 643 419 710 sed
431 663 515 729 vage
528 653 658 712 tantum
676 631 889 728 exprimatur.
904 641 1041 730 &ejicia
1058 661 1133 727 quae
1150 662 1206 727 ap-
1228 655 1410 713 slanstede

87 752 226 835 pellatur
249 752 350 818 etiarn
372 751 550 839 dr'sjuncta,
568 770 651 836 vaga
678 761 711 820 et
733 752 974 820 indeterminata
993 763 1042 819 est
1061 751 1205 835 acceptio
1277 743 1329 786 ¹⁸⁶
1286 738 1359 774 ⁸⁶¹¹*

86 858 219 924 termini
240 858 429 926 communis
443 877 502 944 pro
520 858 629 943 aliquo
644 879 686 926 ex
699 860 767 928 suis
791 859 996 926 interioribus
1013 859 1204 944 disjunctim

86 983 162 1031 curn
177 966 266 1043 aliis,
284 984 346 1032 seu
365 967 457 1050 quod
471 985 538 1032 non
556 968 667 1034 solum
685 967 720 1034 in
738 969 839 1034 modo
857 967 1080 1053 significandi,
1095 966 1155 1033 sed
1173 966 1206 1032 in

85 1072 196 1156 seipso
213 1090 349 1156 quoque
362 1073 650 1140 indeterminatum
667 1085 730 1142 est.
749 1074 795 1140 lta
811 1075 840 1141 si
853 1074 959 1141 dicas:
978 1075 1098 1160 Aliqua
1115 1073 1208 1140 nevis

86 1179 262 1265 reqrririncr
275 1183 321 1246 ad
336 1182 566 1266 navigandum
587 1200 654 1248 non
673 1182 774 1249 modo
793 1183 882 1248 nulla
898 1182 1080 1267 designatur
1102 1182 1209 1276 deter-

86 1287 214 1353 minate
231 1285 264 1353 in
288 1273 413 1354 ratione
430 1290 499 1373 ipsa
518 1289 691 1374 loquendi,
717 1308 832 1356 verum
856 1308 966 1373 neque
983 1289 1017 1356 in
1036 1289 1141 1374 reipsa
1165 1293 1213 1354 est

84 1395 196 1478 aliqua
215 1395 308 1461 navis
321 1395 353 1462 in
376 1394 545 1462 individuo
563 1403 649 1462 certa
662 1407 696 1463 et
714 1396 945 1474 determinata,
966 1414 1041 1481 quae
1059 1397 1100 1462 ad
1118 1396 1210 1464 navi·

82 1503 235 1587 gaudum
251 1503 451 1587 requiratur,
463 1504 529 1571 sed
547 1505 618 1570 lraec
631 1505 684 1571 vel
697 1502 751 1568 illa
768 1503 968 1590 disjunctim.
1001 1515 1012 1536 ⁸

154 1607 237 1676 Hinc
251 1608 344 1676 vides
361 1620 524 1694 quantum
540 1611 691 1680 differant
703 1611 913 1696 particulares
927 1614 979 1677 lrae
995 1611 1070 1678 duae
1088 1627 1211 1695 suppo-
1264 1623 1385 1754 ”mun

83 1718 241 1792 sitiones,
256 1717 454 1803 disjunctiva
467 1716 622 1786 nimirum
636 1727 670 1786 et
684 1718 863 1804 disjuncta:
878 1719 1026 1805 itemque
1040 1705 1306 1803 quomodoum
1634 1767 1638 1770 .

83 1845 120 1892 se
145 1824 291 1891 habeant
307 1836 458 1910 respectu
475 1826 712 1911 suppositionis
732 1827 920 1912 singularis
945 1825 1073 1893 Etenim
1098 1823 1212 1912 singu·
1288 1709 1396 1878 7:2⁴
1432 1775 1612 1876 wan„

84 1933 162 1999 laris
187 1942 223 1998 et
254 1951 323 1998 rem
353 1932 386 1998 in
418 1951 455 2000 se
486 1941 608 2000 certam
634 1953 673 2000 ac
690 1933 943 2002 determinatam
976 1932 1147 2019 exprimit,
1178 1939 1212 1998 et
1248 1939 1342 2004 ιιιιω
1347 1939 1420 1998 d.
1441 1937 1483 1999 ,t
1501 1931 1673 1998 daml-

85 2039 229 2106 modum
243 2057 379 2123 quoque
396 2037 602 2126 significandi
615 2051 741 2109 cenum
765 2060 802 2106 ac
818 2039 1101 2108 determinatum
1094 2057 1213 2125 impor·
1239 2061 1333 2130 pm:
1356 2055 1551 2109 etant-w
1574 2037 1626 2134 iol
1679 2041 1699 2090 't

84 2157 147 2214 tat.
163 2145 368 2232 Disjunctiva
380 2166 458 2214 vero
479 2167 552 2216 rem
563 2149 596 2215 in
608 2167 644 2216 se
661 2158 784 2216 certam
803 2168 840 2214 ac
852 2149 1122 2226 determinatam,
1139 2165 1213 2212 con·
1240 2166 1310 2210 ιω
1337 2167 1407 2225 ιω,
1414 2158 1508 2201 210oe
1523 2180 1529 2190 ·

85 2256 161 2322 iuse
187 2263 290 2338 atque
320 2253 572 2322 indeterminate
602 2256 775 2341 proponit:
794 2275 833 2322 ac
848 2257 973 2324 demun
991 2255 1151 2341 disjuncta
1178 2264 1213 2321 et

87 2381 158 2428 rem
172 2361 208 2428 in
225 2380 265 2427 se
282 2361 317 2428 in
338 2361 508 2444 individuo
538 2363 675 2430 minime
702 2364 954 2431 determinatam
978 2365 1149 2448 importat,
1179 2372 1213 2427 et

87 2470 230 2536 modum
252 2469 361 2553 ipsum
382 2488 451 2536 rem
469 2469 673 2556 significandi
698 2472 846 2538 continet
869 2473 1046 2538 confusum
1069 2479 1102 2536 et
1127 2471 1215 2536 inde·

85 2578 318 2643 terminatum.
338 2577 371 2642 ld
386 2577 475 2662 quod
490 2585 580 2661 patet
593 2579 754 2663 exemplis
770 2577 936 2656 adductis,
952 2577 1087 2662 animun
1106 2576 1215 2644 simili·

86 2683 165 2752 bus.
183 2683 272 2750 Cum
294 2682 382 2749 enim
401 2683 534 2750 dicitur:
552 2683 682 2771 Alr‘quis
699 2685 787 2752 homo
807 2686 927 2763 currit,
947 2686 1032 2752 videl
1050 2693 1126 2760 etc„
1146 2701 1216 2749 cur·

85 2811 142 2857 sau
159 2801 194 2859 et
210 2792 293 2857 vum
308 2800 388 2858 sunt
396 2793 517 2858 iactum
531 2793 699 2877 quoddam
711 2843 720 2872 ,
731 2795 825 2881 cujus
834 2794 1008 2881 existentia
1019 2792 1213 2871 affirmatur,
1247 2782 1248 2787 ’

86 2899 232 2982 ideoque
251 2897 416 2967 verificari
424 2898 606 2967 necessario
624 2899 722 2966 debet
740 2901 773 2967 in
791 2901 903 2985 aliquo
921 2900 1057 2968 seorsim
1072 2900 1115 2967 ab
1132 2900 1213 2965 aliis:

88 3005 253 3090 quidquid
275 3007 363 3073 enim
387 3006 497 3073 existit
519 3024 613 3086 actu,
632 3008 889 3076 determinatum
915 3009 948 3075 in
968 3027 1004 3075 se
1022 3026 1060 3075 ac
1088 3017 1215 3077 certum

87 3115 150 3190 sit,
176 3121 324 3198 oportet.
343 3112 388 3179 At
410 3132 489 3181 vero
506 3132 582 3181 cum
604 3113 740 3182 dicitur:
763 3116 894 3200 Aliquis
917 3118 1027 3181 ocultis
1044 3114 1219 3200 requisitam

86 3222 133 3285 cd
147 3221 328 3323 ιιιἉιιιάιιιιι
342 3220 460 3307 aliquis
474 3239 572 3307 equas
591 3224 637 3287 ad
657 3223 861 3307 equitandum
879 3242 944 3289 non
970 3223 1152 3291 affirmatur
1177 3224 1218 3289 ia·

88 3336 180 3394 ctum
208 3328 342 3412 aliquod
360 3329 524 3407 existens,
539 3330 599 3397 sed
615 3328 780 3415 exigentia
803 3340 837 3395 et
858 3331 1051 3410 necessitas,
1072 3348 1147 3416 quae
1166 3350 1218 3396 ve·

89 3435 206 3501 rilicari
236 3435 324 3501 bene
350 3445 476 3521 potest,
505 3436 576 3504 sive
606 3436 639 3503 in
668 3455 736 3503 uno
752 3436 824 3505 sive
845 3436 880 3503 in
904 3439 1005 3505 altero
1028 3436 1218 3505 indetermi-

91 3550 168 3611 nate
190 3538 260 3630 (ι).

157 3647 349 3735 suppositio
369 3648 532 3736 disjuncta
545 3651 777 3736 cognoscenda
791 3663 843 3719 est
856 3670 899 3719 ex
912 3660 1217 3739 syncategoremata

88 3758 208 3843 caprei
229 3766 289 3825 aut
311 3755 374 3823 alio
399 3757 510 3836 simili,
534 3769 628 3827 etex
647 3759 748 3827 verbo
769 3759 975 3846 significante
992 3761 1215 3839 necessilatem,

88 3866 246 3945 deheim,
266 3867 329 3953 jus
345 3874 403 3931 aut
419 3864 626 3949 exigentiam
645 3866 838 3952 ,suppositio
860 3887 941 3935 vero
964 3867 1159 3954 disjunctiva
1178 3884 1219 3935 ex

89 3974 212 4041 eodem
239 3982 547 4059 syncategoremata
573 3983 607 4040 et
643 3974 744 4041 verbo
775 3974 981 4061 significante
1008 3976 1217 4054 existentiam,

87 4082 246 4149 ιιιιόιιιιιι
262 4091 321 4147 aut
332 4080 512 4163 pasnom
529 4079 593 4171 (a).

121 4392 168 4455 (1)
206 4382 285 4443 Vide
297 4379 405 4452 Mauri,
419 4382 564 4444 Sammaei.
579 4405 605 4445 c.
619 4402 664 4459 ις.

121 4478 168 4549 (a)
208 4470 290 4535 Sunt
299 4472 443 4533 nonnulla
455 4484 723 4549 syncategoremata
733 4474 828 4536 media
840 4476 918 4539 inter
931 4474 1108 4538 universalia
1117 4488 1146 4537 et
1155 4494 1220 4549 pan
1286 4470 1288 4476 ’

86 4564 246 4636 ticularia,
268 4576 305 4623 ut
327 4576 399 4623 aunt
415 4566 531 4623 numeri
540 4583 643 4625 ornnes
665 4578 695 4625 et
714 4582 799 4626 voces
818 4578 935 4639 mter,
956 4578 1086 4643 aterques
1110 4586 1220 4640 quam·

86 4674 181 4731 quam
211 4654 329 4729 poeaint
347 4652 526 4728 quandoque
544 4674 582 4715 ex
594 4655 724 4730 subjecta
743 4658 866 4717 mancia
888 4657 1139 4722 universalitatem
1159 4676 1220 4737 praa

85 4748 227 4809 aesern-

1133 4866 1168 4939 ¹3
