3492 5525
246 443 362 507 Anne.
378 457 440 507 aue
456 442 637 509 Counnxro
653 462 842 511 evroenrrm
855 463 926 511 cunt
941 462 1101 509 venerare
1137 459 1194 529 5¹7

112 634 163 691 est
190 622 222 689 in
250 641 286 691 se
311 623 383 707 ipso
405 622 552 691 evidens.
582 622 744 691 Diilerunt
771 627 821 691 hae
849 626 941 701 due,
972 624 1049 708 quia
1067 624 1231 695 evidentia

113 728 265 799 illationis
284 732 334 799 vel
359 730 619 816 consequentiae,
648 731 829 817 praescindit
853 733 894 799 ab
917 731 1079 799 evidentia
1104 744 1233 802 antece·

111 836 219 905 dentis
234 858 271 904 ac
283 839 533 924 consequentis,
554 849 589 906 et
608 848 717 924 potest
731 840 917 930 esseetiam
931 859 1007 907 cum
1022 841 1234 909 antecedente

111 964 150 1011 ac
164 954 386 1030 consequente
404 945 637 1031 probabilibus,
654 954 752 1033 atque
767 946 848 1013 adeo
864 947 963 1015 etiam
973 948 1072 1015 falsis:
1089 954 1132 1015 ut‘
1143 950 1172 1017 si
1189 948 1233 1016 ita

112 1053 247 1121 inieras:
276 1055 375 1121 Homo
397 1059 447 1123 est
466 1054 565 1137 lapis:
600 1072 674 1139 ergo
708 1054 819 1140 nequit
845 1054 995 1139 cogitare.
1021 1056 1046 1123 Ε
1073 1075 1234 1124 converso

112 1160 275 1227 evidentia
289 1161 522 1245 consequentis
541 1161 725 1246 praescindit
746 1162 787 1229 ab
801 1160 971 1229 evidentia
979 1181 1082 1230 nexus
1102 1172 1135 1233 et
1156 1183 1235 1231 con·

113 1270 310 1355 sequentiae,
333 1278 369 1335 ut
388 1270 413 1335 si
433 1270 478 1337 sic
493 1268 686 1336 concludas:
706 1270 804 1335 Homo
821 1274 869 1339 ast
883 1270 1070 1337 nebstonir'ra.
1091 1271 1174 1355 Ergo
1189 1276 1237 1337 est

111 1378 234 1443 animal
250 1378 417 1443 rationale.
1130 1387 1134 1393 “

180 1486 332 1570 Exposita
347 1486 413 1569 jam
434 1484 603 1551 evidentiae
623 1486 764 1561 ratione,
784 1492 882 1551 restat
898 1495 933 1550 ut
952 1484 984 1550 in
1007 1486 1077 1571 ejus
1093 1485 1235 1569 proprie·

114 1602 197 1659 tates
213 1592 427 1677 inquiramus.
443 1590 570 1659 Omnes
589 1600 699 1659 tamen
720 1592 871 1677 persequi
888 1610 1019 1657 necesse
1036 1601 1182 1667 nonest,
1197 1612 1234 1658 ac

115 1700 309 1767 nominatim
339 1700 549 1785 capacitatem
579 1702 702 1786 gradus
729 1700 875 1767 diversos
904 1700 1087 1784 recipiendi.
1122 1700 1168 1767 Ex
1185 1699 1234 1775 ¹iis

115 1808 203 1875 enim
220 1827 294 1893 quae
314 1808 346 1875 in
366 1808 463 1875 simili
478 1817 674 1893 argumento
693 1808 733 1873 de
753 1808 943 1875 certitudine
966 1808 1128 1890 diximus,
1143 1806 1234 1873 facile

114 1926 204 2001 patet
234 1916 429 1983 evidentiam
457 1934 590 2001 quoque
617 1916 771 2002 gradibus
797 1918 907 2001 augeri
931 1914 1101 1999 minuique
1124 1934 1233 2000 posse.

116 2025 229 2111 ltaque
248 2026 332 2091 duas
351 2032 480 2091 tantum
498 2025 581 2091 circa
594 2024 763 2090 evidentiae
776 2024 987 2108 proprietates
999 2022 1236 2089 controversias

113 2133 294 2219 attingam3
321 2132 473 2210 alteram,
501 2130 701 2217 quaeipsius
727 2149 802 2197 cum
832 2132 965 2199 veritate
982 2130 1235 2206 connexionem,

117 2242 269 2315 alteram,
291 2259 364 2324 quae
380 2240 533 2307 virtutem
557 2241 703 2325 ejusdem
723 2241 764 2306 ad
783 2238 1046 2322 extorquendum
1068 2237 1108 2305 ab
1127 2238 1236 2303 animo

118 2366 286 2415 assensum
308 2348 448 2432 respicit.

491 2593 793 2669 ARTICULUS
815 2593 862 2667 ΙΙ.

116 2748 236 2825 Quae
259 2752 303 2812 et
329 2750 502 2828 quanta
526 2746 586 2809 sit
614 2744 852 2810 evidentiae
882 2744 1103 2809 connexio
1129 2759 1237 2808 eum

570 2853 775 2917 veritate.

162 3069 217 3137 74.
262 3053 451 3132 Pltoeoslssrto
479 3049 528 3116 1.⁰
574 3053 672 3134 Quod
687 3053 830 3115 evidens
853 3062 907 3115 est
914 3083 924 3127 ,-
944 3071 1068 3114 verum
1080 3062 1146 3114 est.

185 3212 363 3298 Proposltio
383 3211 516 3296 intelligi
537 3217 645 3295 potest
659 3219 730 3276 tum
749 3208 790 3275 de
809 3209 987 3309 obiectiva,
1009 3217 1081 3274 tum
1100 3207 1141 3274 de
1160 3208 1239 3276 sub-

111 3321 248 3412 jectiva;
269 3330 302 3386 et
320 3318 361 3384 de
381 3329 517 3402 utraque
534 3315 630 3383 simili
652 3318 763 3384 modo.

163 3433 330 3496 Probatur
353 3423 403 3493 1.⁰·
451 3425 625 3511 Objectum
645 3423 778 3490 evidens
797 3425 829 3489 in
849 3432 979 3490 tantum
1004 3427 1092 3491 esset
1105 3424 1236 3499 falsum,

116 3543 331 3620 inquantum
356 3534 435 3599 dum
461 3533 520 3622 rite
540 3531 822 3616 proportionatum
841 3541 941 3614 atque
968 3529 1166 3616 applicatum
1189 3539 1239 3597 est

116 3641 285 3731 potentiae,
307 3640 399 3707 aliter
416 3648 586 3724 appareret
610 3657 645 3703 ac
665 3647 714 3704 est
736 3637 841 3714 inse,
863 3640 914 3706 vel
936 3646 1106 3723 generaret
1128 3637 1240 3723 cogni-

114 3753 243 3819 tionem
262 3747 322 3814 sibi
337 3747 538 3813 diilormem.
564 3743 717 3830 Cognitio
726 3763 804 3810 vero
817 3743 951 3811 evidens
960 3745 994 3810 in
1008 3754 1138 3811 tantum
1154 3754 1240 3811 esset

116 3860 216 3933 lalsa,
236 3858 269 3923 in
289 3866 450 3940 quantum
470 3854 636 3937 objectum
648 3852 708 3918 sibi
724 3851 865 3918 maxime
881 3860 1131 3936 attemperatum
1143 3853 1240 3937 appii

115 3974 297 4049 eatumque
309 3981 484 4050 perperam
504 3969 761 4044 repraesentaret.
784 3958 884 4042 Atqui
904 3960 936 4025 id
949 3960 1117 4027 manifeste
1131 3959 1241 4027 absur-

116 4077 201 4140 dum
213 4082 275 4148 est,
288 4079 319 4135 et
332 4066 634 4136 contradictorium.
647 4067 734 4133 ldem
746 4067 834 4132 enim
849 4075 910 4142 est,
924 4087 960 4134 ac
974 4086 1094 4152 ponere
1109 4068 1241 4134 faculta-

117 4192 188 4247 tem
200 4177 344 4263 ineptam
365 4177 405 4241 ad
417 4174 582 4261 objectum
593 4173 653 4240 sibi
666 4173 808 4240 maxime
820 4175 988 4259 proprium
998 4173 1237 4261 attingendum.

166 4292 268 4354 Prob.
291 4281 342 4352 2.⁰
390 4283 436 4348 Ex
450 4298 549 4349 sensu
564 4280 734 4349 communi
749 4281 915 4350 omnium.
928 4283 1055 4349 Omnes
1065 4283 1152 4349 enim
1164 4301 1239 4350 cum

116 4394 242 4480 aliquid
269 4401 441 4474 tamquam
470 4408 585 4456 verum
614 4399 713 4472 atque
742 4389 953 4455 indubitabile
975 4390 1085 4456 haberi
1112 4390 1239 4469 volunt,

118 4501 317 4570 evidentiam
338 4499 508 4571 invocant,
524 4506 694 4580 tamquam
707 4496 903 4563 tutissimam
917 4497 1074 4564 rationem
1084 4498 1238 4566 veritatis.

191 4607 286 4675 Prob.
308 4613 358 4693 3²
376 4603 410 4669 Si
431 4603 591 4688 quidquid
610 4603 744 4670 evidens
767 4613 833 4680 est,
861 4624 977 4671 verum
997 4623 1063 4671 non
1082 4617 1149 4682 est,
1178 4608 1242 4672 lata

118 4723 173 4788 vla
194 4715 399 4800 scepticismo
413 4711 579 4779 sternitur.
596 4712 688 4778 Tunc
703 4711 789 4777 enim
803 4712 845 4779 de
859 4711 1101 4780 evidentissima
1112 4733 1243 4798 quaque
