3492 5525
339 460 453 523 Are-nc.
473 474 532 523 aa·
546 457 693 549 Hnmrus
708 475 885 521 anrnonun
900 472 1135 523 nnrncrrronun
1196 450 1250 534 781

815 556 1293 575 ffl

240 637 333 705 Adde
350 610 440 724 quod
463 638 690 709 exercitatione
718 640 822 723 major
850 645 1057 724 comparetur
1086 635 1215 701 facilitas
1244 652 1296 700 as-

173 746 334 813 sentiendi
352 747 531 833 principiis,
552 759 589 814 ut
607 755 696 833 patet
715 746 926 831 potissimum
946 746 979 811 in
1003 763 1139 812 assensu
1159 742 1297 829 positio-

176 873 278 932 num,
309 856 413 921 immo
446 855 545 921 etiam
571 856 604 920 in
631 872 768 921 assensu
795 853 1006 939 dignitatum.
1040 852 1107 918 Cur
1134 850 1220 917 enim
1249 850 1296 915 di·

175 960 355 1055 gnitatibus
382 981 449 1045 non
479 963 700 1037 adhaeremus,
726 962 830 1027 donec
859 958 1056 1045 experientia
1084 958 1294 1043 inductioque

178 1064 396 1151 praecesserit?
410 1070 494 1155 Ergo
508 1087 564 1155 per
577 1069 799 1135 inductionem
820 1068 1009 1152 hujusmodi
1028 1064 1150 1150 aliquid
1165 1064 1296 1132 advenit

177 1176 379 1241 intellectiva
398 1177 569 1261 potentiae,
586 1175 675 1259 quod
691 1175 778 1260 prius
792 1176 918 1251 aberat,
937 1174 978 1239 ad
995 1174 1193 1239 reddendam
1209 1172 1296 1238 illam

181 1283 365 1366 expeditam
384 1302 443 1368 pro
461 1300 595 1349 assensu
617 1282 860 1368 principiorum.

240 1395 342 1457 Prob.
364 1405 413 1455 2.⁰
431 1410 451 1454 a
469 1389 577 1475 priori.
597 1391 681 1456 Nam
702 1390 782 1455 ratio
802 1389 946 1473 ponendi
966 1388 1096 1465 habitus
1115 1386 1297 1473 generatim

175 1506 226 1563 est
244 1498 354 1562 nativa
371 1498 633 1563 indeterminatio
653 1498 704 1561 vel
723 1496 937 1564 indifferentia
959 1495 1112 1580 potentiae
1140 1494 1180 1560 ad
1207 1504 1299 1560 actus

175 1615 278 1671 certos
297 1604 483 1672 eliciendos.
512 1603 638 1669 Etenim
659 1604 829 1688 potentiae,
857 1611 971 1668 natura
996 1621 1056 1668 sua
1081 1601 1237 1667 ordinatae
1262 1619 1299 1666 ac

177 1712 399 1777 determinatae
422 1712 462 1777 ad
486 1720 611 1780 certum
640 1729 746 1795 genus
773 1719 923 1785 actuum,
954 1728 1019 1775 non
1049 1717 1148 1793 egent
1173 1708 1298 1784 habitu,

178 1838 244 1903 quo
263 1820 471 1895 inclinentur,
494 1838 530 1883 ac
548 1818 805 1885 determinentur
825 1818 864 1882 ad
880 1817 965 1882 illos.
993 1816 1092 1900 Atqui
1117 1815 1301 1885 intellectus

179 1934 292 1991 natura
314 1943 375 1992 sua
399 1926 587 1992 indifferens
614 1933 665 1991 est
691 1926 732 1991 ad
761 1926 822 1990 hoc
849 1924 900 1988 vel
930 1923 1008 1994 illud
1036 1923 1298 2008 intelligendum.

177 2032 291 2116 Neque
305 2034 393 2098 enim
408 2033 643 2101 determinatur
663 2051 705 2098 ex
723 2051 758 2097 se
777 2032 960 2097 intellectus
978 2032 1018 2097 ad
1039 2031 1125 2095 hunc
1140 2031 1191 2095 vel
1207 2030 1298 2094 illum

178 2158 367 2217 assensum,
389 2140 451 2205 nisi
465 2158 522 2224 per
535 2140 735 2205 intellectum
755 2148 921 2223 agentem,
940 2137 1159 2204 mediantibus
1178 2136 1301 2221 specie-

179 2248 240 2313 bus
258 2246 529 2332 intelligibilibus,
553 2255 589 2313 ut
611 2265 698 2312 nunc
720 2244 956 2331 supponimuS,
977 2254 1010 2309 et
1034 2244 1223 2329 probabitur
1239 2263 1301 2310 suo

178 2357 250 2421 loco
268 2355 301 2421 in
320 2363 458 2420 tractatu
477 2353 518 2419 de
538 2355 657 2419 Anima
676 2352 834 2419 rationali.
855 2353 981 2438 Ergo...

223 2453 310 2530 201.
349 2467 457 2546 objic.
480 2470 528 2529 1.⁰
574 2443 709 2553 Habitus
725 2462 792 2527 dari
810 2462 935 2537 solent,
958 2473 992 2527 ut
1009 2458 1153 2544 potentia
1168 2458 1303 2526 incline-

177 2584 243 2647 tur,
258 2580 291 2637 et
310 2570 492 2655 promptior
504 2570 656 2635 reddatur
669 2569 710 2634 ad
724 2577 850 2635 actum.
867 2568 967 2653 Atqui
984 2568 1167 2633 intellectus
1188 2577 1303 2633 natura

180 2697 239 2745 sua
256 2678 301 2743 ita
315 2694 498 2764 propensus
512 2685 562 2743 est
582 2676 623 2741 ad
641 2687 765 2753 actum,
783 2685 819 2744 ut
835 2683 977 2760 nequeat
991 2674 1183 2759 propensior
1204 2672 1301 2741 effici.

181 2788 234 2852 Est
251 2786 340 2852 enirn
358 2786 502 2871 potentia
524 2785 694 2861 naturalis,
715 2804 791 2869 quae
818 2783 948 2866 obiecto
966 2782 1166 2850 sufficienter
1184 2801 1305 2868 propo·
1420 2849 1421 2853 ,

181 2895 260 2970 sito,
290 2893 463 2959 confestim
491 2892 615 2975 absque
643 2894 707 2958 ulla
735 2890 924 2957 difficultate
951 2891 1054 2956 tendit
1082 2889 1113 2956 in
1141 2889 1232 2957 illud.
1262 2887 1306 2954 At

182 3021 259 3067 vero
273 3001 377 3085 prima
389 3000 542 3084 principia
556 3007 633 3065 sunt
645 2999 810 3083 objectum
828 2999 974 3063 naturale
989 2998 1183 3072 intellectus
1201 2997 1302 3080 quod,

182 3110 357 3192 penetratis
374 3107 534 3184 terminis,
549 3106 752 3182 ¹sufficienter
772 3103 963 3190 proponitur
983 3106 1039 3170 illi.
1056 3105 1139 3189 Ergo
1155 3105 1242 3182 nulla
1258 3123 1306 3170 re-

184 3234 313 3280 manere
332 3224 441 3298 potest
459 3214 670 3280 indifferentia
689 3215 740 3278 vel
760 3211 950 3288 difficultas,
976 3231 1051 3295 quae
1080 3231 1137 3295 per
1156 3211 1304 3278 habitum

184 3323 432 3408 superadditum
451 3323 635 3387 amovenda
653 3317 726 3407 sit(
751 3318 777 3406 ).

228 3438 333 3514 Resp.
357 3429 408 3497 1.⁰
456 3429 490 3495 Si
503 3431 571 3494 haec
587 3429 667 3494 ratio
680 3430 813 3502 valeret,
831 3427 947 3492 eodem
961 3427 1061 3492 modo
1075 3426 1184 3512 negari
1196 3435 1306 3509 posset

185 3539 314 3606 habitus
332 3537 475 3604 scientiae
494 3537 665 3604 distinctus
684 3536 724 3601 ab
743 3523 925 3609 intellectu,
952 3535 1007 3618 qui
1027 3542 1137 3599 tamen
1157 3551 1308 3600 commu·

187 3646 218 3712 ni
237 3647 360 3711 calculo
379 3643 652 3711 Scholastlcorum
671 3642 881 3727 approbatur.
1307 3693 1308 3696 ,

252 3761 356 3836 Resp.
385 3771 457 3836 neg.
487 3751 607 3817 Minor.
643 3749 695 3815 Ad
725 3748 907 3834 probation.
940 3748 1057 3814 iterum
1085 3765 1152 3830 neg.
1186 3744 1305 3834 Major.

187 3860 270 3926 Nam
308 3879 415 3943 neque
452 3859 616 3944 objectum
657 3854 854 3922 sufficienter
888 3854 1078 3939 proponitur
1114 3852 1305 3928 intellectui,

189 3986 295 4052 neque
320 3967 502 4032 intellectus
533 3964 751 4031 sufficientem
771 3963 958 4028 facilitatem
977 3960 1074 4027 habet
1096 3960 1136 4026 ad
1156 3978 1309 4027 assensus

187 4094 228 4139 ex
246 4076 315 4140 sola
333 4092 392 4139 sua
412 4073 545 4148 virtute,
566 4073 593 4138 si
614 4073 740 4137 nullum
760 4069 819 4136 sibi
839 4069 1047 4156 superveniat
1067 4070 1306 4154 adjumentum.

231 4188 346 4249 Dices.
395 4180 516 4246 Saltem
545 4179 572 4246 si
592 4178 700 4245 adsint
726 4178 903 4245 intellectui
928 4176 1052 4262 species
1077 4173 1307 4262 intelligibiles,

184 4292 254 4378 jam
274 4289 352 4354 nihil
373 4297 524 4372 praeterea
543 4286 774 4370 requirendum
790 4287 896 4382 estad
914 4284 1099 4370 predictam
1118 4283 1311 4368 comparan-

188 4400 265 4464 dam
280 4396 477 4462 facilitatem.
1040 4387 1044 4394 “
1094 4387 1101 4404 ’

225 4655 265 4715 (r)
300 4646 378 4705 Vide
391 4643 470 4718 apud
484 4641 751 4713 conimbricenses,
768 4640 816 4698 lib.
836 4660 846 4698 r
864 4637 1039 4709 Posterior„
1052 4657 1114 4710 cap.
1129 4658 1151 4708 r,
1162 4650 1269 4712 quaest.
1285 4657 1309 4706 ι,

190 4753 284 4810 arna.
