3492 5525
235 488 352 552 Anxie.
370 499 430 552 aa·
444 485 647 553 Pnoeosrmo
660 505 837 554 inueniam
851 506 894 553 er
908 505 975 552 esa
988 506 1031 552 aa
1044 506 1131 552 nom
1152 486 1210 570 767

170 668 224 737 a.⁰
270 669 411 736 Nomine
441 667 672 753 propositionis
699 687 819 754 perse
848 678 936 736 nota
962 669 1173 755 intelligenda
1194 677 1252 736 'eet

124 777 305 863 propositio
323 776 499 862 objectiva,
521 788 557 845 ut
572 779 641 864 jam
661 776 782 862 sapius
805 778 1010 848 monuimus.
1040 778 1143 862 Atqui
1160 779 1252 864 obje-

124 885 211 952 ctiva
229 883 425 969 propositio,
446 883 515 950 sive
534 884 664 952 termini
678 887 749 974 ejus
762 886 846 952 clare
860 892 935 952 actu
947 885 1164 970 percipiantur
1180 885 1252 952 sive

123 992 280 1068 obscure,
312 991 497 1060 dummodo
526 991 635 1060 medio
665 992 698 1058 in
727 1011 763 1060 se
792 1003 915 1070 careat,
944 1010 1012 1060 non
1037 992 1156 1061 desinit
1175 1010 1253 1060 esse

127 1101 270 1184 perfecte
288 1098 520 1184 cognoscibilis
538 1119 579 1165 ex
594 1118 687 1178 sese,
708 1109 741 1168 et
759 1099 830 1168 sine
848 1117 980 1168 recursu
999 1100 1040 1166 ad
1054 1099 1153 1168 aliud.

190 1206 275 1274 Nam
296 1206 513 1291 apprehensio
532 1207 750 1276 terminorum
776 1209 860 1274 clara
879 1227 947 1277 non
967 1216 1020 1274 est
1037 1209 1171 1276 tandem
1189 1227 1252 1274 ma-

125 1315 232 1391 dium,
247 1315 338 1400 quod
357 1315 614 1400 propositionem
634 1316 739 1400 ipsam
763 1317 878 1384 reddat
899 1315 1173 1402 cognoscibilem,
1192 1315 1251 1382 sed

124 1440 214 1489 mera
241 1421 403 1500 conditio,
424 1431 461 1489 ut
489 1431 561 1490 actu
591 1435 825 1508 cognoscatur3
854 1434 888 1490 et
912 1423 1046 1507 quando
1065 1430 1138 1490 actu
1165 1424 1251 1490 clare

122 1529 413 1614 apprehenduntur
428 1529 560 1597 termini
573 1549 614 1597 ex
633 1530 701 1598 suis
720 1531 857 1616 propriis
876 1530 1013 1606 meritis,
1029 1549 1071 1601 ex
1084 1549 1145 1597 sua
1160 1531 1251 1617 obje-

122 1637 209 1704 ctiva
228 1646 261 1703 et
278 1637 464 1724 ontologica
484 1639 606 1704 ratione
620 1639 839 1706 determinant
857 1637 1080 1722 cognitionem
1100 1637 1251 1722 proposi-

123 1743 239 1826 tionis,
260 1763 319 1811 seu
338 1755 489 1812 mutuam
509 1745 559 1814 sui
578 1747 835 1824 connexionem,
858 1746 1076 1829 quianullum
1095 1746 1249 1812 intereos

124 1853 270 1921 medium
287 1853 467 1922 intercedit.
490 1854 533 1920 m
548 1872 627 1921 vero
648 1855 799 1920 eamdem
823 1853 867 1920 ilii
887 1853 1030 1922 retinent
1053 1853 1259 1939 objectivam‘

124 1970 158 2026 et
183 1957 404 2046 ontoiogicam
431 1961 590 2027 rationem
622 1959 857 2046 perfectissime
888 1960 1099 2037 invariatam,
1123 1960 1250 2027 etiamsi
1352 1981 1367 2004 ·

78 2149 82 2162 Ι
126 2067 274 2133 nondum
293 2068 377 2134 ctare
394 2069 438 2136 ob
452 2068 572 2154 ingenii
600 2068 701 2134 nostri
723 2067 908 2137 tarditatem
927 2076 1151 2152 penetrentur.
1166 2067 1250 2152 Ergo

123 2175 150 2240 si
168 2192 246 2242 cum
267 2177 351 2243 dare
370 2176 592 2260 percipiuntur
610 2175 756 2253 termini,
778 2175 958 2261 propositio
972 2173 1006 2240 in
1024 2193 1062 2245 se
1081 2174 1271 2241 immedia-‹

123 2290 156 2348 ta
176 2285 334 2351 rationem
354 2295 441 2353 certe
460 2285 559 2350 habet
575 2283 806 2369 propositionis
821 2301 930 2369 perse
947 2297 1052 2360 notae,
1074 2283 1251 2353 fatentibus

123 2392 296 2475 omnibus3
321 2392 410 2458 idem
434 2391 531 2458 etiam
548 2402 599 2459 est
617 2392 810 2469 dicendum,
836 2393 910 2460 licet
930 2390 1061 2459 termini
1080 2409 1147 2458 non
1164 2391 1250 2459 clare

123 2501 424 2585 apprehendantur,
445 2501 523 2585 quia
546 2497 644 2566 etiam
667 2509 746 2568 tunc
765 2499 862 2565 habet
880 2501 914 2566 in
942 2518 978 2566 se
1002 2498 1180 2584 propositio
1198 2498 1251 2564 iiia

123 2617 249 2686 totum,
271 2609 362 2693 quod
382 2607 565 2692 requiritur,
587 2617 624 2674 ut
637 2609 707 2675 sine
731 2625 863 2676 recursu
886 2607 928 2674 ad
946 2607 1093 2674 medium
1106 2606 1250 2674 alienum

121 2735 194 2783 ase
218 2717 359 2802 perfecte
378 2715 482 2801 possit
500 2715 666 2803 cognosci.

188 2830 420 2893 confirmatus
445 2844 486 2890 ex
513 2824 607 2891 dictis
624 2825 657 2890 in
681 2822 878 2909 precedenti
901 2823 1136 2908 propositione.
1164 2821 1247 2889 Nam

121 2930 148 2997 si
166 2932 207 2998 ad
227 2931 384 2998 rationem
406 2930 636 3017 propositionis
652 2950 708 3015 per
727 2950 761 2997 se
777 2938 863 2997 notae
884 2948 950 2997 non
968 2930 1102 3008 sufficit,
1120 2938 1157 2996 ut
1174 2941 1248 3000 actu

120 3050 337 3124 cognoscatur
362 3040 432 3106 sine
461 3039 583 3114 medio,
618 3057 738 3124 nempe
761 3039 863 3106 soiius
885 3056 949 3123 ope
974 3036 1195 3123 experientiae,
1219 3038 1247 3105 si

121 3146 267 3215 medium
290 3147 324 3213 in
354 3148 494 3213 essendo
522 3146 651 3229 habeat;
677 3164 755 3232 ergo
778 3164 797 3211 a
817 3146 885 3231 pari
908 3164 976 3213 non
1004 3145 1189 3229 requiritur,
1212 3153 1249 3210 ut

119 3253 254 3337 praecise
263 3254 444 3339 cognoscia
459 3254 554 3321 nobis
572 3262 646 3321 actu
663 3253 790 3338 possint
802 3255 887 3321 ciare
900 3254 1042 3330 termini,
1064 3253 1248 3323 dummodo

120 3360 298 3447 propositio
317 3362 404 3429 inse
423 3361 532 3429 medio
550 3370 656 3430 vacet.
676 3360 792 3429 intima
811 3360 934 3447 quippe
952 3362 997 3427 rei
1010 3362 1092 3428 ratio
1106 3361 1140 3428 in
1158 3370 1248 3428 utro-
1330 3357 1334 3375 '

120 3486 186 3553 que
202 3486 282 3535 casu
300 3470 414 3535 eadem
440 3478 501 3544 est,
532 3468 687 3536 nimirum
715 3468 962 3553 impossibilitas
980 3469 1032 3535 rei
1051 3467 1248 3553 possibilitas

120 3576 376 3662 propositionem
400 3594 459 3643 seu
477 3574 718 3645 connexionem
737 3577 788 3642 vei
813 3576 1064 3661 repugnantiam
1090 3576 1249 3643 termino-

122 3702 196 3751 rum
216 3685 356 3768 perfecte
370 3682 603 3769 cognoscendi,
619 3684 699 3767 quin
708 3683 798 3769 prius
810 3702 944 3751 necesse
956 3682 1000 3750 sit
1013 3682 1135 3767 aliquid
1145 3684 1246 3760 aliud,

122 3790 268 3858 medium
288 3790 457 3868 nimirum,
478 3810 689 3877 cognoscere.

188 3898 271 3965 iiinc
292 3899 398 3979 vides,
418 3899 588 3983 quomodo
606 3900 698 3967 radix
712 3899 811 3986 hujus
828 3899 1247 3967 controversiaedissensio·

120 4006 246 4091 nisque·
256 4006 397 4093 reposita
411 4007 453 4074 sit
472 4006 506 4073 in
524 4006 652 4074 diversa
675 4004 908 4091 propositionis
923 4024 981 4091 per
994 4024 1032 4073 se
1046 4015 1134 4073 notae
1152 4006 1247 4073 intei-

119 4116 261 4200 iigentia,
292 4122 329 4183 ut
355 4116 440 4182 bene
463 4123 619 4183 notarunt
651 4114 842 4201 Capreolus,
876 4113 990 4193 Sotus,
1021 4113 1152 4189 Suarez,
1186 4114 1285 4189 Con

116 4222 356 4291 nimbricenses
369 4224 501 4308 aliique.
526 4224 611 4290 Nam
631 4222 780 4291 Scotistae
800 4224 934 4291 nomine
957 4221 1190 4309 propositionis
1208 4242 1246 4289 ac

119 4330 337 4399 terminorum
364 4330 526 4417 accipiunt
555 4330 810 4417 propositionem
839 4349 877 4397 ac
902 4330 1061 4399 terminos
1078 4331 1244 4397 formales:

119 4448 151 4506 et
170 4438 248 4523 quia
265 4449 344 4506 tunc
365 4441 474 4507 soium
501 4438 682 4525 propositio
701 4437 852 4507 mentalis
875 4456 934 4505 seu
954 4438 1100 4505 formalis
1117 4458 1160 4505 ex
1178 4439 1250 4505 sola

118 4547 335 4615 terminomm
354 4546 612 4633 apprehensione
633 4545 775 4631 ponitur,
792 4564 869 4613 cum
882 4546 1159 4630 apprehensiones
1173 4556 1247 4613 actu

111 4654 206 4720 clarae
222 4664 302 4722 sunt
319 4664 420 4740 atque
438 4656 621 4731 evidentes,
650 4655 785 4737 quando
813 4672 893 4721 vero
911 4662 991 4719 sunt
1009 4654 1157 4721 obscure
1180 4672 1253 4723 non

111 4762 352 4833 determinatur
370 4762 553 4831 intellectus
572 4764 613 4830 ad
631 4762 823 4848 ponendum
844 4770 956 4829 actum
971 4762 1143 4830 formalem
1159 4780 1253 4828 men·
