3492 5525
239 2150 243 2160 ,
318 2098 461 2226 (¹8³3er

318 2170 462 2301 qetymolog.

553 497 610 563 188
741 501 867 565 Loorcn
888 499 1136 564 Minon-Drsr.
1164 511 1205 564 r.·
1226 499 1307 564 Car.
1329 515 1403 584 4⁰¹⁰

912 873 1113 960 cnrur
1144 831 1214 959 rir

691 1043 801 1105 DE
843 1027 1447 1105 TERMINORUM

862 1169 1310 1240 PROPRIETATIBUS.

576 1327 640 1393 Sex
658 1327 1077 1412 praesertin-recensentur·
1097 1327 1269 1410 Supositr‘o,
1289 1327 1482 1410 Appium,
1502 1327 1637 1393 Aliena·
1728 1411 1729 1414 Ἴ

509 1435 569 1512 tio,
597 1435 786 1518 Ampium,
813 1435 995 1512 Restrr'ctio,
1021 1435 1216 1501 Diminutrir:
1244 1434 1286 1502 de
1309 1433 1430 1518 quibus
1452 1453 1494 1502 ex
1521 1433 1635 1500 ordine
1728 1437 1729 1502 ᾗ

509 1542 691 1629 agendum.
1728 1547 1729 1568 *

894 1749 1195 1827 ARTICULUS
1217 1751 1247 1824 Ι.
1275 1837 1288 1858 ⁴

819 1905 897 1968 De
928 1901 1319 1983 suppositione.

554 2101 608 2166 54
656 2080 846 2165 Suppositio
865 2081 1046 2165 proprietas
1068 2089 1119 2147 est
1140 2081 1273 2147 termini
1292 2081 1503 2164 potissimum
1525 2082 1634 2163 oralis;

454 2184 663 2275 ¹'idemque
680 2190 783 2266 valet,
811 2187 838 2254 si
861 2188 951 2254 vocis
976 2199 1112 2275 etymon
1130 2197 1277 2273 spectes,
1298 2208 1334 2253 ac
1351 2189 1540 2258 substitutio
1560 2191 1638 2256 ideo

508 2299 597 2364 enim
619 2315 720 2364 voces
739 2296 971 2380 usurpantur
963 2315 996 2361 rn
1016 2295 1256 2380 propositione
1284 2297 1399 2362 saltem
1425 2297 1634 2381 pierumque,

510 2415 546 2474 ut
564 2425 673 2472 rerum
697 2405 838 2470 habeant
857 2405 986 2485 iocum;
1007 2404 1099 2487 quia,
1121 2422 1197 2470 cum
1218 2422 1269 2469 res
1288 2403 1393 2488 ipsasr
1414 2406 1639 2488 quemadmo—

508 2514 589 2580 dum
609 2509 762 2580 observat
780 2510 997 2594 Philosophus
1015 2507 1082 2599 (r),
1105 2511 1136 2576 in
1156 2513 1413 2596 disputationem
1432 2531 1639 2598 nequeamus

509 2623 685 2699 adducere,
703 2619 819 2687 mediis
838 2617 992 2694 vocibus,
1013 2620 1055 2685 de
1068 2619 1164 2686 rebus
1180 2639 1236 2704 per
1251 2619 1510 2705 cassignincatis
1523 2621 1640 2706 dispu-

508 2739 630 2798 tamus.
651 2727 703 2796 Sic
717 2746 793 2795 cum
813 2727 902 2794 dico:
919 2728 1019 2793 Homo
1032 2737 1082 2795 est
1096 2727 1233 2805 animat,
1249 2746 1316 2794 non
1331 2747 1447 2795 vocem
1461 2729 1583 2797 aninral
1594 2731 1640 2797 de

508 2858 591 2905 voce
604 2838 693 2904 homo
711 2836 866 2922 praedico,
883 2837 942 2902 sed
959 2854 1027 2901 rem
1043 2836 1083 2902 de
1103 2856 1149 2903 re.
1166 2835 1422 2903 Substituuntur
1441 2856 1520 2923 ergo
1539 2858 1641 2905 voces

509 2947 635 3013 rebus
625 2965 659 3012 rn
679 2944 899 3028 disputatione
917 2954 1091 3027 tamquam
1116 2944 1212 3029 signa
1231 2963 1340 3011 rerum
1359 2954 1578 3029 suppositura,
1601 2966 1640 3013 ιιι

504 3057 576 3143 jam
594 3070 694 3138 supra
711 3060 957 3119 notaveramus.
978 3052 1089 3135 Atque
1108 3051 1159 3118 hic
1177 3070 1259 3118 usus
1277 3052 1515 3161 vocabulorum
1537 3072 1641 3139 appe-

509 3163 608 3229 llatur
626 3159 784 3244 aLogicis
802 3158 973 3241 suppositio
982 3158 1145 3245 sornroir's

576 3266 641 3335 Sed
654 3284 896 3350 nonnunquam
912 3265 1010 3333 etiam
1028 3267 1224 3333 adhibentur
1237 3286 1337 3333 voces
1352 3284 1419 3333 non
1435 3268 1475 3333 ad
1488 3286 1540 3335 res
1551 3268 1641 3351 ipsas

510 3375 756 3463 significandas,
785 3391 902 3440 verum
930 3375 971 3441 ad
997 3374 1121 3457 aliquid
1143 3374 1184 3439 de
1208 3374 1345 3441 vocibus
1363 3374 1442 3459 ipsis
1463 3376 1643 3443 enuntian-

510 3487 611 3553 dum:
632 3491 669 3550 ut
687 3482 713 3549 si
731 3481 837 3549 dicas:
857 3484 967 3567 Hono,
975 3497 1024 3549 est
1043 3500 1106 3548 vox
1123 3483 1304 3563 dysyllaba:
1323 3482 1379 3549 ubi
1403 3484 1563 3549 terminus
1584 3484 1641 3550 io-

510 3612 560 3659 mo
586 3610 653 3657 non
680 3598 811 3656 exercet
836 3608 959 3657 munus
985 3590 1070 3675 signi
1096 3591 1138 3655 ad
1161 3590 1343 3674 quidquam
1369 3590 1640 3675 significandum,
1670 3611 1676 3632 ·

512 3702 615 3767 homo
629 3716 773 3782 namque
788 3715 854 3763 non
868 3696 1037 3784 signficari,
1054 3698 1113 3763 sed
1127 3700 1175 3764 est
1190 3716 1255 3764 vox
1268 3698 1408 3765 duarum
1424 3700 1641 3786 syliabarum.

514 3808 625 3892 Atque
650 3807 839 3891 hujusmodi
864 3822 945 3873 usus
971 3804 1118 3873 vocabuli
1146 3806 1179 3871 in
1207 3807 1431 3891 propositione
1458 3809 1644 3892 appellatur

512 3913 681 3998 suppositio
693 3913 879 3979 manantis.

401 4034 466 4117 nto·
577 4022 693 4107 itaque
719 4030 757 4087 ut
789 4021 913 4105 duplex
942 4023 1011 4087 haec
1039 4020 1223 4106 suppositio
1251 4022 1394 4107 generali
1421 4023 1644 4110 descriptione

407 4120 487 4151 ’Μ
514 4128 827 4212 comprehendatur,
848 4128 975 4196 definiri
995 4149 1014 4195 a
1032 4128 1146 4195 multis
1171 4130 1255 4196 solet
1280 4129 1463 4215 suppositio
1481 4150 1557 4199 cum
1576 4130 1645 4199 To-
1726 4180 1727 4183 ,

516 4238 582 4303 leto
599 4232 663 4324 (a):
684 4253 761 4301 usus
777 4235 906 4301 termini
916 4244 977 4319 pro
994 4256 1027 4302 se
1042 4238 1095 4303 vel
1105 4244 1166 4319 pro
1178 4256 1235 4303 suo
1251 4236 1436 4321 significato.
1458 4240 1644 4324 Possetque

518 4345 605 4411 haud
629 4342 739 4426 inepte
756 4341 903 4409 definiri:
924 4362 1000 4410 usus
1017 4362 1072 4410 seu
1088 4344 1222 4427 acceptio
1240 4344 1369 4411 termini
1382 4348 1427 4411 ad
1446 4346 1570 4433 aliquid
1586 4350 1645 4415 de-

508 4450 680 4519 aminare
696 4450 936 4518 enundirndum.

553 4700 596 4772 (ι)
631 4699 715 4759 Libr.
733 4721 745 4759 r
764 4702 1016 4773 Etenctsor.,e.1.

552 4794 595 4859 (a)
630 4791 808 4851 introductio
820 4792 853 4849 r'n
865 4790 993 4851 Dialect.
1006 4793 1056 4853 lib.
1074 4814 1101 4865 a,
1120 4813 1184 4867 cap.
1199 4817 1223 4853 r.
