3492 5525
395 468 514 531 Anarc.
541 482 601 531 aa·
620 467 817 533 Renursxus
840 486 998 533 escroton.
1161 466 1218 533 661

136 656 170 713 et
185 666 271 715 unus
283 648 372 715 canis
385 666 450 715 non
466 649 586 716 iaciunt
604 650 688 716 duos
703 648 839 715 homines
850 660 906 718 aut
924 650 1008 717 duos
1020 669 1131 727 rann,
1148 671 1264 735 quem-

135 756 317 822 admodum
338 756 458 823 iaciunt
476 757 543 823 duo
564 757 728 833 aninralaia,
745 766 802 823 aut
820 757 887 823 duo
910 757 1063 834 manna,
1085 758 1168 824 duas
1190 760 1264 825 sula-

134 862 271 928 stann'as
288 882 474 947 corporeas,
496 864 563 929 duo
581 864 688 931 entia?
709 864 775 932 Cur
793 864 887 947 lapis,
907 866 1050 948 angelus,
1071 884 1181 951 equus,
1203 885 1264 933 nu-

136 970 250 1036 merari
266 971 324 1037 rite
345 980 482 1055 possunt
504 972 565 1037 tria
583 970 686 1049 entia,
708 981 764 1038 aut
782 980 848 1039 tres
866 972 1076 1051 substantiae,
1099 992 1165 1040 non
1184 993 1263 1041 vero

135 1086 201 1143 tres
216 1078 349 1162 lapides
370 1088 435 1145 tres
454 1078 573 1163 angeli,
595 1086 661 1145 tres
676 1079 751 1163 equi
759 1080 779 1145 i·

180 1191 282 1252 Prob.
305 1190 353 1253 §.⁰
398 1183 430 1250 Si
451 1196 616 1270 ponuntur
635 1196 812 1271 conceptus
830 1186 1031 1253 universales
1050 1187 1176 1271 absque
1195 1189 1263 1255 ullo

136 1293 169 1357 in
198 1291 295 1359 rebus
325 1292 557 1370 fundamento,
587 1293 711 1377 species
738 1304 769 1362 et
799 1312 921 1379 genera
952 1312 1061 1359 rerum
1088 1294 1121 1359 in
1151 1307 1263 1361 nostro
1353 1282 1358 1289 ’

136 1401 307 1466 dumtaxat
331 1399 430 1465 modo
458 1400 682 1467 considerandi
710 1400 907 1467 consistunt.
934 1401 967 1466 ld
997 1418 1077 1466 vero
1099 1402 1131 1466 in
1151 1401 1262 1467 ideali-

137 1525 246 1573 smum
267 1514 300 1572 et
318 1507 556 1575 formalismum
586 1508 694 1574 Kantii
714 1520 799 1575 recte
818 1506 978 1574 deducere
993 1506 1135 1583 videtur,
1156 1522 1189 1577 et
1212 1519 1262 1575 est

137 1613 303 1680 evidenter
322 1614 457 1695 falsum3
479 1622 554 1680 ante
569 1634 706 1681 omnem
726 1616 814 1681 enim
833 1616 1057 1700 operationem
1078 1616 1263 1683 intellectus
1355 1670 1361 1696 ,

136 1730 169 1787 et
187 1720 440 1805 independenter
461 1722 502 1787 ab
521 1742 575 1798 ea,
598 1724 700 1788 homo
719 1730 751 1787 et
770 1722 859 1787 canis
876 1723 1077 1789 conveniunt
1091 1722 1125 1788 in
1140 1725 1264 1789 anima-

137 1827 243 1905 litate,
276 1827 389 1895 Petrus
408 1837 441 1895 et
459 1830 579 1895 Paulus
597 1828 630 1894 in
653 1831 867 1895 humanitate.
899 1830 982 1916 Ergo
1012 1832 1122 1915 negari
1149 1832 1264 1914 nequit

138 1936 298 2021 objectiva
316 1954 422 2001 rerum
447 1936 626 2003 similitudo
646 1946 678 2003 et
697 1926 944 2013 convenientia,
970 1951 1044 2020 quae
1064 1939 1263 2005 tundamen-

134 2054 210 2123 tum
226 2044 412 2128 suppeditet
426 2044 506 2111 ideis
522 2042 773 2111 universalibus.

206 2150 283 2217 Haec
301 2150 381 2217 adeo
409 2159 565 2235 apparent
586 2150 771 2228 manifesta,
802 2160 854 2228 ut,
875 2161 1004 2217 semota
1022 2150 1078 2217 lite
1102 2153 1143 2219 de
1163 2154 1263 2220 modo

137 2258 312 2342 loquendi,
332 2257 518 2325 incredibile
543 2257 692 2325 videatur
717 2276 812 2343 posse
839 2278 912 2325 esse
941 2258 1176 2343 Philosophos,
1207 2260 1263 2345 qui

136 2364 331 2433 contrariam
364 2366 545 2432 doctrinam
584 2365 808 2450 profiteantur.
847 2366 955 2443 Quare
992 2367 1101 2451 plures
1138 2366 1263 2451 antiqui

138 2472 293 2539 Doctores
321 2473 379 2539 rati
408 2481 486 2539 sunt
517 2470 568 2559 (r)
596 2474 778 2540 nominales
808 2492 840 2539 re
869 2474 952 2539 forte
971 2492 1037 2538 non
1061 2472 1217 2540 dissidere
1246 2493 1265 2539 a

137 2598 214 2645 vera
233 2579 410 2661 sententia;
432 2598 634 2664 quamquam
651 2560 937 2665 'reprehensionem
953 2591 1140 2648 mereantur
1154 2583 1264 2665 quoad

139 2688 278 2754 modum
298 2688 466 2773 loquendi.

206 2795 426 2880 Argumenta,
455 2814 530 2880 quae
558 2814 616 2881 pro
645 2797 876 2864 nominalismo
896 2797 999 2864 afferri
1029 2794 1159 2874 solent,
1175 2814 1265 2862 com-

139 2903 270 2970 modius
288 2903 457 2970 solventur
472 2910 547 2988 post
561 2904 747 2998 expositam
767 2923 879 2978 veram
897 2903 1093 2970 sententiam
1114 2900 1177 2992 (2).

415 3179 416 3186 ’
517 3167 818 3244 ARTICULUS
841 3167 889 3241 ΙΙ.

169 3354 432 3436 Exponitur
450 3357 495 3419 et
510 3352 742 3420 refutatur
760 3351 1025 3419 Realismus
1043 3351 1234 3430 rigidus.

189 3565 263 3634 154.
311 3547 446 3633 Rigidus
478 3547 679 3624 Realismus,
707 3547 989 3631 quemadmodum
1019 3545 1110 3613 initio
1141 3544 1267 3613 notavi·
1328 3563 1431 3610 oetam

140 3675 232 3734 mus,
254 3655 347 3740 ponit
366 3655 557 3722 universalia
580 3656 741 3740 complete
769 3662 896 3740 aparte
921 3651 963 3720 rei
989 3653 1178 3730 existentia,
1207 3670 1265 3720 seu
1279 3634 1480 3751 'kfffffflmfm'

139 3763 307 3830 contendit
322 3771 454 3830 naturas
473 3781 581 3830 rerum
596 3781 636 3828 eo
654 3761 726 3847 ipso
747 3762 865 3837 modo,
882 3779 949 3845 quo
967 3780 986 3825 a
1006 3758 1102 3827 nobis
1116 3779 1174 3844 per
1187 3778 1267 3826 con-

140 3880 256 3954 ceptus
270 3879 303 3935 et
321 3869 479 3937 vocabula
494 3870 686 3935 universalia
701 3869 946 3953 exprimuntur,
963 3867 1097 3954 physice
1111 3867 1263 3942 existere,

141 3985 239 4060 atque
259 3995 331 4043 esse
349 3975 484 4061 proinde
498 3995 602 4042 unum
622 3976 778 4060 quiddam
798 3976 900 4052 reale,
920 3983 954 4040 et
971 3974 1098 4041 realiter
1115 3973 1148 4040 in
1168 3973 1267 4058 pluri-

140 4085 203 4152 bus
230 4085 408 4150 inexistens
427 4083 608 4151 secundum
628 4083 778 4150 eamdem
804 4081 853 4148 sui
873 4082 1063 4149 realitatem.
1090 4081 1149 4147 llic
1169 4099 1265 4166 porro

177 4392 218 4456 (ι)
256 4385 317 4444 Cir.
333 4383 475 4444 Dominio.
492 4384 574 4455 Soto,
590 4385 623 4443 In
637 4387 797 4460 Porphyrii
805 4385 952 4462 Isepogen
964 4404 1000 4444 oe
1014 4384 1189 4444 Aristotelis
1202 4381 1267 4444 Cn·

143 4478 283 4554 legerius,
312 4473 362 4534 lib.
389 4476 652 4546 Proedicabilium‚.
666 4488 770 4548 quaest.
787 4496 809 4542 1,
823 4474 854 4533 in
878 4475 937 4532 fine
956 4475 1050 4534 conel.
1071 4489 1140 4548 μς
1164 4471 1265 4544 Suam,

146 4567 227 4640 Disp.
256 4566 284 4635 6,
308 4565 453 4640 Melopb„
468 4579 537 4624 sect.
554 4585 581 4634 2,
605 4585 635 4622 n.
661 4586 685 4634 ¹3
700 4566 744 4623 De
758 4564 934 4633 Benedictis,
950 4565 1066 4639 Logia,
1087 4563 1139 4623 lib·
1155 4583 1181 4632 a,
1193 4583 1222 4635 q.
1242 4585 1266 4634 r,

146 4656 334 4810 &gf-Vide
348 4743 454 4840 Joann.
470 4763 487 4802 a
501 4741 533 4804 S.
551 4743 669 4814 Tuom..
684 4707 800 4820 dogio,
815 4761 844 4815 q.
860 4764 887 4816 3,
902 4763 929 4801 a.
942 4763 969 4800 a.
