3492 5525
237 474 353 536 Anrtc.
368 471 431 533 (ψ
443 470 614 535 Parucreta
626 487 751 551 oureus
765 487 901 533 stauos.
920 484 1093 531 tnurrtrurt
1128 482 1185 547 337

963 570 1227 587 ffl-

170 654 343 731 «Quartus
353 664 403 721 est
413 653 521 735 Faria·
531 654 673 737 probans
685 651 912 738 particularem
930 649 1135 736 negativam,
1152 664 1227 731 quae

104 765 262 847 probatur
293 780 351 849 per
384 758 542 843 tredecim
578 761 709 839 modos,
748 761 965 845 impugnatur
1001 777 1060 845 per
1091 754 1226 823 unicum

102 870 270 939 Barbara»
283 869 347 959 (t).

461 1115 765 1191 ARTICULUS
795 1114 870 1189 VI.

167 1285 412 1367 Principia,
426 1285 596 1367 quibus
614 1285 829 1349 innititur
850 1280 1169 1365 syllogismus.

153 1512 229 1601 Ι156.
277 1515 441 1583 Hactenus
468 1516 682 1599 exposuimus
703 1524 815 1582 totum
834 1512 1018 1601 syllogismi
1043 1510 1228 1587 artificium,

103 1624 262 1708 legesque
288 1624 481 1689 tradidimus
508 1631 604 1689 rectae
630 1621 860 1690 conclusionis.
886 1622 932 1687 'Et
958 1638 1161 1703 quamquam
1190 1638 1232 1684 ex

103 1732 157 1797 his
175 1739 284 1815 pateat
302 1731 429 1796 nullum
448 1731 697 1817 syllogismum,
717 1722 800 1796 tales
819 1728 947 1814 regulas
975 1726 1171 1803 violantem,
1198 1726 1230 1793 vl

105 1841 222 1904 formae
239 1839 449 1913 concludere,
469 1838 588 1924 poterit
596 1846 707 1903 tamen
722 1837 840 1921 aliquis
849 1837 923 1922 jure
938 1836 1056 1903 merito
1071 1852 1229 1918 quaerere,

104 1963 166 2011 cur
183 1946 263 2011 certi
281 1964 354 2013 esse
373 1945 557 2031 possimus,
578 1946 668 2028 quod
694 1944 805 2011 omnis
834 1943 1048 2031 syllogismus
1076 1961 1115 2007 eo
1141 1960 1233 2008 conr-

104 2053 236 2139 positus
257 2053 411 2132 artificio,
440 2053 546 2137 iisque
564 2054 732 2138 subjectus
760 2052 901 2139 legibus,
927 2052 1036 2117 sallere
1060 2069 1230 2133 nunquam

104 2162 228 2228 valeat.
258 2160 370 2245 ltaque
396 2162 553 2244 quoniam
584 2160 795 2227 utilissimum
823 2169 875 2226 est
901 2158 1044 2226 scientiis
1075 2157 1232 2223 omnibus

105 2270 231 2335 formas
260 2287 378 2334 omnes
403 2278 496 2353 aptas
524 2267 734 2334 ratiocinandi
762 2287 830 2333 non
860 2268 969 2334 solum
999 2284 1144 2343 noscere,
1172 2266 1231 2331 sed

104 2388 194 2443 ratas
221 2393 355 2460 quoque
383 2396 426 2441 ac,
447 2377 688 2442 demonstratas
715 2376 850 2459 habere3
880 2393 988 2459 operae
1016 2374 1156 2458 pretium
1182 2382 1232 2438 est

103 2483 281 2568 principia,
303 2484 423 2567 quibus
442 2484 491 2549 vis
510 2484 619 2550 omnis
638 2483 817 2550 certissime
836 2482 1059 2549 'concludendi
1082 2482 1231 2547 innititur

102 2593 139 2657 in
171 2590 385 2677 syllogismo,
414 2610 594 2676 exponere,
630 2610 671 2656 ex
699 2591 805 2675 iisque
833 2592 953 2657 modos
983 2608 1102 2656 omnes
1133 2586 1232 2655 utiles

102 2700 206 2765 trium
226 2698 405 2783 figurarum
429 2698 577 2783 probare.
607 2698 754 2766 Primum
782 2699 902 2766 horum
928 2698 961 2764 in
981 2700 1061 2786 hoc,
1091 2698 1229 2763 alterurn

101 2809 138 2873 in
159 2807 313 2888 sequenti
329 2806 466 2872 articulo
479 2808 722 2891 expediendum
742 2808 815 2874 erit.

173 2913 334 2997 Principia
359 2913 435 2980 bina
459 2915 572 2981 docuit
590 2915 781 2981 Aristoteles
807 2912 860 3002 (a)
886 2923 1056 2997 tamquam
1082 2913 1231 2981 lirrnissi-
1289 2933 1399 2993 Principia

104 3041 199 3088 nram
219 3021 297 3086 artis
314 3022 525 3108 syllogisticae
549 3023 754 3106 suppositam
777 3023 918 3088 bassim:
939 3021 1134 3107 principium
1155 3023 1231 3088 Dici
1244 3015 1297 3131 ”gg
1309 3013 1337 3129 ,ᾖ
1350 3026 1435 3128 ⁰3⁰²

103 3131 161 3196 vel
179 3129 310 3194 Dictum
325 3131 365 3193 de
381 3130 483 3207 omni,
505 3140 536 3195 et
555 3130 747 3215 principium
751 3130 844 3242 ADici
861 3130 921 3195 vel'
931 3129 1059 3195 Dictum
1072 3133 1111 3194 da
1127 3131 1227 3198 nullo.
1295 3101 1313 3130 Ἰ
1337 3100 1347 3128 θ
1418 3114 1424 3127 ’

176 3236 324 3302 Primum
348 3235 394 3302 sic
418 3238 610 3302 enunciatur
633 3257 651 3302 a
674 3237 896 3303 Scholasticis:
926 3237 1091 3322 Quidquid
1111 3237 1230 3303 dicitur

101 3346 158 3410 ael
171 3343 351 3426 affimratur
362 3347 402 3409 de
413 3343 521 3428 aliquo
538 3345 668 3410 termino
690 3345 913 3410 uniuersaliter
929 3345 1125 3412 distributive
1147 3363 1232 3411 sum-

96 3457 174 3536 pro,
192 3451 264 3516 dici
271 3469 390 3535 quoque
406 3453 459 3516 ael
468 3451 622 3535 affinrruri
637 3453 726 3517 delet
739 3455 779 3517 da
795 3452 930 3535 singulis
947 3453 1004 3517 sub
1017 3471 1051 3518 ao
1064 3455 1229 3531 contentis,

101 3578 163 3626 reu
185 3563 226 3624 de
249 3559 364 3644 quibus
386 3560 536 3626 teutsinus
556 3560 612 3625 ille
628 3560 804 3642 praedicari
824 3564 932 3641 potest.
957 3559 1168 3645 Exemplum:
1198 3561 1232 3626 Si

19 3662 20 3675 ’
101 3666 304 3734 attributum
325 3665 459 3732 viamus
482 3667 675 3751 praedicatur
698 3669 740 3746 de
758 3667 850 3732 omni
871 3667 1007 3734 animali
1028 3667 1233 3735 distributive
1330 3669 1335 3680 ’

101 3786 262 3860 sumpto,
291 3773 389 3839 debet
413 3774 511 3839 etiam
536 3774 699 3859 praedicari
725 3775 767 3840 de
793 3775 966 3851 omnibus,
994 3775 1115 3860 quibus
1142 3775 1232 3842 notio

103 3881 261 3950 animalis
278 3881 452 3965 competit,
472 3890 552 3966 puta
568 3881 609 3947 de
627 3882 764 3959 mure,
785 3884 888 3972 leona,
908 3900 1000 3968 equa,
1020 3891 1084 3949 etc.

175 3989 308 4056 Duum
325 3991 460 4055 vereda
476 3991 566 4055 nullo
583 3987 629 4055 sic
646 3990 845 4057 enuntiatur:
869 3990 1032 4075 Quuquu
1044 3993 1180 4075 negatur
1194 3991 1234 4056 de

100 4100 216 4184 aliquo
227 4097 360 4163 termino
370 4096 590 4162 universaliter
602 4097 799 4163 distributiva
811 4101 1135 4182 sumpt0,negandum
1146 4097 1235 4181 pariss

102 4213 154 4274 ter
172 4208 223 4271 est
237 4205 276 4269 de
295 4203 427 4287 singulis
443 4203 502 4269 sub
518 4223 554 4270 eo
570 4204 736 4280 contentis,
755 4224 810 4271 seu
828 4207 868 4271 de
885 4205 997 4290 quidus
1017 4205 1167 4272 terminus
1180 4205 1235 4271 ille

97 4312 281 4398 praeua'cui
291 4315 403 4395 prust.
420 4311 627 4395 Exemplum:
645 4313 680 4378 Si
699 4313 780 4379 ratio
798 4314 913 4396 lapidis
928 4322 1065 4399 negatur
1083 4313 1125 4398 de
1143 4314 1234 4379 omni
1314 4312 1325 4338 ‘

101 4423 233 4488 vivente
257 4419 407 4504 neganda
431 4435 566 4503 quoque
590 4428 641 4485 est
665 4421 706 4486 de
731 4421 904 4499 omnibus,
932 4421 1054 4506 quibus
1078 4407 1236 4506 competit

139 4675 185 4738 (r)
223 4667 356 4742 Sylvcst.
368 4665 481 4735 Mauri,
495 4665 639 4728 Summul.
654 4690 718 4744 cup.
735 4689 782 4746 55,
798 4670 957 4745 nuptura,
969 4669 1096 4742 silubet‚
1108 4669 1239 4758 require.¹

139 4768 185 4830 (a)
224 4758 289 4818 Lib.
310 4779 335 4830 r,
347 4757 438 4818 Prior
450 4757 640 4831 auctuum..
653 4779 717 4833 cap.
735 4781 759 4819 r.

1175 4881 1211 4926 22
