3492 5525
540 430 596 525 578
645 434 774 509 Locren
788 436 1021 520 Maron-Lm.
1041 453 1111 520 ψ,
1128 434 1221 508 Dree.
1236 458 1284 529 4⁸
1297 439 1377 509 Can.
1398 456 1466 508 ram

497 629 607 713 procul
627 628 742 696 videns
760 648 911 704 carnem,
933 627 1012 705 ruit,
1034 639 1070 695 ut
1086 628 1172 693 illam
1192 629 1348 694 dentibus
1360 626 1506 711 arripiat,
1527 624 1628 707 quasi

496 736 565 821 ipsa
592 754 651 804 sua
679 736 805 803 visione
828 738 961 803 exercite
988 736 1138 822 judicans
1167 753 1277 802 coram
1310 738 1426 803 adesse
1453 734 1626 819 objectum

496 839 647 927 sapidum
679 838 805 928 sibique
831 839 1046 911 conveniens.
1080 843 1166 909 Cum
1197 862 1277 929 ergo
1308 842 1549 927 investigamus
1581 841 1628 905 de
1732 849 1733 858 ’

497 967 655 1017 sensuum
676 951 863 1028 veracitate,
881 952 1061 1035 quaerimus
1080 969 1160 1017 num
1181 949 1294 1016 tideles
1312 949 1379 1015 sint
1397 948 1431 1015 in
1446 942 1630 1032 repraesen-

495 1058 603 1124 tandis
631 1076 668 1124 ac
696 1058 870 1125 referendis
889 1059 1044 1144 objectis,
1065 1070 1229 1141 quatenus
1256 1058 1383 1143 objecta
1411 1074 1523 1124 revera
1547 1055 1628 1119 talia
1732 1048 1734 1120 ῗ

497 1156 578 1240 sint,
600 1165 706 1249 qualia
726 1167 955 1233 renuntiantur
982 1184 1039 1249 per
1066 1184 1200 1241 sensus,
1227 1166 1316 1230 unde
1339 1165 1521 1230 intellectus
1547 1162 1628 1229 talia

492 1271 686 1355 judicando,
708 1274 816 1357 qualia
835 1276 979 1340 relucent
1000 1273 1032 1338 in
1051 1271 1161 1339 sensili
1181 1273 1461 1357 apprehensione,
1482 1270 1515 1335 in
1535 1288 1628 1334 erro-

498 1397 565 1443 rem
588 1381 769 1463 lalsamque
796 1400 904 1447 rerum
930 1380 1182 1446 aestimationem
1207 1398 1274 1445 non
1299 1380 1481 1445 inducatur.
1512 1378 1628 1459 ltaque

564 1493 682 1554 Prima
700 1510 781 1570 pars
797 1492 1042 1571 propositionis
1061 1484 1227 1555 suadetur
1250 1486 1301 1555 1.⁰
1323 1506 1364 1552 ex
1387 1484 1565 1552 rationibus
1591 1484 1627 1547 in

496 1592 578 1659 thesi
599 1594 795 1677 praecedenti
814 1596 977 1661 adductis.

543 1702 596 1769 a.⁰
644 1701 677 1768 Si
697 1720 814 1769 sensus
843 1722 955 1788 perse
974 1704 1136 1769 falleretur
1154 1702 1236 1767 circa
1255 1686 1423 1786 proprium
1453 1698 1625 1774 sensibile,

498 1811 586 1874 nulla
598 1810 681 1874 toret
694 1810 856 1877 certitudo
871 1810 903 1875 in
919 1810 1062 1876 scientiis
1075 1828 1112 1876 ac
1124 1808 1332 1894 potissimum
1348 1808 1381 1874 in
1399 1806 1623 1892 Philosophia,

497 1917 606 1982 omnis
625 1917 713 1983 enirn
734 1916 869 1983 scientia
884 1927 917 1982 et
936 1936 987 1983 ars
1006 1937 1047 1983 ex
1066 1916 1262 2002 experientia
1282 1916 1498 2002 singularium
1518 1914 1629 1981 sensi-

497 2024 610 2092 bilium
635 2026 723 2091 ducit
742 2025 928 2103 exordium,
950 2034 987 2091 ut
1010 2037 1095 2093 recte
1118 2026 1214 2091 docet
1233 2022 1424 2091 Aristoteles
1447 2020 1512 2110 (r).
1539 2020 1627 2086 Nam

453 2158 457 2167 ·
492 2131 684 2215 principium
705 2132 871 2220 cujuslibet
888 2137 1003 2199 nostre
1028 2132 1212 2216 cognitionis
1233 2135 1281 2197 est
1304 2132 1339 2196 in
1358 2148 1464 2207 sensu,
1487 2129 1562 2214 quia
1583 2146 1628 2191 ex

496 2240 736 2321 apprehensione
750 2258 859 2306 sensus
872 2242 976 2306 oritur
988 2240 1188 2323 apprehensio
1192 2239 1379 2322 phantasia,
1394 2240 1629 2322 quaestmotus

495 2348 752 2430 asensusactns,
770 2353 807 2414 ut
817 2349 1128 2430 dicitl'hr’tasoplaus,
1150 2368 1171 2412 a
1189 2366 1251 2433 qua
1270 2346 1381 2412 iterum
1395 2346 1500 2411 oritrrr
1515 2350 1628 2425 appre-

497 2452 601 2519 lrensr'o
618 2454 805 2521 intellectiva
823 2456 858 2519 in
888 2456 992 2533 nobis,
1014 2474 1084 2521 curn
1104 2456 1325 2536 phantasmata
1342 2453 1411 2517 sint
1427 2451 1629 2518 internatae

495 2559 610 2627 anima
628 2565 665 2626 ut
680 2562 814 2647 objecta,
841 2565 881 2627 ut
896 2563 1015 2627 dicitur
1041 2572 1087 2629 ιθ
1104 2564 1143 2626 de
1163 2561 1293 2626 Anima.
1314 2561 1379 2627 Sed
1402 2559 1553 2625 terminus
1568 2576 1629 2622 co-

494 2666 646 2751 gnitionis
674 2686 736 2733 non
763 2676 882 2751 semper
909 2674 958 2734 est
977 2669 1195 2747 uniformiter:
1222 2670 1407 2752 quandoque
1424 2666 1506 2731 enim
1525 2666 1627 2731 estin

496 2795 604 2852 senisu,
624 2780 808 2862 quandoque
827 2778 861 2842 in
877 2777 1111 2861 imaginatione,
1127 2780 1312 2860 quaudoque
1325 2777 1359 2840 r'n
1372 2777 1437 2841 sola
1451 2775 1624 2839 intellectu.

498 2885 691 2968 Qraandoqur
708 2885 792 2949 enim
810 2885 1015 2967 proprietates
1032 2887 1064 2949 et
1087 2883 1259 2948 accidentia
1278 2883 1341 2960 rei,
1370 2901 1440 2967 que
1455 2899 1549 2947 senua
1565 2885 1626 2946 de-

1732 1419 1734 1470 l

1732 2119 1734 2164 l

495 2993 724 3066 nronstrantur,
740 2991 928 3075 sufficienter
938 2991 1121 3073 exprimunt
1131 2995 1279 3056 naturam
1292 2991 1353 3071 rer',·
1364 2994 1396 3054 et
1407 2995 1481 3054 tunc
1493 2993 1624 3071 oportet,
1732 3026 1733 3059 r

377 3173 379 3178 ¹
495 3100 578 3181 quod
597 3098 758 3185 judicium
776 3101 816 3163 de
835 3117 869 3163 re
887 3117 978 3174 vera,
998 3099 1178 3185 quodsecr't
1195 3099 1385 3175 intellectus,
1407 3095 1627 3182 conformetur
1732 3188 1733 3193 ἵ

495 3204 543 3269 tres
553 3253 560 3282 ,
572 3223 641 3288 que
657 3223 766 3270 sensus
783 3207 980 3297 demonstrat
993 3208 1033 3270 de
1051 3225 1096 3270 re.
1118 3205 1157 3271 Et
1168 3206 1349 3292 hujusmodi
1364 3209 1442 3270 sunt
1455 3223 1560 3269 munes
1574 3222 1626 3268 res
1732 3230 1733 3243 ¹

496 3315 670 3390 naturales,
698 3332 768 3397 qna
792 3317 869 3379 sunt
893 3313 1106 3378 determinate
1131 3316 1175 3376 ad
1195 3313 1358 3378 materiam
1375 3313 1552 3378 sensibilem
1557 3332 1571 3392 ;
1593 3317 1627 3375 et
1732 3332 1733 3393 j

495 3411 615 3484 idea'in
641 3420 774 3485 scientia
794 3420 938 3486 naturali
961 3419 1128 3485 terminari
1152 3420 1243 3486 debet
1260 3419 1397 3503 cognitio
1417 3421 1462 3484 ad
1482 3437 1622 3494 sensum,

494 3529 533 3590 ut
546 3527 667 3591 scilicet
682 3527 736 3591 hoc
755 3529 845 3592 undo
855 3527 1037 3614 judicemus
1053 3527 1200 3592 derebus
1219 3527 1432 3603 naturalibus,
1451 3529 1625 3592 recuruum
1732 3574 1733 3577 ,

494 3633 578 3717 quod
593 3651 704 3698 sensus
721 3651 773 3698 eas
790 3637 997 3709 demonstrat,
1017 3637 1056 3699 ut
1065 3637 1152 3715 patet
1162 3641 1215 3716 3.⁰
1230 3633 1311 3698 Cati
1327 3635 1492 3699 etmundi.
1513 3635 1553 3700 Et
1566 3652 1624 3719 qur

425 3805 428 3812 ,
494 3759 618 3806 sensum
637 3741 772 3824 negligit
782 3740 816 3806 r'n
834 3741 1034 3806 naturalibus
1047 3741 1082 3806 in
1099 3759 1236 3806 errorem
1253 3741 1369 3806 incutit
1381 3738 1444 3828 (a).

563 3849 712 3926 Accedit,
729 3850 819 3931 quod
834 3850 914 3932 ipsae
929 3847 1033 3913 Sacrae
1053 3847 1179 3915 Litterae
1194 3848 1376 3914 doctrinam
1400 3849 1484 3914 hanc
1501 3848 1621 3914 confrr-

496 3964 602 4030 ment,
618 3974 695 4023 curn
714 3956 750 4022 S.
768 3955 974 4041 Evangelista
986 3954 1145 4036 loannes,
1162 3954 1255 4039 quasi
1275 3957 1315 4022 ad
1335 3958 1493 4042 majorem
1512 3955 1622 4023 conci-

495 4061 637 4128 liandam
657 4063 757 4129 sidem
773 4063 841 4130 suis
856 4063 962 4139 dictis,
979 4063 1207 4129 testimonium
1226 4081 1386 4130 sensuum
1406 4063 1622 4131 invocaverit:

530 4281 570 4342 (ι)
608 4276 672 4334 Lib.
688 4297 715 4348 a,
728 4264 1070 4347 Poster.,eap.u1t.'csr.
1086 4276 1155 4336 ibid.
1168 4275 1202 4336 S.
1212 4275 1330 4347 Thon„
1339 4277 1403 4336 ieet.
1415 4297 1460 4345 ao,
1474 4297 1589 4350 paragr.
1601 4280 1625 4345 l;

494 4365 636 4436 etAriat.,
651 4367 700 4425 lib.
717 4374 761 4436 ιθ,
774 4365 981 4440 Metaplrysr'c„
996 4385 1059 4438 cap.
1078 4387 1103 4424 r.
1126 4364 1189 4424 Cl'r.
1202 4365 1237 4425 S.
1251 4364 1371 4436 Thoan,
1383 4365 1454 4424 ibid.
1466 4366 1531 4425 leet.
1545 4387 1569 4424 r.

530 4457 571 4527 (a)
608 4455 640 4516 S.
662 4457 779 4526 Thom,
796 4455 906 4527 Opusc.
925 4462 1016 4530 super
1036 4457 1168 4514 Boetiurn
1189 4459 1225 4514 de
1242 4457 1371 4526 Triuia,
1390 4469 1497 4528 quaeat.
1519 4457 1562 4515 6.·
1580 4460 1627 4516 De

493 4547 597 4615 modis,
614 4565 689 4618 quos
702 4545 888 4619 speculativae
915 4543 1043 4603 scientiae
1055 4545 1198 4614 attribuit,
1220 4561 1276 4604 art.
1292 4552 1343 4614 233
1359 4545 1421 4603 Cir.
1438 4545 1625 4614 Tenulliaa,

493 4638 528 4694 de
543 4636 673 4705 Anima,
689 4656 752 4707 cap.
770 4655 796 4708 5,
816 4633 866 4692 ubi
885 4633 957 4690 illud
979 4632 1066 4691 etiam
1087 4633 1180 4704 addit,
1201 4635 1302 4692 Fidem
1316 4637 1411 4709 ipsam
1429 4635 1626 4698 ,christianam

495 4727 663 4802 periclitari
668 4770 676 4794 .
689 4727 719 4784 si
724 4727 857 4796 fallaces
871 4724 931 4782 sint
945 4733 1064 4796 sensus,
1078 4723 1166 4782 Fides
1179 4726 1256 4782 enim
1270 4743 1308 4782 ex
1321 4726 1437 4784 auditu.
