3492 5525
569 494 625 562 128
756 498 880 565 Looxcx
901 500 1152 565 Mision-Drsn.
1180 512 1221 564 r.·
1242 500 1323 563 Car.
1345 514 1417 562 ψ

526 683 663 749 alterurn
683 683 724 748 ab
737 684 838 748 altero
852 682 1070 769 distinguere,
1088 683 1195 749 ideam
1216 683 1352 748 haberet
1374 683 1567 748 eorumdem
1583 681 1647 770 ob-

525 807 667 856 scuram.

360 911 468 958 sarran.
593 897 663 962 ldea
678 898 761 963 clara
778 898 996 966 subdividitur
1008 900 1041 964 in
1060 898 1240 964 distinctam
1257 907 1291 964 et
1303 897 1474 982 comesam.
1490 897 1647 964 Distincta

344 982 479 1034 ‘'mm‘'
526 1013 577 1071 est
592 1024 646 1081 ea,
671 1021 746 1088 quae
764 1023 829 1090 prae
843 1023 880 1071 se
900 1007 960 1072 lert
974 1004 1101 1088 aliquas
1118 1007 1233 1075 saltem
1259 1017 1356 1070 notas
1376 1003 1565 1070 essentiales
1587 1004 1644 1070 rei:

526 1129 622 1178 secus
642 1110 702 1178 erit
724 1113 872 1179 confusa.
890 1112 944 1178 Sic
967 1108 1153 1179 distinctam
1169 1112 1267 1179 habet
1281 1110 1426 1178 hominis
1440 1110 1567 1188 ideam,
1590 1111 1647 1194 qui

527 1219 618 1285 novit
632 1237 708 1285 eum
729 1231 766 1286 ut
783 1218 947 1304 viventem
967 1228 1000 1285 et
1018 1220 1269 1304 intelligentem.

592 1327 663 1392 idea
684 1325 835 1393 distincta
863 1326 1079 1394 subdividitur
1106 1329 1139 1393 in
1161 1329 1340 1409 completam
1367 1338 1400 1392 et
1425 1327 1646 1409 mcomplctam.

527 1435 700 1519 Completa
719 1448 768 1502 est
783 1455 816 1502 v.
842 1455 877 1520 g.
901 1426 972 1503 idea
994 1434 1165 1501 hominem
1187 1434 1346 1501 exhibens
1367 1444 1403 1500 ut
1430 1434 1647 1500 substantiam

525 1561 733 1626 corpoream,
755 1542 941 1619 viventem,
958 1543 1170 1619 sensitivam,
1192 1543 1397 1610 rationalem.

593 1650 683 1715 Hanc
710 1649 905 1716 divisionem
929 1651 1081 1717 videntur
1104 1651 1251 1716 nonnulli
1274 1650 1474 1715 contundere
1500 1666 1577 1714 cum
1597 1645 1650 1712 illa

525 1756 602 1834 alia,
616 1758 798 1825 secundum
815 1776 915 1841 quam
931 1758 1002 1823 idea
1017 1758 1211 1842 dispescitur
1225 1757 1257 1822 in
1272 1759 1469 1843 adaequatam
1482 1767 1516 1822 et
1529 1756 1649 1820 inoda-

461 1947 466 1960 .
525 1867 663 1948 quotam.
680 1863 741 1930 Alii
753 1875 865 1931 temen
876 1865 1080 1948 adaequatam
1095 1863 1648 1946 identificantcumcomprabansrba,

315 1965 363 1995 ²⁰⁰¹
432 1963 447 1993 ²
467 1963 502 1992 ''
527 1990 602 2055 quae
622 1973 777 2040 nimirum
797 1984 902 2040 totam
916 1973 960 2039 rei
975 1973 1125 2039 exhaurit
1140 1971 1453 2058 intelligibilitatem,
1467 1989 1539 2035 eam
1560 1969 1651 2054 peni·

526 2090 582 2146 tus
595 2079 844 2164 cognoscendo,
861 2088 1025 2164 quantum
1043 2081 1106 2148 sub
1126 2098 1340 2164 quacumque
1358 2079 1481 2146 ratione
1490 2096 1529 2144 ac
1542 2095 1652 2160 respe-

528 2198 582 2252 ctu
597 2187 827 2272 cognoscibilis
842 2198 904 2254 est.

579 2311 629 2380 19.
678 2296 834 2361 Praeterea
853 2295 925 2360 idea
946 2314 1005 2362 seu
1024 2304 1203 2380 conceptus
1227 2296 1363 2379 partitur
1385 2295 1417 2360 in
1440 2294 1593 2366 dicatum
1618 2301 1652 2358 et

380 2429 416 2460 ree
526 2394 689 2485 reflexum.
715 2401 869 2468 Rellexus
893 2412 944 2469 est
968 2405 1025 2486 qui
1048 2422 1106 2487 pro
1127 2403 1255 2486 objecto
1283 2405 1380 2468 habet
1401 2403 1501 2467 alium
1530 2401 1653 2465 mentis
1731 2390 1732 2411 ³

371 2501 423 2531 ‘⁶⁰
452 2515 459 2529 '
527 2521 638 2576 actum
654 2509 830 2594 praevium,
856 2521 894 2577 ut
921 2521 1118 2595 conceptus,
1137 2530 1205 2595 quo
1228 2528 1374 2594 cognosco
1393 2529 1441 2574 me
1459 2523 1649 2592 cognoscere.

480 2615 483 2626 '
527 2617 676 2684 Dilectus
691 2627 757 2694 est,
774 2618 831 2701 qui
851 2618 939 2684 aliud
953 2618 1119 2704 objectum
1136 2618 1266 2702 respicit
1280 2617 1471 2684 distinctum
1491 2638 1510 2682 a
1528 2615 1653 2701 praevio

527 2726 637 2809 aliquo
665 2736 739 2792 actu
772 2745 806 2807 a,
824 2735 935 2796 mente
969 2725 1133 2805 exercito,
1163 2735 1201 2793 ut
1228 2745 1305 2794 cum
1336 2724 1529 2811 intelligitur
1556 2723 1651 2807 lapis,

525 2832 636 2899 charta
651 2845 714 2901 etc.

422 3026 427 3035 Ι
596 2940 741 3008 Rellsxio
764 2950 877 3007 autem
901 2943 1024 3028 duplex
1046 2942 1259 3027 distinguitur
1276 2962 1295 3006 a
1315 2940 1536 3027 philosophis:
1552 2940 1653 3006 altera

333 3042 347 3071 ⁰
371 3040 440 3141 ‘20¹⁶
454 3094 495 3139 k·
527 3048 675 3134 objectiva
696 3067 755 3115 seu
778 3052 949 3132 ontotogr'ca
973 3059 1006 3115 et
1028 3052 1128 3115 altera
1149 3050 1319 3137 subjectam
1342 3068 1399 3115 seu
1418 3048 1653 3138 pmcmlogica.
1730 3055 1731 3136 l

529 3157 702 3222 Perillam
732 3158 951 3243 recogitamus
984 3158 1149 3243 objectum
1178 3157 1268 3242 prius
1296 3158 1486 3242 cognitum,
1516 3166 1549 3221 et
1578 3156 1653 3221 ideo
1730 3143 1732 3154 ἱ

528 3274 663 3331 vocatur
688 3282 823 3348 quoque
846 3265 1035 3348 recogitatio.
1052 3264 1197 3331 Rellexio
1216 3277 1327 3331 autem
1352 3263 1585 3351 psycholugica
1603 3277 1654 3328 est

528 3390 583 3447 ea,
601 3389 658 3456 per
676 3390 776 3454 quarn
797 3381 890 3438 actus
913 3373 1030 3456 aliquis
1053 3374 1210 3457 praevius,
1231 3382 1328 3457 prout
1347 3383 1396 3438 est
1414 3372 1543 3437 affectio
1562 3387 1656 3453 quae-
1729 3395 1730 3460 ἦ

528 3478 603 3544 darn
620 3480 738 3563 proprii
752 3480 891 3566 subjecti
902 3481 1137 3564 internumque
1149 3480 1250 3545 animi
1265 3481 1366 3546 nostri
1377 3481 1652 3565 phaenomenum‚

527 3584 770 3676 cogitatur(r).
1402 3604 1407 3612 ·

348 3774 354 3785 ,
572 3712 627 3763 20.
676 3694 836 3761 Dividitur
856 3696 955 3762 etiam
969 3705 1151 3779 conceptus
1164 3694 1198 3761 in
1212 3696 1389 3762 ultimamm
1402 3703 1435 3760 et
1449 3714 1513 3761 non
1526 3694 1656 3761 ultima-

357 3786 451 3886 m'im‘
470 3786 484 3815 ¹¹
528 3804 606 3869 mm.
629 3802 805 3869 Ultimatus
824 3812 876 3869 est
897 3804 951 3870 ille
976 3824 1077 3887 quem
1107 3813 1261 3888 percepto
1283 3804 1380 3889 signo
1407 3802 1532 3887 aliquo,
1557 3802 1655 3869 nobis
1728 3807 1729 3842 l

530 3918 627 3987 noto,
643 3912 856 3977 eliormamur
878 3912 921 3977 de
945 3910 1015 3996 ipsa
1038 3931 1073 3977 re
1095 3910 1291 3997 significata:
1307 3911 1380 3977 talis
1402 3920 1453 3977 est
1471 3921 1655 3994 conceptus
1728 3905 1729 3990 ἶ

529 4034 629 4101 quem
656 4018 764 4100 quivis
786 4018 875 4083 latini
894 4019 1057 4085 sermonis
1070 4037 1193 4104 gnarus
1208 4020 1360 4085 efformat
1377 4018 1515 4084 audiens
1536 4036 1654 4084 vocem
1728 4033 1729 4036 ’

563 4338 606 4411 (ι)
642 4339 725 4399 Hane
738 4338 909 4398 diuisionem
922 4338 1088 4398 reflexionis
1108 4339 1140 4398 in
1152 4339 1348 4413 ontologiesm
1368 4352 1398 4399 et
1416 4339 1653 4414 psychologieam
1727 4365 1728 4370 ¹

530 4426 639 4487 indicat
653 4426 686 4485 S.
702 4428 845 4497 Thomas,
860 4429 907 4486 vel
921 4427 1056 4501 quisquis
1069 4429 1110 4490 sit
1128 4444 1229 4488 auctor
1249 4430 1361 4501 operis,
1383 4429 1463 4501 quod
1484 4428 1655 4488 inscribitur

532 4518 635 4576 Totius
653 4515 826 4577 Aristotelis
848 4519 968 4593 Logicoe
987 4539 1115 4587 summa,
1137 4532 1220 4577 treet.
1244 4540 1336 4591 resp.
1361 4540 1384 4577 r.
1401 4520 1463 4577 Hoc
1478 4522 1653 4591 opusculum

530 4625 588 4665 non
602 4626 666 4665 esse
681 4606 713 4666 S.
728 4607 848 4666 Thomas
869 4611 973 4679 probat
991 4608 1029 4667 de
1050 4606 1158 4667 Rubeis
1176 4608 1207 4667 in
1228 4608 1434 4668 dissertatione
1454 4608 1493 4667 de
1513 4609 1614 4670 Gestis
1627 4618 1655 4669 et

528 4696 660 4771 Scriptis
674 4696 711 4756 Ι).
727 4692 831 4756 nom.
846 4696 966 4759 dissert.
980 4716 1026 4773 ²4·
1042 4718 1105 4772 esp.
1119 4718 1150 4766 a,
1166 4716 1196 4759 u.
1213 4714 1240 4772 3.
1256 4696 1310 4758 Est
1322 4711 1423 4760 tamen
1442 4700 1544 4773 procul
1563 4700 1654 4759 dubio

529 4785 646 4859 antiqui
657 4800 687 4847 et
700 4786 841 4859 sapientis
854 4788 992 4849 auctoris.
