3492 5525
448 1396 451 1403 .
508 1344 680 1409 instinctus
697 1342 731 1409 in
751 1342 861 1409 animo
890 1349 940 1407 est
968 1342 1088 1408 factum
1109 1343 1274 1425 quoddam
1294 1347 1634 1430 seuphaenomenum
1734 1401 1735 1414 ,

325 2720 457 2768 Confutatur

323 2795 449 2851 Gallupt'ua:

295 2868 392 2925 itemque
403 2868 484 2914 Schola

306 2941 474 2986 sentimentalis.

1723 8 1732 98 l

549 405 606 489 538
656 404 1473 490 concinnos-tm.1.u³,ursr>.3.·cxr2.2.rn

550 596 670 658 Tertia
686 612 778 675 pars.
827 588 900 656 Non
914 592 963 654 cst
976 596 1167 671 supremum.
1187 590 1314 657 Etenim
1329 600 1367 657 ut
1379 592 1535 659 instinctu
1548 603 1640 659 tam-

507 716 607 781 quam
634 697 778 763 veritatis
795 694 923 763 criterio
943 696 1068 781 possim
1088 696 1151 775 uti,
1171 696 1238 763 duo
1257 700 1373 765 saltem
1391 707 1523 784 oportet
1541 710 1638 767 certo

508 823 724 891 prenoscere,
743 803 950 871 existentiam
970 804 1161 880 instinctus,
1184 813 1218 870 et
1236 806 1384 892 ejusdem
1409 806 1636 875 veracitatem.

509 912 607 996 Atqui
623 914 704 977 'lraec
732 912 798 977 duo
827 919 998 994 nequeunt
1025 912 1182 996 praenosci
1205 931 1263 996 per
1288 914 1396 998 ipsum
1424 914 1636 991 instinctum,

508 1019 565 1086 sed
585 1018 727 1087 aliunde.
744 1018 827 1103 Ergo
846 1018 978 1102 aliquod
998 1018 1084 1085 aliud
1103 1018 1267 1085 criterium
1284 1022 1442 1106 praevium
1460 1030 1509 1087 est
1528 1041 1638 1107 agno-

507 1127 678 1202 scendum,
700 1145 799 1210 aquo
820 1124 993 1192 instinctus
1012 1126 1175 1193 criterium
1190 1127 1383 1212 dependeat.

575 1235 677 1321 Major
705 1242 809 1320 patet,
843 1244 876 1299 et
904 1234 1010 1299 Minor
1038 1234 1129 1299 facile
1157 1236 1322 1301 suadetur.
1349 1237 1432 1303 Nam
1461 1236 1637 1303 existentia

509 1451 694 1526 internum,
711 1450 800 1533 quod
817 1467 874 1533 per
887 1448 1093 1516 conscientiae
1108 1449 1278 1517 dumtaxat
1292 1452 1519 1518 testimonium
1536 1453 1635 1520 nobis

510 1558 746 1625 manifestatur.

577 1664 675 1741 Quod
694 1673 803 1729 autern
824 1665 997 1731 instinctus
1017 1664 1178 1749 ejusmodi
1201 1683 1306 1732 caecus
1328 1666 1370 1732 ad
1388 1665 1555 1733 veritatem
1575 1688 1634 1735 me
1735 1691 1736 1702 ¹

510 1774 625 1851 ducat,
646 1773 717 1839 solo
737 1772 893 1839 instinctu
909 1770 989 1838 scire
1003 1791 1067 1838 non
1084 1791 1232 1856 possum.
1248 1772 1422 1840 instinctus
1436 1774 1524 1840 enim
1538 1777 1634 1867 solus

512 1899 622 1966 perse
647 1888 754 1965 potest
772 1878 906 1963 quidem
931 1890 1112 1963 spontaneo
1138 1878 1237 1947 modo
1260 1880 1440 1965 potentiam
1464 1864 1633 1967 impellere

512 1989 552 2055 ad
571 2006 759 2063 assensum,
781 1987 838 2053 sed
856 1988 1058 2053 intellectum
1079 1986 1213 2052 minime
1239 1988 1401 2055 illuminat
1417 1990 1499 2057 circa
1519 2009 1634 2057 neces-

511 2096 628 2163 sariam
657 2094 706 2162 sui
735 2094 955 2161 veracitatem.
985 2094 1029 2160 Ut
1052 2113 1129 2180 ergo
1153 2096 1334 2181 impulsum
1354 2096 1527 2164 instinctus
1544 2106 1632 2163 tam-

511 2224 612 2289 quam
633 2188 781 2271 veracem
809 2211 1033 2287 acceptemus,
1060 2204 1192 2269 aliunde
1214 2205 1370 2290 cognosci
1394 2205 1493 2271 debet
1516 2206 1634 2272 instin-

512 2322 602 2379 ctum
631 2321 663 2378 et
690 2312 935 2399 suggestionem
964 2320 1086 2379 naturae
1114 2310 1154 2375 ad
1180 2311 1296 2378 falsum
1323 2331 1393 2378 esse
1422 2331 1487 2380 non
1519 2332 1629 2399 posse.

513 2420 615 2487 Secus
635 2438 729 2487 mens
746 2418 879 2486 sentiret
893 2418 1025 2502 quidem
1051 2436 1086 2484 se
1110 2418 1305 2494 necessitari,
1333 2422 1392 2487 sed
1418 2439 1483 2487 non
1510 2421 1635 2487 eruerer

511 2548 626 2595 verum
647 2546 718 2594 esse
737 2529 786 2605 id,
808 2526 848 2593 ad
867 2527 956 2612 quod
976 2525 1199 2594 necessitatur.

551 2691 606 2756 88.
655 2690 845 2757 Pxorostrlo
878 2686 933 2776 3?
978 2694 1209 2757 conscientie
1239 2695 1478 2758 testimonium
1509 2696 1631 2776 nequit
1737 2739 1738 2742 ,

504 2821 582 2867 esse
600 2821 801 2882 supremum
819 2821 859 2865 ac
877 2805 1035 2882 generale
1057 2803 1213 2866 veritatis
1235 2805 1429 2866 criterium:
1450 2805 1629 2883 multoque
1737 2828 1738 2847 l

503 2912 620 2973 minus
639 2913 776 2974 interna
793 2912 901 2974 animi
919 2913 1062 2974 affectio.

570 3073 687 3134 Prima
696 3090 777 3151 pars
793 3069 964 3134 manifesta
976 3076 1037 3133 est.
1048 3069 1132 3134 Nam
1145 3086 1338 3152 supremum
1354 3087 1390 3134 ac
1404 3069 1553 3154 generale
1569 3089 1628 3134 ve·

503 3174 606 3242 ritatis
624 3175 787 3240 criterium
807 3183 856 3242 est
870 3175 984 3264 ultima
1004 3172 1084 3242 ratio
1104 3193 1165 3242 nos
1176 3194 1309 3242 securos
1323 3176 1463 3242 reddens
1481 3176 1521 3242 de
1541 3176 1627 3240 vcri-

502 3283 576 3348 tatis
595 3281 815 3359 assecutione,
836 3292 868 3348 et
887 3284 1038 3366 quietans
1056 3283 1088 3348 in
1108 3291 1198 3367 parta
1212 3283 1281 3369 jam
1297 3283 1500 3351 certitudine.
1520 3283 1622 3367 Atqui

503 3389 728 3456 testimonium
761 3391 967 3458 conscientiae
999 3392 1109 3456 solum
1144 3391 1270 3456 refferre
1300 3399 1409 3476 potest
1436 3391 1624 3457 affectiones

502 3499 620 3584 proprii
639 3497 793 3583 subjecti,
811 3509 909 3584 prout
924 3508 998 3567 actu
1015 3506 1207 3583 praesentes,
1229 3517 1265 3564 ac
1280 3498 1415 3583 proinde
1429 3497 1542 3581 nequit
1560 3517 1623 3564 nos

500 3615 607 3672 certos
636 3605 768 3672 reddere
795 3606 835 3672 de
860 3605 1049 3674 veritatibus
1067 3608 1108 3673 ad
1126 3605 1274 3672 ordinem
1301 3604 1521 3692 subjectivum
1548 3625 1624 3691 spc-

499 3715 674 3785 ctantibus.
692 3715 818 3803 Ergo...
1507 3703 1516 3720 '

566 3829 682 3891 Dices.
714 3823 756 3890 Ut
780 3823 858 3891 certi
886 3822 1108 3909 philosophice
1133 3822 1237 3888 simus
1269 3822 1311 3887 de
1332 3821 1447 3907 quavis
1471 3821 1618 3899 veritate,

502 3951 634 4000 necesse
657 3939 718 4010 est,
745 3939 781 3998 ut
802 3929 992 3997 noverimus
1014 3949 1074 4012 nos
1098 3948 1169 3995 eam
1192 3938 1277 3996 recte
1297 3929 1529 4013 evidenterque
1549 3948 1622 4014 per-

500 4040 638 4125 cepisse.
671 4037 769 4123 Atqui
798 4037 829 4103 id
854 4037 983 4105 nonnisi
1011 4056 1052 4103 ex
1075 4036 1281 4105 conscientiae
1308 4036 1496 4103 testimonio
1528 4037 1620 4103 novi·

500 4165 586 4215 mus.
609 4147 734 4232 Ergo...

565 4263 669 4339 Resp.
695 4254 728 4319 ld
741 4256 853 4322 solum
872 4254 989 4338 probat
1006 4251 1213 4320 conscientiae
1231 4250 1456 4321 testimonium
1475 4271 1621 4337 praesup

499 4364 688 4447 ponendum
705 4381 776 4429 esse
791 4361 892 4427 instar
905 4360 1099 4427 conditionis
1118 4361 1169 4426 vel
1186 4359 1283 4426 medii
1292 4359 1535 4444 *manifestantis
1552 4361 1621 4426 evi·

499 4470 642 4535 dentiam
662 4470 888 4555 cognitionum
906 4478 1104 4535 nostrarum.
1121 4470 1198 4552 lpsa
1215 4487 1293 4534 vero
1314 4469 1384 4533 naec
1401 4467 1619 4535 manifestatio

500 4595 565 4642 non
581 4587 629 4643 est
650 4575 812 4646 motivum
826 4585 932 4643 certos
947 4595 1007 4642 nos
1021 4576 1160 4641 reddens
1177 4576 1218 4640 de
1233 4577 1380 4642 veritate.
1396 4575 1498 4647 Secus
1512 4575 1620 4640 dicen·

433 4693 437 4700 '
499 4685 578 4752 dum
602 4685 684 4753 foret
702 4685 910 4752 conscientie
928 4678 1290 4769 testimoniumpariter
1311 4698 1385 4751 esse
1403 4683 1564 4751 motivum
1585 4693 1619 4750 et
