3492 5525
553 473 610 556 176
700 534 705 543 ,
743 470 867 535 Loorcn
887 469 1135 541 Minoa-Drse.
1163 478 1305 542 recte.
1329 481 1401 547 ‘tam

511 675 639 723 nomen
649 655 848 744 Porphyrius
862 677 934 741 cap.
957 658 997 723 de
1012 659 1136 741 Specie,
1156 679 1233 728 cum
1253 662 1334 730 dixit
1347 665 1380 729 in
1399 666 1536 752 singulls
1550 685 1629 750 prae-

511 765 703 831 dicamentis
721 783 792 832 esse
811 765 940 850 singula
961 767 1063 850 prima
1079 787 1216 852 genera,
1240 769 1301 837 alia
1325 772 1532 851 intermedia,
1557 793 1633 859 spe·

509 873 575 940 cies
592 871 724 939 infimas
741 882 775 939 et
799 872 992 939 individua»
1010 871 1075 962 (1).
1100 875 1254 943 Eamdem
1285 879 1449 964 duplicem
1479 881 1633 965 praedica-

512 981 612 1046 menti
631 979 852 1064 acceptionem
868 989 1033 1048 testantur
1051 982 1147 1048 etiam
1168 984 1310 1052 Fonseca
1334 984 1398 1076 (2),
1423 988 1557 1054 Toletus
1579 985 1633 1076 (3)

447 1118 449 1127 ·
511 1088 629 1172 aliique
647 1084 711 1176 (4).

577 1197 688 1281 ltaque
703 1204 740 1264 ut
753 1205 925 1280 utramque
937 1197 1021 1263 hanc
1031 1199 1251 1282 acceptionem
1263 1201 1295 1266 in
1308 1219 1408 1268 unam
1421 1203 1628 1288 colligamus,

510 1302 647 1370 describi
666 1304 955 1389 praedicamentum
983 1315 1093 1390 potest
1120 1291 1196 1372 cum
1226 1309 1368 1379 Fonseca
1391 1319 1424 1375 et
1449 1309 1634 1377 Conimbri-

509 1413 674 1479 censibus:
693 1413 817 1496 gerreris
838 1413 976 1500 ole'eujus
988 1413 1103 1479 summi
1114 1417 1281 1495 eteorum,
1301 1435 1372 1502 quae
1393 1417 1532 1501 sub‘ipso
1545 1423 1631 1495 sunt,

509 1521 668 1587 namrolis
688 1521 859 1603 dispositio,
883 1539 937 1586 seu
959 1519 1066 1589 serice.
1091 1519 1252 1588 Nimirum
1281 1523 1391 1590 omnia
1415 1543 1633 1610 quaecumque

510 1637 601 1707 sunt,
618 1640 673 1696 aut
688 1647 760 1695 esse
779 1637 934 1713 possunt,
956 1628 1075 1694 habent
1094 1628 1253 1696 rationem
1273 1631 1375 1709 entis,
1393 1633 1504 1716 inqua
1521 1619 1633 1700 omnia

510 1735 727 1814 conveniunt,
759 1735 832 1802 licet
856 1735 982 1805 infinita
1001 1738 1240 1821 propemodum
1270 1737 1354 1804 inter
1377 1757 1450 1806 sese
1481 1741 1633 1808 varietate

510 1853 712 1929 separentur.
740 1838 774 1909 Si
799 1842 873 1929 quis
895 1853 1005 1910 tamen
1033 1853 1155 1910 attente
1182 1845 1364 1911 consideret
1387 1847 1632 1914 universitatem

510 1951 653 2029 entium,
674 1951 894 2035 deprehendet
908 1953 1050 2036 proiecto
1065 1951 1193 2017 illorum
1210 1951 1334 2020 nullum
1350 1971 1438 2032 esse,
1455 1955 1632 2039 quodcum

442 2122 447 2134 ,
509 2060 624 2125 multis
641 2059 711 2126 aliis
728 2059 957 2146 cognationem
976 2068 1008 2124 et
1027 2060 1304 2139 convenientiam,
1330 2060 1400 2128 sive
1425 2059 1459 2126 in
1482 2062 1566 2129 entis
1585 2081 1635 2128 ra-

510 2167 616 2243 tione,
639 2166 759 2234 sivein
786 2167 984 2250 quibusdam
1010 2165 1078 2233 aliis
1101 2175 1256 2250 praeterea
1282 2166 1384 2247 notis,
1407 2169 1554 2254 pluribus
1578 2180 1634 2236 aut
1729 2197 1730 2214 ¹

511 2275 732 2359 paucioribus,
746 2294 811 2341 non
826 2275 954 2340 habeat.
972 2273 1080 2358 ltaque
1094 2273 1232 2360 dignum
1249 2274 1446 2360 Philosopho
1465 2277 1524 2342 erit
1535 2295 1632 2361 opus,

512 2401 563 2450 res
580 2401 697 2449 omnes
715 2403 755 2449 eo
770 2384 869 2449 modo
884 2389 1037 2468 cognatas
1052 2383 1084 2448 in
1099 2381 1269 2450 distinctos
1287 2383 1419 2449 ordines
1437 2403 1495 2452 seu
1514 2387 1635 2452 classes

511 2492 715 2569 concludere,
737 2503 835 2576 atque
854 2491 898 2557 ita
912 2490 1120 2567 distribuere,
1137 2498 1173 2556 ut
1188 2490 1249 2556 sub
1264 2507 1418 2574 supremo
1431 2492 1633 2578 singularum

513 2602 627 2666 harum
645 2600 798 2667 classium
817 2618 954 2686 genere,
985 2597 1120 2666 naturali
1141 2606 1239 2682 atque
1262 2599 1408 2664 ordinata
1436 2599 1518 2666 serie
1536 2602 1636 2667 collo·

512 2715 626 2776 centur
644 2725 700 2794 per
717 2708 839 2794 gradus
856 2725 935 2775 suos
955 2705 1076 2791 reliqua
1094 2724 1214 2792 genera
1232 2714 1265 2772 et
1287 2705 1412 2792 species
1441 2707 1634 2775 subalterne

512 2834 617 2901 usque
635 2817 677 2883 ad
694 2815 859 2904 infimam,
880 2824 978 2900 atque
997 2816 1078 2881 adeo
1098 2830 1203 2899 usque
1221 2815 1261 2881 ad
1275 2814 1346 2898 ipsa
1364 2814 1543 2908 individua.
1566 2816 1634 2883 Hoc

513 2925 613 2991 modo
641 2943 748 2991 rerum
781 2922 930 2989 omnium
963 2922 1054 3006 quasi
1089 2923 1298 3009 genealogica
1325 2925 1492 2991 schemata
1516 2924 1633 2991 confici

513 3042 668 3118 possunt,
684 3034 716 3099 in
730 3033 851 3116 quibus
863 3032 1000 3116 singulis
1015 3030 1189 3097 individuis
1202 3030 1404 3097 diversorum
1419 3033 1544 3099 entium
1560 3048 1633 3117 pro-

513 3142 580 3224 pria
599 3140 718 3206 familia
737 3142 918 3207 secundum
943 3138 1154 3225 cognationes
1173 3155 1248 3205 suas
1267 3138 1453 3225 assignetur
1478 3139 1540 3206 sub
1569 3156 1636 3207 uno

513 3250 662 3317 omnium
687 3248 856 3315 communi
880 3246 988 3332 stipite
1016 3264 1074 3313 seu
1095 3245 1200 3331 capite
1225 3265 1394 3330 supremo.
1415 3245 1519 3313 Series
1540 3248 1637 3333 igitur

512 3357 674 3444 ejusmodi
693 3356 855 3423 rationum
876 3355 1008 3421 realium
1023 3350 1087 3441 (5),
1108 3354 1160 3419 vel
1175 3372 1198 3438 ,a
1216 3372 1371 3437 supremo
1385 3373 1504 3439 genere
1523 3357 1639 3439 grada-

424 3507 430 3521 ι
513 3466 572 3531 tim
586 3465 788 3555 descendens
807 3464 847 3529 ad
866 3461 1051 3539 individua,
1074 3462 1125 3529 vel
1140 3462 1181 3527 ab
1200 3460 1375 3528 individuis
1394 3463 1572 3529 ascendens
1589 3463 1631 3528 ad
1730 3462 1731 3467 ’

513 3590 666 3657 suprema
684 3588 830 3658 genera,
843 3588 964 3637 nomen
985 3570 1083 3636 babet
1100 3566 1427 3658 eradicationem).
1730 3564 1731 3569 ’

548 3792 588 3862 (ι)
625 3785 817 3858 Conimbric.,
832 3787 877 3845 loe
887 3804 991 3860 ‚nuper
1004 3782 1053 3844 cit.
1067 3782 1098 3843 in
1112 3802 1174 3857 cap.
1189 3802 1222 3857 4,
1237 3796 1369 3856 quaesta
1383 3795 1439 3843 art.
1453 3802 1477 3842 t.

549 3885 590 3948 (a)
625 3881 752 3939 institut.
768 3878 898 3937 Dialect.
913 3876 964 3936 lib.
980 3896 1006 3943 a,
1022 3895 1085 3948 cap.
1099 3874 1128 3945 8,
1147 3872 1194 3933 cl.
1210 3870 1242 3932 iu
1257 3871 1306 3931 tib.
1325 3890 1338 3947 ς
1355 3872 1486 3949 Metoph.
1507 3892 1532 3932 e.
1557 3895 1584 3947 7,
1607 3892 1637 3947 q.

520 3983 626 4044 meoet.
639 3991 668 4029 a.

547 4062 590 4133 (3)
626 4060 659 4119 lo
673 4056 839 4119 Aristotelis
854 4054 993 4130 Cetegor.
1008 4055 1065 4131 sub
1079 4054 1131 4113 fin.
1146 4051 1339 4127 expositionis
1353 4050 1503 4111 Prooemii.
1659 4112 1670 4125 ,

549 4156 592 4223 (4)
627 4148 670 4209 lta
683 4148 771 4207 etiam
780 4147 887 4207 sortaae
896 4138 998 4205 auctor
1011 4144 1121 4218 Opusc.
1130 4142 1271 4203 Detotius
1282 4142 1404 4221 Logicoe
1414 4140 1641 4203 Arist.8ummo

515 4238 546 4302 in
560 4239 703 4313 proemio
715 4239 811 4298 collat.
827 4257 895 4295 mm
911 4249 996 4295 tract.
1006 4254 1035 4305 2,
1049 4255 1111 4307 cap.
1131 4254 1155 4293 1.

549 4335 590 4403 (ς)
627 4326 748 4401 Entitun
757 4327 836 4387 enim
845 4326 979 4387 fictorum
987 4319 1249 4385 etchimaericorum
1258 4342 1318 4384 non
1328 4334 1398 4381 aunt
1407 4318 1638 4395 praedicamento.

549 4416 590 4489 (6)
626 4418 766 4491 Exemplo
779 4437 840 4477 rem
854 4412 953 4475 uiride
968 4415 1094 4475 illustrat
1106 4412 1215 4473 Seneca
1230 4410 1326 4485 (epist.
1351 4416 1406 4489 59):
1422 4408 1514 4472 Hecto
1525 4413 1640 4487 species
1729 4434 1731 4451 2

514 4520 571 4583 eet,
585 4528 676 4586 eguus
689 4509 800 4585 species
814 4516 867 4578 est,
882 4508 967 4567 canis
981 4508 1104 4583 species.
1120 4504 1200 4581 Ergo
1214 4520 1362 4563 commune
1376 4503 1492 4577 aliquod
1513 4518 1641 4575 quoeren·

513 4602 581 4663 dum
604 4611 647 4661 eat
668 4600 714 4659 tis
736 4599 869 4659 omnibus
891 4598 1054 4667 viaculum,
1078 4594 1222 4669 quoditie
1242 4594 1466 4669 complectetur,
1490 4600 1520 4651 et
1538 4592 1593 4651 aot
1607 4612 1640 4651 se

513 4695 629 4754 babeat.
644 4690 708 4749 Hoc
716 4690 785 4764 quid
797 4696 854 4748 eat?
868 4688 999 4748 Animal.
1013 4686 1094 4763 Ergo
1100 4704 1195 4761 gentes
1211 4702 1273 4744 esse
1286 4680 1370 4760 coepit
1383 4684 1511 4742 omniura
1525 4682 1639 4753 boram,

513 4804 577 4865 quoe
594 4783 675 4842 modo
700 4784 805 4851 retuli,
831 4780 970 4850 bominis,
992 4779 1073 4851 equi,
1089 4776 1185 4847 conis,
1201 4772 1321 4837 animai.
1337 4772 1396 4834 Sed
1418 4780 1487 4833 sunt
1510 4772 1640 4847 quadem
