3492 5525
558 446 637 493 tooo
679 429 803 493 Loorcr.
816 428 1048 502 MnJort-Lru.
1066 444 1135 505 aare,
1153 429 1241 493 Drse.
1258 442 1303 511 4.·
1320 429 1399 491 Cre.
1418 438 1497 510 μω

558 620 662 695 Resp.
691 611 742 680 t.⁰
789 625 1024 696 argumentum
1046 614 1107 680 hoc
1126 614 1321 679 solvendum
1342 630 1484 695 quoque
1517 628 1592 674 esse
1609 608 1643 671 ab

513 720 719 796 adversariis,
737 739 812 785 narn
827 721 926 786 etiam
942 721 1002 805 ipsi
1017 720 1196 786 admittunt
1215 729 1330 804 praeter
1346 718 1486 785 habitus
1512 718 1643 783 demon

514 828 838 909 strativos,scientiae,
859 827 1005 893 habitum
1026 828 1255 912 principiorum
1278 837 1310 893 et
1330 826 1487 893 habiturn
1511 824 1644 907 opinati

514 953 593 1000 vum
609 953 668 1018 pro
686 934 951 1001 conclusionibus
970 934 1207 1019 probabilibus,
1229 936 1285 1017 qui
1300 943 1385 999 certe
1394 934 1522 1017 specie
1537 932 1645 997 distin-

513 1052 673 1127 guuntur.
694 1042 732 1107 Et
749 1042 961 1108 nihilominus
985 1042 1036 1108 isti
1055 1042 1183 1108 habitus
1203 1061 1302 1108 unam
1323 1042 1471 1125 speciem
1503 1038 1643 1106 scientie

514 1150 734 1226 constituunt,
752 1150 849 1215 etiam
870 1149 1046 1215 latentibus
1064 1148 1153 1233 ipsis.

557 1264 662 1340 Resp.
684 1257 736 1324 2.⁰
785 1258 881 1323 Conc.
902 1266 1007 1323 antec.
1029 1258 1137 1345 quoad
1158 1256 1295 1339 primam
1312 1267 1451 1341 partem.
1470 1255 1643 1337 Distinguo
1718 1214 1720 1267 l

486 1407 490 1417 .
514 1364 622 1447 quoad
645 1365 838 1430 secundam.
858 1367 1034 1448 Nequeunt
1053 1364 1179 1429 admitti
1199 1366 1308 1448 plures
1328 1364 1484 1449 partiales
1502 1364 1642 1433 habitus

515 1472 623 1555 specie
641 1474 803 1556 completa
821 1472 983 1548 distincti,
1003 1490 1105 1548 conc„
1127 1474 1334 1555 incompleta,
1355 1492 1423 1556 neg.

581 1580 634 1645 Ad
653 1580 791 1664 primam
812 1580 1037 1664 probationem
1053 1581 1149 1665 hujus
1163 1580 1295 1647 alterius
1307 1580 1464 1655 membri,
1487 1582 1642 1665 respond.

514 1691 669 1770 regende,
700 1707 775 1753 nam
804 1707 869 1753 una
898 1698 982 1753 recte
1012 1688 1073 1753 dici
1103 1696 1210 1772 potest
1237 1690 1343 1753 adhuc
1369 1688 1515 1753 scientia
1550 1688 1643 1753 etiam
1720 1730 1721 1733 =

514 1797 625 1878 plures
652 1796 801 1877 partiales
830 1795 960 1861 habitus
983 1796 1169 1879 complexa,
1197 1796 1426 1877 perordinem
1459 1816 1590 1879 nempe
1609 1796 1644 1857 ad

471 1913 474 1922 “
514 1903 680 1987 objectum
697 1904 831 1967 formale
850 1920 1063 1987 supremum,
1081 1904 1181 1967 modo
1196 1904 1263 1987 jam
1283 1904 1458 1987 explicato

582 2010 632 2075 Ad
655 2010 733 2077 2.⁸¹¹¹
754 2010 979 2092 probationem
1006 2011 1122 2094 pariter
1147 2031 1217 2094 neg.
1248 2011 1330 2077 Nam
1360 2012 1444 2077 sicut
1476 2012 1645 2078 habitibus

514 2117 700 2200 partialibus
718 2118 810 2184 adest
827 2136 925 2183 suurn
947 2118 1077 2201 partiale
1096 2116 1363 2203 specificativum,
1378 2120 1422 2183 ita
1440 2121 1541 2185 totali
1565 2131 1645 2185 tota-

513 2225 556 2288 le.
572 2224 657 2290 Cum
673 2225 759 2290 enim
776 2225 909 2292 scientia
927 2224 1037 2291 totalis
1057 2225 1098 2290 sit
1117 2225 1266 2290 collectio
1288 2225 1473 2309 partialium
1491 2228 1644 2293 omniurn

508 2331 684 2397 habituum
704 2332 904 2399 versantium
925 2331 1007 2397 circa
1035 2352 1138 2398 unum
1168 2334 1349 2414 objectum,
1381 2336 1431 2399 vel
1465 2336 1646 2418 respicien-

513 2439 596 2503 tium
618 2458 721 2505 unum
744 2441 923 2523 quemdam
948 2440 1087 2524 gradum
1107 2440 1333 2507 abstractionis
1353 2462 1371 2505 a
1396 2442 1551 2517 materia,
1576 2462 1646 2527 spe·

513 2546 709 2611 cificativum
730 2564 864 2630 quoque
883 2548 954 2632 ejus
969 2548 1028 2612 erit
1043 2548 1122 2613 ratio
1141 2549 1365 2631 complectens
1386 2550 1517 2634 objecta
1531 2552 1643 2616 omnia
1721 2564 1722 2603 l

515 2654 732 2737 specificantia
752 2654 899 2739 singulos
919 2652 1079 2741 habitus(
1106 2652 1130 2741 ).

581 2762 691 2828 Plures
714 2773 826 2828 contra
845 2765 928 2827 hanc
947 2763 1143 2828 solutionem
1159 2750 1328 2828 instantias
1348 2763 1421 2828 vide
1440 2766 1528 2830 bene
1557 2770 1645 2833 solu

514 2879 564 2934 tas
579 2870 666 2953 apud
683 2870 823 2935 Lossada
840 2867 852 2956 (
879 2867 904 2956 ).

560 2981 667 3059 Objic.
690 2977 742 3044 3.⁰
791 2977 842 3040 Ad
860 2985 952 3042 actus
976 2978 1149 3044 tendentes
1168 2979 1229 3043 sub
1248 2979 1345 3044 unico
1365 2978 1492 3046 motivo
1513 2981 1643 3046 formali

516 3083 636 3149 sufficit
655 3083 772 3150 unicus
791 3084 931 3149 habitus.
949 3083 1011 3149 Sed
1027 3103 1143 3150 omnes
1158 3096 1247 3152 actus
1262 3087 1467 3152 scientiarum
1484 3090 1640 3154 totalium

517 3191 655 3256 tendunt
675 3192 737 3257 sub
756 3191 853 3256 unico
872 3191 998 3255 formali
1019 3191 1155 3256 motivo,
1177 3194 1301 3277 Ergo..
1323 3191 1374 3279 (3)

584 3305 687 3382 Resp.
708 3300 782 3363 dist.
805 3300 919 3382 Major.
942 3297 991 3362 Ad
1011 3308 1101 3365 actus
1120 3301 1292 3365 tendentes
1312 3303 1374 3366 sub
1394 3303 1491 3368 unico
1512 3307 1643 3370 motivo

518 3406 644 3471 formali
664 3399 831 3489 specitico',
850 3425 952 3482 conc„
969 3407 1132 3490 generice,
1152 3427 1223 3490 neg.

584 3515 621 3578 Et
639 3515 823 3578 contradict.
844 3513 974 3588 Minori,
994 3533 1065 3596 neg.
1087 3533 1222 3596 conseq.

561 3626 668 3703 Objic.
690 3629 740 3702 4.⁰
787 3622 916 3686 «Actus
935 3621 1075 3686 scientiae
1092 3622 1200 3687 totalis
1223 3621 1268 3686 sic
1287 3624 1370 3689 inter
1392 3643 1427 3689 se
1446 3634 1640 3702 nectuntur,

516 3736 552 3792 ut
567 3728 647 3793 alius
662 3729 761 3793 alium
781 3728 958 3808 contineat;
985 3747 1061 3793 narn
1088 3729 1215 3812 primus
1229 3749 1269 3796 ex
1294 3730 1411 3815 objecti
1425 3735 1572 3798 essentia
1588 3735 1643 3798 de-

516 3844 677 3902 monstrat
701 3835 840 3920 primam
866 3836 1065 3919 passionem,
1091 3855 1133 3900 ex
1157 3856 1222 3919 qua
1245 3839 1408 3905 secundus
1431 3839 1642 3906 demonstrat

515 3942 713 4019 secundam,
734 3963 775 4007 ex
789 3961 855 4024 qua
873 3942 988 4008 tertius
1009 3943 1155 4018 tertiam,
1181 3955 1212 4010 et
1227 3945 1271 4010 sic
1290 3946 1330 4009 de
1349 3946 1430 4012 aliis.
1457 3945 1520 4012 Sed
1545 3960 1643 4016 actus

515 4051 574 4114 bac
583 4051 705 4115 ratione
716 4049 855 4114 connexi
866 4049 907 4114 ad
922 4051 1075 4114 eumdem
1088 4051 1248 4134 pertinent
1264 4053 1423 4118 habitum.
1441 4053 1552 4139 Ergo»
1570 4060 1637 4142 (qr.

581 4165 685 4240 Resp.
715 4176 787 4239 neg.
818 4159 932 4242 Major.
962 4159 1044 4224 Nam
1074 4167 1152 4223 sunt
1172 4160 1279 4242 plures
1298 4170 1391 4226 actus
1416 4161 1450 4227 in
1478 4165 1639 4240 scientiis,

513 4266 569 4347 qui
584 4284 649 4330 non
661 4265 871 4332 continentur
884 4264 915 4328 in
936 4263 1016 4341 aliis,
1035 4265 1095 4332 nisi
1116 4267 1196 4331 forte
1216 4267 1295 4332 velis
1309 4267 1467 4335 contineri
1483 4287 1568 4354 pure
1585 4293 1642 4356 po

549 4444 589 4512 (1)
626 4443 690 4500 Cfr.
706 4441 846 4510 Loseada,
863 4442 917 4500 loc.
933 4442 996 4501 cit..
1012 4441 1076 4512 eo,
1089 4462 1118 4499 n.
1136 4465 1163 4516 3,
1176 4444 1203 4500 8.

550 4537 590 4598 (2)
628 4532 696 4590 Loc.
712 4533 773 4601 cit,
791 4553 819 4590 n.
830 4532 859 4600 8,
876 4552 955 4604 seqq.

548 4627 589 4693 (3)
627 4621 688 4679 Cir.
703 4621 809 4690 Joann.
825 4643 842 4678 a
856 4621 890 4680 S.
906 4622 1011 4689 Thom.
1028 4619 1058 4678 in
1068 4621 1230 4692 probation.
1247 4643 1274 4692 2,
1290 4626 1425 4700 oprimi.

547 4711 589 4782 (η)
624 4710 711 4782 Apud
726 4710 864 4779 Lossada,
882 4713 934 4769 loe.
950 4709 1011 4779 cit„
1025 4731 1087 4782 cap.
1102 4712 1130 4779 6,
1148 4732 1176 4768 n.
1192 4713 1236 4770 28.
