3492 5525
254 471 370 537 Anne.
389 485 447 552 5³·
460 471 631 550 Quonooo
644 491 764 538 conca.
787 459 1150 541 arrrno'arenreurssrs
1169 470 1230 559 839

145 656 217 741 eius
237 655 440 741 repetitione.
460 657 544 725 Nam
563 658 590 725 si
610 657 716 742 primo
736 658 837 725 modo
854 657 928 735 irat,
949 658 1133 726 includetur
1149 659 1270 724 forma-

142 764 215 830 liter
233 782 386 833 assensus
403 764 635 849 principiorum
656 764 689 833 in
708 784 845 833 assensu
870 765 1106 848 conclusionis;
1127 764 1155 832 si
1174 764 1265 841 nero,

142 872 288 939 secundo
306 870 424 949 modo,
454 889 521 938 non
550 872 733 939 includetur
756 873 949 949 formaliter,
973 872 1034 939 sed
1050 870 1159 940 solum
1185 890 1269 957 prae·

142 976 363 1063 suppositivo,
379 980 475 1063 ,quod
489 988 540 1045 est
554 998 630 1045 vere
645 996 711 1047 non
724 978 861 1057 includi,
878 978 1185 1065 sedpraesupponio
1200 975 1266 1068 (ι).

210 1086 374 1154 Caeterum
393 1086 539 1154 bilariam
565 1087 744 1172 premissae
772 1106 829 1172 per
853 1106 1027 1161 assensum
1047 1070 1267 1155 conclusionis
1321 1100 1432 1185 'arnam

142 1193 314 1262 intrinsece
339 1212 383 1261 ac·
400 1194 578 1261 formaliter
596 1195 712 1281 attingi
732 1206 890 1281 possunt,
911 1204 948 1263 ut
964 1196 1048 1280 quod
1074 1202 1108 1261 et
1122 1204 1167 1262 ut
1190 1213 1264 1280 quo.
1287 1175 1474 1229 'mmm

142 1302 324 1387 Attingitur
341 1310 378 1368 ut
401 1305 486 1387 quod
503 1321 560 1386 per
587 1303 731 1385 aliquam
756 1301 1015 1368 enuntiationem
1039 1300 1089 1378 id,
1110 1302 1162 1381 cui
1184 1320 1267 1387 prae·
1297 1256 1462 1371 oxma

140 1417 245 1476 statur
281 1426 453 1488 assensus,
480 1429 598 1493 nempe
626 1410 735 1494 ipsum
767 1410 983 1488 enuntiabile,
1017 1410 1107 1501 quod
1144 1410 1266 1477 directe
1301 1387 1457 1515 “ffjffl'

141 1515 330 1583 enuntiatur
346 1526 518 1601 tamquam
543 1516 677 1583 materia
693 1516 821 1602 judicii:
843 1517 1015 1603 attingitur
1037 1534 1115 1583 vero
1141 1528 1177 1584 ut
1204 1535 1265 1601 quo
1329 1488 1428 1585 ...ia

141 1622 185 1701 id,
206 1623 297 1705 quod
315 1640 351 1689 se
370 1624 468 1690 habet
491 1632 662 1707 tamquam
675 1624 759 1692 ratio
783 1624 980 1691 assentiendi
999 1621 1092 1690 alicui
1115 1624 1266 1689 enuntia·
1322 1706 1329 1720 ο

141 1728 214 1805 bili,
236 1730 287 1797 vel
306 1728 387 1797 illud
407 1730 584 1807 motivum,
607 1750 673 1815 quo
698 1748 794 1797 mens
812 1730 975 1798 inducitur
993 1750 1031 1797 ac
1049 1739 1204 1819 movetur
1224 1731 1264 1797 ad

141 1837 262 1921 aliquid
281 1839 533 1906 enuntiandum.
554 1838 607 1905 Sic
626 1847 772 1923 respectu
791 1837 943 1915 visionis,
963 1840 1041 1922 quia
1058 1836 1190 1908 videtur
1206 1840 1266 1905 do-

141 1964 216 2011 mus
234 1966 268 2013 v.
289 1967 323 2032 g.
336 1959 352 2024 ,'
365 1944 486 2013 domus
504 1955 554 2013 est
573 1947 738 2032 objectum
755 1952 917 2014 attactum
934 1950 975 2014 ul
988 1948 1088 2032 qnod,
1104 1947 1156 2013 illa
1175 1946 1263 2012 enim

139 2063 189 2119 est
209 2051 350 2132 visibile,
370 2055 412 2120 ad
431 2054 522 2137 quod
541 2054 644 2120 hicet
672 2072 759 2120 nunc
781 2063 876 2121 actus
900 2052 1034 2121 visionis
1056 2054 1262 2129 terminatur,

139 2159 196 2226 lux
214 2169 325 2226 autern
350 2170 400 2227 est
419 2162 585 2247 objectum
605 2168 763 2227 attactum
785 2165 824 2227 ut
843 2180 921 2247 qao,
945 2162 1022 2247 quia
1039 2169 1091 2228 est
1113 2161 1194 2227 ratio
1215 2161 1265 2227 vi·

139 2265 237 2332 dendi
256 2268 413 2345 domum,
433 2269 485 2333 vel
502 2277 552 2334 est
571 2268 620 2344 id,
642 2268 733 2351 quod
752 2269 963 2354 praesupponi
980 2288 1022 2335 ex
1044 2278 1135 2353 parte
1154 2268 1265 2335 visibi-

138 2372 178 2439 lis
211 2392 344 2441 necesse
376 2376 495 2442 estad
527 2375 606 2451 noc,
642 2386 678 2442 ut
707 2376 820 2458 oculus
853 2376 1061 2443 determinari
1090 2376 1194 2460 possit
1222 2376 1264 2443 ad

138 2480 451 2564 apprehendendum
469 2484 534 2547 tale
557 2482 736 2569 objectum.
760 2482 939 2550 Discrimen
959 2486 1022 2550 hoc
1039 2490 1190 2550 statuunt
1207 2502 1265 2549 au·
1312 2489 1437 2573 noerae„
1461 2564 1466 2574 Ι

137 2596 243 2653 ctores
262 2588 346 2655 inter
363 2590 529 2675 objectum
553 2598 710 2657 attactum
729 2595 764 2657 ul
776 2594 860 2677 quod
871 2600 907 2655 et
922 2594 1099 2676 utquoper
1112 2589 1264 2675 quemvis
1283 2562 1467 2689 ”zssfffifd'

138 2704 329 2773 assensum,
356 2698 446 2782 quod
475 2699 639 2795 objectum
669 2705 826 2764 attactum
855 2700 907 2765 vel
935 2697 1099 2766 inclusum
1122 2703 1162 2765 ut
1180 2700 1266 2784 quod

137 2804 346 2889 cognoscitur
378 2815 411 2872 et
438 2823 591 2891 expresse
618 2805 811 2882 affirmatur,
833 2813 865 2871 et
888 2807 1053 2893 judicatur
1079 2825 1138 2892 per
1167 2805 1285 2889 illurn·

138 2922 267 2995 actum3
287 2923 321 2980 at
339 2914 505 3001 objectum
525 2921 684 2981 attactum
703 2917 742 2978 ut
755 2931 816 2998 quo
839 2914 1103 2999 praesupponitur
1124 2912 1260 2998 quidem

138 3028 175 3085 ut
195 3039 349 3105 expresse
367 3021 537 3107 cognitum
556 3025 589 3086 et
606 3020 806 3100 affirmatum
826 3021 948 3106 praevio
962 3021 1072 3106 aliquo
1086 3031 1179 3099 actu,
1195 3038 1262 3087 non

137 3137 252 3194 tamen
272 3126 391 3196 iterum
410 3127 564 3214 explicite
580 3147 617 3194 ac
635 3129 811 3198 formaliter
828 3129 1033 3212 exprimitur,
1053 3137 1086 3194 et
1108 3128 1264 3213 repetitur

137 3236 179 3300 ab
198 3242 271 3301 actu
289 3237 471 3322 attingente
489 3239 528 3302 ut
542 3253 622 3322 quq·
635 3244 669 3301 et
688 3235 901 3302 nihilominus
915 3235 1071 3321 implicite
1088 3255 1125 3302 ac
1142 3235 1263 3302 virtua-

92 3361 96 3375 ·
138 3339 210 3407 liter
228 3342 423 3420 affirmatur,
445 3344 497 3410 vel
517 3351 553 3410 ut
571 3361 686 3410 verum
713 3342 910 3427 supponitur
927 3342 987 3420 ita,
1008 3357 1062 3422 ut,
1083 3342 1195 3427 siquis
1214 3343 1263 3410 in·

136 3458 334 3535 terrogetur,
355 3467 455 3534 quare
479 3450 674 3528 asentiatur,
695 3449 779 3516 illico
798 3451 958 3516 rationem
978 3451 1092 3517 reddat
1114 3449 1263 3535 explicite

137 3558 302 3624 afferendo
322 3533 392 3643 pro'
400 3559 525 3624 motivo
545 3558 593 3635 id,
615 3560 706 3643 quod
723 3563 762 3625 ut
776 3577 838 3645 quo
861 3558 978 3644 attingi
997 3557 1127 3625 dicitur.

206 3665 239 3730 ln
259 3667 319 3731 hac
337 3684 415 3750 ergo
433 3666 652 3734 controversia
665 3673 743 3732 sunt
757 3667 831 3732 duae
845 3665 1055 3750 potissimum
1074 3665 1259 3734 sententia:
1277 3670 1475 3717 rammam:

138 3773 238 3839 altera
257 3773 351 3840 docet
371 3773 556 3858 praemissas
574 3775 782 3858 praesupponi
798 3773 932 3859 quidem
946 3772 988 3841 ad
1002 3773 1260 3851 conclusionem,

138 3891 237 3964 negat
256 3889 365 3947 tamen
386 3881 562 3946 formaliter
576 3881 689 3965 attingi
705 3899 865 3966 peream,
882 3885 934 3947 vel
948 3883 981 3948 in
995 3882 1111 3948 eadem
1126 3879 1261 3948 includi.

137 3986 228 4053 lianc
241 3997 355 4054 tenent
369 3987 531 4064 Scotistae,
543 3988 677 4056 Pontius
688 3985 740 4076 (ι)
750 3997 783 4054 et
798 3985 1023 4078 Mastrius(3),
1034 4007 1110 4054 curn
1120 3985 1260 4076 suis(4),

137 4095 283 4178 itemque
293 4095 353 4162 PP.
371 4095 552 4171 ilurtadus,
573 4093 756 4181 Compton,
774 4093 965 4180 Alphonsus
977 4105 1010 4164 et
1019 4091 1259 4184 lzquierdo(5),

143 4307 408 4320 *—

174 4403 214 4465 (r)
253 4399 287 4460 Ρ.
304 4400 374 4458 Ant.
391 4399 480 4470 Rau,
491 4399 607 4476 Logia,
618 4397 650 4457 in
663 4399 713 4458 lib.
733 4408 790 4457 ι.““
803 4399 1048 4474 Posterior.,cap.
1061 4421 1085 4471 r,
1094 4420 1125 4474 q.
1135 4402 1204 4472 dm.
1215 4419 1260 4475 qo.

179 4493 219 4556 (a)
256 4491 342 4564 Lag„
358 4489 435 4561 disp.
452 4507 497 4558 20,
513 4508 542 4560 q.
562 4511 585 4547 ι.

174 4580 215 4652 (3)
251 4580 337 4654 Lep,
351 4597 403 4636 scu
419 4578 535 4656 Orgala.
555 4579 664 4649 Arist,
679 4577 754 4651 disp.
774 4599 813 4646 rr,
835 4598 863 4650 q.
886 4599 913 4637 a.

174 4673 215 4742 (4)
253 4666 339 4741 Apud
355 4667 510 4726 Mestrium
530 4667 567 4725 ib.

174 4757 215 4828 (ς)
252 4757 338 4831 Apud
353 4755 494 4828 Loasada,
509 4756 597 4834 Lora,
613 4769 695 4816 tract.
710 4758 740 4827 6,
754 4757 829 4830 disp.
849 4780 872 4828 r,
887 4779 952 4832 cap.
968 4781 995 4834 3,
1011 4780 1042 4819 n.
1059 4780 1101 4820 ro.
