3492 5525
572 484 635 551 paq
694 464 819 532 loon
833 468 1065 543 llam-ln„
1081 485 1153 533 ι’.
1165 468 1255 533 Du».
1269 484 1316 551 4·
1327 470 1410 533 Cae.
1428 486 1501 533 ι.-

578 648 881 719 262.Diee⁸1.‘
926 652 1133 738 manmena
1157 656 1482 719 nae-nisum
1502 656 1591 721 cirta
1612 676 1659 721 res

535 758 1658 846 wbitu,agirqoeinteraliademffimacarrupfflm.

534 867 1059 951 deminisetelementis,quae
1085 870 1217 934 suntin
1242 883 1402 953 perpenso
1429 870 1539 935 fluxu.
1561 873 1659 955 Atqu·

535 974 723 1057 huiusmodi
742 976 1148 1061 ressuntcontingenter,
1168 978 1659 1063 tapatssrgosientianoa

534 1092 587 1149 ert
601 1082 644 1147 de
662 1082 852 1149 mnu
866 1084 1054 1149 domum

600 1196 708 1274 neap.
725 1191 857 1275 dishng.
885 1193 1000 1271 Maior.
1021 1192 1227 1275 Philosophia
1245 1194 1400 1257 mnis
1417 1194 1661 1259 murrum

480 1346 489 1359 .
536 1317 588 1364 res
605 1298 761 1374 mobiles,
778 1300 913 1383 agitque
930 1300 1498 1385 ‹tegmmbrrlrusetesemndnm
1518 1304 1660 1384 quodin

535 1408 583 1472 eis
600 1406 805 1491 reperiuntur
820 1408 974 1490 quaedam
993 1404 1134 1473 rationes
1157 1408 1380 1473 immeabiles
1396 1428 1434 1473 ac
1453 1412 1659 1475 necessasia.

534 1515 1574 1599 qunpermedeiumnermaudannmmm..21irer.
1595 1538 1662 1600 neg.

603 1621 1034 1705 Eteonlradt'rl.1Min.lta
1060 1632 1173 1686 tamen
1192 1636 1230 1687 ut
1246 1624 1279 1686 in
1307 1624 1355 1687 eis
1380 1624 1483 1689 iusim
1510 1626 1662 1706 quaedam

540 1730 686 1797 rationes
702 1728 1039 1812 immutabilesque·
1061 1740 1141 1795 sant
1157 1728 1323 1813 objectum
1344 1730 1489 1796 seim&
1508 1736 1664 1798 munias

535 1858 640 1914 conc„
659 1840 753 1905 aliter
764 1857 839 1922 neg.

603 1949 689 2015 Nam
703 1964 842 2011 «rerum
855 1944 1131 2030 corrupltbssium,
1151 1958 1188 2011 ut
1198 1956 1278 2013 sunt
1289 1948 1582 2030 corruptrbdes...
1601 1968 1663 2013 non

536 2064 589 2123 est
615 2054 767 2135 scientim
795 2066 908 2120 tamen
937 2052 971 2118 in
1001 2054 1191 2138 hujusmodi
1217 2055 1315 2119 rebus
1336 2056 1526 2121 intellectus
1553 2070 1664 2122 noster

537 2164 656 2249 reperit
672 2162 845 2248 predicata
856 2162 1010 2246 quaedam
1031 2162 1270 2227 universaliaet
1288 2164 1485 2237 mna,
1503 2182 1584 2246 quae
1601 2166 1664 2229 col-

536 2270 625 2357 ligit,
645 2280 680 2335 et
697 2278 828 2335 revocat
844 2270 887 2334 ad
906 2269 1064 2333 rationem
1083 2268 1238 2335 scientie.
1260 2270 1389 2335 Etenim
1407 2272 1483 2337 lioet
1501 2274 1609 2337 homo
1627 2274 1664 2337 sit

539 2378 771 2463 corruptibilis,
791 2386 903 2441 tamen
929 2377 991 2441 hoc
1014 2376 1142 2459 ipsum,
1165 2377 1319 2441 bonum
1341 2398 1408 2443 esse
1431 2381 1662 2461 corrupavlllem

537 2496 589 2553 est
617 2486 785 2571 quidpiam
812 2483 1068 2569 incorruptibile.
1101 2482 1257 2550 Similiter
1283 2486 1414 2549 Petrum
1444 2486 1581 2561 sedere,
1618 2501 1662 2552 est

537 2594 754 2678 contingens3
784 2601 897 2657 tamen
925 2592 1009 2655 illud
1031 2610 1098 2657 esse
1123 2594 1322 2675 confingens,
1350 2604 1402 2658 est
1429 2596 1659 2659 necessarium.

538 2700 604 2769 Res
621 2702 701 2768 item
716 2700 909 2768 sublunares
923 2710 1001 2766 sunt
1021 2700 1211 2780 mutabiles;
1231 2701 1290 2766 sod
1304 2702 1389 2784 ipsas
1400 2720 1467 2768 esse
1484 2704 1657 2775 munla,

539 2820 591 2878 est
609 2826 743 2896 prorsus
761 2809 993 2875 immutabile»
1010 2807 1075 2896 (t).

582 2923 687 2986 Dices
712 2915 767 2984 2⁰
813 2916 915 3000 Atqui
945 2935 1006 2981 nee
1032 2917 1174 2981 rationes
1199 2915 1297 2981 etiam
1327 2935 1435 2982 rerum
1465 2919 1659 2984 naturalium
1717 2967 1718 2996 2

538 3035 617 3094 sunt
634 3023 766 3109 penitus
793 3025 981 3090 necessarie
1009 3033 1110 3107 atque
1137 3023 1371 3090 immutabiles.
1397 3025 1482 3090 Nam
1507 3045 1578 3092 non
1598 3047 1659 3092 raro

538 3140 716 3199 cernuntur
733 3131 833 3196 etiam
851 3131 1063 3216 exceptiones
1081 3151 1117 3196 ac
1135 3131 1283 3197 deiectus
1308 3131 1340 3196 in
1359 3131 1438 3214 ipsis
1455 3135 1659 3216 generalibus

540 3239 687 3326 legibus,
715 3240 768 3304 vel
798 3249 931 3322 propter
956 3239 1090 3323 aliquod
1109 3238 1383 3322 impedimentum
1412 3243 1607 3323 appositum
1626 3243 1659 3306 ab

540 3349 612 3416 aliis
631 3345 740 3414 causis
759 3347 812 3412 vel
830 3347 928 3412 etiam
947 3357 1081 3430 propter
1097 3347 1304 3412 miraculum.

605 3463 711 3542 Reep.
724 3454 803 3523 dist.
822 3453 1025 3534 instantiam
1047 3453 1074 3519 si
1093 3451 1199 3518 adsint
1216 3453 1329 3518 omnia
1346 3456 1501 3538 requisita
1527 3477 1616 3541 neg„
1635 3459 1658 3524 si
1716 3497 1717 3534 r

539 3583 606 3630 non
624 3563 733 3629 adsint
749 3579 838 3629 corte.

606 3672 645 3736 Bt
675 3671 716 3736 ad
744 3667 975 3755 probationem
1008 3669 1122 3734 similis
1153 3676 1223 3733 esto
1252 3669 1434 3753 responsio.
1459 3671 1660 3756 Ubicumque
1715 3745 1716 3748 Ἴ

540 3780 627 3846 enim
644 3778 842 3862 contingunt
863 3775 1073 3859 exceptiones
1091 3795 1127 3841 ac
1146 3775 1308 3851 deiectus,
1330 3797 1442 3844 revera
1460 3798 1529 3844 non
1549 3783 1660 3846 adsunt
1715 3797 1716 3802 ’

539 3888 649 3954 omnia
666 3885 818 3969 requisita
833 3885 966 3961 adhoc,
983 3892 1020 3948 ut
1034 3901 1139 3948 causae
1155 3885 1317 3950 naturales
1330 3887 1432 3951 modo
1445 3899 1660 3954 consentaneo

539 4002 727 4081 operentur.
746 3991 980 4058 Conclusiones
994 3999 1103 4056 autern
1123 3990 1264 4077 physice
1281 3993 1390 4059 solum
1404 3993 1575 4072 evincunt,
1591 3997 1660 4079 quil

542 4121 650 4170 rerum
681 4109 813 4177 natura,
842 4088 1020 4184 suppositis
1038 4098 1192 4165 omnibus
1219 4101 1477 4179 conditionibus,
1508 4105 1657 4188 postulet.
1714 4167 1715 4186 q

436 4257 443 4268 .
541 4213 649 4289 Qtare
668 4209 696 4277 si
713 4209 793 4294 quid
811 4217 924 4274 contra
942 4205 1128 4292 contingat,
1148 4207 1200 4273 vel
1219 4217 1351 4291 propter
1374 4209 1610 4292 impedimenta
1626 4211 1660 4274 ab

542 4318 612 4384 aliis
631 4317 736 4383 causis
763 4317 924 4400 apposita,
954 4315 1004 4382 vel
1032 4314 1130 4379 etiam
1150 4333 1190 4380 ex
1208 4317 1337 4400 speciali
1354 4334 1461 4382 causae
1481 4319 1596 4402 primae
1619 4317 1661 4381 in·
1714 4333 1715 4392 r

543 4435 693 4493 terventu
714 4425 906 4491 miraculum
927 4422 1099 4508 patrantis,
1125 4440 1236 4487 revera
1255 4441 1320 4488 non
1340 4431 1486 4490 mutatur
1503 4425 1660 4492 conclusio

510 4687 514 4696 '
579 4680 619 4741 (r)
657 4675 691 4732 P.
718 4673 893 4732 Benedictus
922 4669 1056 4731 Pererius
1078 4669 1228 4740 (pereira),
1250 4670 1284 4728 de
1313 4671 1519 4733 Cemmum'bus
1541 4675 1658 4734 omniun

546 4786 641 4831 rerum
654 4765 836 4825 naturalium
847 4763 1031 4840 principiis,
1046 4761 1096 4820 lib.
1109 4780 1137 4832 a,
1152 4780 1215 4835 cap.
1231 4781 1258 4836 3,
1273 4761 1310 4821 ed
1323 4763 1385 4820 6:²¹
