3492 5525
257 500 373 563 Anne.
389 513 451 584 4³⁸⁵
464 499 655 578 Quaenam
669 516 720 563 sn·
733 516 908 573 ouJacruu
923 516 1086 563 seramus
1141 512 1199 583 935

108 686 251 760 dicitur,
269 685 354 751 aliud
372 704 446 752 esse
463 684 551 769 loqui
572 685 613 750 de
631 696 706 752 ente
724 704 782 769 per
800 684 948 753 accidens
967 684 1094 751 inacta
1110 684 1244 753 acercito

109 794 198 857 etin
213 796 289 859 actu
305 794 443 877 signato.
464 794 528 860 Ens
553 811 631 878 ergo
657 811 713 878 per
736 794 885 859 accidens
911 791 1020 876 quoad
1044 810 1112 857 rem
1136 793 1245 879 subje-

110 913 222 977 ctam,
243 920 301 967 seu
329 902 363 967 in
393 912 467 969 actu
496 900 657 978 exercito,
680 920 746 968 non
776 900 861 968 cadit
890 901 952 967 sub
972 899 1178 978 scientiam»
1207 909 1244 967 ut

112 1011 276 1076 hactenus
304 1010 567 1075 demonstratum
596 1019 659 1075 est.
682 1008 751 1075 «m
774 1026 854 1074 vero
882 1008 963 1074 ratio
987 1009 1131 1075 formalis
1158 1008 1243 1077 entis

112 1135 176 1201 per
201 1116 352 1182 accidens
378 1115 573 1185 considerari
602 1124 711 1201 potest
736 1115 929 1193 scientifice,
959 1134 1034 1181 nam
1062 1117 1244 1202 concipitur

115 1244 177 1309 per
197 1226 335 1292 modum
355 1224 454 1292 unius
473 1223 605 1314 rationis
626 1224 772 1291 formalis
792 1242 849 1309 per
871 1242 924 1300 se,
945 1242 1020 1308 quae
1045 1225 1143 1291 babet
1166 1243 1243 1292 suas

115 1334 367 1417 proprietates.»
398 1333 435 1399 Et
464 1333 527 1399 hoc
557 1332 658 1399 modo
687 1331 815 1400 tractari
846 1332 930 1397 solet
958 1333 991 1397 in
1021 1332 1244 1419 Metaphysica

115 1440 236 1506 divisio
255 1441 340 1507 entis
353 1423 394 1506 'in
410 1458 471 1507 ens
489 1459 546 1525 per
564 1458 599 1507 se
617 1451 650 1506 et
674 1458 731 1525 per
754 1438 922 1516 accidens,
944 1440 1137 1525 propriaque
1164 1438 1243 1506 ratio

117 1548 293 1632 utriusque
312 1550 500 1617 enucleatur
516 1546 582 1636 (ι).
609 1548 689 1614 Aliis
710 1548 863 1624 vocibus,
889 1548 969 1613 ratio
997 1548 1132 1631 quidem
1158 1548 1242 1615 entis

118 1676 178 1741 per
197 1656 346 1723 accidens
360 1659 401 1723 ab
415 1657 549 1722 scientia
563 1656 759 1723 considerari
775 1664 899 1740 potest:
919 1675 956 1721 ea
971 1663 1100 1733 tamen,
1121 1656 1242 1739 quibus

118 1766 203 1831 ratio
217 1766 302 1831 entis
314 1766 478 1841 convenit,
495 1766 540 1830 ub
551 1765 671 1830 nullius
683 1764 825 1830 scientiae
835 1763 1129 1829 considerationem
1141 1763 1237 1829 cadit:

117 1874 209 1956 quod
224 1862 315 1938 aliter
328 1873 390 1939 dici
405 1872 503 1938 etiam
519 1874 618 1948 solet,
639 1890 698 1940 ens
713 1891 771 1957 per
786 1870 935 1937 accidens
949 1871 1133 1956 formaliter
1151 1890 1241 1937 sum·
1332 1945 1336 1953 ,
1423 1852 1426 1861 ⁴

120 1991 216 2064 ptum
242 1990 388 2065 spectare
401 1981 442 2046 ad
455 1980 597 2063 aliquam
616 1980 798 2054 scientiam,
820 1998 887 2044 non
907 1989 1018 2043 tamen
1036 1979 1242 2045 materialiter

118 2098 305 2173 sumptum.
318 2089 473 2154 Similiter
487 2090 571 2154 inter
585 2087 821 2173 disputandum
834 2088 876 2153 de
889 2087 995 2154 causis
1010 2087 1238 2163 efficientibus,
1258 2142 1263 2155 .

118 2197 305 2281 disputatur
327 2197 367 2262 de
390 2196 520 2263 entibus
540 2215 596 2280 per
615 2195 763 2261 accidens
788 2196 899 2279 quoad
917 2196 1173 2281 contingentias,
1199 2215 1240 2261 an

119 2306 197 2380 sint,
220 2314 253 2369 et
271 2324 355 2388 quas
372 2323 486 2370 causas
511 2305 671 2380 babeant,
688 2302 771 2369 sicut
791 2304 891 2371 etiam
911 2302 952 2368 de
976 2304 1042 2369 lato
1060 2314 1093 2370 et
1112 2304 1241 2369 fortuna

119 2412 258 2495 aliisque
270 2413 376 2478 causis
392 2431 448 2497 per
466 2412 616 2477 accidens
636 2411 747 2477 disseri
761 2413 856 2478 solet.
869 2412 964 2489 Qrae,
982 2419 1077 2495 prout
1090 2420 1242 2477 exercent
1312 2404 1326 2485 j

120 2522 344 2586 causalitatem
364 2539 422 2604 per
440 2519 609 2596 accidens,
630 2519 695 2585 sub
715 2518 882 2585 scientiam
904 2536 969 2585 non
989 2520 1126 2601 cadunt;
1157 2518 1241 2585 cadit

121 2648 198 2693 vero
219 2628 299 2693 ratio
318 2629 464 2693 formalis
479 2626 676 2694 causalitatis
690 2626 774 2692 illius
794 2628 826 2692 in
846 2645 914 2709 quo
933 2627 1037 2711 posita
1051 2627 1095 2708 sit
1106 2634 1139 2691 et
1154 2628 1241 2692 unde

120 2734 242 2802 oriatur
263 2732 326 2823 (2).
353 2735 390 2800 Et
415 2754 472 2820 per
491 2737 554 2802 hoc
571 2745 659 2819 patet
682 2733 778 2801 etiam
809 2734 928 2802 solutio
950 2734 1149 2803 difficultatis
1167 2753 1241 2819 quae

121 2844 184 2927 peti
200 2846 283 2910 solet
296 2863 337 2908 ex
352 2863 404 2920 eo,
421 2843 512 2928 quod
525 2861 584 2908 ens
599 2861 656 2928 per
670 2844 820 2911 accidens
835 2843 952 2910 babeat
967 2845 1129 2928 propriam
1146 2843 1242 2909 'ratio-

123 2970 197 3016 nem
218 2972 254 3017 ac
274 2951 410 3036 proinde
428 2951 471 3017 sit
489 2949 716 3036 cognoscibilis
730 2947 794 3038 (3).

185 3066 290 3127 Dices
309 3068 464 3144 praeterea
488 3065 532 3126 r.⁰
548 3059 690 3125 Nomine
707 3059 792 3124 entis
811 3077 869 3142 per
887 3058 1037 3124 accidens
1056 3059 1106 3123 vel
1125 3058 1243 3124 intelli-

121 3167 207 3260 gitur
224 3166 270 3249 id,
290 3167 381 3249 quod
400 3174 449 3232 est
463 3167 495 3232 in
508 3185 627 3252 genere
646 3166 858 3232 accidentium
868 3169 879 3243 ,'
893 3166 945 3231 vel
964 3164 1009 3243 id,
1030 3165 1121 3250 quod
1139 3167 1245 3232 coaless

121 3275 180 3340 scit
211 3293 252 3340 ex
284 3275 415 3341 duobus
446 3274 722 3357 praedicamentis,
748 3274 843 3358 quale
873 3280 923 3339 est
953 3273 1172 3358 compositum
1202 3293 1242 3340 ex

122 3382 301 3449 substantia
321 3392 354 3447 et
371 3381 549 3448 accidente.
566 3381 667 3465 Atqui
680 3382 804 3449 utrovis
814 3399 914 3448 sensu
930 3382 1040 3448 scibile
1056 3389 1117 3448 est.
1134 3380 1254 3456 Primo¹

122 3490 271 3572 quidem,
292 3489 368 3573 quia
386 3491 496 3574 plures
519 3489 662 3555 scientiae
685 3497 825 3556 tractant
848 3490 888 3554 de
912 3489 1148 3566 accidentibus,
1169 3507 1265 3574 quae·

48 3680 52 3688 ⁸
123 3597 243 3663 habent
275 3599 418 3681 speciem
452 3596 700 3662 determinatam
734 3597 1031 3682 determinatasque
1063 3615 1177 3663 causas
1209 3598 1243 3664 in

122 3705 278 3789 subjecto.
292 3703 443 3770 Secundo
454 3713 578 3779 autem,
594 3705 671 3787 quia
685 3704 851 3790 objectum
866 3704 1084 3771 conclusionis
1099 3703 1242 3771 maxime

123 3813 305 3879 scientificae
323 3821 375 3879 est
393 3810 613 3898 compositum
632 3832 673 3878 ex
692 3813 841 3899 subjecto
863 3822 897 3879 et
920 3813 1071 3897 passione
1090 3831 1148 3879 seu
1169 3831 1243 3898 pro-

126 3921 273 4005 prietate,
295 3921 335 3985 ad
354 3920 522 3986 scientiam
542 3919 664 4005 quippe
683 3928 808 4004 spectat
834 3939 931 3988 nosse
955 3940 992 3987 ac
1017 3923 1242 3988 demonstrare

125 4028 290 4112 passiones
307 4029 348 4093 de
367 4028 528 4113 subjecto.

189 4141 293 4218 Resp.
313 4154 384 4218 neg.
406 4135 535 4220 Major„
556 4136 707 4218 quamvis
725 4135 813 4200 enim
833 4137 935 4202 ethis
955 4135 1078 4214 modis,
1095 4155 1180 4220 quos
1195 4155 1243 4210 re-,

126 4245 184 4308 fert
202 4243 360 4328 objectio,
389 4243 516 4309 dicatur
534 4260 592 4308 ens
616 4262 674 4326 per
700 4243 868 4321 accidens,
889 4263 907 4308 a
927 4245 1022 4310 nobis
1049 4253 1160 4310 tamen
1191 4244 1244 4310 hic

128 4367 190 4417 non
210 4350 323 4416 inillis
342 4350 493 4417 sensibus
512 4350 670 4426 sumitur,
690 4351 801 4417 sedin
823 4351 893 4417 aliis
910 4352 1057 4429 duobus,
1079 4371 1163 4437 quos
1183 4372 1243 4420 nu·
1279 4339 1283 4352 ’

160 4604 199 4668 (ι)
235 4600 312 4658 Vide
326 4597 452 4670 Sumen,
467 4599 498 4656 in
513 4599 610 4656 Indice
624 4598 727 4669 citat03
741 4601 912 4672 Alamanni,
927 4601 981 4662 loe.
996 4601 1044 4660 cit.
1058 4602 1094 4662 ed
1108 4612 1163 4660 r.·¹¹

162 4694 201 4758 (a)
239 4689 326 4748 Suar.
340 4688 411 4747 ibid.

156 4784 204 4863 ,(3)
240 4778 326 4850 apud
342 4776 566 4848 Mammium,
581 4777 635 4838 loc.
650 4779 710 4848 cit,
723 4799 784 4852 arg.
803 4790 842 4838 r.·
