3492 5525
542 434 617 481 trra
658 416 783 482 Locren
796 411 1026 489 Meron-Lm.
1043 429 1115 489 aro,
1130 408 1219 474 Dran.
1233 409 1280 473 6.·
1294 408 1373 472 Cre.
1391 422 1461 472 ram

498 601 636 669 ductum
662 618 779 672 nasum
798 600 832 667 in
855 598 936 667 iacie
952 605 1076 685 gestet3
1100 595 1160 663 sed
1177 594 1367 681 supposito,
1383 590 1476 677 quod
1493 589 1539 657 ita
1554 600 1608 663 est,

498 708 628 795 dirigit,
648 721 685 779 ut
703 706 848 777 hominis
866 724 1000 793 quoque
1017 707 1128 790 imago
1146 704 1189 772 sit
1206 710 1322 770 nasuta
1338 698 1402 790 (1).

544 822 653 902 oblic.
674 826 726 902 4.⁰
770 815 866 898 Juxta
885 813 1094 883 Aristotelem
1112 808 1167 899 (2)
1179 818 1212 878 et
1229 810 1271 879 D.
1291 810 1454 877 'thomam
1468 803 1535 893 (3),
1550 804 1614 870 Dia·
1679 839 1681 863 .

500 926 611 993 lectica
637 932 786 993 versatur
814 924 899 992 circa
929 921 1041 990 omnia
1066 921 1170 996 entia,
1203 920 1310 1003 deque
1337 916 1436 983 rebus
1465 912 1615 981 omnibus

499 1032 657 1119 disputat.

566 1138 665 1226 Resp.
675 1140 750 1207 uter.
765 1147 878 1207 assert.
889 1138 1008 1224 Logica
1016 1154 1093 1204 vere
1100 1154 1137 1203 ac
1148 1134 1277 1220 proprie
1286 1134 1360 1201 talis
1369 1153 1473 1218 eaque
1487 1132 1615 1203 docens,

500 1249 542 1316 de
560 1268 626 1333 qua
645 1250 746 1315 modo
769 1248 996 1333 disputamus,
1020 1264 1103 1329 neg„
1128 1244 1301 1310 Dialectica
1317 1262 1374 1309 seu
1390 1242 1509 1326 logica
1526 1240 1617 1322 topica

501 1366 534 1423 et
552 1367 664 1432 utens,
685 1376 771 1422 conc.
788 1354 833 1421 At
851 1373 932 1422 usus
950 1362 1189 1438 praceptorum
1202 1351 1386 1437 topicorum
1401 1356 1434 1413 et
1453 1348 1619 1433 applicatio

501 1463 541 1529 ad
569 1464 804 1549 disputandum
838 1464 879 1529 de
912 1461 1003 1529 omni
1023 1481 1074 1538 re,
1105 1470 1154 1527 est
1184 1459 1307 1543 aliquid
1337 1456 1555 1525 accessorium
1584 1458 1618 1521 ad

502 1572 654 1658 logicam
673 1569 737 1660 (4).

569 1680 655 1764 Lege
674 1678 711 1747 S.
730 1678 895 1745 Thomam
915 1676 948 1743 in
959 1675 1038 1742 locis
1055 1674 1174 1741 citatis.
1194 1674 1233 1739 Et
1252 1675 1343 1758 plura
1359 1674 1452 1752 vide,
1472 1674 1500 1741 si
1521 1674 1617 1749 lubet,

501 1787 589 1873 apud
607 1784 748 1854 Lossada
766 1782 819 1875 (5)
838 1794 871 1851 et
886 1784 972 1869 apud
992 1783 1129 1870 Semery
1145 1778 1211 1869 (6).

845 2102 1180 2181 ARTICULUS
1202 2104 1280 2179 III.

589 2291 595 2302 '
646 2289 814 2355 Utrum
831 2288 1064 2371 objectum
1082 2288 1279 2355 formale
1291 2288 1492 2367 Logioae·

517 2398 610 2463 sint
631 2414 708 2463 res
733 2408 875 2479 prout
897 2400 1106 2476 cognitae.
1130 2398 1205 2462 vel
1228 2398 1488 2465 secundum
1511 2414 1613 2463 esse
1684 2417 1686 2424 ·

911 2505 1218 2571 intentionale.

547 2754 625 2826 345.
673 2736 820 2804 Exclusis
837 2737 975 2806 vocibus
988 2756 1025 2804 ac
1043 2724 1141 2804 rebus
1158 2738 1340 2807 secundum
1360 2756 1432 2805 esse
1451 2738 1625 2826 physicum

502 2865 614 2914 earum
634 2865 651 2912 a
671 2847 796 2913 ratione
813 2847 959 2912 formalis
976 2846 1111 2931 objecti,
1129 2846 1309 2912 videndum
1325 2865 1413 2912 nunc
1431 2856 1483 2913 est
1501 2848 1627 2912 brevis·

502 2956 601 3032 sime,
622 2954 702 3038 quid
726 2953 902 3040 dicendum
922 2954 965 3019 sit
982 2954 1022 3019 de
1040 2954 1156 3020 iisdem
1176 2955 1359 3020 secundum
1378 2955 1469 3040 quod
1487 2957 1628 3040 cognitae

358 3099 453 3131 rann
502 3070 593 3128 sunt.
610 3060 689 3128 lllud
708 3062 795 3128 enim
811 3061 903 3146 quod
919 3062 1146 3147 cognoscitur,
1166 3069 1218 3127 est
1235 3059 1347 3146 aliquo
1366 3061 1486 3138 modo,
1508 3083 1627 3146 nempe

308 3171 468 3275 mmm
502 3170 756 3240 intentionaliter
772 3177 806 3236 et
824 3170 1008 3236 secundum
1032 3188 1126 3236 suam
1148 3169 1395 3236 similitudinem
1415 3170 1577 3248 luentem,
1598 3172 1627 3235 in

502 3277 668 3345 intellectu
684 3286 923 3363 cognoscente,
945 3277 1028 3343 etin
1048 3279 1110 3342 hoc
1128 3296 1227 3344 sensu
1249 3278 1402 3344 dicuntur
1420 3279 1543 3343 habere
1559 3298 1629 3344 esse

502 3383 726 3454 intentionale.
755 3383 819 3452 Res
839 3403 952 3470 porro,
983 3394 1080 3469 prout
1106 3387 1247 3470 cognitae
1265 3387 1316 3451 vel
1339 3386 1526 3452 secundum
1559 3405 1628 3453 esse

502 3491 730 3569 intentionale,
762 3501 922 3560 vocantur
950 3493 1048 3558 etiam
1067 3503 1249 3578 conceptus
1264 3493 1431 3578 objectivi,
1456 3503 1493 3560 et
1509 3495 1632 3560 consti·

502 3609 602 3668 tuunt
620 3609 810 3667 concretum
838 3600 1007 3684 quoddam
1033 3599 1193 3687 logicum,
1214 3601 1402 3668 coalescens
1420 3621 1462 3671 ex
1487 3603 1630 3669 realitate

503 3708 573 3794 ipsa
601 3709 751 3796 physica,
781 3725 856 3792 quae
890 3708 1115 3793 cognoscitur,
1144 3721 1315 3793 tamquam
1346 3729 1388 3776 ex
1413 3712 1553 3777 materia
1581 3713 1630 3776 vel

503 3817 670 3902 subjecto,
697 3825 790 3882 etex
809 3825 885 3882 actu
904 3816 1100 3903 cognitionis
1119 3819 1229 3893 realis,
1254 3827 1424 3902 tamquam
1444 3837 1487 3886 ex
1511 3821 1629 3885 torma.

503 3923 668 4001 Quaeritur
697 3943 776 4010 ergo
795 3942 902 4001 nunc,
938 3932 1048 3991 utrum
1078 3934 1260 4010 conceptus
1292 3925 1460 4011 objectivi,
1495 3928 1551 3992 vel
1582 3945 1633 3992 res

538 4157 581 4230 (r)
617 4154 963 4226 Losaada‚ibid.,n.rr.

539 4252 580 4314 (a)
616 4244 680 4305 Lib.
696 4265 716 4320 4
730 4245 872 4320 Meropis„
887 4263 949 4316 cap.
966 4265 994 4302 a.

538 4339 580 4408 (3)
617 4335 651 4395 S.
667 4336 736 4407 Th..
751 4335 803 4394 lib.
821 4354 841 4409 4
859 4335 1003 4408 Μαιρὰ,
1018 4331 1083 4394 lect.
1097 4353 1133 4408 4,
1152 4355 1269 4410 paragr.
1291 4336 1324 4406 b,
1339 4350 1369 4397 et
1389 4337 1440 4398 lib.
1465 4359 1477 4397 ι
1500 4340 1634 4401 Poster..

375 4431 380 4440 “
503 4427 569 4487 lect.
585 4445 630 4498 ao,
647 4446 763 4498 paragr.
777 4427 798 4484 1.

540 4522 581 4590 (4)
618 4515 682 4575 Csr.
699 4514 839 4583 Lossada,
852 4514 905 4574 loc.
922 4513 971 4573 cit.
986 4534 1016 4573 n.
1035 4513 1202 4588 133etdiap.
1217 4523 1254 4574 r.'
1265 4535 1327 4590 cap.
1343 4537 1371 4588 a,
1387 4537 1419 4579 n.
1432 4537 1569 4594 aaseqq.

541 4607 583 4678 (5)
619 4606 689 4666 Loc.
705 4606 754 4666 cit.

537 4697 579 4764 (6)
615 4695 685 4756 Loc.
700 4696 831 4768 cit.,nrt.
846 4697 876 4766 6,
890 4717 917 4771 7.
