3492 5525
262 474 265 481 .
312 419 426 481 Anno.
444 432 504 479 atu
519 415 690 493 Quonobo
704 434 840 478 existar
855 414 1074 478 Unrveasne
1153 426 1212 495 705
1349 472 1353 480 .

130 602 238 677 addit,
272 603 434 685 refertque
463 600 599 685 proinde
627 608 818 667 concretum
847 599 979 684 aliquod
1007 599 1126 665 falsum
1145 606 1179 662 et
1197 595 1254 661 ab
1371 619 1373 624 ’

130 706 303 796 surdum(
329 705 354 797 ).

199 823 432 889 confirmatur
459 818 528 881 haec
555 815 699 881 doctrina
728 815 917 881 auctoritate
947 813 995 882 S.
1009 815 1164 890 Thomae,
1197 812 1254 896 qui
1268 844 1469 898 mmmm

131 924 312 1009 saepissime
327 924 485 990 unitatem
502 924 664 1007 propriam
681 924 888 997 universalis,
909 922 1049 1006 explicat
1067 928 1164 1005 prout
1179 939 1252 998 nos,
1290 918 1440 973 naastan..

131 1032 217 1098 iilius
241 1032 377 1117 vestigia
395 1039 586 1115 sequentes,
616 1030 865 1115 explicavimus,
899 1049 959 1095 nec
989 1028 1140 1095 meminit
1169 1028 1254 1094 tictae

132 1140 231 1206 ullius
250 1139 397 1216 unitatis,
419 1158 494 1223 quae
514 1140 691 1205 necessaria
716 1139 757 1204 sit
780 1138 822 1204 ad
845 1138 1028 1204 universale
1053 1137 1257 1204 constituen-

131 1248 226 1315 dum.
248 1248 286 1313 Et
304 1247 337 1313 in
365 1247 476 1332 primis
499 1248 681 1314 recolantur
712 1264 816 1331 nuper
843 1247 984 1312 adducta
1010 1244 1255 1321 testimoniare

132 1356 253 1438 quibus
273 1355 362 1420 facile
387 1365 438 1421 est
466 1356 549 1421 hanc
573 1355 753 1420 doctrinam
783 1351 915 1436 eiiceress
937 1372 1053 1425 vetum
1083 1353 1256 1421 audiantur

131 1463 208 1527 alia:
231 1462 311 1535 Cum
327 1463 464 1539 dicitur,
485 1462 607 1545 inquit,
635 1462 824 1531 intellectum
841 1462 876 1527 in
898 1465 990 1538 actu,
1005 1463 1070 1527 duo
1086 1462 1257 1543 importan-

132 1572 198 1645 tur,
219 1570 339 1636 sciticet
353 1588 419 1646 res,
436 1588 505 1655 qua
518 1569 723 1653 intelligitur,
740 1574 772 1635 et
786 1570 840 1635 hoc
857 1571 942 1654 quod
958 1570 1123 1651 calipsum
1141 1567 1259 1632 intelli-

130 1676 180 1761 gi.
198 1679 237 1743 Et
250 1677 408 1755 similiter,
428 1696 498 1743 cum
516 1676 634 1741 dieitur
645 1678 823 1743 uniuersale
835 1677 1042 1753 abstractam,
1061 1678 1125 1741 duo
1141 1674 1260 1740 inlelli-

127 1788 266 1869 guntur,
282 1784 402 1851 scilicet
413 1785 480 1867 ipsa
498 1790 614 1851 nutura
627 1785 675 1851 rei
685 1789 716 1850 et
726 1791 911 1853 abstractio
924 1808 987 1853 seu
1001 1789 1256 1851 universalitas.

130 1894 201 1974 Ipsa
228 1893 331 1977 igitur
356 1896 489 1969 natrna,
512 1894 566 1959 aui
590 1893 707 1959 accidit
725 1894 777 1958 uel
797 1893 936 1978 intelligi
955 1895 1008 1958 uel
1027 1888 1185 1969 ah'struhi,
1209 1892 1262 1955 ael

130 2002 262 2067 intentio
291 2001 555 2078 uniuersalitatis,
575 2019 638 2067 nora
663 2004 711 2066 est
735 2000 800 2067 nisi
822 2002 855 2066 iu
881 2001 1116 2085 singularibus:
1133 2000 1188 2064 sed
1206 2000 1260 2064 hoc

130 2108 232 2189 ipsum
250 2110 333 2193 prrod
349 2111 397 2173 est
411 2107 547 2192 intelligi
559 2110 611 2173 vel
626 2108 765 2173 ahstuli
782 2115 839 2175 vet
856 2114 1002 2176 intentio
1019 2111 1261 2176 universalita-

129 2220 196 2293 tis,
216 2222 323 2283 estin
345 2220 562 2283 intellectu...
582 2215 737 2281 Similiter
754 2214 947 2294 humanitas,
967 2234 1038 2300 qua
1055 2214 1257 2298 intelligitur,

130 2341 197 2387 nou
208 2327 255 2388 est
265 2314 330 2387 nisi
342 2323 377 2389 iu
392 2323 445 2387 hoc
462 2325 515 2389 oei
531 2323 565 2387 in
579 2323 635 2389 illo
649 2322 786 2402 homiue;
798 2326 854 2389 sed
866 2326 951 2407 quod
965 2323 1143 2399 humanitus
1153 2329 1262 2404 appre-

131 2431 288 2495 hendatur
319 2430 386 2495 sine
417 2428 666 2496 individualibus
694 2431 943 2505 conditionihus,
974 2432 1057 2515 quod
1089 2434 1134 2497 esl
1162 2430 1261 2511 ipsam

130 2538 291 2614 abstrahi,
328 2539 371 2603 od
401 2539 485 2621 qnod
513 2537 653 2621 sequitur
683 2517 815 2603 intentio
844 2538 1110 2612 uniuersalitatis,
1144 2536 1263 2602 exedit

130 2644 335 2720 humanitati,
355 2646 525 2709 secuudum
542 2648 626 2729 quod
641 2645 815 2727 percipitur
827 2646 867 2711 ah
888 2645 1063 2721 intellectu,
1083 2644 1117 2709 in
1133 2663 1194 2728 quo
1216 2636 1267 2709 est

129 2753 304 2820 similitudo
319 2756 442 2818 natura
454 2752 566 2834 speciei
577 2756 609 2819 et
620 2773 682 2819 non
697 2746 945 2820 individualium
953 2752 1183 2836 principiorum
1195 2748 1261 2840 (2)-

201 2863 238 2926 Et
257 2861 346 2926 alibi:
373 2859 428 2926 fist
442 2863 545 2926 uuum
567 2856 780 2949 (universale)
798 2880 897 2928 unum
913 2862 949 2926 iu
970 2861 1164 2945 cognitione;
1187 2860 1263 2945 quia

2 3053 3 3056 Ἴ
130 2970 207 3036 licet
217 2971 330 3050 plura,
346 2970 517 3033 secundum
535 2971 618 3052 quod
630 2971 743 3050 plura,
764 2988 827 3034 uon
845 2969 1039 3035 constituunt
1050 2987 1147 3033 unum
1167 2969 1259 3034 intel.-

2 3065 3 3068 '
129 3079 261 3154 leeturn,
282 3079 383 3142 uren
395 3078 507 3158 plura,
528 3079 698 3142 secundum
719 3080 803 3162 quod
818 3076 936 3143 similia
954 3081 1046 3153 suut,
1066 3076 1260 3142 constituunt

130 3202 232 3249 unum
250 3183 453 3260 intellectum,
470 3183 517 3249 ita
533 3185 617 3267 quod
634 3185 808 3250 intellectus
822 3204 885 3250 uon
899 3187 1001 3266 potest
1010 3183 1162 3267 distingui
1178 3183 1262 3248 inter

130 3291 269 3368 similia,
289 3291 492 3375 inquantum
512 3291 724 3357 suntsimiliu.
741 3291 781 3357 Et
792 3293 861 3358 ideo
874 3292 1047 3386 intellectus
1061 3283 1265 3373 apprehendit
1382 3338 1385 3345 .

130 3391 284 3466 homiuem
301 3402 333 3463 et
348 3397 489 3474 asinum,
510 3399 545 3464 in
559 3403 711 3484 quarrtram
723 3401 914 3466 conveniunt
931 3400 966 3464 iu
983 3417 1048 3465 unu
1070 3397 1258 3481 operatione,

129 3506 255 3572 seilicet
269 3505 437 3582 sensitiva,
456 3505 549 3580 unico
569 3506 726 3574 intellectu
747 3509 962 3589 apprehendit.
988 3509 1027 3573 Et
1042 3507 1073 3572 si
1089 3506 1123 3571 in
1143 3524 1179 3570 re
1196 3504 1263 3570 sint

131 3615 250 3690 mulla,
267 3613 340 3716 lapis
355 3615 457 3678 tamen
471 3614 578 3680 unitas
591 3597 833 3698 non'oppouitur
846 3615 897 3681 illi
909 3614 1119 3681 multitudini.
1136 3614 1176 3678 Et
1185 3613 1261 3697 quia

132 3741 187 3789 res
200 3729 259 3804 per
277 3722 360 3787 idem
377 3723 424 3786 est
441 3740 496 3786 ens
514 3724 547 3787 et
562 3741 676 3800 unum,
695 3727 727 3788 et
741 3742 936 3800 econverso,
951 3725 1173 3806 oportetquod
1186 3727 1261 3787 uni·

131 3835 271 3898 versate
289 3835 336 3896 sit
363 3834 559 3898 universale
583 3853 645 3914 per
666 3837 869 3915 praedictam
891 3837 1076 3909 unitatem
1097 3836 1144 3897 ita
1170 3833 1262 3913 quod

130 3950 270 4006 naturae
292 3941 373 4004 talis
390 3942 539 4018 cognitio
557 3943 636 4006 iacit
653 3945 850 4008 universale
868 3961 948 4007 esse
965 3944 1002 4005 in
1020 3953 1097 4006 actu
1120 3943 1260 4004 univer·

131 4049 223 4124 salet
239 4059 274 4112 et
287 4058 341 4111 eat
354 4047 526 4128 quoddam
539 4051 683 4114 formale
696 4052 733 4113 in
747 4051 936 4115 universali
949 4044 1014 4135 (3).
1028 4045 1116 4122 Qud
1130 4043 1262 4111 darius?

202 4149 239 4217 Et
266 4151 387 4218 ibidem
412 4153 510 4234 paulo
537 4152 687 4220 interius:
709 4160 773 4221 Est
798 4161 903 4238 igitur
929 4160 1126 4222 universale
1150 4173 1261 4220 unum

130 4264 266 4330 unitate
292 4263 514 4341 cognitionis3
541 4265 589 4326 ita
613 4265 705 4345 quod
731 4263 776 4330 de
801 4267 934 4330 ratione
959 4267 1169 4331 universalia
1190 4281 1262 4329 non

170 4444 210 4508 (ι)
246 4437 323 4497 Vide
333 4449 465 4496 auctores
474 4435 587 4505 citatos,
597 4450 627 4496 et
637 4437 763 4510 Rhodes,
775 4439 931 4514 Philosplt.
940 4441 1046 4516 perip„
1054 4439 1104 4499 lib.
1114 4439 1225 4514 4,diep.
1235 4460 1262 4517 3,

131 4542 205 4592 sect.
223 4547 249 4604 5,
265 4546 381 4601 paragr.
399 4549 422 4584 r.

2 4611 4 4630 ἱ
169 4621 210 4692 (3)
250 4639 274 4676 1.
291 4637 318 4690 p.
335 4635 365 4688 q.
379 4615 424 4690 85,
442 4629 497 4676 art.
513 4637 538 4685 a,
557 4617 594 4676 ad
608 4627 669 4678 atffi
683 4616 746 4677 Cir.
763 4615 832 4676 ibid.
849 4630 906 4677 art.
922 4639 938 4690 ς
954 4618 991 4677 ad
1009 4628 1066 4678 1.'¹

171 4713 212 4778 (a)
250 4706 360 4780 Opusc.
376 4705 467 4766 atde
484 4707 621 4768 Univers.
