3492 5525
264 468 379 532 Anarc.
396 484 458 555 4¹¹⁸
471 468 607 535 Gnaous
622 488 752 535 canan.
767 478 941 535 sauciatur.
955 468 1087 535 orvensr
1138 485 1194 555 5or

110 650 284 717 intrinseca
300 650 461 719 connexio
479 660 572 719 actus
589 668 667 719 cum
688 652 824 719 veritate
843 652 960 737 objecti
985 650 1027 721 sit
1039 652 1125 721 illius
1143 654 1237 744 infala.
1339 669 1359 751 g

111 756 259 838 libilitas,
279 759 425 842 sequitur
434 771 525 826 actus
544 760 742 844 cognitionis
761 758 889 827 motivo
907 758 1045 850 physico
1066 762 1236 841 etmorali¹

111 865 241 933 innixos
256 866 427 935 intrinseca
442 867 595 951 praeditos
608 884 681 933 esse
699 865 935 933 infallibilitate.
1234 850 1239 857 ’

177 973 339 1041 Caeterum
355 962 513 1057 quoniam
532 975 653 1060 gradus
672 972 905 1043 infallibilitatis
919 977 952 1044 in
966 984 1041 1043 actu
1057 978 1235 1062 respondet

109 1084 225 1168 gradui
245 1082 446 1149 necessitatis
471 1082 660 1167 objectivae,
685 1082 892 1151 infallibilitas
908 1085 1112 1153 certitudinis
1131 1095 1237 1152 meta-r

111 1191 489 1278 physicae,physicae,ac
500 1192 629 1258 moralis
639 1190 1158 1277 specificedistinguaturnecesse
1168 1202 1233 1271 est,

110 1300 195 1367 sicut
209 1298 420 1385 distinguitur
439 1297 615 1365 necessitas
627 1287 844 1366 motivorum.
1229 1382 1233 1389 Ι

157 1410 258 1472 Prob.
275 1406 328 1475 3.⁰
374 1406 441 1472 Nisi
459 1406 649 1475 admittatur
665 1406 825 1473 certitudo
845 1408 978 1493 physica
995 1427 1013 1473 a
1033 1407 1235 1496 metaphysif

110 1534 148 1579 ca
167 1513 335 1592 distincta,
352 1517 417 1579 sere
433 1532 614 1598 numquam
629 1532 789 1582 sensuum
810 1515 921 1581 relatio
940 1523 1062 1581 certam
1077 1514 1235 1599 praebeblt

109 1622 350 1707 cognitionem3
371 1632 403 1687 et
428 1623 488 1687 nisi
515 1622 703 1689 admittatur
726 1622 857 1721 moralis
875 1622 1035 1688 certitudo
1062 1643 1083 1688 a
1104 1623 1234 1706 reliquis

110 1728 241 1795 duabus
272 1729 440 1806 distincta,
465 1732 526 1797 vix
553 1731 657 1796 ullum
688 1732 808 1797 iactum
841 1730 1030 1798 historicum
1060 1731 1236 1798 indubium

112 1836 306 1903 remanebit.
328 1836 427 1921 Atqui
448 1839 516 1903 haec
543 1837 609 1903 duo
628 1856 760 1922 prorsus
779 1838 919 1904 absurda
945 1846 1039 1915 sunt,
1061 1847 1095 1903 et
1121 1850 1235 1905 contra

110 1964 325 2012 communem
346 1946 494 2012 omniurn
515 1963 649 2011 sensum
677 1952 710 2010 et
737 1946 988 2029 experientiam,
1006 1964 1073 2029 qua
1093 1932 1241 2033 quisque¹

110 2053 213 2120 sentit
232 2072 267 2119 se
286 2053 422 2121 tirmiter
441 2054 603 2120 adhaerere
620 2053 808 2137 hujusmodi
823 2052 963 2138 judiciis.
984 2053 1079 2137 Ergo.
1127 2117 1130 2122 ,
1233 2116 1237 2123 .

180 2167 282 2228 Prob.
304 2167 472 2245 Maiorem
500 2178 558 2245 per
586 2169 712 2244 partes,
733 2168 766 2225 et
795 2160 903 2245 primo
929 2161 1038 2244 quoad
1064 2158 1232 2247 physicam

111 2269 359 2345 certitudinem,
390 2271 539 2337 haustam
567 2288 607 2334 ex
635 2268 797 2338 sensibus.
828 2266 913 2343 Qlia
937 2269 1157 2335 communiter
1186 2269 1236 2334 lo-
1278 2354 1283 2365 .

109 2377 261 2461 quendo,
284 2394 350 2443 non
377 2384 536 2462 repugnat
559 2375 706 2442 absolute
735 2395 771 2441 ac
796 2376 1019 2464 metaphysice
1040 2375 1074 2441 in
1094 2376 1232 2462 singulis

109 2484 257 2562 casibus,
282 2502 358 2551 cum
388 2484 518 2567 aliquod
545 2484 667 2550 iactum
697 2501 896 2568 persensus
923 2484 1148 2569 apprehende,
1178 2504 1235 2554 me

5 2666 6 2669 Ἴ
109 2594 187 2661 salli.
205 2590 290 2657 Deus
309 2590 397 2657 enim
418 2592 449 2658 in
468 2592 604 2677 singulis
623 2592 751 2657 casibus
771 2602 902 2676 posset,
925 2592 1074 2659 absolute
1094 2594 1234 2675 loquen-

109 2702 172 2778 do,
194 2699 267 2767 reali
287 2718 419 2784 corpore
439 2718 504 2766 non
524 2698 700 2777 existente,
717 2698 802 2768 illius
816 2698 1000 2767 illusionem
1019 2699 1165 2785 gignere.
1182 2699 1233 2768 Sic

99 2808 212 2874 'Tobia
230 2809 386 2894 jurenena
406 2808 514 2874 videre
538 2817 636 2892 atque
661 2804 771 2875 audire
796 2808 983 2894 videbatur,
1004 2809 1061 2891 qui
1080 2811 1235 2892 nuspiam

110 2916 281 2982 existebat.
302 2915 466 3000 Qrodque
495 2925 572 2981 tunc
599 2915 760 2983 Dominus
780 2935 836 3000 per
861 2935 954 2982 suam
980 2916 1232 2982 misericordiam

110 3025 201 3100 lecit,
222 3033 330 3108 potest
348 3041 481 3106 quoque
500 3025 578 3088 alias
597 3026 715 3102 lacere,
736 3024 814 3106 quin
835 3023 925 3108 prius
943 3042 1005 3089 nos
1019 3024 1061 3089 de
1076 3023 1233 3090 miraculo

110 3140 256 3198 moneat.
274 3131 361 3196 Num
381 3149 460 3214 ergo
480 3132 641 3215 perpetuis
657 3131 875 3197 anxietatibus
890 3131 1043 3215 inanique
1060 3132 1232 3198 tormidine

109 3239 232 3306 turbari
252 3239 447 3314 debeamus,
477 3255 552 3304 cum
581 3238 704 3305 amicos
723 3239 939 3322 alloquimur,
960 3258 1038 3306 cum
1057 3240 1148 3307 cibos
1167 3241 1234 3307 edi-.

111 3366 208 3423 mus,
228 3336 303 3413 cum
335 3345 395 3414 alia
422 3354 574 3412 sexcenta
603 3349 818 3431 phaenomena
838 3347 1044 3432 experimur?
1062 3347 1119 3414 Dic
1139 3347 1230 3424 mihi,

111 3457 228 3532 sodes,
246 3474 286 3521 an
306 3473 371 3521 non
391 3463 555 3520 amentem
577 3455 780 3520 existimares
798 3474 894 3532 eum,
911 3456 975 3540 qui·
987 3457 1070 3521 hanc
1089 3458 1234 3523 chartam

111 3565 165 3629 vel
194 3564 312 3645 librum
339 3581 473 3628 cernens
500 3563 712 3628 exclamaret:
743 3563 803 3628 Hic
821 3563 1043 3644 probabiliter,
1067 3565 1118 3628 vel
1139 3563 1166 3628 si
1183 3564 1234 3630 vis

106 3671 372 3756 probabilissime,
392 3673 480 3736 adest
495 3688 601 3735 coram
619 3689 666 3735 me
684 3671 791 3735 charta
809 3671 860 3734 vel
878 3669 979 3736 liber?

181 3784 293 3847 Probo
309 3777 456 3846 similiter
469 3769 602 3843 alteram
622 3776 751 3862 Majoris
771 3785 895 3862 partem
914 3777 956 3843 de
971 3779 1084 3847 murali
1102 3778 1234 3845 certitu-

111 3889 203 3955 dine.
221 3888 305 3953 Nam
332 3887 364 3952 in
391 3884 528 3970 singulis
555 3886 646 3951 iactis
673 3883 851 3962 historicis,
878 3887 996 3952 saltem
1025 3888 1230 3971 plerumque,

113 4015 181 4061 non
197 4002 246 4060 est
263 3992 462 4077 impossibile
482 3993 721 4079 metaphysica,
739 4011 798 4058 nec
820 3995 919 4059 etiarn
940 3994 1091 4080 physice,
1114 3995 1232 4062 salsum

113 4115 314 4170 narratuma
334 4099 480 4185 pluribus
498 4100 653 4176 testibus,
674 4099 771 4165 etiam
795 4099 859 4166 side
883 4099 1099 4186 dignissimis,
1120 4102 1231 4168 ruisse.

181 4213 297 4276 Dicae.
315 4209 365 4274 Ad
381 4205 616 4292 providentiam
636 4207 779 4273 divinam
804 4217 944 4293 spectat,
962 4227 1003 4275 ne
1025 4209 1234 4294 deceptiones
1306 4193 1310 4198 ’

111 4315 275 4405 ejusmodi
294 4313 503 4400 contingant,
524 4315 731 4400 potissimum
763 4315 788 4380 si
817 4315 888 4381 illas
907 4314 1057 4382 homines
1083 4317 1234 4401 detegere

112 4446 150 4491 ac
171 4425 331 4509 corrigere
350 4431 525 4506 nequeant.

182 4536 403 4614 Respondeo,
422 4549 536 4597 verum
551 4530 582 4595 id
597 4549 668 4598 esse
682 4530 861 4614 generatim
877 4533 1059 4614 loquendo,
1076 4549 1142 4598 non
1156 4551 1235 4599 vero

112 4643 156 4707 de
184 4639 293 4721 aliquo
323 4655 400 4705 casu
425 4637 616 4723 particulari.
643 4640 759 4721 Neque
788 4639 875 4704 enim
906 4639 1023 4706 divinae
1053 4641 1234 4724 quidquam

113 4745 296 4814 detrahitur
311 4743 538 4829 providentiae;
560 4746 617 4812 sed
637 4766 655 4810 e
672 4763 847 4820 converso,
867 4747 1009 4829 maxime
1027 4748 1236 4814 commenda?
