<?xml version="1.0" encoding="UTF-8"?>
<!DOCTYPE html PUBLIC "-//W3C//DTD XHTML 1.0 Transitional//EN"
    "http://www.w3.org/TR/xhtml1/DTD/xhtml1-transitional.dtd">
<html xmlns="http://www.w3.org/1999/xhtml" xml:lang="en" lang="en">
 <head>
  <title>
</title>
<meta http-equiv="Content-Type" content="text/html;charset=utf-8" />
  <meta name='ocr-system' content='tesseract 3.04.00' />
  <meta name='ocr-capabilities' content='ocr_page ocr_carea ocr_par ocr_line ocrx_word'/>
</head>
<body>
  <div class='ocr_page' id='page_1' title='image "./institutionesph00urrgoog/institutionesph00urrgoog_0381.png"; bbox 0 0 3492 5525; ppageno 0'>
   <div class='ocr_carea' id='block_1_1' title="bbox 430 418 1234 557">
    <p class='ocr_par' dir='ltr' id='par_1_1' title="bbox 430 418 1234 557">
     <span class='ocr_line' id='line_1_1' title="bbox 430 418 1234 557; baseline 0.015 -23"><span class='ocrx_word' id='word_1_1' title='bbox 430 438 556 535; x_wconf 28' lang='lat' dir='ltr'><strong>&#39;Anno</strong></span> <span class='ocrx_word' id='word_1_2' title='bbox 582 484 640 534; x_wconf 63' lang='lat' dir='ltr'><strong>ru·</strong></span> <span class='ocrx_word' id='word_1_3' title='bbox 660 469 712 536; x_wconf 81' lang='lat' dir='ltr'><strong>Dc</strong></span> <span class='ocrx_word' id='word_1_4' title='bbox 732 468 938 539; x_wconf 74' lang='lat' dir='ltr'><strong>innoc-nonu</strong></span> <span class='ocrx_word' id='word_1_5' title='bbox 1010 418 1059 494; x_wconf 24' lang='grc' dir='ltr'>ἰ</span> <span class='ocrx_word' id='word_1_6' title='bbox 1153 454 1234 557; x_wconf 64' lang='lat'><strong>3&#39;57¹</strong></span> 
     </span>
    </p>
   </div>
   <div class='ocr_carea' id='block_1_2' title="bbox 85 652 1451 3874">
    <p class='ocr_par' dir='ltr' id='par_1_2' title="bbox 120 652 1339 1285">
     <span class='ocr_line' id='line_1_2' title="bbox 123 652 1339 742; baseline 0 -21"><span class='ocrx_word' id='word_1_7' title='bbox 123 656 190 721; x_wconf 85' lang='lat' dir='ltr'><strong>tele</strong></span> <span class='ocrx_word' id='word_1_8' title='bbox 206 652 272 742; x_wconf 70' lang='lat' dir='ltr'><strong>(rlz</strong></span> <span class='ocrx_word' id='word_1_9' title='bbox 292 654 467 740; x_wconf 79' lang='lat' dir='ltr'><strong>asingulc&#39;s</strong></span> <span class='ocrx_word' id='word_1_10' title='bbox 482 657 529 721; x_wconf 82' lang='lat' dir='ltr'><strong>od</strong></span> <span class='ocrx_word' id='word_1_11' title='bbox 542 654 720 721; x_wconf 75' lang='lat' dir='ltr'><strong>uniuersale</strong></span> <span class='ocrx_word' id='word_1_12' title='bbox 734 656 929 740; x_wconf 75' lang='lat' dir='ltr'><strong>progressu;</strong></span> <span class='ocrx_word' id='word_1_13' title='bbox 949 665 1000 723; x_wconf 83' lang='lat' dir='ltr'><strong>est</strong></span> <span class='ocrx_word' id='word_1_14' title='bbox 1019 672 1139 739; x_wconf 85' lang='lat' dir='ltr'>nempe</span> <span class='ocrx_word' id='word_1_15' title='bbox 1154 672 1255 740; x_wconf 81' lang='lat' dir='ltr'><strong>argu·</strong></span> <span class='ocrx_word' id='word_1_16' title='bbox 1273 692 1281 707; x_wconf 86' lang='lat'>·</span> <span class='ocrx_word' id='word_1_17' title='bbox 1336 703 1339 710; x_wconf 83' lang='lat'><strong>.</strong></span> 
     </span>
     <span class='ocr_line' id='line_1_3' title="bbox 122 761 1253 847; baseline 0.001 -19"><span class='ocrx_word' id='word_1_18' title='bbox 122 762 290 837; x_wconf 68' lang='lat' dir='ltr'><strong>mtchb,</strong></span> <span class='ocrx_word' id='word_1_19' title='bbox 321 780 386 847; x_wconf 82' lang='lat' dir='ltr'><strong>qua</strong></span> <span class='ocrx_word' id='word_1_20' title='bbox 419 761 461 827; x_wconf 72' lang='lat' dir='ltr'><strong>cl&gt;</strong></span> <span class='ocrx_word' id='word_1_21' title='bbox 487 761 691 846; x_wconf 78' lang='lat' dir='ltr'><strong>insertorilnu</strong></span> <span class='ocrx_word' id='word_1_22' title='bbox 723 765 769 829; x_wconf 85' lang='lat' dir='ltr'><strong>acl</strong></span> <span class='ocrx_word' id='word_1_23' title='bbox 796 763 941 846; x_wconf 73' lang='lat' dir='ltr'><strong>superius</strong></span> <span class='ocrx_word' id='word_1_24' title='bbox 975 766 1008 829; x_wconf 84' lang='lat' dir='ltr'><strong>et</strong></span> <span class='ocrx_word' id='word_1_25' title='bbox 1040 762 1253 831; x_wconf 75' lang='lat' dir='ltr'><strong>universatim</strong></span> 
     </span>
     <span class='ocr_line' id='line_1_4' title="bbox 120 868 1253 955; baseline 0.002 -20"><span class='ocrx_word' id='word_1_26' title='bbox 120 869 250 955; x_wconf 71' lang='lat' dir='ltr'><strong>otiosuli</strong></span> <span class='ocrx_word' id='word_1_27' title='bbox 258 870 506 935; x_wconf 81' lang='lat' dir='ltr'><strong>concludendum</strong></span> <span class='ocrx_word' id='word_1_28' title='bbox 516 869 745 953; x_wconf 75' lang='lat' dir='ltr'><strong>progredimur.</strong></span> <span class='ocrx_word' id='word_1_29' title='bbox 770 869 886 955; x_wconf 87' lang='lat' dir='ltr'><strong>Neque</strong></span> <span class='ocrx_word' id='word_1_30' title='bbox 912 870 1000 939; x_wconf 91' lang='lat' dir='ltr'><strong>enim</strong></span> <span class='ocrx_word' id='word_1_31' title='bbox 1020 870 1062 935; x_wconf 88' lang='lat' dir='ltr'><strong>ab</strong></span> <span class='ocrx_word' id='word_1_32' title='bbox 1075 868 1253 937; x_wconf 88' lang='lat' dir='ltr'><strong>individuis</strong></span> 
     </span>
     <span class='ocr_line' id='line_1_5' title="bbox 122 975 1251 1064; baseline -0.001 -20"><span class='ocrx_word' id='word_1_33' title='bbox 122 986 257 1045; x_wconf 86' lang='lat' dir='ltr'><strong>tanturn</strong></span> <span class='ocrx_word' id='word_1_34' title='bbox 271 977 314 1043; x_wconf 88' lang='lat' dir='ltr'><strong>ad</strong></span> <span class='ocrx_word' id='word_1_35' title='bbox 331 975 491 1061; x_wconf 88' lang='lat' dir='ltr'><strong>speciem,</strong></span> <span class='ocrx_word' id='word_1_36' title='bbox 512 976 685 1044; x_wconf 88' lang='lat' dir='ltr'><strong>sedetiam</strong></span> <span class='ocrx_word' id='word_1_37' title='bbox 704 978 909 1061; x_wconf 84' lang='lat' dir='ltr'><strong>aspeciebus</strong></span> <span class='ocrx_word' id='word_1_38' title='bbox 922 978 1062 1064; x_wconf 84' lang='lat' dir='ltr'><strong>singulis</strong></span> <span class='ocrx_word' id='word_1_39' title='bbox 1081 978 1123 1043; x_wconf 89' lang='lat' dir='ltr'><strong>ad</strong></span> <span class='ocrx_word' id='word_1_40' title='bbox 1136 988 1251 1043; x_wconf 81' lang='lat' dir='ltr'><strong>eurum</strong></span> 
     </span>
     <span class='ocr_line' id='line_1_6' title="bbox 120 1082 1252 1171; baseline -0.002 -20"><span class='ocrx_word' id='word_1_41' title='bbox 120 1102 232 1171; x_wconf 87' lang='lat' dir='ltr'><strong>genus</strong></span> <span class='ocrx_word' id='word_1_42' title='bbox 272 1083 424 1169; x_wconf 84' lang='lat' dir='ltr'><strong>assurgit.</strong></span> <span class='ocrx_word' id='word_1_43' title='bbox 464 1082 622 1168; x_wconf 82' lang='lat' dir='ltr'><strong>Exempla</strong></span> <span class='ocrx_word' id='word_1_44' title='bbox 649 1092 769 1169; x_wconf 83' lang='lat' dir='ltr'><strong>praesto</strong></span> <span class='ocrx_word' id='word_1_45' title='bbox 800 1094 895 1152; x_wconf 90' lang='lat' dir='ltr'><strong>sunt:</strong></span> <span class='ocrx_word' id='word_1_46' title='bbox 924 1086 987 1151; x_wconf 86' lang='lat' dir='ltr'><strong>llic</strong></span> <span class='ocrx_word' id='word_1_47' title='bbox 1013 1084 1111 1167; x_wconf 63' lang='lat' dir='ltr'><strong>gnis,</strong></span> <span class='ocrx_word' id='word_1_48' title='bbox 1149 1087 1182 1150; x_wconf 83' lang='lat' dir='ltr'><strong>et</strong></span> <span class='ocrx_word' id='word_1_49' title='bbox 1198 1083 1252 1149; x_wconf 82' lang='lat' dir='ltr'><strong>illc</strong></span> 
     </span>
     <span class='ocr_line' id='line_1_7' title="bbox 121 1190 1252 1285; baseline 0 -28"><span class='ocrx_word' id='word_1_50' title='bbox 121 1192 208 1277; x_wconf 69' lang='lat' dir='ltr'><strong>agnis</strong></span> <span class='ocrx_word' id='word_1_51' title='bbox 218 1192 314 1257; x_wconf 84' lang='lat' dir='ltr'><strong>clillc</strong></span> <span class='ocrx_word' id='word_1_52' title='bbox 331 1190 415 1257; x_wconf 83' lang='lat' dir='ltr'><strong>alius</strong></span> <span class='ocrx_word' id='word_1_53' title='bbox 432 1190 515 1275; x_wconf 73' lang='lat' dir='ltr'><strong>aguis</strong></span> <span class='ocrx_word' id='word_1_54' title='bbox 531 1198 595 1259; x_wconf 90' lang='lat' dir='ltr'><strong>etc.</strong></span> <span class='ocrx_word' id='word_1_55' title='bbox 613 1192 779 1260; x_wconf 71' lang='lat' dir='ltr'><strong>comederit.</strong></span> <span class='ocrx_word' id='word_1_56' title='bbox 803 1191 887 1278; x_wconf 80' lang='lat' dir='ltr'><strong>Ergo</strong></span> <span class='ocrx_word' id='word_1_57' title='bbox 903 1193 1005 1259; x_wconf 85' lang='lat' dir='ltr'><strong>omnis</strong></span> <span class='ocrx_word' id='word_1_58' title='bbox 1022 1192 1116 1285; x_wconf 83' lang='lat' dir='ltr'><strong>ignis¹</strong></span> <span class='ocrx_word' id='word_1_59' title='bbox 1128 1190 1252 1257; x_wconf 78' lang='lat' dir='ltr'><strong>combu-</strong></span> 
     </span>
    </p>

    <p class='ocr_par' dir='ltr' id='par_1_3' title="bbox 121 1297 1255 1489">
     <span class='ocr_line' id='line_1_8' title="bbox 121 1297 1255 1384; baseline -0.003 -18"><span class='ocrx_word' id='word_1_60' title='bbox 121 1299 181 1366; x_wconf 84' lang='lat' dir='ltr'><strong>rit.</strong></span> <span class='ocrx_word' id='word_1_61' title='bbox 204 1299 333 1384; x_wconf 67' lang='lat' dir='ltr'><strong>leporis,</strong></span> <span class='ocrx_word' id='word_1_62' title='bbox 356 1304 455 1381; x_wconf 78' lang='lat' dir='ltr'><strong>puer,</strong></span> <span class='ocrx_word' id='word_1_63' title='bbox 483 1300 679 1376; x_wconf 77' lang='lat' dir='ltr'><em>adolescens,</em></span> <span class='ocrx_word' id='word_1_64' title='bbox 709 1299 779 1378; x_wconf 84' lang='lat' dir='ltr'><strong>uir,</strong></span> <span class='ocrx_word' id='word_1_65' title='bbox 797 1318 910 1376; x_wconf 81' lang='lat' dir='ltr'><strong>senex,</strong></span> <span class='ocrx_word' id='word_1_66' title='bbox 941 1300 1009 1366; x_wconf 85' lang='lat' dir='ltr'><strong>suis</strong></span> <span class='ocrx_word' id='word_1_67' title='bbox 1035 1303 1113 1365; x_wconf 84' lang='lat' dir='ltr'><strong>ncnl</strong></span> <span class='ocrx_word' id='word_1_68' title='bbox 1125 1297 1255 1365; x_wconf 78' lang='lat' dir='ltr'><strong>obnoxii</strong></span> 
     </span>
     <span class='ocr_line' id='line_1_9' title="bbox 121 1403 1140 1489; baseline 0 -15"><span class='ocrx_word' id='word_1_69' title='bbox 121 1406 289 1474; x_wconf 69' lang='lat' dir='ltr'><strong>monas.</strong></span> <span class='ocrx_word' id='word_1_70' title='bbox 309 1406 392 1489; x_wconf 84' lang='lat' dir='ltr'><strong>Ergo</strong></span> <span class='ocrx_word' id='word_1_71' title='bbox 409 1406 499 1471; x_wconf 80' lang='lat' dir='ltr'><strong>nullo</strong></span> <span class='ocrx_word' id='word_1_72' title='bbox 512 1405 670 1472; x_wconf 81' lang='lat' dir='ltr'><strong>lominum</strong></span> <span class='ocrx_word' id='word_1_73' title='bbox 682 1410 759 1473; x_wconf 78' lang='lat' dir='ltr'><strong>clus</strong></span> <span class='ocrx_word' id='word_1_74' title='bbox 774 1410 864 1475; x_wconf 85' lang='lat' dir='ltr'><strong>ccccl</strong></span> <span class='ocrx_word' id='word_1_75' title='bbox 878 1408 1041 1475; x_wconf 70' lang='lat' dir='ltr'><strong>crumnu.</strong></span> <span class='ocrx_word' id='word_1_76' title='bbox 1136 1403 1140 1419; x_wconf 94' lang='lat'>&#39;</span> 
     </span>
    </p>

    <p class='ocr_par' dir='ltr' id='par_1_4' title="bbox 121 1512 1254 1817">
     <span class='ocr_line' id='line_1_10' title="bbox 191 1512 1253 1598; baseline -0.001 -18"><span class='ocrx_word' id='word_1_77' title='bbox 191 1512 303 1591; x_wconf 82' lang='lat' dir='ltr'><strong>Quare</strong></span> <span class='ocrx_word' id='word_1_78' title='bbox 333 1512 477 1581; x_wconf 85' lang='lat' dir='ltr'><strong>inductio</strong></span> <span class='ocrx_word' id='word_1_79' title='bbox 504 1512 584 1579; x_wconf 88' lang='lat' dir='ltr'><strong>nihil</strong></span> <span class='ocrx_word' id='word_1_80' title='bbox 602 1512 689 1580; x_wconf 92' lang='lat' dir='ltr'><strong>aliud</strong></span> <span class='ocrx_word' id='word_1_81' title='bbox 712 1532 746 1581; x_wconf 91' lang='lat' dir='ltr'><strong>re</strong></span> <span class='ocrx_word' id='word_1_82' title='bbox 765 1534 843 1581; x_wconf 83' lang='lat' dir='ltr'><strong>vera</strong></span> <span class='ocrx_word' id='word_1_83' title='bbox 869 1525 939 1593; x_wconf 87' lang='lat' dir='ltr'><strong>est,</strong></span> <span class='ocrx_word' id='word_1_84' title='bbox 971 1533 1073 1598; x_wconf 87' lang='lat' dir='ltr'><strong>quarn</strong></span> <span class='ocrx_word' id='word_1_85' title='bbox 1097 1528 1253 1581; x_wconf 85' lang='lat' dir='ltr'><strong>ascensus</strong></span> 
     </span>
     <span class='ocr_line' id='line_1_11' title="bbox 122 1619 1254 1707; baseline -0.004 -17"><span class='ocrx_word' id='word_1_86' title='bbox 122 1619 333 1707; x_wconf 78' lang='lat' dir='ltr'><strong>copulativus</strong></span> <span class='ocrx_word' id='word_1_87' title='bbox 348 1622 380 1686; x_wconf 93' lang='lat' dir='ltr'><strong>in</strong></span> <span class='ocrx_word' id='word_1_88' title='bbox 394 1620 621 1705; x_wconf 81' lang='lat' dir='ltr'><strong>suppositione</strong></span> <span class='ocrx_word' id='word_1_89' title='bbox 636 1620 809 1688; x_wconf 86' lang='lat' dir='ltr'><strong>universali</strong></span> <span class='ocrx_word' id='word_1_90' title='bbox 823 1622 1041 1699; x_wconf 78' lang='lat' dir='ltr'><strong>distributiva,</strong></span> <span class='ocrx_word' id='word_1_91' title='bbox 1057 1630 1091 1687; x_wconf 91' lang='lat' dir='ltr'><strong>et</strong></span> <span class='ocrx_word' id='word_1_92' title='bbox 1106 1630 1254 1706; x_wconf 87' lang='lat' dir='ltr'><strong>propter-</strong></span> 
     </span>
     <span class='ocr_line' id='line_1_12' title="bbox 121 1726 773 1817; baseline -0.003 -20"><span class='ocrx_word' id='word_1_93' title='bbox 121 1750 164 1797; x_wconf 88' lang='lat' dir='ltr'><strong>ea</strong></span> <span class='ocrx_word' id='word_1_94' title='bbox 182 1738 299 1796; x_wconf 86' lang='lat' dir='ltr'><strong>vocata</strong></span> <span class='ocrx_word' id='word_1_95' title='bbox 315 1729 414 1795; x_wconf 91' lang='lat' dir='ltr'><strong>etiam</strong></span> <span class='ocrx_word' id='word_1_96' title='bbox 432 1738 485 1794; x_wconf 86' lang='lat' dir='ltr'><strong>est</strong></span> <span class='ocrx_word' id='word_1_97' title='bbox 501 1729 696 1795; x_wconf 76' lang='lat' dir='ltr'><em>enumeratio</em></span> <span class='ocrx_word' id='word_1_98' title='bbox 708 1726 773 1817; x_wconf 88' lang='lat' dir='ltr'><strong>(a).</strong></span> 
     </span>
    </p>

    <p class='ocr_par' dir='ltr' id='par_1_5' title="bbox 125 1836 1407 2133">
     <span class='ocr_line' id='line_1_13' title="bbox 193 1836 1343 1921; baseline 0 -20"><span class='ocrx_word' id='word_1_99' title='bbox 193 1836 323 1921; x_wconf 85' lang='lat' dir='ltr'>Duplex</span> <span class='ocrx_word' id='word_1_100' title='bbox 350 1836 506 1921; x_wconf 81' lang='lat' dir='ltr'><strong>distingui</strong></span> <span class='ocrx_word' id='word_1_101' title='bbox 528 1838 612 1901; x_wconf 91' lang='lat' dir='ltr'><strong>solet</strong></span> <span class='ocrx_word' id='word_1_102' title='bbox 639 1836 803 1915; x_wconf 88' lang='lat' dir='ltr'><strong>inductio,</strong></span> <span class='ocrx_word' id='word_1_103' title='bbox 827 1840 977 1920; x_wconf 79' lang='lat' dir='ltr'><strong>completa</strong></span> <span class='ocrx_word' id='word_1_104' title='bbox 999 1841 1032 1905; x_wconf 83' lang='lat' dir='ltr'><strong>ct</strong></span> <span class='ocrx_word' id='word_1_105' title='bbox 1054 1837 1249 1919; x_wconf 78' lang='lat' dir='ltr'><strong>incompleta.</strong></span> <span class='ocrx_word' id='word_1_106' title='bbox 1329 1861 1343 1891; x_wconf 80' lang='lat' dir='ltr'>u</span> 
     </span>
     <span class='ocr_line' id='line_1_14' title="bbox 125 1942 1407 2035; baseline -0.003 -24"><span class='ocrx_word' id='word_1_107' title='bbox 125 1945 304 2029; x_wconf 89' lang='lat' dir='ltr'><strong>Completa</strong></span> <span class='ocrx_word' id='word_1_108' title='bbox 338 1943 483 2027; x_wconf 87' lang='lat' dir='ltr'><strong>procedit</strong></span> <span class='ocrx_word' id='word_1_109' title='bbox 517 1942 559 2009; x_wconf 91' lang='lat' dir='ltr'><strong>ab</strong></span> <span class='ocrx_word' id='word_1_110' title='bbox 590 1944 834 2013; x_wconf 83' lang='lat' dir='ltr'><strong>enumeratione</strong></span> <span class='ocrx_word' id='word_1_111' title='bbox 865 1946 1017 2021; x_wconf 82' lang='lat' dir='ltr'><strong>omniurn</strong></span> <span class='ocrx_word' id='word_1_112' title='bbox 1049 1943 1250 2011; x_wconf 82' lang='lat' dir='ltr'><strong>interiorum.</strong></span> <span class='ocrx_word' id='word_1_113' title='bbox 1297 2004 1320 2035; x_wconf 50' lang='lat'><strong>¹„</strong></span> <span class='ocrx_word' id='word_1_114' title='bbox 1394 2002 1407 2033; x_wconf 53' lang='lat' dir='ltr'>e</span> 
     </span>
     <span class='ocr_line' id='line_1_15' title="bbox 125 2050 560 2133; baseline -0.005 -13"><span class='ocrx_word' id='word_1_115' title='bbox 125 2052 232 2119; x_wconf 87' lang='lat' dir='ltr'><strong>Secus</strong></span> <span class='ocrx_word' id='word_1_116' title='bbox 251 2069 329 2117; x_wconf 90' lang='lat' dir='ltr'><strong>vero</strong></span> <span class='ocrx_word' id='word_1_117' title='bbox 350 2050 560 2133; x_wconf 81' lang='lat' dir='ltr'><strong>incompleta.</strong></span> 
     </span>
    </p>

    <p class='ocr_par' dir='ltr' id='par_1_6' title="bbox 127 2155 1253 2353">
     <span class='ocr_line' id='line_1_16' title="bbox 193 2155 1253 2227; baseline -0.005 -1"><span class='ocrx_word' id='word_1_118' title='bbox 193 2158 323 2226; x_wconf 85' lang='lat' dir='ltr'><strong>Utilitas</strong></span> <span class='ocrx_word' id='word_1_119' title='bbox 337 2177 416 2224; x_wconf 80' lang='lat' dir='ltr'><strong>vero</strong></span> <span class='ocrx_word' id='word_1_120' title='bbox 430 2157 628 2225; x_wconf 89' lang='lat' dir='ltr'><strong>inductionis</strong></span> <span class='ocrx_word' id='word_1_121' title='bbox 643 2176 775 2224; x_wconf 91' lang='lat' dir='ltr'><strong>summa</strong></span> <span class='ocrx_word' id='word_1_122' title='bbox 784 2168 834 2225; x_wconf 92' lang='lat' dir='ltr'><strong>est</strong></span> <span class='ocrx_word' id='word_1_123' title='bbox 843 2159 876 2225; x_wconf 93' lang='lat' dir='ltr'><strong>in</strong></span> <span class='ocrx_word' id='word_1_124' title='bbox 886 2159 1027 2226; x_wconf 89' lang='lat' dir='ltr'><strong>scientiis</strong></span> <span class='ocrx_word' id='word_1_125' title='bbox 1039 2160 1109 2227; x_wconf 91' lang='lat' dir='ltr'><strong>sive</strong></span> <span class='ocrx_word' id='word_1_126' title='bbox 1120 2159 1160 2227; x_wconf 88' lang='lat' dir='ltr'><strong>ad</strong></span> <span class='ocrx_word' id='word_1_127' title='bbox 1172 2155 1253 2224; x_wconf 85' lang='lat' dir='ltr'><strong>deir-</strong></span> 
     </span>
     <span class='ocr_line' id='line_1_17' title="bbox 127 2264 1252 2353; baseline -0.004 -19"><span class='ocrx_word' id='word_1_128' title='bbox 127 2268 272 2335; x_wconf 84' lang='lat' dir='ltr'><strong>nitiones</strong></span> <span class='ocrx_word' id='word_1_129' title='bbox 280 2266 350 2333; x_wconf 89' lang='lat' dir='ltr'><strong>sive</strong></span> <span class='ocrx_word' id='word_1_130' title='bbox 361 2266 404 2331; x_wconf 90' lang='lat' dir='ltr'><strong>ad</strong></span> <span class='ocrx_word' id='word_1_131' title='bbox 414 2266 518 2351; x_wconf 87' lang='lat' dir='ltr'><strong>prima</strong></span> <span class='ocrx_word' id='word_1_132' title='bbox 527 2264 684 2351; x_wconf 90' lang='lat' dir='ltr'><strong>principia</strong></span> <span class='ocrx_word' id='word_1_133' title='bbox 697 2266 892 2353; x_wconf 85' lang='lat' dir='ltr'><strong>colligenda,</strong></span> <span class='ocrx_word' id='word_1_134' title='bbox 910 2275 947 2333; x_wconf 93' lang='lat' dir='ltr'><strong>ut</strong></span> <span class='ocrx_word' id='word_1_135' title='bbox 961 2268 994 2333; x_wconf 95' lang='lat' dir='ltr'><strong>in</strong></span> <span class='ocrx_word' id='word_1_136' title='bbox 1005 2267 1123 2353; x_wconf 83' lang='lat' dir='ltr'><strong>Logica</strong></span> <span class='ocrx_word' id='word_1_137' title='bbox 1140 2264 1252 2350; x_wconf 88' lang='lat' dir='ltr'><strong>Majori</strong></span> 
     </span>
    </p>

    <p class='ocr_par' dir='ltr' id='par_1_7' title="bbox 85 2372 1256 3533">
     <span class='ocr_line' id='line_1_18' title="bbox 85 2372 1254 2458; baseline -0.005 -16"><span class='ocrx_word' id='word_1_138' title='bbox 85 2372 91 2382; x_wconf 87' lang='grc'><strong>’</strong></span> <span class='ocrx_word' id='word_1_139' title='bbox 124 2376 233 2442; x_wconf 81' lang='lat' dir='ltr'><strong>fusius</strong></span> <span class='ocrx_word' id='word_1_140' title='bbox 252 2374 489 2458; x_wconf 86' lang='lat' dir='ltr'><strong>exponendum</strong></span> <span class='ocrx_word' id='word_1_141' title='bbox 508 2373 580 2439; x_wconf 91' lang='lat' dir='ltr'><strong>erit.</strong></span> <span class='ocrx_word' id='word_1_142' title='bbox 602 2374 679 2439; x_wconf 81' lang='lat' dir='ltr'><strong>llaec</strong></span> <span class='ocrx_word' id='word_1_143' title='bbox 699 2375 787 2440; x_wconf 88' lang='lat' dir='ltr'><strong>enim</strong></span> <span class='ocrx_word' id='word_1_144' title='bbox 807 2374 995 2441; x_wconf 91' lang='lat' dir='ltr'><strong>communis</strong></span> <span class='ocrx_word' id='word_1_145' title='bbox 1012 2393 1079 2442; x_wconf 84' lang='lat' dir='ltr'><strong>vox</strong></span> <span class='ocrx_word' id='word_1_146' title='bbox 1098 2382 1149 2440; x_wconf 90' lang='lat' dir='ltr'><strong>est</strong></span> <span class='ocrx_word' id='word_1_147' title='bbox 1168 2379 1254 2438; x_wconf 88' lang='lat' dir='ltr'><strong>vete·</strong></span> 
     </span>
     <span class='ocr_line' id='line_1_19' title="bbox 123 2478 1254 2569; baseline -0.005 -19"><span class='ocrx_word' id='word_1_148' title='bbox 123 2502 201 2551; x_wconf 91' lang='lat' dir='ltr'><strong>rum</strong></span> <span class='ocrx_word' id='word_1_149' title='bbox 217 2482 496 2548; x_wconf 84' lang='lat' dir='ltr'><strong>Scholasticorum</strong></span> <span class='ocrx_word' id='word_1_150' title='bbox 521 2499 597 2547; x_wconf 84' lang='lat' dir='ltr'><strong>cunr</strong></span> <span class='ocrx_word' id='word_1_151' title='bbox 613 2480 785 2548; x_wconf 76' lang='lat' dir='ltr'><strong>Aristotele</strong></span> <span class='ocrx_word' id='word_1_152' title='bbox 799 2490 833 2546; x_wconf 86' lang='lat' dir='ltr'><strong>et</strong></span> <span class='ocrx_word' id='word_1_153' title='bbox 846 2480 882 2547; x_wconf 89' lang='lat' dir='ltr'><strong>S.</strong></span> <span class='ocrx_word' id='word_1_154' title='bbox 902 2482 1029 2549; x_wconf 81' lang='lat' dir='ltr'><strong>Thema</strong></span> <span class='ocrx_word' id='word_1_155' title='bbox 1044 2478 1114 2569; x_wconf 77' lang='lat'><strong>(3),</strong></span> <span class='ocrx_word' id='word_1_156' title='bbox 1136 2479 1254 2566; x_wconf 91' lang='lat' dir='ltr'><strong>princi-</strong></span> 
     </span>
     <span class='ocr_line' id='line_1_20' title="bbox 126 2586 1253 2676; baseline -0.005 -18"><span class='ocrx_word' id='word_1_157' title='bbox 126 2594 182 2676; x_wconf 90' lang='lat' dir='ltr'><strong>pia</strong></span> <span class='ocrx_word' id='word_1_158' title='bbox 201 2588 308 2676; x_wconf 92' lang='lat' dir='ltr'><strong>prima</strong></span> <span class='ocrx_word' id='word_1_159' title='bbox 328 2588 537 2655; x_wconf 83' lang='lat' dir='ltr'><strong>scientiarum</strong></span> <span class='ocrx_word' id='word_1_160' title='bbox 564 2586 694 2654; x_wconf 87' lang='lat' dir='ltr'><strong>nonnisi</strong></span> <span class='ocrx_word' id='word_1_161' title='bbox 716 2588 905 2656; x_wconf 86' lang='lat' dir='ltr'><strong>inductione</strong></span> <span class='ocrx_word' id='word_1_162' title='bbox 928 2588 1035 2676; x_wconf 77' lang='lat' dir='ltr'><strong>colligi</strong></span> <span class='ocrx_word' id='word_1_163' title='bbox 1056 2606 1166 2675; x_wconf 90' lang='lat' dir='ltr'><strong>posse.</strong></span> <span class='ocrx_word' id='word_1_164' title='bbox 1186 2588 1253 2653; x_wconf 89' lang='lat' dir='ltr'><strong>Nec</strong></span> 
     </span>
     <span class='ocr_line' id='line_1_21' title="bbox 124 2695 1255 2783; baseline -0.008 -14"><span class='ocrx_word' id='word_1_165' title='bbox 124 2718 209 2769; x_wconf 88' lang='lat' dir='ltr'><strong>vero</strong></span> <span class='ocrx_word' id='word_1_166' title='bbox 228 2697 454 2783; x_wconf 83' lang='lat' dir='ltr'><strong>distinguunt,</strong></span> <span class='ocrx_word' id='word_1_167' title='bbox 474 2705 512 2764; x_wconf 94' lang='lat' dir='ltr'><strong>ut</strong></span> <span class='ocrx_word' id='word_1_168' title='bbox 532 2695 668 2779; x_wconf 85' lang='lat' dir='ltr'><strong>quidam</strong></span> <span class='ocrx_word' id='word_1_169' title='bbox 689 2696 884 2764; x_wconf 83' lang='lat' dir='ltr'><strong>recentiores</strong></span> <span class='ocrx_word' id='word_1_170' title='bbox 904 2697 1044 2774; x_wconf 84' lang='lat' dir='ltr'><strong>iaciunt,</strong></span> <span class='ocrx_word' id='word_1_171' title='bbox 1065 2697 1148 2763; x_wconf 89' lang='lat' dir='ltr'><strong>inter</strong></span> <span class='ocrx_word' id='word_1_172' title='bbox 1166 2695 1255 2780; x_wconf 93' lang='lat' dir='ltr'><strong>prin·</strong></span> 
     </span>
     <span class='ocr_line' id='line_1_22' title="bbox 123 2803 1253 2893; baseline -0.006 -17"><span class='ocrx_word' id='word_1_173' title='bbox 123 2809 213 2893; x_wconf 89' lang='lat' dir='ltr'><strong>cipia</strong></span> <span class='ocrx_word' id='word_1_174' title='bbox 240 2803 405 2872; x_wconf 87' lang='lat' dir='ltr'><strong>rationalia</strong></span> <span class='ocrx_word' id='word_1_175' title='bbox 426 2814 459 2870; x_wconf 90' lang='lat' dir='ltr'><strong>et</strong></span> <span class='ocrx_word' id='word_1_176' title='bbox 482 2804 766 2888; x_wconf 88' lang='lat' dir='ltr'><strong>experimentalia,</strong></span> <span class='ocrx_word' id='word_1_177' title='bbox 787 2806 845 2871; x_wconf 91' lang='lat' dir='ltr'><strong>sed</strong></span> <span class='ocrx_word' id='word_1_178' title='bbox 866 2803 899 2871; x_wconf 91' lang='lat' dir='ltr'><strong>id</strong></span> <span class='ocrx_word' id='word_1_179' title='bbox 926 2804 1107 2892; x_wconf 79' lang='lat' dir='ltr'><strong>generatim</strong></span> <span class='ocrx_word' id='word_1_180' title='bbox 1134 2804 1253 2871; x_wconf 88' lang='lat' dir='ltr'><strong>docent</strong></span> 
     </span>
     <span class='ocr_line' id='line_1_23' title="bbox 125 2910 1254 2996; baseline -0.008 -12"><span class='ocrx_word' id='word_1_181' title='bbox 125 2919 171 2984; x_wconf 92' lang='lat' dir='ltr'><strong>de</strong></span> <span class='ocrx_word' id='word_1_182' title='bbox 206 2913 362 2980; x_wconf 90' lang='lat' dir='ltr'><strong>omnibus</strong></span> <span class='ocrx_word' id='word_1_183' title='bbox 390 2910 571 2996; x_wconf 89' lang='lat' dir='ltr'><strong>principiis:</strong></span> <span class='ocrx_word' id='word_1_184' title='bbox 605 2921 638 2978; x_wconf 88' lang='lat' dir='ltr'><strong>ct</strong></span> <span class='ocrx_word' id='word_1_185' title='bbox 666 2913 776 2978; x_wconf 88' lang='lat' dir='ltr'><strong>solum</strong></span> <span class='ocrx_word' id='word_1_186' title='bbox 808 2913 917 2996; x_wconf 83' lang='lat' dir='ltr'><strong>aliqua</strong></span> <span class='ocrx_word' id='word_1_187' title='bbox 947 2910 1168 2978; x_wconf 81' lang='lat' dir='ltr'><strong>controversia</strong></span> <span class='ocrx_word' id='word_1_188' title='bbox 1203 2919 1254 2976; x_wconf 90' lang='lat' dir='ltr'><strong>est</strong></span> 
     </span>
     <span class='ocr_line' id='line_1_24' title="bbox 125 3018 1253 3106; baseline -0.008 -15"><span class='ocrx_word' id='word_1_189' title='bbox 125 3025 215 3091; x_wconf 90' lang='lat' dir='ltr'><strong>inter</strong></span> <span class='ocrx_word' id='word_1_190' title='bbox 251 3039 327 3098; x_wconf 91' lang='lat' dir='ltr'><strong>eos,</strong></span> <span class='ocrx_word' id='word_1_191' title='bbox 357 3029 469 3086; x_wconf 90' lang='lat' dir='ltr'><strong>utrum</strong></span> <span class='ocrx_word' id='word_1_192' title='bbox 496 3037 562 3085; x_wconf 94' lang='lat' dir='ltr'><strong>non</strong></span> <span class='ocrx_word' id='word_1_193' title='bbox 594 3021 704 3086; x_wconf 91' lang='lat' dir='ltr'><strong>solum</strong></span> <span class='ocrx_word' id='word_1_194' title='bbox 737 3018 842 3105; x_wconf 86' lang='lat' dir='ltr'><strong>pn&#39;ma</strong></span> <span class='ocrx_word' id='word_1_195' title='bbox 871 3019 1026 3106; x_wconf 88' lang='lat' dir='ltr'><strong>principia</strong></span> <span class='ocrx_word' id='word_1_196' title='bbox 1051 3019 1253 3105; x_wconf 88' lang='lat' dir='ltr'><strong>singularum</strong></span> 
     </span>
     <span class='ocr_line' id='line_1_25' title="bbox 126 3124 1256 3211; baseline -0.007 -13"><span class='ocrx_word' id='word_1_197' title='bbox 126 3129 356 3211; x_wconf 87' lang='lat' dir='ltr'><strong>scientiarum,</strong></span> <span class='ocrx_word' id='word_1_198' title='bbox 386 3145 461 3211; x_wconf 86' lang='lat' dir='ltr'><strong>quae</strong></span> <span class='ocrx_word' id='word_1_199' title='bbox 489 3125 658 3209; x_wconf 72' lang='lat' dir='ltr'><strong>positiones</strong></span> <span class='ocrx_word' id='word_1_200' title='bbox 683 3138 858 3205; x_wconf 87' lang='lat' dir='ltr'><strong>vocantur,</strong></span> <span class='ocrx_word' id='word_1_201' title='bbox 889 3129 947 3194; x_wconf 89' lang='lat' dir='ltr'><strong>sed</strong></span> <span class='ocrx_word' id='word_1_202' title='bbox 976 3128 1074 3194; x_wconf 89' lang='lat' dir='ltr'><strong>etiam</strong></span> <span class='ocrx_word' id='word_1_203' title='bbox 1101 3124 1256 3211; x_wconf 87' lang='lat' dir='ltr'><strong>principia</strong></span> 
     </span>
     <span class='ocr_line' id='line_1_26' title="bbox 125 3232 1255 3319; baseline -0.007 -14"><span class='ocrx_word' id='word_1_204' title='bbox 125 3239 184 3306; x_wconf 88' lang='lat' dir='ltr'><strong>illa</strong></span> <span class='ocrx_word' id='word_1_205' title='bbox 197 3235 348 3303; x_wconf 80' lang='lat' dir='ltr'><strong>facillima</strong></span> <span class='ocrx_word' id='word_1_206' title='bbox 365 3243 400 3302; x_wconf 88' lang='lat' dir='ltr'><strong>et</strong></span> <span class='ocrx_word' id='word_1_207' title='bbox 417 3233 561 3301; x_wconf 85' lang='lat' dir='ltr'><strong>scientiis</strong></span> <span class='ocrx_word' id='word_1_208' title='bbox 575 3232 731 3300; x_wconf 89' lang='lat' dir='ltr'><strong>omnibus</strong></span> <span class='ocrx_word' id='word_1_209' title='bbox 744 3235 948 3313; x_wconf 89' lang='lat' dir='ltr'><strong>communia,</strong></span> <span class='ocrx_word' id='word_1_210' title='bbox 961 3234 1125 3319; x_wconf 70' lang='lat' dir='ltr'><strong>degnilclcs</strong></span> <span class='ocrx_word' id='word_1_211' title='bbox 1134 3249 1255 3316; x_wconf 91' lang='lat' dir='ltr'><strong>nempe</strong></span> 
     </span>
     <span class='ocr_line' id='line_1_27' title="bbox 126 3341 1255 3429; baseline -0.008 -17"><span class='ocrx_word' id='word_1_212' title='bbox 126 3347 184 3412; x_wconf 87' lang='lat' dir='ltr'><strong>vel</strong></span> <span class='ocrx_word' id='word_1_213' title='bbox 213 3342 395 3417; x_wconf 65' lang='lat' dir='ltr'><strong>omnmo,</strong></span> <span class='ocrx_word' id='word_1_214' title='bbox 432 3350 552 3426; x_wconf 89' lang='lat' dir='ltr'><strong>egeant</strong></span> <span class='ocrx_word' id='word_1_215' title='bbox 589 3341 795 3420; x_wconf 88' lang='lat' dir='ltr'><strong>inductione,</strong></span> <span class='ocrx_word' id='word_1_216' title='bbox 827 3352 865 3408; x_wconf 95' lang='lat' dir='ltr'><strong>ut</strong></span> <span class='ocrx_word' id='word_1_217' title='bbox 901 3343 1056 3429; x_wconf 86' lang='lat' dir='ltr'><strong>cognosci</strong></span> <span class='ocrx_word' id='word_1_218' title='bbox 1092 3360 1130 3406; x_wconf 88' lang='lat' dir='ltr'><strong>ac</strong></span> <span class='ocrx_word' id='word_1_219' title='bbox 1164 3345 1255 3406; x_wconf 89' lang='lat' dir='ltr'><strong>certo</strong></span> 
     </span>
     <span class='ocr_line' id='line_1_28' title="bbox 124 3447 1131 3533; baseline -0.006 -13"><span class='ocrx_word' id='word_1_220' title='bbox 124 3449 286 3520; x_wconf 81' lang='lat' dir='ltr'><strong>affirmari</strong></span> <span class='ocrx_word' id='word_1_221' title='bbox 303 3447 429 3533; x_wconf 89' lang='lat' dir='ltr'><strong>possint</strong></span> <span class='ocrx_word' id='word_1_222' title='bbox 451 3467 470 3513; x_wconf 88' lang='lat' dir='ltr'><strong>a</strong></span> <span class='ocrx_word' id='word_1_223' title='bbox 489 3459 601 3516; x_wconf 91' lang='lat' dir='ltr'><strong>mente</strong></span> <span class='ocrx_word' id='word_1_224' title='bbox 618 3458 741 3516; x_wconf 91' lang='lat' dir='ltr'><strong>nostra.</strong></span> <span class='ocrx_word' id='word_1_225' title='bbox 763 3450 886 3516; x_wconf 91' lang='lat' dir='ltr'><strong>Verum</strong></span> <span class='ocrx_word' id='word_1_226' title='bbox 906 3451 947 3518; x_wconf 91' lang='lat' dir='ltr'><strong>de</strong></span> <span class='ocrx_word' id='word_1_227' title='bbox 974 3450 1026 3517; x_wconf 89' lang='lat' dir='ltr'><strong>his</strong></span> <span class='ocrx_word' id='word_1_228' title='bbox 1044 3447 1131 3514; x_wconf 87' lang='lat' dir='ltr'><strong>alibi.</strong></span> 
     </span>
    </p>

    <p class='ocr_par' dir='ltr' id='par_1_8' title="bbox 125 3549 1410 3753">
     <span class='ocr_line' id='line_1_29' title="bbox 197 3549 1258 3646; baseline -0.008 -22"><span class='ocrx_word' id='word_1_229' title='bbox 197 3559 245 3624; x_wconf 84' lang='lat' dir='ltr'><strong>Ex</strong></span> <span class='ocrx_word' id='word_1_230' title='bbox 262 3575 330 3640; x_wconf 88' lang='lat' dir='ltr'><strong>quo</strong></span> <span class='ocrx_word' id='word_1_231' title='bbox 352 3557 418 3640; x_wconf 82' lang='lat' dir='ltr'><strong>jam</strong></span> <span class='ocrx_word' id='word_1_232' title='bbox 436 3555 548 3622; x_wconf 89' lang='lat' dir='ltr'><strong>statim</strong></span> <span class='ocrx_word' id='word_1_233' title='bbox 568 3555 736 3640; x_wconf 89' lang='lat' dir='ltr'><strong>perspicis,</strong></span> <span class='ocrx_word' id='word_1_234' title='bbox 758 3576 857 3641; x_wconf 92' lang='lat' dir='ltr'><strong>quam</strong></span> <span class='ocrx_word' id='word_1_235' title='bbox 879 3560 956 3646; x_wconf 87' lang='lat' dir='ltr'><strong>lalsa</strong></span> <span class='ocrx_word' id='word_1_236' title='bbox 982 3557 1025 3624; x_wconf 90' lang='lat' dir='ltr'><strong>sit</strong></span> <span class='ocrx_word' id='word_1_237' title='bbox 1047 3571 1163 3621; x_wconf 92' lang='lat' dir='ltr'><strong>eorum</strong></span> <span class='ocrx_word' id='word_1_238' title='bbox 1186 3549 1258 3636; x_wconf 87' lang='lat' dir='ltr'><strong>opi·</strong></span> 
     </span>
     <span class='ocr_line' id='line_1_30' title="bbox 125 3659 1410 3753; baseline -0.012 -20"><span class='ocrx_word' id='word_1_239' title='bbox 125 3669 204 3742; x_wconf 88' lang='lat' dir='ltr'><strong>nio,</strong></span> <span class='ocrx_word' id='word_1_240' title='bbox 223 3662 281 3750; x_wconf 88' lang='lat' dir='ltr'><strong>qui</strong></span> <span class='ocrx_word' id='word_1_241' title='bbox 299 3683 376 3729; x_wconf 93' lang='lat' dir='ltr'><strong>cum</strong></span> <span class='ocrx_word' id='word_1_242' title='bbox 391 3661 519 3731; x_wconf 83' lang='lat' dir='ltr'><strong>rnoma</strong></span> <span class='ocrx_word' id='word_1_243' title='bbox 536 3659 634 3739; x_wconf 85' lang='lat' dir='ltr'><strong>Reid,</strong></span> <span class='ocrx_word' id='word_1_244' title='bbox 653 3661 705 3751; x_wconf 82' lang='lat'><strong>(4)</strong></span> <span class='ocrx_word' id='word_1_245' title='bbox 723 3663 1005 3749; x_wconf 63' lang='lat' dir='ltr'><strong>Dugaldbtewart</strong></span> <span class='ocrx_word' id='word_1_246' title='bbox 1017 3661 1085 3753; x_wconf 82' lang='lat'><strong>(5),</strong></span> <span class='ocrx_word' id='word_1_247' title='bbox 1104 3661 1256 3742; x_wconf 86' lang='lat' dir='ltr'><strong>aliisque,</strong></span> <span class='ocrx_word' id='word_1_248' title='bbox 1342 3674 1410 3720; x_wconf 68' lang='lat' dir='ltr'><strong>rau·</strong></span> 
     </span>
    </p>

    <p class='ocr_par' dir='ltr' id='par_1_9' title="bbox 17 3745 1451 3874">
     <span class='ocr_line' id='line_1_31' title="bbox 124 3745 1451 3874; baseline -0.01 -32.045"><span class='ocrx_word' id='word_1_249' title='bbox 124 3773 335 3857; x_wconf 84' lang='lat' dir='ltr'><strong>scripserunt</strong></span> <span class='ocrx_word' id='word_1_250' title='bbox 359 3769 572 3836; x_wconf 78' lang='lat' dir='ltr'><strong>Aristotelem</strong></span> <span class='ocrx_word' id='word_1_251' title='bbox 603 3778 805 3856; x_wconf 87' lang='lat' dir='ltr'><strong>caeterosque</strong></span> <span class='ocrx_word' id='word_1_252' title='bbox 826 3771 963 3858; x_wconf 75' lang='lat' dir='ltr'><strong>logicos</strong></span> <span class='ocrx_word' id='word_1_253' title='bbox 988 3780 1064 3838; x_wconf 89' lang='lat' dir='ltr'><strong>ante</strong></span> <span class='ocrx_word' id='word_1_254' title='bbox 1096 3771 1259 3836; x_wconf 87' lang='lat' dir='ltr'><strong>Baconem</strong></span> <span class='ocrx_word' id='word_1_255' title='bbox 1301 3745 1451 3874; x_wconf 52' lang='grc' dir='ltr'><strong>ᾙἬ</strong></span> 
     </span>
    </p>
   </div>
   <div class='ocr_carea' id='block_1_3' title="bbox 122 3947 1273 4651">
    <p class='ocr_par' dir='ltr' id='par_1_10' title="bbox 145 3947 766 4022">
     <span class='ocr_line' id='line_1_32' title="bbox 145 3947 766 4022; baseline 0.013 -24"><span class='ocrx_word' id='word_1_256' title='bbox 145 3957 208 4018; x_wconf 73' lang='grc' dir='ltr'><strong>,(ι)</strong></span> <span class='ocrx_word' id='word_1_257' title='bbox 245 3949 312 4008; x_wconf 88' lang='lat' dir='ltr'><strong>Lib.</strong></span> <span class='ocrx_word' id='word_1_258' title='bbox 336 3967 347 4006; x_wconf 90' lang='lat' dir='ltr'><strong>r</strong></span> <span class='ocrx_word' id='word_1_259' title='bbox 366 3947 500 4022; x_wconf 77' lang='lat' dir='ltr'><strong>Topr&#39;cor.</strong></span> <span class='ocrx_word' id='word_1_260' title='bbox 515 3967 579 4018; x_wconf 83' lang='lat' dir='ltr'><strong>cap.</strong></span> <span class='ocrx_word' id='word_1_261' title='bbox 601 3966 633 4005; x_wconf 89' lang='grc' dir='ltr'><strong>ιο</strong></span> <span class='ocrx_word' id='word_1_262' title='bbox 644 3947 694 4020; x_wconf 84' lang='lat' dir='ltr'><strong>(nl.</strong></span> <span class='ocrx_word' id='word_1_263' title='bbox 710 3953 766 4015; x_wconf 89' lang='lat' dir='ltr'><strong>ra.)</strong></span> 
     </span>
    </p>

    <p class='ocr_par' dir='ltr' id='par_1_11' title="bbox 122 4031 1270 4565">
     <span class='ocr_line' id='line_1_33' title="bbox 161 4031 1264 4112; baseline -0.01 -13"><span class='ocrx_word' id='word_1_264' title='bbox 161 4040 208 4112; x_wconf 79' lang='lat'><strong>(2)</strong></span> <span class='ocrx_word' id='word_1_265' title='bbox 243 4037 343 4111; x_wconf 77' lang='lat' dir='ltr'><strong>Apud.</strong></span> <span class='ocrx_word' id='word_1_266' title='bbox 364 4035 543 4096; x_wconf 87' lang='lat' dir='ltr'><strong>Conimbric.</strong></span> <span class='ocrx_word' id='word_1_267' title='bbox 556 4037 589 4096; x_wconf 89' lang='lat' dir='ltr'><strong>in</strong></span> <span class='ocrx_word' id='word_1_268' title='bbox 605 4037 686 4098; x_wconf 81' lang='lat' dir='ltr'><strong>brevi</strong></span> <span class='ocrx_word' id='word_1_269' title='bbox 700 4037 824 4099; x_wconf 81' lang='lat' dir='ltr'><strong>Summa</strong></span> <span class='ocrx_word' id='word_1_270' title='bbox 837 4039 905 4100; x_wconf 88' lang='lat' dir='ltr'><strong>libri</strong></span> <span class='ocrx_word' id='word_1_271' title='bbox 919 4037 1039 4098; x_wconf 86' lang='lat' dir='ltr'><strong>secundi</strong></span> <span class='ocrx_word' id='word_1_272' title='bbox 1050 4037 1152 4096; x_wconf 82' lang='lat' dir='ltr'><strong>Prior.</strong></span> <span class='ocrx_word' id='word_1_273' title='bbox 1173 4031 1264 4090; x_wconf 74' lang='lat' dir='ltr'><strong>Aac·</strong></span> 
     </span>
     <span class='ocr_line' id='line_1_34' title="bbox 124 4131 248 4192; baseline -0.048 0"><span class='ocrx_word' id='word_1_274' title='bbox 124 4131 248 4192; x_wconf 74' lang='lat' dir='ltr'><strong>tricor.</strong></span> 
     </span>
     <span class='ocr_line' id='line_1_35' title="bbox 129 4156 1264 4294; baseline 0.004 -22"><span class='ocrx_word' id='word_1_275' title='bbox 129 4156 208 4294; x_wconf 74' lang='lat' dir='ltr'><strong>y(3)</strong></span> <span class='ocrx_word' id='word_1_276' title='bbox 246 4215 323 4275; x_wconf 84' lang='lat' dir='ltr'><strong>Vide</strong></span> <span class='ocrx_word' id='word_1_277' title='bbox 331 4215 482 4275; x_wconf 79' lang='lat' dir='ltr'><strong>Arietlib.</strong></span> <span class='ocrx_word' id='word_1_278' title='bbox 495 4217 654 4276; x_wconf 84' lang='lat' dir='ltr'><strong>r.·Poslcr.</strong></span> <span class='ocrx_word' id='word_1_279' title='bbox 667 4239 730 4291; x_wconf 83' lang='lat' dir='ltr'><strong>cap.</strong></span> <span class='ocrx_word' id='word_1_280' title='bbox 745 4239 793 4294; x_wconf 80' lang='lat'><strong>14,</strong></span> <span class='ocrx_word' id='word_1_281' title='bbox 805 4231 836 4278; x_wconf 88' lang='lat' dir='ltr'><strong>et</strong></span> <span class='ocrx_word' id='word_1_282' title='bbox 846 4217 917 4277; x_wconf 84' lang='lat' dir='ltr'><strong>ibid.</strong></span> <span class='ocrx_word' id='word_1_283' title='bbox 932 4216 965 4277; x_wconf 90' lang='lat' dir='ltr'><strong>S.</strong></span> <span class='ocrx_word' id='word_1_284' title='bbox 976 4215 1088 4274; x_wconf 88' lang='lat' dir='ltr'><strong>Thom.</strong></span> <span class='ocrx_word' id='word_1_285' title='bbox 1102 4209 1187 4282; x_wconf 86' lang='lat' dir='ltr'><strong>(lect.</strong></span> <span class='ocrx_word' id='word_1_286' title='bbox 1205 4212 1264 4282; x_wconf 76' lang='lat'>30)3</span> 
     </span>
     <span class='ocr_line' id='line_1_36' title="bbox 123 4299 1267 4381; baseline 0.002 -19"><span class='ocrx_word' id='word_1_287' title='bbox 123 4313 223 4371; x_wconf 73' lang='lat' dir='ltr'><strong>Arist.</strong></span> <span class='ocrx_word' id='word_1_288' title='bbox 247 4305 299 4364; x_wconf 89' lang='lat' dir='ltr'><strong>lib.</strong></span> <span class='ocrx_word' id='word_1_289' title='bbox 317 4325 335 4364; x_wconf 87' lang='lat' dir='ltr'><strong>a</strong></span> <span class='ocrx_word' id='word_1_290' title='bbox 349 4305 510 4364; x_wconf 76' lang='lat' dir='ltr'><strong>Posterior.</strong></span> <span class='ocrx_word' id='word_1_291' title='bbox 528 4306 713 4380; x_wconf 79' lang='lat' dir='ltr'><strong>Anclylicor.</strong></span> <span class='ocrx_word' id='word_1_292' title='bbox 729 4327 792 4381; x_wconf 83' lang='lat' dir='ltr'><strong>oap.</strong></span> <span class='ocrx_word' id='word_1_293' title='bbox 809 4307 844 4365; x_wconf 78' lang='lat'><strong>18</strong></span> <span class='ocrx_word' id='word_1_294' title='bbox 862 4319 892 4365; x_wconf 86' lang='lat' dir='ltr'><strong>et</strong></span> <span class='ocrx_word' id='word_1_295' title='bbox 906 4305 943 4366; x_wconf 89' lang='lat' dir='ltr'><strong>ib.</strong></span> <span class='ocrx_word' id='word_1_296' title='bbox 962 4303 997 4364; x_wconf 82' lang='lat' dir='ltr'><strong>S·</strong></span> <span class='ocrx_word' id='word_1_297' title='bbox 1011 4302 1121 4360; x_wconf 85' lang='lat' dir='ltr'><strong>Thom.</strong></span> <span class='ocrx_word' id='word_1_298' title='bbox 1137 4299 1204 4356; x_wconf 84' lang='lat' dir='ltr'><strong>lect.</strong></span> <span class='ocrx_word' id='word_1_299' title='bbox 1221 4314 1267 4363; x_wconf 73' lang='lat' dir='ltr'><strong>aot</strong></span> 
     </span>
     <span class='ocr_line' id='line_1_37' title="bbox 122 4384 1270 4468; baseline -0.005 -16"><span class='ocrx_word' id='word_1_300' title='bbox 122 4398 222 4462; x_wconf 72' lang='lat' dir='ltr'><strong>Arist.</strong></span> <span class='ocrx_word' id='word_1_301' title='bbox 237 4395 290 4454; x_wconf 85' lang='lat' dir='ltr'><strong>lib.</strong></span> <span class='ocrx_word' id='word_1_302' title='bbox 307 4395 516 4468; x_wconf 76' lang='lat' dir='ltr'><strong>r.⁰Meloplr.c.</strong></span> <span class='ocrx_word' id='word_1_303' title='bbox 527 4415 538 4452; x_wconf 89' lang='lat' dir='ltr'><strong>r</strong></span> <span class='ocrx_word' id='word_1_304' title='bbox 548 4417 557 4465; x_wconf 70' lang='grc' dir='ltr'><strong>ς</strong></span> <span class='ocrx_word' id='word_1_305' title='bbox 569 4395 640 4455; x_wconf 86' lang='lat' dir='ltr'><strong>etS.</strong></span> <span class='ocrx_word' id='word_1_306' title='bbox 650 4395 756 4456; x_wconf 88' lang='lat' dir='ltr'><strong>Thom.</strong></span> <span class='ocrx_word' id='word_1_307' title='bbox 771 4398 810 4457; x_wconf 88' lang='lat' dir='ltr'><strong>ib.</strong></span> <span class='ocrx_word' id='word_1_308' title='bbox 826 4398 892 4454; x_wconf 84' lang='lat' dir='ltr'><strong>leot.</strong></span> <span class='ocrx_word' id='word_1_309' title='bbox 912 4401 964 4465; x_wconf 79' lang='lat'><strong>1.‘;</strong></span> <span class='ocrx_word' id='word_1_310' title='bbox 981 4387 1187 4458; x_wconf 83' lang='lat' dir='ltr'><strong>Suarezdisp.</strong></span> <span class='ocrx_word' id='word_1_311' title='bbox 1201 4384 1270 4441; x_wconf 80' lang='lat' dir='ltr'><strong>Me·</strong></span> 
     </span>
     <span class='ocr_line' id='line_1_38' title="bbox 122 4471 1270 4565; baseline -0.008 -22"><span class='ocrx_word' id='word_1_312' title='bbox 122 4489 211 4565; x_wconf 69' lang='lat' dir='ltr'><strong>paple.</strong></span> <span class='ocrx_word' id='word_1_313' title='bbox 223 4497 327 4555; x_wconf 81' lang='lat' dir='ltr'><strong>r,acct.</strong></span> <span class='ocrx_word' id='word_1_314' title='bbox 338 4484 512 4554; x_wconf 74' lang='lat' dir='ltr'><strong>63Fonaeon,</strong></span> <span class='ocrx_word' id='word_1_315' title='bbox 524 4483 631 4554; x_wconf 81' lang='lat' dir='ltr'><strong>Mauri,</strong></span> <span class='ocrx_word' id='word_1_316' title='bbox 639 4485 744 4555; x_wconf 72' lang='lat' dir='ltr'><strong>tolet..</strong></span> <span class='ocrx_word' id='word_1_317' title='bbox 753 4483 934 4545; x_wconf 86' lang='lat' dir='ltr'><strong>Conimbric.</strong></span> <span class='ocrx_word' id='word_1_318' title='bbox 943 4495 998 4540; x_wconf 87' lang='lat' dir='ltr'><strong>etc.</strong></span> <span class='ocrx_word' id='word_1_319' title='bbox 1008 4479 1040 4536; x_wconf 88' lang='lat' dir='ltr'><strong>in</strong></span> <span class='ocrx_word' id='word_1_320' title='bbox 1048 4477 1102 4536; x_wconf 87' lang='lat' dir='ltr'><strong>cit.</strong></span> <span class='ocrx_word' id='word_1_321' title='bbox 1111 4476 1167 4533; x_wconf 84' lang='lat' dir='ltr'><strong>loc.</strong></span> <span class='ocrx_word' id='word_1_322' title='bbox 1178 4471 1270 4529; x_wconf 79' lang='lat' dir='ltr'><strong>Arist·</strong></span> 
     </span>
    </p>

    <p class='ocr_par' dir='ltr' id='par_1_12' title="bbox 159 4561 1273 4651">
     <span class='ocr_line' id='line_1_39' title="bbox 159 4561 1273 4651; baseline 0.002 -18"><span class='ocrx_word' id='word_1_323' title='bbox 159 4583 207 4651; x_wconf 83' lang='lat'><strong>(4)</strong></span> <span class='ocrx_word' id='word_1_324' title='bbox 243 4575 378 4647; x_wconf 63' lang='lat' dir='ltr'><strong>natyra</strong></span> <span class='ocrx_word' id='word_1_325' title='bbox 391 4575 427 4632; x_wconf 82' lang='lat' dir='ltr'><strong>dc</strong></span> <span class='ocrx_word' id='word_1_326' title='bbox 440 4573 473 4630; x_wconf 83' lang='lat' dir='ltr'><strong>lc</strong></span> <span class='ocrx_word' id='word_1_327' title='bbox 485 4573 589 4649; x_wconf 73' lang='lat' dir='ltr'><strong>Logiq.</strong></span> <span class='ocrx_word' id='word_1_328' title='bbox 604 4575 636 4631; x_wconf 81' lang='lat' dir='ltr'><strong>d&#39;</strong></span> <span class='ocrx_word' id='word_1_329' title='bbox 650 4575 777 4634; x_wconf 80' lang='lat' dir='ltr'><strong>Aristol.</strong></span> <span class='ocrx_word' id='word_1_330' title='bbox 804 4575 900 4645; x_wconf 83' lang='lat' dir='ltr'><strong>Chap.</strong></span> <span class='ocrx_word' id='word_1_331' title='bbox 920 4570 979 4639; x_wconf 71' lang='lat' dir='ltr'><strong>vl,</strong></span> <span class='ocrx_word' id='word_1_332' title='bbox 995 4579 1068 4626; x_wconf 74' lang='lat' dir='ltr'><strong>sect·</strong></span> <span class='ocrx_word' id='word_1_333' title='bbox 1092 4584 1121 4633; x_wconf 65' lang='lat'><strong>22</strong></span> <span class='ocrx_word' id='word_1_334' title='bbox 1137 4561 1273 4620; x_wconf 70' lang='lat' dir='ltr'>OE⁰V¹⁰⁸</span> 
     </span>
    </p>
   </div>
   <div class='ocr_carea' id='block_1_4' title="bbox 124 4663 1239 4828">
    <p class='ocr_par' dir='ltr' id='par_1_13' title="bbox 124 4663 1239 4828">
     <span class='ocr_line' id='line_1_40' title="bbox 124 4663 569 4736; baseline -0.022 -6"><span class='ocrx_word' id='word_1_335' title='bbox 124 4685 203 4730; x_wconf 88' lang='lat' dir='ltr'><strong>tom.</strong></span> <span class='ocrx_word' id='word_1_336' title='bbox 223 4684 249 4734; x_wconf 91' lang='lat' dir='ltr'><strong>r,</strong></span> <span class='ocrx_word' id='word_1_337' title='bbox 263 4685 293 4736; x_wconf 90' lang='lat' dir='ltr'><strong>p.</strong></span> <span class='ocrx_word' id='word_1_338' title='bbox 310 4680 373 4736; x_wconf 63' lang='grc' dir='ltr'><strong>σος,</strong></span> <span class='ocrx_word' id='word_1_339' title='bbox 390 4663 475 4721; x_wconf 81' lang='lat' dir='ltr'><strong>Paris</strong></span> <span class='ocrx_word' id='word_1_340' title='bbox 491 4663 569 4736; x_wconf 79' lang='lat'><strong>1836.</strong></span> 
     </span>
     <span class='ocr_line' id='line_1_41' title="bbox 163 4736 1239 4828; baseline -0.019 -16"><span class='ocrx_word' id='word_1_341' title='bbox 163 4759 208 4828; x_wconf 84' lang='lat'><strong>(5)</strong></span> <span class='ocrx_word' id='word_1_342' title='bbox 244 4753 396 4811; x_wconf 68' lang='lat' dir='ltr'><strong>Elementa</strong></span> <span class='ocrx_word' id='word_1_343' title='bbox 409 4760 464 4809; x_wconf 84' lang='lat' dir='ltr'><strong>etc.</strong></span> <span class='ocrx_word' id='word_1_344' title='bbox 479 4751 554 4810; x_wconf 82' lang='lat' dir='ltr'><strong>trtd.</strong></span> <span class='ocrx_word' id='word_1_345' title='bbox 570 4752 683 4825; x_wconf 69' lang='lat' dir='ltr'><strong>Peiore,</strong></span> <span class='ocrx_word' id='word_1_346' title='bbox 698 4768 775 4826; x_wconf 79' lang='lat' dir='ltr'><strong>part.</strong></span> <span class='ocrx_word' id='word_1_347' title='bbox 785 4751 872 4822; x_wconf 76' lang='lat' dir='ltr'><strong>a,&#39;ch.</strong></span> <span class='ocrx_word' id='word_1_348' title='bbox 883 4768 912 4820; x_wconf 80' lang='lat'><strong>4,</strong></span> <span class='ocrx_word' id='word_1_349' title='bbox 927 4759 998 4806; x_wconf 85' lang='lat' dir='ltr'><strong>aect.</strong></span> <span class='ocrx_word' id='word_1_350' title='bbox 1011 4763 1040 4812; x_wconf 82' lang='lat' dir='ltr'><strong>a,</strong></span> <span class='ocrx_word' id='word_1_351' title='bbox 1057 4738 1148 4799; x_wconf 78' lang='lat' dir='ltr'><strong>Paris</strong></span> <span class='ocrx_word' id='word_1_352' title='bbox 1162 4736 1239 4804; x_wconf 79' lang='lat'>1845·</span> 
     </span>
    </p>
   </div>
   <div class='ocr_carea' id='block_1_5' title="bbox 0 0 1751 5525">
    <p class='ocr_par' dir='ltr' id='par_1_14' title="bbox 0 0 1751 5525">
     <span class='ocr_line' id='line_1_42' title="bbox 0 0 1751 5525; baseline 0 0"><span class='ocrx_word' id='word_1_353' title='bbox 0 0 1751 5525; x_wconf 95' lang='lat' dir='ltr'><strong> </strong></span> 
     </span>
    </p>
   </div>
  </div>
 </body>
</html>
