3492 5525
550 408 629 493 1046
741 409 866 475 Locros
888 410 1115 487 Maron—Lan.
1141 426 1210 488 au,
1233 412 1325 475 Drsa.
1352 422 1393 493 5.·

572 590 752 676 Propositio
770 593 886 669 etiam,
907 593 980 660 licet
998 594 1080 663 inse
1094 594 1455 680 compositiouuaedam
1476 590 1620 657 mentalis

507 699 568 777 sil,
602 719 661 785 pro
694 701 783 767 vario
813 712 925 768 tamen
955 702 1055 769 modo
1087 702 1282 788 procedendi
1307 700 1467 789 analytica
1493 708 1545 765 est
1573 698 1619 763 vel

506 808 701 895 synthetica.
737 808 916 896 Analyticae
944 828 1087 894 namque
1122 820 1202 878 sunt
1230 828 1348 877 omnes
1377 810 1439 875 illae
1478 806 1622 893 proposi·

507 916 626 993 tiones,
646 917 819 1001 inquibus
838 917 1049 1002 praedicatum
1070 919 1202 987 exhibet
1225 918 1346 1002 aliquid
1369 916 1558 989 essentiale,
1586 924 1621 979 ut

507 1024 534 1091 sl
553 1025 657 1091 dicas:
677 1026 825 1093 bomo-cst
839 1027 975 1103 animal,
998 1028 1048 1092 vel
1068 1027 1156 1093 bonae
1169 1031 1215 1093 est
1227 1026 1391 1093 rationalis
1406 1033 1470 1091 etc.
1486 1023 1622 1110 Synthe-

507 1133 672 1200 ticaevero
690 1132 769 1213 illae,
790 1136 959 1219 inquibus
984 1136 1193 1229 predicatum
1219 1134 1370 1219 exprimit
1397 1132 1519 1216 aliquid
1545 1130 1622 1196 acci-

506 1241 635 1307 dentale
665 1253 814 1327 respectu
845 1244 1000 1328 subjecti,
1035 1254 1074 1326 ut,
1108 1246 1177 1311 haec
1212 1243 1403 1329 propositio:
1432 1242 1546 1307 Petrus
1580 1240 1624 1303 e'rl

504 1348 671 1418 musicus..

572 1454 719 1541 Denique
735 1461 829 1526 tertia
859 1462 981 1527 mentis
1005 1461 1149 1546 operatio
1176 1459 1335 1546 analytica
1371 1458 1443 1531 erit,
1477 1464 1621 1539 spectato

505 1562 607 1629 modo
626 1567 837 1648 procedendi,
858 1568 885 1634 si
904 1569 1102 1635 ratiocinatio
1121 1567 1306 1635 exordiatur
1326 1586 1345 1632 a
1367 1563 1620 1631 consideratione

504 1672 747 1749 effectuumad
760 1674 1469 1761 causaminlerendam,velaproprietatibus
1481 1672 1521 1737 ad
1530 1678 1622 1735 natu-

505 1798 575 1845 ram
594 1792 671 1861 etc.;
683 1782 868 1869 synthetica
887 1783 1004 1850 verosi
1024 1784 1360 1851 econverso'acausis
1368 1781 1537 1866 arguimus
1547 1779 1621 1843 clle-

505 1895 613 1963 ctum,
643 1891 694 1955 vel
726 1910 745 1955 a
777 1899 893 1957 natura
911 1891 1099 1959 derivamus
1119 1892 1342 1978 proprietates.
1376 1890 1431 1955 Est
1467 1898 1621 1973 praeterea

505 1996 657 2078 quaedam
696 1998 799 2063 forma
831 1998 990 2085 arguendi
1026 2001 1238 2066 essentialiter
1267 1996 1442 2085 analytica,
1477 1992 1621 2059 inductio

506 2122 642 2189 nempe,
669 2103 782 2189 inqua
808 2126 826 2171 a
850 2107 997 2191 partibus
1014 2118 1140 2183 toturn,
1161 2106 1202 2173 ab
1221 2106 1423 2173 inferioribus
1444 2104 1620 2185 minusque

505 2212 743 2281 universalibus
761 2214 928 2299 superiora
947 2224 979 2280 et
992 2216 1220 2281 universaliora
1240 2215 1452 2298 colliguntur3
1469 2210 1619 2294 quaedam

505 2338 582 2385 vero
599 2320 798 2408 synthetica,
829 2341 949 2407 nempe
969 2324 1197 2410 syllogismus,
1225 2324 1257 2388 in
1286 2340 1352 2405 quo
1370 2318 1551 2406 generatim
1575 2336 1620 2380 ex

503 2428 611 2511 aliquo
631 2429 786 2513 principio
805 2430 1024 2497 universaliori
1040 2432 1071 2497 in
1092 2431 1267 2515 praemissis
1286 2436 1473 2512 assumpto,
1499 2424 1621 2508 aliquid

505 2537 609 2619 magis
637 2537 825 2620 particulare
857 2538 1075 2615 concluditur,
1107 2558 1146 2605 ex
1179 2539 1209 2603 vl
1237 2536 1357 2603 scilicet
1386 2534 1619 2621 principiorum

504 2643 580 2709 Dici
595 2645 738 2710 rie-omni
747 2654 780 2710 et
799 2646 876 2710 Dici
891 2648 930 2710 de
947 2649 1046 2711 nullo.

570 2751 679 2818 Unum
699 2763 810 2818 tamen
830 2762 941 2819 notare
961 2755 1066 2836 juvat,
1083 2754 1110 2820 si
1129 2773 1239 2819 sermo
1255 2752 1296 2818 sit
1309 2752 1351 2818 de
1369 2750 1494 2836 integra
1514 2748 1618 2832 aliqua

422 2934 470 2963 “m
503 2860 652 2936 scientia,
673 2862 796 2926 nullam
815 2879 904 2938 esse,
926 2881 1000 2944 quae
1022 2861 1115 2927 unice
1141 2859 1192 2926 via
1217 2860 1357 2946 analysis
1383 2861 1433 2926 vel
1456 2857 1619 2945 synthesis

503 2969 671 3052 procedat,
692 2970 750 3034 sed
770 2969 802 3033 in
821 2968 977 3036 omnibus
995 2970 1086 3035 adest
1104 2968 1225 3052 aliquid
1253 2969 1292 3034 de
1322 2977 1476 3051 utraque:
1506 2967 1619 3032 nihilo

503 3075 613 3142 minus
644 3086 741 3160 prout
771 3077 970 3160 frequentior
997 3078 1037 3143 sit
1071 3095 1150 3143 usus
1181 3077 1323 3164 analysis
1353 3077 1405 3142 vel
1438 3073 1613 3162 synthesis,

502 3184 683 3268 appellatur
707 3184 883 3250 methodus
907 3185 1042 3270 alicujus
1066 3183 1210 3251 scientiae
1229 3186 1280 3250 vel
1300 3183 1370 3250 libri
1385 3181 1544 3270 analytica
1562 3193 1616 3244 aut

500 3291 693 3376 synthetica.

369 3437 382 3466 a
415 3435 447 3464 ..a
495 3397 502 3408 '
567 3399 689 3463 Eodem
710 3399 811 3464 modo
828 3398 1076 3485 intelligendum
1090 3408 1142 3466 est
1160 3400 1250 3474 illud,
1270 3400 1360 3482 quod
1379 3397 1440 3465 dici
1453 3398 1534 3464 solet
1549 3417 1616 3462 me-

481 3507 642 3590 ‚rhodum
661 3507 853 3593 analyticam
875 3507 1035 3591 propriam
1066 3526 1138 3574 esse
1163 3506 1378 3583 inventionis,
1399 3505 1614 3593 syntheticam

502 3633 579 3680 vero
599 3614 766 3682 doctrine.
792 3615 968 3683 Methodus
994 3615 1152 3702 analytica
1180 3625 1229 3680 est
1255 3615 1383 3699 propria
1406 3613 1614 3684 inventionis,

501 3720 576 3805 quia
598 3723 705 3806 aptior
729 3735 780 3789 est
802 3722 899 3787 rebus
926 3742 962 3788 ac
991 3723 1239 3807 proprietatibus
1267 3722 1414 3788 nondum
1444 3722 1615 3806 exploratis

500 3820 570 3896 sine
597 3848 703 3896 errore
730 3830 978 3915 cognoscendis.
1000 3829 1033 3896 Si
1061 3831 1147 3896 enim
1177 3849 1227 3896 res
1250 3831 1360 3916 ignota
1383 3840 1453 3908 est,
1475 3831 1615 3896 nescitur

500 3938 540 4003 ad
560 3938 649 4021 quod
667 3955 773 4022 genus
785 3937 959 4021 pertineat,
979 3957 1038 4004 nec
1057 3937 1116 4005 nisi
1135 3939 1347 4024 conjectando
1361 3949 1486 4006 etcum
1500 3939 1616 4002 erroris

500 4046 645 4130 periculo
667 4045 746 4111 illud
772 4045 938 4131 assignare
961 4045 1156 4136 poterimus,
1177 4046 1281 4111 donec
1305 4045 1448 4132 analysis
1465 4045 1616 4111 adhibea-

499 4162 569 4229 tur,
591 4162 623 4218 et
650 4173 714 4238 ope
741 4153 991 4238 comparationis
1015 4171 1090 4219 cum
1114 4153 1183 4219 aliis
1203 4154 1299 4218 rebus
1326 4152 1487 4219 similibus
1508 4152 1616 4235 aliqua

499 4263 602 4346 major
621 4261 706 4326 illius
725 4261 837 4327 notitia
855 4270 1075 4346 comparetur.
1095 4261 1204 4327 Partes
1227 4262 1308 4326 item'
1325 4279 1361 4324 ac
1380 4259 1551 4344 praedicata
1570 4260 1615 4324 rei

499 4368 682 4434 essentialia
712 4370 835 4455 analysi
863 4367 1101 4454 distinguendae
1132 4378 1227 4444 sunt,
1262 4377 1297 4434 ut
1326 4365 1463 4434 seorsim
1498 4367 1616 4432 melius

497 4488 747 4560 cognoscantur.
763 4475 908 4551 Accedit,
922 4477 1011 4558 quod
1030 4494 1105 4541 curn
1126 4495 1187 4543 nos
1205 4497 1223 4542 a
1242 4476 1394 4542 sensibus
1411 4474 1617 4560 cognitiones

499 4596 625 4651 nostras
644 4583 853 4659 inchoemus,
875 4592 1023 4650 naturam
1044 4602 1168 4660 rerum,
1190 4586 1305 4650 saltem
1324 4601 1552 4667 corporearum
1578 4603 1618 4648 ac

500 4691 726 4768 materialium,
748 4712 789 4758 ex
808 4691 1075 4776 proprietatibus,
1096 4691 1306 4776 proprietates
1320 4700 1432 4758 autern
1448 4709 1489 4760 ex
1503 4711 1619 4776 opera-
