3492 5525
546 465 604 530 4⁰2
834 446 963 530 Loorca
983 444 1217 520 alnon-Lm.
1237 460 1294 508 ra·

812 855 1313 1171 stamar.

716 1357 834 1466 DE
902 1329 1419 1534 CQRHS.

574 1705 673 1772 Plena
699 1705 741 1772 de
768 1704 902 1774 criteriis
920 1703 1068 1774 tractatio
1094 1702 1178 1772 tradi
1196 1703 1328 1788 nequit,
1356 1701 1417 1768 nisi
1443 1699 1533 1787 prius
1558 1699 1633 1786 ipsa

508 1811 652 1882 ueritatis
671 1812 761 1880 notio
779 1821 812 1879 et
831 1819 945 1878 natura
959 1812 1163 1887 enucleetur,
1180 1811 1317 1896 ejusque
1334 1818 1424 1876 certo
1435 1825 1634 1894 comparan-

507 1919 559 1987 dae
582 1919 742 2005 capacitas
769 1920 871 1986 menti
900 1931 1019 1987 nostrae
1044 1926 1222 1995 asseratur,
1250 1929 1323 1986 tum
1350 1925 1474 1984 tessera
1492 1933 1585 1982 veras
1612 1935 1633 1980 a

508 2027 596 2102 salsis
614 2027 856 2114 cognitionibus
880 2027 1083 2103 discernens,
1099 2045 1137 2092 ac
1155 2025 1264 2091 media
1281 2024 1488 2108 multiplicia,
1508 2021 1634 2107 quibus

508 2135 675 2212 adrerum
696 2134 906 2202 hauriendam
926 2134 1075 2201 notitiam
1098 2130 1247 2231 instructi
1272 2127 1406 2209 sumus,
1431 2130 1631 2216 aperiantur.

508 2241 557 2320 De
575 2243 624 2310 his
643 2261 722 2328 ergo
739 2243 894 2310 omnibus
906 2237 1050 2317 seorsim
1065 2241 1100 2307 in
1114 2240 1210 2308 variis
1224 2238 1501 2325 disputationibus
1518 2255 1561 2304 ex
1580 2256 1637 2303 or-

508 2350 584 2418 dine
599 2350 763 2436 agendum
783 2360 846 2420 est.

705 2738 1158 2890 DISPUTATIO
1200 2739 1439 2851 PRIMA.

913 2964 967 3022 DE
995 2963 1221 3023 VERITATE.

298 3238 383 3285 nomen
400 3234 495 3281 verram
560 3228 588 3278 l.
636 3208 788 3277 Veritatis
808 3208 1033 3277 definitionem
1048 3207 1257 3292 investiganti
1272 3208 1377 3273 multa
1394 3206 1504 3275 statim
1520 3222 1637 3273 occur-

507 3426 679 3510 gnitiones,
701 3444 777 3492 aera
799 3425 966 3501 vocabula,
985 3442 1067 3491 oarae
1084 3423 1226 3509 denique
1252 3442 1305 3489 ras
1325 3441 1447 3499 omms,
1467 3431 1636 3507 quotquot

510 3541 604 3610 sunt,
621 3541 654 3599 et
666 3532 841 3619 excogitari
856 3543 1010 3617 possunt.
1028 3532 1060 3597 ln
1077 3530 1126 3597 his
1139 3539 1252 3597 tamma
1266 3530 1421 3603 omnibus
1436 3530 1571 3606 veritas,
1591 3548 1637 3597 ex

511 3641 680 3709 communi
704 3640 932 3724 intelligentia,
960 3638 1222 3707 conformitatem
1245 3638 1425 3723 quamdam
1450 3646 1550 3723 atque
1576 3637 1635 3703 ad·

510 3748 728 3835 aquationem
759 3748 943 3814 intellectus
967 3746 1135 3832 importat.
1159 3747 1276 3831 Neque
1301 3745 1390 3813 enim
1415 3765 1494 3813 vera
1517 3742 1637 3812 dicitur

431 3942 438 3951 ‚
510 3838 674 3942 cognitio,
687 3855 747 3923 nisi
762 3874 836 3940 quae
851 3856 980 3943 objecto
991 3857 1183 3941 respondet,
1197 3856 1453 3940 concordatque.;
1469 3872 1528 3921 noc
1537 3872 1635 3921 verus

511 3983 640 4039 sermo,
663 3962 722 4030 nisi
750 3963 807 4047 qui
835 3961 973 4029 fideliter
1000 3972 1197 4049 conceptum
1225 3962 1378 4047 exprimit
1406 3961 1543 4043 mentis3
1573 3980 1635 4027 nec

510 4089 595 4141 verae
614 4089 681 4148 res,
702 4070 762 4137 nisi
782 4088 857 4154 quae
875 4070 1051 4137 intellectui
1070 4070 1163 4137 alicui
1181 4070 1445 4148 conformantur,
1471 4078 1529 4137 aut
1545 4080 1635 4136 certe

336 4198 451 4247 cumn·
510 4188 650 4264 possunt
680 4176 889 4269 conformari.
922 4178 1033 4263 Atque
1047 4171 1049 4174 ’
1064 4178 1133 4245 baec
1161 4196 1261 4246 causa
1292 4177 1371 4256 tuit,
1400 4194 1459 4246 cur
1484 4186 1637 4245 auctores

340 4272 448 4319 “filit
510 4285 778 4368 communissime
798 4285 967 4352 veritatem
987 4286 1167 4371 generatim
1186 4284 1372 4352 definierint
1387 4286 1637 4371 aaaeqaaaoaem

508 4392 556 4459 rai
579 4396 613 4459 et
635 4393 807 4461 intellectus
834 4390 903 4481 (r);
935 4394 1072 4479 ejusque
1099 4393 1216 4478 triplex
1247 4392 1487 4479 assignaverint
1512 4412 1634 4479 genus,

543 4647 584 4711 (ι)
619 4640 695 4701 Vide
710 4640 744 4701 S.
759 4640 864 4703 Thom.
885 4664 909 4720 r.
922 4662 984 4716 par.
1000 4662 1030 4715 q.
1051 4643 1100 4714 16,
1118 4663 1146 4702 a.
1169 4664 1181 4703 t
1198 4644 1231 4702 in
1243 4660 1322 4717 corp.
1339 4642 1422 4705 Hanc
1435 4641 1636 4705 definitionem

507 4730 665 4807 angelicus
680 4732 784 4793 tribuit
796 4731 914 4793 cuidam
927 4732 1024 4793 isaaco
1038 4736 1094 4801 (De
1112 4732 1206 4792 Verit.
1221 4752 1252 4805 q.
1271 4752 1294 4801 t,
1310 4752 1338 4792 a,
1356 4752 1381 4805 ι,
1396 4732 1428 4793 iu
1440 4736 1535 4806 corp.)
