3492 5525
245 483 360 547 Aurio.
385 496 445 564 3³¹·
464 482 516 547 An
538 500 681 549 aturrus
702 500 863 549 scraurrre
884 500 934 549 srr
954 498 1098 545 stltPLEx
1139 477 1198 563 985
1295 476 1299 485 '

111 670 158 736 ad
175 668 423 755 exprimendam
449 669 583 738 vitalem
609 670 856 739 similitudinem
882 669 1015 755 objecti,
1036 668 1153 751 inqua
1177 666 1238 733 sita

112 786 166 843 est
183 777 344 863 cognitio;
373 786 408 843 et
426 779 557 845 habitus
578 798 619 845 ex
649 788 740 863 parte
766 778 870 863 ipsius
896 777 1099 853 intellectus,
1123 775 1164 841 ad
1182 776 1240 843 tri-

112 886 281 951 buendam
299 883 407 952 eidem
421 885 732 971 promptitudinem,
748 886 990 953 inclinationem
1004 896 1037 951 et
1052 884 1236 951 facilitatem

112 993 157 1059 ad
170 992 397 1079 judicandum.
425 994 534 1073 Quare
552 994 586 1061 in
615 996 679 1061 boc
704 996 858 1061 differunt
883 993 1007 1076 species
1036 1001 1069 1058 et
1092 992 1236 1069 habitus,

111 1101 205 1185 quod
223 1101 292 1167 sine
309 1100 372 1167 illis
392 1120 452 1167 nec
469 1102 622 1193 intelligi,
643 1122 704 1169 nec
721 1102 856 1187 proinde
870 1100 1007 1188 judicari
1022 1111 1147 1187 potest,
1165 1107 1234 1185 pot·

111 1218 166 1275 est
179 1228 260 1273 vero
278 1208 348 1275 sine
367 1209 491 1277 babitu.

180 1314 345 1395 Quoniam
358 1335 438 1402 ergo
458 1317 516 1401 qui
535 1318 721 1402 assequitur
737 1318 906 1384 scientiam
922 1316 1083 1401 aliquam,
1103 1310 1256 1405 compa-⁴,
1322 1322 1382 1377 Quid
1405 1396 1410 1407 ι

112 1432 162 1490 rat
180 1424 241 1491 sibi
259 1424 510 1498 illiusbabitum
534 1444 593 1492 seu
613 1425 906 1511 promptitudinem
930 1425 970 1491 ad
989 1424 1079 1492 facile
1098 1425 1236 1491 demon·
1248 1404 1449 1513 ”‘⁰',¹,“J',',‘,f¹¹⁸”²

111 1534 264 1599 strandas
280 1531 354 1599 talis
367 1532 511 1599 scientiae
529 1534 775 1611 conclusiones,
800 1534 973 1617 quaritur,
999 1541 1109 1599 utrum
1125 1552 1236 1617 prom·

111 1639 242 1724 ptitudo
276 1658 335 1707 seu
365 1640 496 1709 habitus
525 1642 714 1725 hujusmodi
749 1641 791 1709 sit
822 1660 887 1709 una
923 1640 1062 1727 simplex
1096 1642 1246 1725 qualitas·

109 1750 283 1815 conferens
300 1748 487 1815 facilitatem
503 1750 689 1833 predictam
704 1769 764 1834 pro
777 1750 934 1817 omnibus
949 1749 1236 1817 demonstrationi-

110 1857 176 1922 bus
185 1856 358 1935 cuiuslibet
370 1855 514 1923 scientiae
525 1856 652 1935 totalis,
668 1878 709 1924 an
723 1877 802 1945 vero
818 1876 1009 1925 econverso
1026 1876 1085 1942 pro
1096 1857 1234 1943 singulis

110 1964 448 2031 demonstrationibus
465 1965 584 2031 dentur
601 1966 738 2032 totidem
758 1966 909 2050 partiales
931 1965 1061 2031 habitus
1079 1965 1234 2033 facilitan-

109 2084 181 2148 tes,
207 2090 248 2137 ex
266 2072 387 2156 quibus
404 2073 539 2138 tandem
557 2072 754 2158 integretur,
777 2074 1002 2157 condeturque
1025 2073 1155 2141 habitus
1176 2074 1234 2139 ali·

109 2181 202 2265 quis,
221 2197 308 2246 unus
325 2179 477 2264 quidem,
498 2180 643 2247 sednon
665 2179 822 2266 simplex,
842 2180 989 2249 tribuens
1003 2182 1233 2267 promptitudi-

110 2308 188 2354 nem
228 2286 496 2370 nobilitatemque
534 2306 593 2371 pro
629 2289 722 2354 totali
754 2288 900 2356 scientia.
938 2288 1084 2366 Quaestio
1120 2298 1231 2357 autern

109 2396 316 2481 restringitur
340 2395 382 2461 ad
409 2395 539 2462 habitus
573 2396 791 2479 producentes
824 2406 916 2463 actus
950 2395 1145 2463 scientificus
1173 2417 1231 2465 seu

108 2503 396 2573 demonstrativos.
407 2505 491 2570 Nam
499 2502 591 2568 facile
602 2504 804 2569 conveniunt
818 2522 935 2571 omnes
948 2512 1108 2582 auctores,
1121 2508 1232 2590 paucis

108 2612 267 2697 exceptis,
281 2619 398 2696 praeter
405 2610 555 2677 habitum
568 2618 625 2678 aut
634 2611 764 2677 babitus
778 2610 942 2679 elicientes
956 2622 1047 2679 actus
1066 2614 1234 2698 hujusmo

108 2722 141 2787 di
173 2719 386 2795 scientificus,
413 2718 656 2786 admittendum
687 2738 758 2786 esse
790 2708 938 2787 habitum
975 2718 1165 2788 distinctum
1190 2722 1232 2788 ad

108 2840 201 2896 actus
220 2847 300 2913 pure
322 2826 518 2911 opinativoS.
545 2827 639 2892 Unde
661 2829 862 2894 conveniunt
885 2827 1052 2894 seientiam
1080 2831 1229 2907 totalem,

108 2945 273 3021 quatenus
295 2937 450 3020 importat
471 2935 656 3001 facilitatem
675 2935 716 3000 ad
737 2943 828 3002 actus
846 2953 980 3012 omnes,
1001 2935 1070 3000 sive
1093 2937 1232 3002 demon-

107 3044 261 3110 strativos
275 3042 345 3108 sive
363 3042 559 3125 opinabiles,
581 3060 647 3109 non
666 3061 738 3109 esse
753 3061 858 3108 unum
881 3042 1063 3128 simplicem
1079 3043 1229 3110 habitum

109 3155 160 3218 rel
180 3151 371 3235 qualitatem
390 3147 454 3237 (r).

175 3260 231 3325 Est
248 3277 328 3346 ergo
346 3258 378 3323 in
398 3255 564 3342 proposita
581 3258 764 3342 quaestione
782 3256 886 3342 prima
904 3259 1084 3336 sententia,
1106 3260 1231 3329 docens
1338 3280 1343 3292 ’

108 3367 256 3434 habitum
279 3365 391 3431 totalis
414 3365 557 3431 scientia
584 3383 658 3430 esse
687 3384 786 3431 unam
814 3365 997 3450 simplicem
1023 3367 1226 3451 qualitatem.
1242 3351 1443 3469 mffiffiw

106 3473 198 3541 Sicut
216 3474 322 3553 enim,
343 3471 513 3557 inquiunt,
533 3471 566 3538 in
590 3472 668 3557 igne
687 3490 754 3539 non
781 3481 860 3538 sunt
889 3473 982 3538 multi
1001 3475 1142 3551 calores,
1170 3477 1229 3542 sed
1346 3496 1365 3540 r·

107 3601 195 3648 unus
213 3583 315 3657 calor,
336 3580 381 3647 ita
398 3580 432 3645 in
451 3579 617 3645 intellectu
633 3598 699 3646 non
713 3588 765 3646 est
777 3581 838 3646 nisi
853 3599 918 3646 una
931 3581 1073 3666 simplex
1087 3583 1228 3666 qualitas

107 3708 167 3757 seu
186 3688 315 3756 habitus
334 3706 394 3774 pro
420 3687 574 3753 omnibus
592 3695 625 3752 et
648 3687 786 3772 singulis
806 3689 1073 3756 conclusionibus
1090 3690 1228 3757 demon-

106 3797 250 3865 strativis
263 3796 467 3881 singularum
482 3794 596 3861 talium
611 3794 830 3862 scientiarum.
850 3795 909 3862 llic
930 3798 1071 3881 simplex
1083 3798 1225 3877 habitus,

105 3905 288 3992 secundum
310 3903 495 3988 praedictam
516 3901 727 3978 sententiam,
749 3921 859 3968 revera
875 3905 985 3986 quoad
1000 3922 1094 3971 suam
1115 3925 1229 3973 essen·

107 4015 185 4078 tiam
197 4013 266 4097 jam
282 4011 457 4095 acquiritur
470 4009 595 4086 statim,
614 4029 651 4074 ac
669 4010 785 4093 aliquis
799 4011 851 4076 vel
866 4029 966 4078 unam
982 4012 1226 4081 conclusionem

105 4119 252 4206 cujusvis
288 4117 432 4185 scientiae
469 4136 527 4200 per
558 4117 871 4184 demonstrationem
904 4121 1113 4205 cognoverit,
1152 4121 1227 4189 licet

104 4228 211 4294 adhuc
229 4225 262 4292 in
281 4236 368 4292 statu
388 4226 593 4310 imperfecto;
620 4245 696 4293 cum
716 4245 794 4292 vero
819 4226 895 4311 quis
921 4247 1000 4294 mox
1026 4227 1105 4296 alias
1127 4240 1226 4315 atque

104 4335 183 4402 alias
201 4333 425 4401 conclusiones
443 4352 502 4418 per
519 4333 832 4401 demonstrationem
851 4334 1006 4412 addiscit,
1027 4355 1093 4402 non
1118 4355 1225 4405 novus

104 4451 277 4530 generatur
291 4442 440 4518 habitus,
459 4441 617 4507 sedidem
636 4442 702 4519 ille,
721 4441 778 4526 qui
796 4443 887 4528 prius
899 4442 1019 4524 inerat,
1036 4445 1141 4531 magis
1155 4466 1225 4512 ma·

103 4553 221 4637 gisque
239 4549 418 4633 perficitur,
438 4537 689 4633 extenditurque
707 4551 748 4616 ad
767 4551 844 4617 alias
862 4551 1102 4619 conclusiones.

139 4784 179 4855 (ι)
216 4781 280 4842 Cir.
293 4780 437 4850 Mende,
452 4781 540 4858 Lug„
550 4793 635 4880 tract.
653 4803 678 4840 r.
694 4791 825 4858 prorem,
838 4781 915 4857 disp.
929 4805 953 4855 r,
966 4803 1029 4858 cap.
1043 4801 1107 4858 5,rr.
1122 4802 1168 4858 ης.
