<?xml version="1.0" encoding="UTF-8"?>
<!DOCTYPE html PUBLIC "-//W3C//DTD XHTML 1.0 Transitional//EN"
    "http://www.w3.org/TR/xhtml1/DTD/xhtml1-transitional.dtd">
<html xmlns="http://www.w3.org/1999/xhtml" xml:lang="en" lang="en">
 <head>
  <title>
</title>
<meta http-equiv="Content-Type" content="text/html;charset=utf-8" />
  <meta name='ocr-system' content='tesseract 3.04.00' />
  <meta name='ocr-capabilities' content='ocr_page ocr_carea ocr_par ocr_line ocrx_word'/>
</head>
<body>
  <div class='ocr_page' id='page_1' title='image "./institutionesph00urrgoog/institutionesph00urrgoog_0670.png"; bbox 0 0 3492 5525; ppageno 0'>
   <div class='ocr_carea' id='block_1_1' title="bbox 301 656 454 709">
    <p class='ocr_par' dir='ltr' id='par_1_1' title="bbox 301 656 454 709">
     <span class='ocr_line' id='line_1_1' title="bbox 301 656 454 709; baseline -0.007 -8"><span class='ocrx_word' id='word_1_1' title='bbox 301 670 340 703; x_wconf 85' lang='lat' dir='ltr'>nec</span> <span class='ocrx_word' id='word_1_2' title='bbox 350 656 454 709; x_wconf 62' lang='lat' dir='ltr'>formalia</span> 
     </span>
    </p>
   </div>
   <div class='ocr_carea' id='block_1_2' title="bbox 538 457 1460 541">
    <p class='ocr_par' dir='ltr' id='par_1_2' title="bbox 538 457 1460 541">
     <span class='ocr_line' id='line_1_2' title="bbox 538 457 1460 541; baseline 0 -20"><span class='ocrx_word' id='word_1_3' title='bbox 538 458 598 541; x_wconf 68' lang='lat'>050</span> <span class='ocrx_word' id='word_1_4' title='bbox 659 457 783 523; x_wconf 74' lang='lat' dir='ltr'>Locren</span> <span class='ocrx_word' id='word_1_5' title='bbox 798 458 1030 534; x_wconf 66' lang='lat' dir='ltr'>Mami-tn.</span> <span class='ocrx_word' id='word_1_6' title='bbox 1048 473 1105 534; x_wconf 61' lang='lat'>22¹⁵,</span> <span class='ocrx_word' id='word_1_7' title='bbox 1121 458 1214 523; x_wconf 74' lang='lat' dir='ltr'>Drsn.</span> <span class='ocrx_word' id='word_1_8' title='bbox 1234 470 1277 521; x_wconf 84' lang='lat' dir='ltr'>r.·</span> <span class='ocrx_word' id='word_1_9' title='bbox 1291 458 1371 523; x_wconf 70' lang='lat' dir='ltr'>cn.</span> <span class='ocrx_word' id='word_1_10' title='bbox 1390 474 1460 521; x_wconf 65' lang='lat' dir='ltr'>ram</span> 
     </span>
    </p>
   </div>
   <div class='ocr_carea' id='block_1_3' title="bbox 495 640 1637 1155">
    <p class='ocr_par' dir='ltr' id='par_1_3' title="bbox 495 640 1637 1050">
     <span class='ocr_line' id='line_1_3' title="bbox 564 640 1637 727; baseline -0.002 -16"><span class='ocrx_word' id='word_1_11' title='bbox 564 648 720 713; x_wconf 63' lang='lat' dir='ltr'>&amp;cunda</span> <span class='ocrx_word' id='word_1_12' title='bbox 737 664 830 727; x_wconf 78' lang='lat' dir='ltr'>paru.</span> <span class='ocrx_word' id='word_1_13' title='bbox 862 642 977 710; x_wconf 88' lang='lat' dir='ltr'>Unitas</span> <span class='ocrx_word' id='word_1_14' title='bbox 999 640 1192 708; x_wconf 84' lang='lat' dir='ltr'>universalis</span> <span class='ocrx_word' id='word_1_15' title='bbox 1209 642 1255 707; x_wconf 83' lang='lat' dir='ltr'>ita</span> <span class='ocrx_word' id='word_1_16' title='bbox 1272 652 1325 708; x_wconf 87' lang='lat' dir='ltr'>est</span> <span class='ocrx_word' id='word_1_17' title='bbox 1344 643 1475 727; x_wconf 86' lang='lat' dir='ltr'>propria</span> <span class='ocrx_word' id='word_1_18' title='bbox 1496 654 1637 711; x_wconf 83' lang='lat' dir='ltr'>naturae</span> 
     </span>
     <span class='ocr_line' id='line_1_4' title="bbox 497 748 1637 835; baseline 0.002 -19"><span class='ocrx_word' id='word_1_19' title='bbox 497 750 736 827; x_wconf 72' lang='lat' dir='ltr'>universatim</span> <span class='ocrx_word' id='word_1_20' title='bbox 755 768 820 817; x_wconf 88' lang='lat' dir='ltr'>non</span> <span class='ocrx_word' id='word_1_21' title='bbox 838 750 941 834; x_wconf 80' lang='lat' dir='ltr'>possit</span> <span class='ocrx_word' id='word_1_22' title='bbox 958 748 1134 815; x_wconf 83' lang='lat' dir='ltr'>convenire</span> <span class='ocrx_word' id='word_1_23' title='bbox 1147 748 1316 834; x_wconf 81' lang='lat' dir='ltr'>singulari,</span> <span class='ocrx_word' id='word_1_24' title='bbox 1330 768 1399 834; x_wconf 84' lang='lat' dir='ltr'>qua</span> <span class='ocrx_word' id='word_1_25' title='bbox 1423 749 1493 817; x_wconf 80' lang='lat' dir='ltr'>tali.</span> <span class='ocrx_word' id='word_1_26' title='bbox 1521 752 1637 835; x_wconf 77' lang='lat' dir='ltr'>Atqui</span> 
     </span>
     <span class='ocr_line' id='line_1_5' title="bbox 496 856 1634 942; baseline 0 -19"><span class='ocrx_word' id='word_1_27' title='bbox 496 856 603 923; x_wconf 89' lang='lat' dir='ltr'>unitas</span> <span class='ocrx_word' id='word_1_28' title='bbox 623 856 766 925; x_wconf 86' lang='lat' dir='ltr'>lonnalis</span> <span class='ocrx_word' id='word_1_29' title='bbox 782 857 939 925; x_wconf 87' lang='lat' dir='ltr'>convenit</span> <span class='ocrx_word' id='word_1_30' title='bbox 955 856 1055 923; x_wconf 88' lang='lat' dir='ltr'>etiam</span> <span class='ocrx_word' id='word_1_31' title='bbox 1074 864 1197 923; x_wconf 85' lang='lat' dir='ltr'>naturae</span> <span class='ocrx_word' id='word_1_32' title='bbox 1211 856 1367 942; x_wconf 77' lang='lat' dir='ltr'><strong>singulari</strong></span> <span class='ocrx_word' id='word_1_33' title='bbox 1381 865 1416 923; x_wconf 86' lang='lat' dir='ltr'>et</span> <span class='ocrx_word' id='word_1_34' title='bbox 1430 858 1634 925; x_wconf 79' lang='lat' dir='ltr'>individuae.</span> 
     </span>
     <span class='ocr_line' id='line_1_6' title="bbox 495 964 591 1050; baseline 0.042 -21"><span class='ocrx_word' id='word_1_35' title='bbox 495 964 591 1050; x_wconf 83' lang='lat' dir='ltr'>Ergo.</span> 
     </span>
    </p>

    <p class='ocr_par' dir='ltr' id='par_1_4' title="bbox 558 1070 1636 1155">
     <span class='ocr_line' id='line_1_7' title="bbox 558 1070 1636 1155; baseline 0.002 -16"><span class='ocrx_word' id='word_1_36' title='bbox 558 1078 673 1155; x_wconf 80' lang='lat' dir='ltr'>Major</span> <span class='ocrx_word' id='word_1_37' title='bbox 698 1090 739 1139; x_wconf 86' lang='lat' dir='ltr'>ex</span> <span class='ocrx_word' id='word_1_38' title='bbox 768 1072 940 1139; x_wconf 90' lang='lat' dir='ltr'>communi</span> <span class='ocrx_word' id='word_1_39' title='bbox 967 1070 1119 1138; x_wconf 90' lang='lat' dir='ltr'>omnium</span> <span class='ocrx_word' id='word_1_40' title='bbox 1151 1088 1315 1139; x_wconf 88' lang='lat' dir='ltr'>consensu</span> <span class='ocrx_word' id='word_1_41' title='bbox 1344 1080 1487 1149; x_wconf 81' lang='lat' dir='ltr'>constat,</span> <span class='ocrx_word' id='word_1_42' title='bbox 1518 1082 1636 1141; x_wconf 84' lang='lat' dir='ltr'>etex</span> 
     </span>
    </p>
   </div>
   <div class='ocr_carea' id='block_1_4' title="bbox 1725 8 1734 390">
    <p class='ocr_par' dir='ltr' id='par_1_5' title="bbox 1725 8 1734 438">
     <span class='ocr_line' id='line_1_8' title="bbox 1725 8 1734 390; baseline 0 16"><span class='ocrx_word' id='word_1_43' title='bbox 1725 8 1734 390; x_wconf 80' lang='lat' dir='ltr'>i</span> 
     </span>
    </p>
   </div>
   <div class='ocr_carea' id='block_1_5' title="bbox 490 1178 1735 1266">
    <p class='ocr_par' dir='ltr' id='par_1_6' title="bbox 490 1178 1735 1266">
     <span class='ocr_line' id='line_1_9' title="bbox 490 1178 1735 1266; baseline 0.002 -21"><span class='ocrx_word' id='word_1_44' title='bbox 490 1178 713 1263; x_wconf 84' lang='lat' dir='ltr'>oppositione,</span> <span class='ocrx_word' id='word_1_45' title='bbox 734 1198 808 1263; x_wconf 84' lang='lat' dir='ltr'>quae</span> <span class='ocrx_word' id='word_1_46' title='bbox 834 1190 885 1247; x_wconf 92' lang='lat' dir='ltr'>est</span> <span class='ocrx_word' id='word_1_47' title='bbox 903 1182 987 1247; x_wconf 88' lang='lat' dir='ltr'>inter</span> <span class='ocrx_word' id='word_1_48' title='bbox 1015 1180 1178 1265; x_wconf 85' lang='lat' dir='ltr'>singulare</span> <span class='ocrx_word' id='word_1_49' title='bbox 1200 1189 1234 1246; x_wconf 90' lang='lat' dir='ltr'>et</span> <span class='ocrx_word' id='word_1_50' title='bbox 1258 1179 1458 1256; x_wconf 87' lang='lat' dir='ltr'>universale,</span> <span class='ocrx_word' id='word_1_51' title='bbox 1483 1189 1522 1247; x_wconf 90' lang='lat' dir='ltr'>ut</span> <span class='ocrx_word' id='word_1_52' title='bbox 1546 1180 1634 1247; x_wconf 85' lang='lat' dir='ltr'>talia</span> <span class='ocrx_word' id='word_1_53' title='bbox 1734 1183 1735 1266; x_wconf 50' lang='grc' dir='ltr'>ᾗ</span> 
     </span>
    </p>
   </div>
   <div class='ocr_carea' id='block_1_6' title="bbox 489 1281 1735 1372">
    <p class='ocr_par' dir='ltr' id='par_1_7' title="bbox 489 1281 1735 1372">
     <span class='ocr_line' id='line_1_10' title="bbox 489 1281 1735 1372; baseline 0.001 -19"><span class='ocrx_word' id='word_1_54' title='bbox 489 1295 580 1353; x_wconf 87' lang='lat' dir='ltr'>sunt.</span> <span class='ocrx_word' id='word_1_55' title='bbox 600 1284 684 1353; x_wconf 91' lang='lat' dir='ltr'>Cum</span> <span class='ocrx_word' id='word_1_56' title='bbox 704 1288 791 1353; x_wconf 88' lang='lat' dir='ltr'>enim</span> <span class='ocrx_word' id='word_1_57' title='bbox 811 1296 1035 1372; x_wconf 88' lang='lat' dir='ltr'>opponantur,</span> <span class='ocrx_word' id='word_1_58' title='bbox 1054 1298 1091 1353; x_wconf 90' lang='lat' dir='ltr'>ut</span> <span class='ocrx_word' id='word_1_59' title='bbox 1104 1284 1376 1353; x_wconf 80' lang='lat' dir='ltr'>communicabile</span> <span class='ocrx_word' id='word_1_60' title='bbox 1390 1296 1424 1352; x_wconf 90' lang='lat' dir='ltr'>et</span> <span class='ocrx_word' id='word_1_61' title='bbox 1438 1288 1637 1355; x_wconf 86' lang='lat' dir='ltr'>incommu·</span> <span class='ocrx_word' id='word_1_62' title='bbox 1734 1281 1735 1340; x_wconf 49' lang='grc' dir='ltr'>ἲ</span> 
     </span>
    </p>
   </div>
   <div class='ocr_carea' id='block_1_7' title="bbox 490 1393 1632 1590">
    <p class='ocr_par' dir='ltr' id='par_1_8' title="bbox 490 1393 1632 1590">
     <span class='ocr_line' id='line_1_11' title="bbox 490 1393 1632 1479; baseline 0.001 -20"><span class='ocrx_word' id='word_1_63' title='bbox 490 1393 636 1470; x_wconf 79' lang='lat' dir='ltr'>nicabiIe,</span> <span class='ocrx_word' id='word_1_64' title='bbox 658 1394 765 1461; x_wconf 90' lang='lat' dir='ltr'>unitas</span> <span class='ocrx_word' id='word_1_65' title='bbox 784 1393 849 1470; x_wconf 83' lang='lat' dir='ltr'>illa,</span> <span class='ocrx_word' id='word_1_66' title='bbox 869 1414 945 1479; x_wconf 85' lang='lat' dir='ltr'>quae</span> <span class='ocrx_word' id='word_1_67' title='bbox 963 1396 1004 1461; x_wconf 91' lang='lat' dir='ltr'>ad</span> <span class='ocrx_word' id='word_1_68' title='bbox 1022 1405 1202 1478; x_wconf 87' lang='lat' dir='ltr'>utrumque</span> <span class='ocrx_word' id='word_1_69' title='bbox 1215 1394 1333 1461; x_wconf 84' lang='lat' dir='ltr'>horum</span> <span class='ocrx_word' id='word_1_70' title='bbox 1354 1394 1546 1467; x_wconf 80' lang='lat' dir='ltr'>indifferens</span> <span class='ocrx_word' id='word_1_71' title='bbox 1559 1406 1632 1472; x_wconf 88' lang='lat' dir='ltr'>est,</span> 
     </span>
     <span class='ocr_line' id='line_1_12' title="bbox 490 1500 1523 1590; baseline 0.005 -24"><span class='ocrx_word' id='word_1_72' title='bbox 490 1519 556 1567; x_wconf 91' lang='lat' dir='ltr'>non</span> <span class='ocrx_word' id='word_1_73' title='bbox 576 1509 685 1586; x_wconf 87' lang='lat' dir='ltr'>potest</span> <span class='ocrx_word' id='word_1_74' title='bbox 700 1519 773 1568; x_wconf 86' lang='lat' dir='ltr'>esse</span> <span class='ocrx_word' id='word_1_75' title='bbox 791 1502 956 1569; x_wconf 81' lang='lat' dir='ltr'>sufficiens</span> <span class='ocrx_word' id='word_1_76' title='bbox 967 1503 1009 1567; x_wconf 93' lang='lat' dir='ltr'>ad</span> <span class='ocrx_word' id='word_1_77' title='bbox 1029 1502 1187 1568; x_wconf 90' lang='lat' dir='ltr'>rationem</span> <span class='ocrx_word' id='word_1_78' title='bbox 1206 1501 1440 1569; x_wconf 83' lang='lat' dir='ltr'>universalis...</span> <span class='ocrx_word' id='word_1_79' title='bbox 1456 1502 1470 1588; x_wconf 88' lang='lat'>(</span> <span class='ocrx_word' id='word_1_80' title='bbox 1497 1500 1523 1590; x_wconf 91' lang='lat'>).</span> 
     </span>
    </p>
   </div>
   <div class='ocr_carea' id='block_1_8' title="bbox 487 1609 1736 1909">
    <p class='ocr_par' dir='ltr' id='par_1_9' title="bbox 487 1609 1736 1909">
     <span class='ocr_line' id='line_1_13' title="bbox 556 1609 1736 1694; baseline 0.002 -19"><span class='ocrx_word' id='word_1_81' title='bbox 556 1614 672 1676; x_wconf 84' lang='lat' dir='ltr'>Minor</span> <span class='ocrx_word' id='word_1_82' title='bbox 685 1617 819 1675; x_wconf 88' lang='lat' dir='ltr'>constat·</span> <span class='ocrx_word' id='word_1_83' title='bbox 831 1628 872 1675; x_wconf 87' lang='lat' dir='ltr'>ex</span> <span class='ocrx_word' id='word_1_84' title='bbox 888 1610 939 1686; x_wconf 89' lang='lat' dir='ltr'>iis,</span> <span class='ocrx_word' id='word_1_85' title='bbox 954 1628 1031 1694; x_wconf 86' lang='lat' dir='ltr'>quae</span> <span class='ocrx_word' id='word_1_86' title='bbox 1045 1609 1264 1693; x_wconf 85' lang='lat' dir='ltr'>praemisimus</span> <span class='ocrx_word' id='word_1_87' title='bbox 1278 1610 1461 1677; x_wconf 81' lang='lat' dir='ltr'>deformati</span> <span class='ocrx_word' id='word_1_88' title='bbox 1479 1610 1631 1677; x_wconf 87' lang='lat' dir='ltr'>unitate.</span> <span class='ocrx_word' id='word_1_89' title='bbox 1735 1649 1736 1652; x_wconf 61' lang='lat'><em>=</em></span> 
     </span>
     <span class='ocr_line' id='line_1_14' title="bbox 555 1715 1736 1801; baseline 0.006 -18"><span class='ocrx_word' id='word_1_90' title='bbox 555 1718 712 1783; x_wconf 77' lang='lat' dir='ltr'>Praeterea</span> <span class='ocrx_word' id='word_1_91' title='bbox 722 1715 830 1783; x_wconf 87' lang='lat' dir='ltr'>unitas</span> <span class='ocrx_word' id='word_1_92' title='bbox 844 1717 1001 1791; x_wconf 78' lang='lat' dir='ltr'>formalis,</span> <span class='ocrx_word' id='word_1_93' title='bbox 1016 1716 1149 1801; x_wconf 80' lang='lat' dir='ltr'>praecise</span> <span class='ocrx_word' id='word_1_94' title='bbox 1159 1734 1225 1799; x_wconf 91' lang='lat' dir='ltr'>qua</span> <span class='ocrx_word' id='word_1_95' title='bbox 1238 1716 1323 1791; x_wconf 89' lang='lat' dir='ltr'>talis,</span> <span class='ocrx_word' id='word_1_96' title='bbox 1338 1734 1399 1781; x_wconf 89' lang='lat' dir='ltr'>nec</span> <span class='ocrx_word' id='word_1_97' title='bbox 1413 1718 1556 1785; x_wconf 90' lang='lat' dir='ltr'>includit</span> <span class='ocrx_word' id='word_1_98' title='bbox 1571 1739 1634 1785; x_wconf 76' lang='lat' dir='ltr'>na</span> <span class='ocrx_word' id='word_1_99' title='bbox 1735 1765 1736 1790; x_wconf 65' lang='lat'>1</span> 
     </span>
     <span class='ocr_line' id='line_1_15' title="bbox 487 1817 1736 1909; baseline 0.004 -20"><span class='ocrx_word' id='word_1_100' title='bbox 487 1831 562 1890; x_wconf 88' lang='lat' dir='ltr'>tura</span> <span class='ocrx_word' id='word_1_101' title='bbox 579 1842 656 1900; x_wconf 87' lang='lat' dir='ltr'>sua,</span> <span class='ocrx_word' id='word_1_102' title='bbox 678 1843 737 1890; x_wconf 90' lang='lat' dir='ltr'>nec</span> <span class='ocrx_word' id='word_1_103' title='bbox 755 1824 898 1891; x_wconf 85' lang='lat' dir='ltr'>excludit</span> <span class='ocrx_word' id='word_1_104' title='bbox 916 1823 1267 1909; x_wconf 87' lang='lat' dir='ltr'>multiplicabilitatem·</span> <span class='ocrx_word' id='word_1_105' title='bbox 1279 1832 1313 1889; x_wconf 90' lang='lat' dir='ltr'>et</span> <span class='ocrx_word' id='word_1_106' title='bbox 1334 1826 1632 1893; x_wconf 90' lang='lat' dir='ltr'>communicabili-</span> <span class='ocrx_word' id='word_1_107' title='bbox 1735 1817 1736 1862; x_wconf 39' lang='grc' dir='ltr'><strong>ἶ</strong></span> 
     </span>
    </p>
   </div>
   <div class='ocr_carea' id='block_1_9' title="bbox 488 1930 1632 2862">
    <p class='ocr_par' dir='ltr' id='par_1_10' title="bbox 488 1930 1632 2124">
     <span class='ocr_line' id='line_1_16' title="bbox 488 1930 1632 2016; baseline 0.002 -18"><span class='ocrx_word' id='word_1_108' title='bbox 488 1940 591 1999; x_wconf 88' lang='lat' dir='ltr'>tatem</span> <span class='ocrx_word' id='word_1_109' title='bbox 621 1930 663 1996; x_wconf 84' lang='lat' dir='ltr'>ad</span> <span class='ocrx_word' id='word_1_110' title='bbox 693 1933 795 2016; x_wconf 87' lang='lat' dir='ltr'>plura.</span> <span class='ocrx_word' id='word_1_111' title='bbox 820 1932 944 1998; x_wconf 89' lang='lat' dir='ltr'>Verum</span> <span class='ocrx_word' id='word_1_112' title='bbox 969 1931 1078 1998; x_wconf 86' lang='lat' dir='ltr'>unitas</span> <span class='ocrx_word' id='word_1_113' title='bbox 1096 1930 1288 1999; x_wconf 83' lang='lat' dir='ltr'>universalis</span> <span class='ocrx_word' id='word_1_114' title='bbox 1313 1930 1455 2015; x_wconf 80' lang='lat' dir='ltr'>positive</span> <span class='ocrx_word' id='word_1_115' title='bbox 1480 1932 1632 2001; x_wconf 89' lang='lat' dir='ltr'>includit</span> 
     </span>
     <span class='ocr_line' id='line_1_17' title="bbox 489 2038 985 2124; baseline 0 -19"><span class='ocrx_word' id='word_1_116' title='bbox 489 2038 869 2107; x_wconf 86' lang='lat' dir='ltr'>communicabilitatem.</span> <span class='ocrx_word' id='word_1_117' title='bbox 890 2040 985 2124; x_wconf 81' lang='lat' dir='ltr'>Ergo.</span> 
     </span>
    </p>

    <p class='ocr_par' dir='ltr' id='par_1_11' title="bbox 488 2142 1631 2768">
     <span class='ocr_line' id='line_1_18' title="bbox 556 2142 1631 2231; baseline 0.003 -18"><span class='ocrx_word' id='word_1_118' title='bbox 556 2152 680 2229; x_wconf 77' lang='lat' dir='ltr'>Major.</span> <span class='ocrx_word' id='word_1_119' title='bbox 702 2145 735 2211; x_wconf 85' lang='lat' dir='ltr'>Si</span> <span class='ocrx_word' id='word_1_120' title='bbox 766 2146 855 2211; x_wconf 88' lang='lat' dir='ltr'>enim</span> <span class='ocrx_word' id='word_1_121' title='bbox 876 2146 983 2213; x_wconf 86' lang='lat' dir='ltr'>unitas</span> <span class='ocrx_word' id='word_1_122' title='bbox 1002 2146 1147 2212; x_wconf 77' lang='lat' dir='ltr'>formalis</span> <span class='ocrx_word' id='word_1_123' title='bbox 1165 2142 1346 2213; x_wconf 89' lang='lat' dir='ltr'>includeret</span> <span class='ocrx_word' id='word_1_124' title='bbox 1366 2146 1631 2231; x_wconf 87' lang='lat' dir='ltr'>multiplicabili-</span> 
     </span>
     <span class='ocr_line' id='line_1_19' title="bbox 489 2252 1629 2340; baseline 0.004 -22"><span class='ocrx_word' id='word_1_125' title='bbox 489 2262 590 2319; x_wconf 82' lang='lat' dir='ltr'>tatem</span> <span class='ocrx_word' id='word_1_126' title='bbox 610 2254 643 2318; x_wconf 89' lang='lat' dir='ltr'>in</span> <span class='ocrx_word' id='word_1_127' title='bbox 669 2254 761 2337; x_wconf 91' lang='lat' dir='ltr'>plura</span> <span class='ocrx_word' id='word_1_128' title='bbox 784 2254 933 2340; x_wconf 89' lang='lat' dir='ltr'>ejusdem</span> <span class='ocrx_word' id='word_1_129' title='bbox 958 2252 1104 2327; x_wconf 87' lang='lat' dir='ltr'>rationis,</span> <span class='ocrx_word' id='word_1_130' title='bbox 1130 2272 1197 2318; x_wconf 90' lang='lat' dir='ltr'>non</span> <span class='ocrx_word' id='word_1_131' title='bbox 1219 2265 1331 2337; x_wconf 87' lang='lat' dir='ltr'>posset</span> <span class='ocrx_word' id='word_1_132' title='bbox 1350 2254 1481 2338; x_wconf 88' lang='lat' dir='ltr'>reperiri</span> <span class='ocrx_word' id='word_1_133' title='bbox 1509 2258 1629 2323; x_wconf 89' lang='lat' dir='ltr'>unitas</span> 
     </span>
     <span class='ocr_line' id='line_1_20' title="bbox 488 2358 1629 2436; baseline 0.002 -10"><span class='ocrx_word' id='word_1_134' title='bbox 488 2359 670 2426; x_wconf 88' lang='lat' dir='ltr'>essentialis</span> <span class='ocrx_word' id='word_1_135' title='bbox 685 2369 808 2426; x_wconf 85' lang='lat' dir='ltr'>naturae</span> <span class='ocrx_word' id='word_1_136' title='bbox 828 2359 860 2426; x_wconf 88' lang='lat' dir='ltr'>in</span> <span class='ocrx_word' id='word_1_137' title='bbox 880 2379 949 2427; x_wconf 89' lang='lat' dir='ltr'>uno</span> <span class='ocrx_word' id='word_1_138' title='bbox 967 2358 1153 2436; x_wconf 88' lang='lat' dir='ltr'>individuo,</span> <span class='ocrx_word' id='word_1_139' title='bbox 1175 2360 1283 2426; x_wconf 89' lang='lat' dir='ltr'>unitas</span> <span class='ocrx_word' id='word_1_140' title='bbox 1302 2359 1391 2427; x_wconf 90' lang='lat' dir='ltr'>enim</span> <span class='ocrx_word' id='word_1_141' title='bbox 1411 2362 1559 2429; x_wconf 81' lang='lat' dir='ltr'>formalis</span> <span class='ocrx_word' id='word_1_142' title='bbox 1572 2375 1629 2431; x_wconf 88' lang='lat' dir='ltr'>est</span> 
     </span>
     <span class='ocr_line' id='line_1_21' title="bbox 490 2465 1626 2553; baseline 0.004 -20"><span class='ocrx_word' id='word_1_143' title='bbox 490 2468 596 2533; x_wconf 87' lang='lat' dir='ltr'>unitas</span> <span class='ocrx_word' id='word_1_144' title='bbox 624 2465 787 2533; x_wconf 71' lang='lat' dir='ltr'>essentie.</span> <span class='ocrx_word' id='word_1_145' title='bbox 827 2467 859 2532; x_wconf 90' lang='lat' dir='ltr'>Si</span> <span class='ocrx_word' id='word_1_146' title='bbox 890 2475 1003 2533; x_wconf 90' lang='lat' dir='ltr'>autem</span> <span class='ocrx_word' id='word_1_147' title='bbox 1035 2467 1223 2533; x_wconf 87' lang='lat' dir='ltr'>excluderet</span> <span class='ocrx_word' id='word_1_148' title='bbox 1260 2468 1626 2553; x_wconf 82' lang='lat' dir='ltr'>multiplicabilitatem,</span> 
     </span>
     <span class='ocr_line' id='line_1_22' title="bbox 489 2574 1629 2664; baseline 0.004 -23"><span class='ocrx_word' id='word_1_149' title='bbox 489 2582 710 2661; x_wconf 81' lang='lat' dir='ltr'>repugnarent</span> <span class='ocrx_word' id='word_1_150' title='bbox 726 2574 893 2641; x_wconf 91' lang='lat' dir='ltr'>individua</span> <span class='ocrx_word' id='word_1_151' title='bbox 912 2574 1029 2641; x_wconf 83' lang='lat' dir='ltr'>similia</span> <span class='ocrx_word' id='word_1_152' title='bbox 1056 2575 1125 2640; x_wconf 89' lang='lat' dir='ltr'>sive</span> <span class='ocrx_word' id='word_1_153' title='bbox 1150 2576 1333 2641; x_wconf 87' lang='lat' dir='ltr'>secundum</span> <span class='ocrx_word' id='word_1_154' title='bbox 1354 2576 1514 2643; x_wconf 85' lang='lat' dir='ltr'>rationem</span> <span class='ocrx_word' id='word_1_155' title='bbox 1543 2596 1629 2664; x_wconf 89' lang='lat' dir='ltr'>spe-</span> 
     </span>
     <span class='ocr_line' id='line_1_23' title="bbox 488 2682 1143 2768; baseline -0.002 -21"><span class='ocrx_word' id='word_1_156' title='bbox 488 2682 631 2759; x_wconf 79' lang='lat' dir='ltr'>cificam,</span> <span class='ocrx_word' id='word_1_157' title='bbox 653 2682 722 2749; x_wconf 89' lang='lat' dir='ltr'>sive</span> <span class='ocrx_word' id='word_1_158' title='bbox 742 2682 1143 2768; x_wconf 82' lang='lat' dir='ltr'>secundumgenericam.</span> 
     </span>
    </p>

    <p class='ocr_par' dir='ltr' id='par_1_12' title="bbox 555 2779 1626 2862">
     <span class='ocr_line' id='line_1_24' title="bbox 555 2779 1626 2862; baseline 0.004 -6"><span class='ocrx_word' id='word_1_159' title='bbox 555 2797 670 2858; x_wconf 82' lang='lat' dir='ltr'>Dices:</span> <span class='ocrx_word' id='word_1_160' title='bbox 687 2789 772 2856; x_wconf 90' lang='lat' dir='ltr'>inter</span> <span class='ocrx_word' id='word_1_161' title='bbox 790 2779 1064 2857; x_wconf 89' lang='lat' dir='ltr'>communicabile</span> <span class='ocrx_word' id='word_1_162' title='bbox 1074 2799 1107 2855; x_wconf 92' lang='lat' dir='ltr'>et</span> <span class='ocrx_word' id='word_1_163' title='bbox 1116 2790 1426 2856; x_wconf 87' lang='lat' dir='ltr'>incommunicabile</span> <span class='ocrx_word' id='word_1_164' title='bbox 1438 2811 1506 2859; x_wconf 89' lang='lat' dir='ltr'>non</span> <span class='ocrx_word' id='word_1_165' title='bbox 1520 2794 1626 2862; x_wconf 83' lang='lat' dir='ltr'>datur</span> 
     </span>
    </p>
   </div>
   <div class='ocr_carea' id='block_1_10' title="bbox 437 2898 1625 2992">
    <p class='ocr_par' dir='ltr' id='par_1_13' title="bbox 437 2898 1625 2992">
     <span class='ocr_line' id='line_1_25' title="bbox 437 2898 1625 2992; baseline 0.004 -29"><span class='ocrx_word' id='word_1_166' title='bbox 437 2980 443 2992; x_wconf 33' lang='grc' dir='ltr'>ι</span> <span class='ocrx_word' id='word_1_167' title='bbox 490 2899 649 2965; x_wconf 90' lang='lat' dir='ltr'>medium.</span> <span class='ocrx_word' id='word_1_168' title='bbox 670 2898 754 2984; x_wconf 82' lang='lat' dir='ltr'>Ergo</span> <span class='ocrx_word' id='word_1_169' title='bbox 773 2899 800 2965; x_wconf 87' lang='lat' dir='ltr'>si</span> <span class='ocrx_word' id='word_1_170' title='bbox 820 2899 928 2964; x_wconf 88' lang='lat' dir='ltr'>unitas</span> <span class='ocrx_word' id='word_1_171' title='bbox 956 2898 1100 2964; x_wconf 76' lang='lat' dir='ltr'>formalis</span> <span class='ocrx_word' id='word_1_172' title='bbox 1129 2916 1194 2962; x_wconf 90' lang='lat' dir='ltr'>non</span> <span class='ocrx_word' id='word_1_173' title='bbox 1214 2898 1367 2982; x_wconf 82' lang='lat' dir='ltr'>importat</span> <span class='ocrx_word' id='word_1_174' title='bbox 1391 2901 1625 2968; x_wconf 89' lang='lat' dir='ltr'>communica-</span> 
     </span>
    </p>
   </div>
   <div class='ocr_carea' id='block_1_11' title="bbox 485 3004 1624 4492">
    <p class='ocr_par' dir='ltr' id='par_1_14' title="bbox 488 3004 1624 3179">
     <span class='ocr_line' id='line_1_26' title="bbox 488 3004 1624 3091; baseline 0.004 -19"><span class='ocrx_word' id='word_1_175' title='bbox 488 3006 663 3082; x_wconf 90' lang='lat' dir='ltr'>bilitatem,</span> <span class='ocrx_word' id='word_1_176' title='bbox 691 3015 822 3091; x_wconf 86' lang='lat' dir='ltr'>oportet</span> <span class='ocrx_word' id='word_1_177' title='bbox 845 3015 883 3072; x_wconf 89' lang='lat' dir='ltr'>ut</span> <span class='ocrx_word' id='word_1_178' title='bbox 909 3004 1259 3072; x_wconf 86' lang='lat' dir='ltr'>incommunicabilitas</span> <span class='ocrx_word' id='word_1_179' title='bbox 1276 3005 1305 3071; x_wconf 88' lang='lat' dir='ltr'>ei</span> <span class='ocrx_word' id='word_1_180' title='bbox 1323 3015 1502 3091; x_wconf 86' lang='lat' dir='ltr'>competat:</span> <span class='ocrx_word' id='word_1_181' title='bbox 1524 3020 1624 3076; x_wconf 88' lang='lat' dir='ltr'>aute</span> 
     </span>
     <span class='ocr_line' id='line_1_27' title="bbox 488 3131 660 3179; baseline 0.006 -1"><span class='ocrx_word' id='word_1_182' title='bbox 488 3131 660 3179; x_wconf 79' lang='lat' dir='ltr'>converso</span> 
     </span>
    </p>

    <p class='ocr_par' dir='ltr' id='par_1_15' title="bbox 491 3218 1623 3736">
     <span class='ocr_line' id='line_1_28' title="bbox 556 3218 1623 3307; baseline 0.004 -19"><span class='ocrx_word' id='word_1_183' title='bbox 556 3229 662 3306; x_wconf 87' lang='lat' dir='ltr'>Resp.</span> <span class='ocrx_word' id='word_1_184' title='bbox 682 3221 758 3288; x_wconf 84' lang='lat' dir='ltr'>dist.</span> <span class='ocrx_word' id='word_1_185' title='bbox 779 3229 901 3302; x_wconf 85' lang='lat' dir='ltr'>antec.;</span> <span class='ocrx_word' id='word_1_186' title='bbox 922 3241 940 3285; x_wconf 89' lang='lat' dir='ltr'>a</span> <span class='ocrx_word' id='word_1_187' title='bbox 960 3228 1050 3304; x_wconf 89' lang='lat' dir='ltr'>parte</span> <span class='ocrx_word' id='word_1_188' title='bbox 1068 3218 1111 3284; x_wconf 89' lang='lat' dir='ltr'>rei</span> <span class='ocrx_word' id='word_1_189' title='bbox 1130 3239 1234 3298; x_wconf 72' lang='lat' dir='ltr'>conc„</span> <span class='ocrx_word' id='word_1_190' title='bbox 1248 3221 1433 3288; x_wconf 88' lang='lat' dir='ltr'>secundum</span> <span class='ocrx_word' id='word_1_191' title='bbox 1458 3224 1623 3307; x_wconf 77' lang='lat' dir='ltr'>praecisio</span> 
     </span>
     <span class='ocr_line' id='line_1_29' title="bbox 492 3326 1621 3412; baseline 0.004 -18"><span class='ocrx_word' id='word_1_192' title='bbox 492 3346 548 3394; x_wconf 89' lang='lat' dir='ltr'>nes</span> <span class='ocrx_word' id='word_1_193' title='bbox 573 3329 756 3395; x_wconf 88' lang='lat' dir='ltr'>intellectus</span> <span class='ocrx_word' id='word_1_194' title='bbox 784 3347 854 3412; x_wconf 84' lang='lat' dir='ltr'>neg.</span> <span class='ocrx_word' id='word_1_195' title='bbox 888 3329 1000 3393; x_wconf 87' lang='lat' dir='ltr'>Potest</span> <span class='ocrx_word' id='word_1_196' title='bbox 1028 3327 1116 3392; x_wconf 91' lang='lat' dir='ltr'>enim</span> <span class='ocrx_word' id='word_1_197' title='bbox 1144 3326 1266 3411; x_wconf 90' lang='lat' dir='ltr'>aliquid</span> <span class='ocrx_word' id='word_1_198' title='bbox 1292 3347 1333 3393; x_wconf 86' lang='lat' dir='ltr'>ex</span> <span class='ocrx_word' id='word_1_199' title='bbox 1350 3347 1410 3394; x_wconf 83' lang='lat' dir='ltr'>sua</span> <span class='ocrx_word' id='word_1_200' title='bbox 1427 3331 1566 3396; x_wconf 79' lang='lat' dir='ltr'>essentia</span> <span class='ocrx_word' id='word_1_201' title='bbox 1584 3343 1621 3398; x_wconf 89' lang='lat' dir='ltr'>et</span> 
     </span>
     <span class='ocr_line' id='line_1_30' title="bbox 491 3429 1620 3520; baseline 0.004 -20"><span class='ocrx_word' id='word_1_202' title='bbox 491 3445 650 3520; x_wconf 89' lang='lat' dir='ltr'>conceptu</span> <span class='ocrx_word' id='word_1_203' title='bbox 671 3429 885 3520; x_wconf 77' lang='lat' dir='ltr'>praescindere</span> <span class='ocrx_word' id='word_1_204' title='bbox 902 3435 943 3500; x_wconf 89' lang='lat' dir='ltr'>ab</span> <span class='ocrx_word' id='word_1_205' title='bbox 962 3443 1111 3518; x_wconf 86' lang='lat' dir='ltr'>utraque.</span> <span class='ocrx_word' id='word_1_206' title='bbox 1127 3433 1178 3500; x_wconf 86' lang='lat' dir='ltr'>Sic</span> <span class='ocrx_word' id='word_1_207' title='bbox 1193 3435 1291 3500; x_wconf 90' lang='lat' dir='ltr'>etiam</span> <span class='ocrx_word' id='word_1_208' title='bbox 1307 3456 1325 3500; x_wconf 91' lang='lat' dir='ltr'>a</span> <span class='ocrx_word' id='word_1_209' title='bbox 1341 3445 1431 3520; x_wconf 89' lang='lat' dir='ltr'>parte</span> <span class='ocrx_word' id='word_1_210' title='bbox 1450 3437 1495 3502; x_wconf 91' lang='lat' dir='ltr'>rei</span> <span class='ocrx_word' id='word_1_211' title='bbox 1514 3458 1620 3506; x_wconf 86' lang='lat' dir='ltr'>omne</span> 
     </span>
     <span class='ocr_line' id='line_1_31' title="bbox 491 3541 1618 3615; baseline 0.004 -7"><span class='ocrx_word' id='word_1_212' title='bbox 491 3543 610 3609; x_wconf 91' lang='lat' dir='ltr'>animal</span> <span class='ocrx_word' id='word_1_213' title='bbox 629 3554 685 3610; x_wconf 90' lang='lat' dir='ltr'>aut</span> <span class='ocrx_word' id='word_1_214' title='bbox 704 3552 754 3609; x_wconf 91' lang='lat' dir='ltr'>est</span> <span class='ocrx_word' id='word_1_215' title='bbox 772 3542 927 3609; x_wconf 85' lang='lat' dir='ltr'>rationale</span> <span class='ocrx_word' id='word_1_216' title='bbox 953 3550 1009 3607; x_wconf 90' lang='lat' dir='ltr'>aut</span> <span class='ocrx_word' id='word_1_217' title='bbox 1033 3541 1233 3609; x_wconf 88' lang='lat' dir='ltr'>irrationale:</span> <span class='ocrx_word' id='word_1_218' title='bbox 1256 3543 1333 3609; x_wconf 85' lang='lat' dir='ltr'>nihil</span> <span class='ocrx_word' id='word_1_219' title='bbox 1357 3555 1469 3611; x_wconf 88' lang='lat' dir='ltr'>autem</span> <span class='ocrx_word' id='word_1_220' title='bbox 1494 3547 1618 3615; x_wconf 86' lang='lat' dir='ltr'>horum</span> 
     </span>
     <span class='ocr_line' id='line_1_32' title="bbox 492 3649 1435 3736; baseline 0.003 -20"><span class='ocrx_word' id='word_1_221' title='bbox 492 3651 631 3736; x_wconf 86' lang='lat' dir='ltr'>pertinet</span> <span class='ocrx_word' id='word_1_222' title='bbox 649 3651 689 3716; x_wconf 92' lang='lat' dir='ltr'>ad</span> <span class='ocrx_word' id='word_1_223' title='bbox 707 3651 883 3717; x_wconf 89' lang='lat' dir='ltr'>essentiam</span> <span class='ocrx_word' id='word_1_224' title='bbox 903 3649 1052 3716; x_wconf 89' lang='lat' dir='ltr'>animalis</span> <span class='ocrx_word' id='word_1_225' title='bbox 1069 3649 1205 3733; x_wconf 78' lang='lat' dir='ltr'>praecise</span> <span class='ocrx_word' id='word_1_226' title='bbox 1226 3660 1435 3736; x_wconf 88' lang='lat' dir='ltr'>conceptam.</span> 
     </span>
    </p>

    <p class='ocr_par' dir='ltr' id='par_1_16' title="bbox 485 3757 1620 4492">
     <span class='ocr_line' id='line_1_33' title="bbox 557 3757 1617 3842; baseline 0.006 -20"><span class='ocrx_word' id='word_1_227' title='bbox 557 3757 704 3842; x_wconf 89' lang='lat' dir='ltr'>Denique</span> <span class='ocrx_word' id='word_1_228' title='bbox 725 3759 860 3824; x_wconf 77' lang='lat' dir='ltr'>«unitas</span> <span class='ocrx_word' id='word_1_229' title='bbox 879 3758 1024 3822; x_wconf 80' lang='lat' dir='ltr'>formalis</span> <span class='ocrx_word' id='word_1_230' title='bbox 1042 3757 1274 3842; x_wconf 87' lang='lat' dir='ltr'>multiplicatur</span> <span class='ocrx_word' id='word_1_231' title='bbox 1291 3759 1323 3824; x_wconf 92' lang='lat' dir='ltr'>in</span> <span class='ocrx_word' id='word_1_232' title='bbox 1343 3758 1520 3827; x_wconf 88' lang='lat' dir='ltr'>individuis</span> <span class='ocrx_word' id='word_1_233' title='bbox 1538 3779 1617 3828; x_wconf 90' lang='lat' dir='ltr'>cum</span> 
     </span>
     <span class='ocr_line' id='line_1_34' title="bbox 491 3865 1617 3951; baseline 0.006 -20"><span class='ocrx_word' id='word_1_234' title='bbox 491 3867 559 3950; x_wconf 89' lang='lat' dir='ltr'>ipsa</span> <span class='ocrx_word' id='word_1_235' title='bbox 580 3875 704 3932; x_wconf 86' lang='lat' dir='ltr'>natura.</span> <span class='ocrx_word' id='word_1_236' title='bbox 725 3866 789 3932; x_wconf 84' lang='lat' dir='ltr'>Sed</span> <span class='ocrx_word' id='word_1_237' title='bbox 806 3865 932 3941; x_wconf 86' lang='lat' dir='ltr'>unitas,</span> <span class='ocrx_word' id='word_1_238' title='bbox 953 3873 1096 3949; x_wconf 85' lang='lat' dir='ltr'>quaeesl</span> <span class='ocrx_word' id='word_1_239' title='bbox 1115 3867 1244 3951; x_wconf 90' lang='lat' dir='ltr'>propria</span> <span class='ocrx_word' id='word_1_240' title='bbox 1263 3877 1386 3935; x_wconf 80' lang='lat' dir='ltr'>naturae</span> <span class='ocrx_word' id='word_1_241' title='bbox 1406 3870 1617 3949; x_wconf 83' lang='lat' dir='ltr'>universalis,</span> 
     </span>
     <span class='ocr_line' id='line_1_35' title="bbox 491 3973 1618 4057; baseline 0.004 -17"><span class='ocrx_word' id='word_1_242' title='bbox 491 3983 528 4040; x_wconf 90' lang='lat' dir='ltr'>ut</span> <span class='ocrx_word' id='word_1_243' title='bbox 543 3973 731 4040; x_wconf 87' lang='lat' dir='ltr'>universalis</span> <span class='ocrx_word' id='word_1_244' title='bbox 745 3982 810 4048; x_wconf 90' lang='lat' dir='ltr'>est,</span> <span class='ocrx_word' id='word_1_245' title='bbox 828 3992 894 4038; x_wconf 89' lang='lat' dir='ltr'>non</span> <span class='ocrx_word' id='word_1_246' title='bbox 911 3982 1017 4057; x_wconf 89' lang='lat' dir='ltr'>potest</span> <span class='ocrx_word' id='word_1_247' title='bbox 1033 3973 1236 4057; x_wconf 86' lang='lat' dir='ltr'>multiplicari</span> <span class='ocrx_word' id='word_1_248' title='bbox 1252 3975 1283 4041; x_wconf 91' lang='lat' dir='ltr'>in</span> <span class='ocrx_word' id='word_1_249' title='bbox 1297 3975 1518 4055; x_wconf 80' lang='lat' dir='ltr'>interioribus,</span> <span class='ocrx_word' id='word_1_250' title='bbox 1537 3998 1618 4045; x_wconf 87' lang='lat' dir='ltr'>nam</span> 
     </span>
     <span class='ocr_line' id='line_1_36' title="bbox 491 4080 1617 4171; baseline 0.005 -23"><span class='ocrx_word' id='word_1_251' title='bbox 491 4084 601 4165; x_wconf 91' lang='lat' dir='ltr'>potius</span> <span class='ocrx_word' id='word_1_252' title='bbox 619 4090 697 4147; x_wconf 89' lang='lat' dir='ltr'>sunt</span> <span class='ocrx_word' id='word_1_253' title='bbox 715 4099 820 4148; x_wconf 90' lang='lat' dir='ltr'>unum</span> <span class='ocrx_word' id='word_1_254' title='bbox 836 4081 900 4147; x_wconf 89' lang='lat' dir='ltr'>sub</span> <span class='ocrx_word' id='word_1_255' title='bbox 914 4101 953 4146; x_wconf 85' lang='lat' dir='ltr'>ea</span> <span class='ocrx_word' id='word_1_256' title='bbox 967 4081 1108 4162; x_wconf 87' lang='lat' dir='ltr'>ratione;</span> <span class='ocrx_word' id='word_1_257' title='bbox 1122 4080 1293 4165; x_wconf 90' lang='lat' dir='ltr'>quomodo</span> <span class='ocrx_word' id='word_1_258' title='bbox 1305 4082 1387 4150; x_wconf 85' lang='lat' dir='ltr'>dixit</span> <span class='ocrx_word' id='word_1_259' title='bbox 1402 4083 1617 4171; x_wconf 80' lang='lat' dir='ltr'>Porphyrius,</span> 
     </span>
     <span class='ocr_line' id='line_1_37' title="bbox 485 4175 1619 4280; baseline 0.005 -26"><span class='ocrx_word' id='word_1_260' title='bbox 485 4189 724 4274; x_wconf 80' lang='lat' dir='ltr'>participatione</span> <span class='ocrx_word' id='word_1_261' title='bbox 741 4189 854 4272; x_wconf 81' lang='lat' dir='ltr'>speciei</span> <span class='ocrx_word' id='word_1_262' title='bbox 865 4192 974 4271; x_wconf 76' lang='lat' dir='ltr'>plures</span> <span class='ocrx_word' id='word_1_263' title='bbox 990 4189 1128 4254; x_wconf 84' lang='lat' dir='ltr'>homines</span> <span class='ocrx_word' id='word_1_264' title='bbox 1145 4208 1210 4254; x_wconf 77' lang='lat' dir='ltr'>esse</span> <span class='ocrx_word' id='word_1_265' title='bbox 1228 4209 1326 4256; x_wconf 79' lang='lat' dir='ltr'>unum</span> <span class='ocrx_word' id='word_1_266' title='bbox 1345 4191 1511 4258; x_wconf 81' lang='lat' dir='ltr'>bominem.</span> <span class='ocrx_word' id='word_1_267' title='bbox 1530 4175 1619 4280; x_wconf 69' lang='lat' dir='ltr'>Ergo</span> 
     </span>
     <span class='ocr_line' id='line_1_38' title="bbox 492 4295 1620 4386; baseline 0.005 -24"><span class='ocrx_word' id='word_1_268' title='bbox 492 4299 592 4364; x_wconf 90' lang='lat' dir='ltr'>alium</span> <span class='ocrx_word' id='word_1_269' title='bbox 613 4297 751 4362; x_wconf 89' lang='lat' dir='ltr'>modum</span> <span class='ocrx_word' id='word_1_270' title='bbox 772 4295 905 4363; x_wconf 88' lang='lat' dir='ltr'>unitatis</span> <span class='ocrx_word' id='word_1_271' title='bbox 925 4297 1023 4363; x_wconf 87' lang='lat' dir='ltr'>habet</span> <span class='ocrx_word' id='word_1_272' title='bbox 1037 4305 1152 4362; x_wconf 88' lang='lat' dir='ltr'>natura</span> <span class='ocrx_word' id='word_1_273' title='bbox 1170 4296 1374 4376; x_wconf 83' lang='lat' dir='ltr'>universalis,</span> <span class='ocrx_word' id='word_1_274' title='bbox 1396 4311 1432 4366; x_wconf 89' lang='lat' dir='ltr'>ut</span> <span class='ocrx_word' id='word_1_275' title='bbox 1451 4300 1511 4378; x_wconf 88' lang='lat' dir='ltr'>sic,</span> <span class='ocrx_word' id='word_1_276' title='bbox 1533 4321 1620 4386; x_wconf 85' lang='lat' dir='ltr'>prae-</span> 
     </span>
     <span class='ocr_line' id='line_1_39' title="bbox 492 4401 1020 4492; baseline 0.002 -21"><span class='ocrx_word' id='word_1_277' title='bbox 492 4416 541 4473; x_wconf 89' lang='lat' dir='ltr'>ter</span> <span class='ocrx_word' id='word_1_278' title='bbox 561 4407 718 4472; x_wconf 87' lang='lat' dir='ltr'>unitatem</span> <span class='ocrx_word' id='word_1_279' title='bbox 739 4404 938 4471; x_wconf 80' lang='lat' dir='ltr'>formalem»</span> <span class='ocrx_word' id='word_1_280' title='bbox 955 4402 970 4492; x_wconf 90' lang='lat'>(</span> <span class='ocrx_word' id='word_1_281' title='bbox 995 4401 1020 4492; x_wconf 87' lang='lat'>).</span> 
     </span>
    </p>
   </div>
   <div class='ocr_carea' id='block_1_12' title="bbox 527 4653 1238 4816">
    <p class='ocr_par' dir='ltr' id='par_1_17' title="bbox 527 4653 1238 4816">
     <span class='ocr_line' id='line_1_40' title="bbox 528 4653 1238 4731; baseline 0.006 -20"><span class='ocrx_word' id='word_1_282' title='bbox 528 4660 568 4721; x_wconf 85' lang='lat' dir='ltr'>(r)</span> <span class='ocrx_word' id='word_1_283' title='bbox 605 4653 704 4722; x_wconf 75' lang='lat' dir='ltr'>Sunt..</span> <span class='ocrx_word' id='word_1_284' title='bbox 720 4655 797 4727; x_wconf 85' lang='lat' dir='ltr'>disp.</span> <span class='ocrx_word' id='word_1_285' title='bbox 812 4655 840 4712; x_wconf 90' lang='lat'>6.</span> <span class='ocrx_word' id='word_1_286' title='bbox 858 4655 1003 4731; x_wconf 58' lang='lat' dir='ltr'>Metalli„</span> <span class='ocrx_word' id='word_1_287' title='bbox 1016 4668 1084 4714; x_wconf 76' lang='lat' dir='ltr'>sect.</span> <span class='ocrx_word' id='word_1_288' title='bbox 1101 4675 1128 4724; x_wconf 77' lang='lat' dir='ltr'>a,</span> <span class='ocrx_word' id='word_1_289' title='bbox 1147 4675 1177 4722; x_wconf 80' lang='lat' dir='ltr'>p.</span> <span class='ocrx_word' id='word_1_290' title='bbox 1188 4675 1238 4715; x_wconf 88' lang='grc' dir='ltr'>.ιο.</span> 
     </span>
     <span class='ocr_line' id='line_1_41' title="bbox 527 4743 732 4816; baseline -0.01 -12"><span class='ocrx_word' id='word_1_291' title='bbox 527 4745 567 4816; x_wconf 81' lang='lat' dir='ltr'>(a)</span> <span class='ocrx_word' id='word_1_292' title='bbox 605 4743 646 4803; x_wconf 87' lang='lat' dir='ltr'>ld.</span> <span class='ocrx_word' id='word_1_293' title='bbox 662 4743 732 4803; x_wconf 91' lang='lat' dir='ltr'>ibid.</span> 
     </span>
    </p>
   </div>
   <div class='ocr_carea' id='block_1_13' title="bbox 0 0 1750 5525">
    <p class='ocr_par' dir='ltr' id='par_1_18' title="bbox 0 0 1750 5525">
     <span class='ocr_line' id='line_1_42' title="bbox 0 0 1750 5525; baseline 0 3"><span class='ocrx_word' id='word_1_294' title='bbox 0 0 1750 5525; x_wconf 95' lang='lat' dir='ltr'> </span> 
     </span>
    </p>
   </div>
  </div>
 </body>
</html>
