3492 5525
382 471 502 536 Anarc.
528 485 586 535 re·
606 472 656 536 De
677 471 989 536 Deuoussnnrroue
1151 491 1208 556 377

131 677 226 736 nem,
239 657 430 740 probabilem
443 675 502 724 seu
518 656 713 722 dialecticam
731 657 783 724 vel
807 657 904 722 etiarn
928 657 1075 739 topuam,
1102 664 1135 721 et
1150 658 1252 740 sophi·
1273 714 1276 725 .

10 777 11 784 ’
129 765 239 832 sluem
255 767 307 830 vel
315 765 582 848 pseudographum
596 765 842 850 syllogismum.
859 763 954 832 Ratio
967 765 1066 850 hujus
1082 763 1250 832 divisionis

131 893 167 936 ea
187 881 253 949 est,
270 872 346 956 quia
366 872 501 938 materia
514 872 686 958 cujuslibet
700 872 993 957 argumentationis
1008 873 1059 937 vel
1075 880 1126 938 est
1140 889 1251 938 neces·

131 979 213 1046 saria
227 989 261 1046 et
274 988 377 1056 certa,
393 981 444 1046 vel
460 979 636 1064 probabilis
648 982 701 1045 vel
717 998 776 1046 nec
791 980 970 1046 necessaria
986 998 1045 1045 nec
1060 979 1248 1064 probabilis,

130 1087 203 1154 licet
220 1087 400 1154 necessaria
419 1088 470 1154 vel
496 1087 670 1171 probabilis
690 1088 847 1154 videatur.
869 1086 917 1153 Ex
934 1087 1030 1153 certis
1049 1107 1086 1152 ac
1103 1106 1251 1154 necessa-

130 1197 184 1261 riis
195 1193 368 1261 coniicitur
380 1194 594 1282 syllogismus
609 1195 907 1272 demonstrativus,
928 1213 988 1262 seu
1000 1193 1247 1276 demonstratio;

130 1323 170 1368 ex
189 1303 410 1388 probabilibus
428 1321 488 1369 seu
511 1303 756 1380 verisimilibus
777 1302 962 1369 dialecticus
977 1305 1028 1368 vel
1046 1302 1192 1388 topicus;
1214 1320 1251 1368 ac

129 1411 266 1476 demum
298 1430 338 1476 ex
362 1420 553 1494 apparenter
580 1410 818 1494 probabilibus,
849 1411 1130 1495 pseudographus.
1163 1409 1249 1475 Finis

129 1517 420 1584 demonstrationis
446 1526 495 1584 est
522 1517 657 1606 gignere
686 1517 870 1595 scientiam;
892 1515 1074 1604 syllogismi
1093 1514 1248 1583 dialectici

130 1626 335 1710 opinionem,
356 1625 600 1710 pseudographi
615 1624 782 1709 sophistici
796 1643 938 1691 errorem
958 1644 994 1691 ac
1008 1623 1245 1710 deceptionem.

498 1888 811 1998 *ARTICULUS
832 1837 863 1963 1.Ι
873 1849 877 1856 ’

436 2059 508 2122 De
529 2058 945 2122 Demonstratione.

178 2272 252 2357 ¹33·
302 2270 540 2338 Breviternunc
553 2271 665 2338 dehac
679 2271 812 2337 materia
826 2271 1074 2356 agemus,quia
1088 2271 1121 2337 in
1135 2272 1250 2357 Logica
1335 2281 1395 2338 Quid
1421 2269 1441 2366 J
1557 2253 1562 2264 ⁸

126 2377 240 2463 hiajori
268 2380 339 2444 inse
368 2389 400 2446 et
428 2380 612 2445 accuratius
639 2378 873 2462 disputandum
896 2379 968 2446 erit.
994 2377 1246 2456 Demonstrabo,
1283 2356 1448 2403 ⁶⁸¹⁰⁰¹²⁸¹¹⁸¹¹⁰²

125 2504 200 2567 quae
217 2494 354 2551 vocatur
366 2487 462 2552 etiam
476 2487 671 2570 syllogismus
681 2485 885 2568 apodicticae,
902 2485 1055 2556 definitur
1068 2485 1108 2550 ab
1125 2485 1249 2554 Aristo·

126 2594 190 2658 tele
208 2589 272 2679 (r),
292 2595 488 2678 syllogismus
496 2581 623 2679 sa'cieus
640 2593 738 2674 scire;
753 2602 785 2658 et
803 2592 919 2669 etiam,
936 2594 1131 2676 syllogismus
1138 2600 1247 2676 proce-

124 2702 202 2767 dms
219 2719 261 2767 ex
273 2702 357 2767 ueris
369 2700 480 2784 primis
493 2705 523 2768 el
536 2700 721 2788 immediatis
734 2701 922 2779 notionibus,
937 2701 1114 2783 prioribus,
1129 2702 1249 2768 causis-

123 2824 184 2892 que
200 2810 421 2877 emulaesiouis.
438 2809 482 2876 At
499 2809 634 2875 definire
655 2827 741 2876 nunc
761 2828 779 2873 a
799 2810 893 2875 nobis
912 2818 1020 2893 potest
1038 2810 1080 2875 ad
1101 2818 1245 2876 mentem
1327 2804 1332 2813 ’

125 2916 274 3001 ejusdem
287 2916 462 3003 stagiritae,
477 2917 719 3001 sytugismusin
733 2934 794 3001 quo
806 2936 846 2983 ex
854 2917 1028 2999 promissis
1040 2918 1132 2983 certis
1142 2922 1172 2984 et
1183 2918 1248 2983 eoi·

122 3024 270 3089 dentibus
297 3026 423 3091 caedens
444 3025 599 3091 conclusio
629 3025 805 3109 deducitur,
840 3024 892 3089 vel
924 3025 1021 3091 etiarn
1052 3026 1247 3110 syllogismus

116 3133 264 3209 'euidens
284 3129 348 3221 (2).
370 3133 454 3199 Licet
472 3132 560 3199 enim
580 3132 820 3218 argumentatio
839 3142 925 3199 recte
938 3134 1111 3202 concludat
1128 3154 1247 3201 secun-

124 3240 206 3305 dum
235 3242 325 3326 leges
350 3241 470 3326 logicas
498 3242 648 3325 superius
670 3242 866 3318 declaratas,
893 3259 960 3307 non
978 3249 1088 3307 tamen
1114 3259 1246 3327 semper

123 3348 353 3437 certitudinem
381 3350 502 3433 gignit,
531 3348 764 3432 evidenterque
796 3347 965 3414 veritatem
996 3348 1156 3428 ostendit,
1185 3350 1244 3417 sed

122 3465 205 3522 tunc
231 3456 460 3533 solummodo,
481 3456 613 3540 quando
635 3463 764 3523 constat
786 3474 827 3523 ex
842 3455 1020 3540 praemissis
1032 3456 1127 3524 certis
1145 3465 1244 3541 atque

122 3563 342 3631 evidentibus

99 3754 103 3763 Ι
192 3670 435 3738 Demonstratio
462 3670 617 3738 dividitur
641 3673 674 3738 in
700 3671 1014 3738 demonstrationem
1041 3671 1187 3755 oprimi
1209 3682 1243 3740 et
1281 3686 1351 3730 θυι
1399 3699 1423 3729 e·

120 3800 143 3846 a
159 3779 337 3862 posteriori.
354 3778 595 3846 Demonstratio
614 3800 633 3845 a
652 3779 747 3864 priori
764 3788 815 3845 est
827 3800 881 3857 ea,
897 3782 989 3866 cujus
1008 3789 1241 3866 argumentum

121 3890 254 3955 ducitur
272 3906 312 3954 ex
331 3888 437 3971 aliqua
456 3906 489 3953 re
513 3887 609 3972 priori
633 3888 813 3954 secundum
838 3908 873 3954 se
896 3897 930 3953 et
948 3888 1144 3973 ontologice.
1174 3887 1244 3955 Hoc
1360 3898 1398 3942 'ri

121 3998 225 4062 modo
243 4016 262 4061 a
279 3996 375 4079 priori
393 3996 638 4061 demonstratur
655 3996 792 4063 effectus
810 4016 826 4062 a
846 4014 944 4061 causa
961 3997 1014 4061 vel
1029 3994 1241 4081 proprietasa

121 4113 238 4171 natura
256 4112 289 4169 et
308 4104 459 4181 essentia,
478 4104 565 4169 unde
579 4103 666 4186 iluit;
684 4113 720 4170 ut
734 4104 760 4171 si
781 4104 899 4189 probes
917 4103 1082 4171 deiectum
1101 4104 1187 4169 lunae
1201 4124 1242 4170 ex

119 4212 369 4295 interpositione
396 4219 489 4276 terrae
508 4212 591 4278 inter
618 4212 723 4296 ipsam
749 4220 781 4277 et
804 4212 928 4289 solem,
948 4213 1000 4277 vel
1027 4210 1239 4277 risibilitatem

120 4319 267 4387 hominis
282 4338 323 4384 ex
338 4317 562 4385 rationalitate.
579 4318 821 4386 Demonstratio
835 4340 854 4384 a
868 4319 1036 4404 posteriori
1048 4338 1066 4383 e
1080 4337 1241 4386 converso
1282 4338 1429 4394 amram,

157 4594 196 4657 (ι)
235 4588 301 4647 Lib.
320 4609 331 4645 1
356 4590 469 4647 Poster.
485 4586 665 4647 Audiiticor.
680 4606 743 4659 cap.
759 4607 784 4645 a.
801 4586 861 4645 Has
883 4585 1069 4645 definitiones
1084 4586 1114 4644 in
1128 4586 1241 4665 Logicc

118 4682 235 4756 Majori
248 4678 454 4751 expendemus.

155 4769 196 4841 (2)
233 4766 311 4826 Vide
325 4766 468 4836 Lossada,
484 4768 611 4841 Logica,
631 4779 715 4825 tract.
730 4766 760 4836 6,
774 4764 850 4837 disp.
867 4777 917 4834 a.·,
929 4785 991 4838 cap.
1011 4787 1036 4837 r,
1048 4787 1079 4826 n.
1099 4788 1124 4825 r.
