3492 5525
230 539 344 602 Araric.
361 550 421 599 aa·
435 534 779 603 Exisrranrracaarrn.
796 550 927 597 conam
947 531 1067 600 Scsm.
1110 525 1169 611 483

89 718 131 782 ad
156 717 342 783 alterutram
367 722 491 798 partem
519 713 748 781 controversiae
772 713 1031 797 persuadendam
1056 711 1211 795 iratpro-

89 824 228 909 gressio.
259 823 356 906 Atqui
386 824 546 906 perfectus
572 823 735 909 scepticus
764 820 841 889 nihil
869 820 1035 896 concedit,
1065 819 1210 902 nihilque
1329 832 1332 839 ·

89 941 216 997 certum
245 930 417 1015 supponit,
448 942 562 1014 utpote
596 929 652 1013 qui
681 948 850 997 assensum
887 931 919 995 in
950 929 1106 998 omnibus
1138 946 1211 994 esse

90 1037 494 1105 retinendum-existimat.
515 1037 638 1121 Ergo...

159 1152 287 1229 Major:
304 1144 423 1211 Omnis
442 1160 585 1229 namque
603 1144 780 1229 disputatio
795 1144 1054 1213 ratiocinationes
1067 1143 1212 1214 continet

90 1272 129 1320 ac
160 1252 472 1328 demonstrationes,
500 1270 575 1319 cum
608 1252 651 1317 sit
678 1254 824 1319 ostensio
852 1253 988 1338 alicujus
1019 1252 1123 1338 ignoti
1155 1272 1213 1337 per

92 1362 231 1427 notiora.
252 1361 372 1426 Omnis
397 1369 507 1426 autem
532 1360 768 1425 demonstratio
794 1361 894 1426 debet
914 1378 1101 1445 supponere
1125 1369 1213 1427 certa

90 1489 129 1535 ac
156 1467 282 1535 stabilia
308 1467 460 1552 principia
488 1464 556 1555 (r),
577 1450 648 1532 tum
677 1468 742 1545 illa,
771 1486 846 1552 quae
873 1469 946 1534 loco
970 1468 1212 1552 praemissarum

91 1584 308 1643 assumuntur
335 1577 375 1641 ad
403 1576 682 1651 concludendum,
710 1585 782 1639 tum
811 1574 880 1651 illa,
901 1574 934 1639 in
963 1576 1083 1658 quibus
1110 1577 1214 1642 torma

91 1686 162 1769 ipsa
183 1692 277 1750 recta
296 1682 589 1776 argumentationis
608 1682 735 1748 nititur:
752 1682 900 1766 itemque
913 1702 1099 1768 supponere
1117 1682 1215 1750 debet

90 1793 309 1878 aptitudinem
343 1790 475 1858 rationis
507 1791 674 1875 ipsiusque
703 1790 994 1857 demonstrationis
1024 1792 1065 1857 ad
1098 1811 1213 1856 verum

91 1900 325 1967 obtinendum.
337 1898 380 1966 Ut
391 1898 468 1964 nihil
483 1898 589 1964 dicam
606 1899 647 1964 de
663 1899 790 1984 propria
805 1900 990 1974 existentia,
1005 1900 1113 1983 deque
1127 1908 1214 1965 statu

91 2007 212 2092 vigiliae
230 2026 267 2073 ac
285 2024 372 2073 sanae
391 2005 527 2081 mentis,
544 2024 618 2089 quae
627 2004 750 2089 pariter
770 2024 828 2090 pro
847 2006 941 2072 certis
958 2006 1107 2073 habenda
1123 2017 1213 2084 sunt,

91 2123 271 2197 antequam
287 2112 474 2181 instituatur
488 2113 680 2197 disputatio.

162 2220 213 2287 Ad
233 2239 301 2287 rem
321 2220 358 2291 S.
378 2220 521 2289 Thomas
539 2218 606 2307 (2):
631 2220 742 2288 Omnis
760 2222 843 2286 ratio
869 2225 903 2287 ct
922 2223 1144 2289 dentonstratio
1163 2222 1217 2289 boc

93 2332 185 2397 modo
197 2328 354 2412 procedit,
373 2328 493 2393 scilicet
507 2330 698 2393 concedendo
720 2331 753 2393 et
774 2329 966 2413 exquirendo
988 2330 1141 2396 rationem
1156 2331 1219 2396 ati·

92 2440 187 2525 cujus
203 2437 292 2503 dicti.
313 2436 375 2501 Sed
392 2435 458 2512 illi,
478 2436 535 2519 qui
551 2436 633 2501 nihil
655 2437 844 2514 concedunt,
874 2436 1061 2502 interimunt
1079 2437 1219 2520 disputa·

92 2546 225 2620 nmen,
245 2546 279 2609 et
292 2562 412 2609 ornnem
429 2543 709 2625 argnnrcntativam
726 2544 892 2609 rationem.
916 2546 1006 2610 Unde
1028 2547 1072 2610 ad
1088 2564 1138 2610 eos
1155 2565 1219 2611 non

86 2656 193 2736 potest
209 2651 317 2717 baberi
332 2651 483 2715 sententia
501 2649 766 2727 ratiocinationis,
782 2658 840 2732 per
864 2670 959 2735 quam
985 2672 1006 2718 a
1032 2671 1089 2719 sno
1114 2672 1220 2719 errore

92 2763 260 2828 tollantur.

163 2875 283 2936 Dices:
305 2865 389 2952 Ergo
417 2865 641 2951 scepticismus
660 2867 791 2933 refutari
810 2886 876 2933 non
898 2876 1023 2951 potest,
1045 2888 1121 2936 cum
1142 2871 1219 2937 nihil

92 2978 295 3044 concedatur
324 2995 342 3040 a
368 2975 526 3059 sceptico,
556 2975 644 3042 unde
671 2974 808 3040 exordiri
839 2975 1017 3059 disputatio
1044 2997 1119 3045 cum
1149 2980 1221 3063 ipso

93 3083 215 3170 possit.
897 3107 903 3120 ·
1189 3078 1191 3085 ’

163 3195 369 3275 Respondeo
388 3189 538 3274 negando
562 3189 700 3255 illatum.
730 3189 826 3256 alliud
854 3200 915 3268 est,
946 3194 1036 3275 quod
1058 3195 1221 3279 scepticus

92 3299 168 3386 ipse
197 3298 314 3365 revinci
346 3317 411 3363 non
440 3299 558 3382 possit,
588 3307 621 3362 et
651 3297 737 3386 aliud
766 3308 830 3376 est,
858 3302 949 3383 quod
974 3302 1048 3386 ejus
1076 3311 1222 3389 systema

94 3409 216 3473 salsum
246 3405 374 3472 ostendi
405 3413 558 3488 nequeat.
589 3403 703 3488 Neque
732 3404 811 3489 lapis
839 3407 959 3473 revinci
990 3417 1115 3492 potest,
1147 3411 1223 3494 quia

95 3513 222 3581 nullam
237 3510 380 3579 admittit
399 3513 574 3588 rationem,
591 3513 622 3578 id
636 3530 713 3578 vero
729 3531 794 3578 non
812 3522 917 3590 vetat,
932 3526 969 3581 ut
983 3515 1066 3582 cirea
1080 3518 1222 3601 lapidem

92 3621 397 3688 demonstrationes
416 3619 591 3692 serenant
610 3639 667 3704 pro
687 3620 741 3698 iis,
763 3622 818 3703 qui
844 3622 968 3688 ratione
994 3631 1142 3691 utuntur.
1164 3627 1224 3690 lta-

92 3749 164 3814 que
183 3727 361 3813 disputatio
380 3728 449 3794 haec
468 3737 578 3793 nostra
606 3746 671 3793 non
701 3738 768 3794 tam
790 3729 947 3814 dirigetur
975 3731 1016 3796 ad
1046 3731 1220 3816 scepticos,

94 3853 242 3922 quorum
274 3854 372 3921 parva
402 3853 477 3919 spes
504 3835 638 3919 affulget
664 3836 893 3914 correctionis,
919 3857 1021 3920 quam
1054 3839 1095 3904 ad
1125 3858 1225 3908 sanos

133 4015 178 4084 (r)
213 4011 289 4070 Vide
298 4009 331 4069 S.
342 4011 460 4081 Thom.‚
471 4011 695 4088 Metapbysicor.
707 4013 756 4071 lib.
771 4030 811 4087 4.,
826 4014 892 4071 leet.
907 4016 939 4085 ⁶3
951 4013 1095 4074 Clement.
1105 4017 1227 4078 Alexan·

91 4103 177 4161 drin.
192 4101 331 4160 Stromat.
355 4101 404 4160 lib.
426 4101 467 4171 8.,
480 4101 545 4158 'Aut
566 4103 661 4158 omnia
682 4112 770 4178 egent
789 4105 1046 4175 demonstratione,
1068 4111 1227 4167 autetiam

93 4191 231 4268 quadam
245 4213 283 4249 ex
297 4191 342 4248 bis
355 4200 423 4248 siant
436 4192 600 4249 credibilia.
613 4189 671 4249 Sed
684 4194 713 4248 si
723 4193 808 4265 prius
822 4195 937 4267 quidem
948 4215 1048 4266 oerum
1060 4207 1113 4266 est,
1128 4199 1228 4258 anius·

13 4309 15 4326 i
92 4283 241 4358 cujusque
263 4280 515 4340 demonstrationis
541 4287 669 4354 petentes
693 4283 965 4342 demonstrationem
987 4289 1173 4360 procedemus
1194 4290 1228 4346 in

14 4425 15 4434 ,
93 4369 265 4446 infinitam,
285 4378 314 4428 et
334 4371 380 4428 sic
402 4379 548 4428 evertetur
565 4371 782 4432 demonstratio.
806 4371 863 4432 Sin
884 4383 980 4432 antem
1000 4376 1169 4446 secandam,
1192 4400 1227 4436 ea

14 4457 16 4484 i

14 4539 17 4564 l

15 4577 17 4642 l

15 4653 18 4708 l

92 4463 179 4537 ipsa,
193 4479 256 4533 qaoe
268 4467 337 4517 sunt
347 4479 385 4517 ex
398 4478 430 4518 se
444 4460 604 4529 credibilia,
620 4469 704 4518 erum
712 4463 863 4537 principia
872 4463 1155 4524 demonstrationum.
1158 4464 1227 4537 Jam

92 4570 171 4610 vero
183 4549 354 4624 philosophi
359 4553 494 4618 fateretur
502 4567 565 4607 esse
574 4550 842 4609 indemonstrabilia
852 4553 1003 4627 principia
1014 4557 1227 4625 universorum.

95 4639 296 4721 Quamobrem
309 4638 340 4695 si
350 4647 394 4696 est
407 4641 624 4707 demonstratio,
643 4659 757 4698 necesse
777 4650 819 4698 est
835 4643 920 4714 prinas
936 4661 999 4700 esse
1019 4645 1134 4717 aliquid
1147 4667 1185 4704 ex
1197 4666 1230 4705 se

93 4729 254 4798 credibile,
271 4729 345 4802 qnod
356 4728 470 4800 quiden
482 4729 594 4788 dicitur
606 4731 731 4803 primum
745 4738 773 4790 et
784 4732 1051 4790 indemonstrabite.

134 4817 179 4889 (a)
216 4815 506 4892 Metaplystcordib.
520 4827 587 4888 rr.·,
598 4817 662 4878 lect.
677 4820 705 4878 b.
721 4827 836 4893 paragr.
851 4819 879 4878 lt.
890 4818 954 4880 cfr.
969 4843 994 4880 r.
1009 4844 1037 4896 p.
1050 4844 1080 4899 q.
1099 4845 1121 4894 r,
1134 4839 1190 4896 art.
1200 4826 1229 4887 8.
