<?xml version="1.0" encoding="UTF-8"?>
<!DOCTYPE html PUBLIC "-//W3C//DTD XHTML 1.0 Transitional//EN"
    "http://www.w3.org/TR/xhtml1/DTD/xhtml1-transitional.dtd">
<html xmlns="http://www.w3.org/1999/xhtml" xml:lang="en" lang="en">
 <head>
  <title>
</title>
<meta http-equiv="Content-Type" content="text/html;charset=utf-8" />
  <meta name='ocr-system' content='tesseract 3.04.00' />
  <meta name='ocr-capabilities' content='ocr_page ocr_carea ocr_par ocr_line ocrx_word'/>
</head>
<body>
  <div class='ocr_page' id='page_1' title='image "./institutionesph00urrgoog/institutionesph00urrgoog_0761.png"; bbox 0 0 3492 5525; ppageno 0'>
   <div class='ocr_carea' id='block_1_1' title="bbox 370 494 1233 586">
    <p class='ocr_par' dir='ltr' id='par_1_1' title="bbox 370 494 1233 586">
     <span class='ocr_line' id='line_1_1' title="bbox 370 494 1233 586; baseline 0.007 -28"><span class='ocrx_word' id='word_1_1' title='bbox 370 494 485 560; x_wconf 84' lang='lat' dir='ltr'><em>Anne.</em></span> <span class='ocrx_word' id='word_1_2' title='bbox 512 513 570 577; x_wconf 56' lang='lat'><em>3³¹⁸</em></span> <span class='ocrx_word' id='word_1_3' title='bbox 592 497 807 578; x_wconf 77' lang='lat' dir='ltr'><em>Quoruetux</em></span> <span class='ocrx_word' id='word_1_4' title='bbox 827 499 1060 568; x_wconf 66' lang='lat' dir='ltr'><em>Peentctette</em></span> <span class='ocrx_word' id='word_1_5' title='bbox 1174 521 1233 586; x_wconf 77' lang='lat'><strong>74¹·</strong></span> 
     </span>
    </p>
   </div>
   <div class='ocr_carea' id='block_1_2' title="bbox 144 604 467 622">
    <p class='ocr_par' dir='ltr' id='par_1_2' title="bbox 144 604 467 622">
     <span class='ocr_line' id='line_1_2' title="bbox 144 604 467 622; baseline 0 -4"><span class='ocrx_word' id='word_1_6' title='bbox 144 604 467 622; x_wconf 56' lang='lat' dir='ltr'><em>m—</em></span> 
     </span>
    </p>
   </div>
   <div class='ocr_carea' id='block_1_3' title="bbox 412 800 996 896">
    <p class='ocr_par' dir='ltr' id='par_1_3' title="bbox 412 800 996 896">
     <span class='ocr_line' id='line_1_3' title="bbox 412 800 996 896; baseline 0.003 -22"><span class='ocrx_word' id='word_1_7' title='bbox 412 800 415 811; x_wconf 74' lang='grc'><em>’</em></span> <span class='ocrx_word' id='word_1_8' title='bbox 539 803 878 896; x_wconf 77' lang='lat' dir='ltr'><em>§tlt-luotvruuun.</em></span> <span class='ocrx_word' id='word_1_9' title='bbox 994 862 996 865; x_wconf 90' lang='lat'>.</span> 
     </span>
    </p>
   </div>
   <div class='ocr_carea' id='block_1_4' title="bbox 141 1021 1272 1757">
    <p class='ocr_par' dir='ltr' id='par_1_4' title="bbox 141 1021 1272 1757">
     <span class='ocr_line' id='line_1_4' title="bbox 198 1021 1272 1118; baseline 0.002 -27"><span class='ocrx_word' id='word_1_10' title='bbox 198 1026 272 1106; x_wconf 82' lang='lat'>184.</span> <span class='ocrx_word' id='word_1_11' title='bbox 322 1023 408 1090; x_wconf 88' lang='lat' dir='ltr'><em>Cum</em></span> <span class='ocrx_word' id='word_1_12' title='bbox 432 1021 636 1090; x_wconf 88' lang='lat' dir='ltr'><em>individuum</em></span> <span class='ocrx_word' id='word_1_13' title='bbox 657 1024 698 1090; x_wconf 90' lang='lat' dir='ltr'><em>stt</em></span> <span class='ocrx_word' id='word_1_14' title='bbox 716 1023 945 1118; x_wconf 75' lang='lat' dir='ltr'><em>correlatioum</em></span> <span class='ocrx_word' id='word_1_15' title='bbox 964 1026 1095 1111; x_wconf 89' lang='lat' dir='ltr'><em>speciei,</em></span> <span class='ocrx_word' id='word_1_16' title='bbox 1111 1040 1218 1112; x_wconf 82' lang='lat' dir='ltr'><em>¹pauca</em></span> <span class='ocrx_word' id='word_1_17' title='bbox 1231 1029 1272 1094; x_wconf 91' lang='lat' dir='ltr'><em>de</em></span> 
     </span>
     <span class='ocr_line' id='line_1_5' title="bbox 142 1128 1271 1218; baseline 0.002 -19"><span class='ocrx_word' id='word_1_18' title='bbox 142 1133 202 1199; x_wconf 88' lang='lat' dir='ltr'><em>illo</em></span> <span class='ocrx_word' id='word_1_19' title='bbox 225 1132 277 1212; x_wconf 83' lang='lat' dir='ltr'><em>hic</em></span> <span class='ocrx_word' id='word_1_20' title='bbox 296 1128 405 1198; x_wconf 88' lang='lat' dir='ltr'><em>statim</em></span> <span class='ocrx_word' id='word_1_21' title='bbox 430 1131 577 1196; x_wconf 82' lang='lat' dir='ltr'><em>addenda</em></span> <span class='ocrx_word' id='word_1_22' title='bbox 601 1139 690 1198; x_wconf 89' lang='lat' dir='ltr'><em>sunt.</em></span> <span class='ocrx_word' id='word_1_23' title='bbox 712 1131 933 1209; x_wconf 85' lang='lat' dir='ltr'><em>tndividuum,</em></span> <span class='ocrx_word' id='word_1_24' title='bbox 961 1133 1050 1217; x_wconf 91' lang='lat' dir='ltr'><em>quod</em></span> <span class='ocrx_word' id='word_1_25' title='bbox 1074 1136 1271 1218; x_wconf 88' lang='lat' dir='ltr'>quandoque</span> 
     </span>
     <span class='ocr_line' id='line_1_6' title="bbox 142 1237 1271 1329; baseline 0 -21"><span class='ocrx_word' id='word_1_26' title='bbox 142 1248 281 1308; x_wconf 87' lang='lat' dir='ltr'><em>vocatur</em></span> <span class='ocrx_word' id='word_1_27' title='bbox 308 1239 405 1304; x_wconf 82' lang='lat' dir='ltr'><em>ettam</em></span> <span class='ocrx_word' id='word_1_28' title='bbox 432 1238 509 1304; x_wconf 74' lang='lat' dir='ltr'><em>a.S.</em></span> <span class='ocrx_word' id='word_1_29' title='bbox 540 1238 668 1306; x_wconf 78' lang='lat' dir='ltr'><em>&#39;thoma</em></span> <span class='ocrx_word' id='word_1_30' title='bbox 688 1239 886 1322; x_wconf 78' lang='lat' dir='ltr'><em>particulare</em></span> <span class='ocrx_word' id='word_1_31' title='bbox 912 1237 977 1329; x_wconf 86' lang='lat'><em>(1),</em></span> <span class='ocrx_word' id='word_1_32' title='bbox 1006 1240 1152 1307; x_wconf 80' lang='lat' dir='ltr'>bifariam</span> <span class='ocrx_word' id='word_1_33' title='bbox 1172 1242 1271 1326; x_wconf 76' lang='lat' dir='ltr'><em>accipi</em></span> 
     </span>
     <span class='ocr_line' id='line_1_7' title="bbox 141 1345 1271 1434; baseline 0.002 -21"><span class='ocrx_word' id='word_1_34' title='bbox 141 1356 264 1434; x_wconf 89' lang='lat' dir='ltr'><em>potest,</em></span> <span class='ocrx_word' id='word_1_35' title='bbox 290 1346 395 1429; x_wconf 86' lang='lat' dir='ltr'><em>primo</em></span> <span class='ocrx_word' id='word_1_36' title='bbox 421 1345 674 1412; x_wconf 78' lang='lat' dir='ltr'><em>intentionaliter</em></span> <span class='ocrx_word' id='word_1_37' title='bbox 699 1365 758 1412; x_wconf 88' lang='lat' dir='ltr'><em>seu</em></span> <span class='ocrx_word' id='word_1_38' title='bbox 788 1349 971 1414; x_wconf 87' lang='lat' dir='ltr'><em>secundum</em></span> <span class='ocrx_word' id='word_1_39' title='bbox 1000 1369 1050 1424; x_wconf 85' lang='lat' dir='ltr'><em>ea,</em></span> <span class='ocrx_word' id='word_1_40' title='bbox 1071 1367 1146 1433; x_wconf 84' lang='lat' dir='ltr'><em>quae</em></span> <span class='ocrx_word' id='word_1_41' title='bbox 1165 1349 1225 1433; x_wconf 90' lang='lat' dir='ltr'><em>ipsi</em></span> <span class='ocrx_word' id='word_1_42' title='bbox 1252 1369 1271 1415; x_wconf 84' lang='lat' dir='ltr'><em>a</em></span> 
     </span>
     <span class='ocr_line' id='line_1_8' title="bbox 144 1454 1269 1541; baseline 0.002 -21"><span class='ocrx_word' id='word_1_43' title='bbox 144 1465 234 1541; x_wconf 86' lang='lat' dir='ltr'><em>parte</em></span> <span class='ocrx_word' id='word_1_44' title='bbox 251 1455 295 1520; x_wconf 88' lang='lat' dir='ltr'><em>rei</em></span> <span class='ocrx_word' id='word_1_45' title='bbox 308 1454 519 1530; x_wconf 84' lang='lat' dir='ltr'><em>conveniunt,</em></span> <span class='ocrx_word' id='word_1_46' title='bbox 534 1459 567 1519; x_wconf 86' lang='lat' dir='ltr'><em>et</em></span> <span class='ocrx_word' id='word_1_47' title='bbox 580 1457 716 1519; x_wconf 83' lang='lat' dir='ltr'><em>secundo</em></span> <span class='ocrx_word' id='word_1_48' title='bbox 736 1454 1000 1534; x_wconf 75' lang='lat' dir='ltr'><em>intentionaliter,</em></span> <span class='ocrx_word' id='word_1_49' title='bbox 1016 1457 1068 1522; x_wconf 87' lang='lat' dir='ltr'><em>vel</em></span> <span class='ocrx_word' id='word_1_50' title='bbox 1087 1457 1269 1522; x_wconf 91' lang='lat' dir='ltr'><em>secundum</em></span> 
     </span>
     <span class='ocr_line' id='line_1_9' title="bbox 142 1547 1271 1647; baseline 0 -17"><span class='ocrx_word' id='word_1_51' title='bbox 142 1563 341 1630; x_wconf 83' lang='lat' dir='ltr'><em>extrinsecas</em></span> <span class='ocrx_word' id='word_1_52' title='bbox 368 1559 663 1639; x_wconf 85' lang='lat' dir='ltr'><em>denominationes,</em></span> <span class='ocrx_word' id='word_1_53' title='bbox 694 1547 776 1645; x_wconf 85' lang='lat' dir='ltr'><em>quas</em></span> <span class='ocrx_word' id='word_1_54' title='bbox 801 1581 842 1627; x_wconf 89' lang='lat' dir='ltr'><em>ex</em></span> <span class='ocrx_word' id='word_1_55' title='bbox 866 1555 1054 1647; x_wconf 81' lang='lat' dir='ltr'><em>operatione</em></span> <span class='ocrx_word' id='word_1_56' title='bbox 1087 1561 1271 1630; x_wconf 87' lang='lat' dir='ltr'><em>intellectus</em></span> 
     </span>
     <span class='ocr_line' id='line_1_10' title="bbox 142 1666 1272 1757; baseline -0.001 -20"><span class='ocrx_word' id='word_1_57' title='bbox 142 1669 270 1754; x_wconf 87' lang='lat' dir='ltr'><em>accipit.</em></span> <span class='ocrx_word' id='word_1_58' title='bbox 287 1666 384 1734; x_wconf 84' lang='lat' dir='ltr'><em>Priori</em></span> <span class='ocrx_word' id='word_1_59' title='bbox 402 1669 502 1734; x_wconf 93' lang='lat' dir='ltr'><em>modo</em></span> <span class='ocrx_word' id='word_1_60' title='bbox 517 1680 688 1752; x_wconf 85' lang='lat' dir='ltr'><em>acceptum</em></span> <span class='ocrx_word' id='word_1_61' title='bbox 702 1667 857 1736; x_wconf 84' lang='lat' dir='ltr'><em>delinitur</em></span> <span class='ocrx_word' id='word_1_62' title='bbox 876 1689 895 1734; x_wconf 87' lang='lat' dir='ltr'><em>a</em></span> <span class='ocrx_word' id='word_1_63' title='bbox 915 1669 1108 1756; x_wconf 88' lang='lat' dir='ltr'><em>Porphyrio,</em></span> <span class='ocrx_word' id='word_1_64' title='bbox 1126 1670 1162 1734; x_wconf 84' lang='lat' dir='ltr'><em>ia</em></span> <span class='ocrx_word' id='word_1_65' title='bbox 1179 1675 1272 1757; x_wconf 78' lang='lat' dir='ltr'><em>cujus</em></span> 
     </span>
    </p>
   </div>
   <div class='ocr_carea' id='block_1_5' title="bbox 1319 1046 1458 1094">
    <p class='ocr_par' dir='ltr' id='par_1_5' title="bbox 1319 1046 1458 1094">
     <span class='ocr_line' id='line_1_11' title="bbox 1319 1046 1458 1094; baseline 0.022 -2"><span class='ocrx_word' id='word_1_66' title='bbox 1319 1046 1458 1094; x_wconf 69' lang='lat' dir='ltr'><em>Indiuiduum</em></span> 
     </span>
    </p>
   </div>
   <div class='ocr_carea' id='block_1_6' title="bbox 1294 1118 1477 1240">
    <p class='ocr_par' dir='ltr' id='par_1_6' title="bbox 1294 1118 1477 1240">
     <span class='ocr_line' id='line_1_12' title="bbox 1294 1118 1477 1180; baseline 0.027 -15"><span class='ocrx_word' id='word_1_67' title='bbox 1294 1118 1397 1166; x_wconf 65' lang='lat' dir='ltr'><em>bituriam</em></span> <span class='ocrx_word' id='word_1_68' title='bbox 1408 1125 1477 1180; x_wconf 68' lang='lat' dir='ltr'><em>recipi</em></span> 
     </span>
     <span class='ocr_line' id='line_1_13' title="bbox 1384 1202 1424 1240; baseline -0.075 0"><span class='ocrx_word' id='word_1_69' title='bbox 1384 1202 1424 1240; x_wconf 65' lang='lat' dir='ltr'><em>eti.</em></span> 
     </span>
    </p>
   </div>
   <div class='ocr_carea' id='block_1_7' title="bbox 140 1766 1319 1865">
    <p class='ocr_par' dir='ltr' id='par_1_7' title="bbox 140 1766 1319 1865">
     <span class='ocr_line' id='line_1_14' title="bbox 140 1766 1319 1865; baseline -0.002 -20"><span class='ocrx_word' id='word_1_70' title='bbox 140 1797 247 1845; x_wconf 87' lang='lat' dir='ltr'><em>omnes</em></span> <span class='ocrx_word' id='word_1_71' title='bbox 264 1778 361 1843; x_wconf 85' lang='lat' dir='ltr'><em>simul</em></span> <span class='ocrx_word' id='word_1_72' title='bbox 372 1777 577 1860; x_wconf 85' lang='lat' dir='ltr'><em>proprietates</em></span> <span class='ocrx_word' id='word_1_73' title='bbox 594 1776 690 1842; x_wconf 82' lang='lat' dir='ltr'><em>alteri</em></span> <span class='ocrx_word' id='word_1_74' title='bbox 710 1776 875 1842; x_wconf 86' lang='lat' dir='ltr'><em>convenire</em></span> <span class='ocrx_word' id='word_1_75' title='bbox 891 1797 954 1842; x_wconf 91' lang='lat' dir='ltr'><em>non</em></span> <span class='ocrx_word' id='word_1_76' title='bbox 964 1781 1100 1860; x_wconf 80' lang='lat' dir='ltr'><em>possunt</em></span> <span class='ocrx_word' id='word_1_77' title='bbox 1111 1775 1175 1865; x_wconf 86' lang='lat'><strong>(2).</strong></span> <span class='ocrx_word' id='word_1_78' title='bbox 1195 1777 1272 1844; x_wconf 89' lang='lat' dir='ltr'><em>Pro-</em></span> <span class='ocrx_word' id='word_1_79' title='bbox 1315 1766 1319 1780; x_wconf 63' lang='lat'><strong>¹</strong></span> 
     </span>
    </p>
   </div>
   <div class='ocr_carea' id='block_1_8' title="bbox 138 1882 1271 2830">
    <p class='ocr_par' dir='ltr' id='par_1_8' title="bbox 142 1882 1175 2078">
     <span class='ocr_line' id='line_1_15' title="bbox 142 1882 1115 1972; baseline 0 -22"><span class='ocrx_word' id='word_1_80' title='bbox 142 1883 295 1972; x_wconf 85' lang='lat' dir='ltr'><em>prietates</em></span> <span class='ocrx_word' id='word_1_81' title='bbox 314 1892 425 1950; x_wconf 83' lang='lat' dir='ltr'><em>autem</em></span> <span class='ocrx_word' id='word_1_82' title='bbox 447 1882 634 1968; x_wconf 87' lang='lat' dir='ltr'><em>hujusmodi</em></span> <span class='ocrx_word' id='word_1_83' title='bbox 654 1883 866 1952; x_wconf 85' lang='lat' dir='ltr'><em>continentur</em></span> <span class='ocrx_word' id='word_1_84' title='bbox 884 1884 935 1950; x_wconf 84' lang='lat' dir='ltr'><em>his</em></span> <span class='ocrx_word' id='word_1_85' title='bbox 953 1884 1115 1952; x_wconf 87' lang='lat' dir='ltr'><em>versibus:</em></span> 
     </span>
     <span class='ocr_line' id='line_1_16' title="bbox 233 1992 1175 2078; baseline -0.001 -19"><span class='ocrx_word' id='word_1_86' title='bbox 233 1993 357 2069; x_wconf 85' lang='lat' dir='ltr'><em>Forma,</em></span> <span class='ocrx_word' id='word_1_87' title='bbox 367 1992 493 2078; x_wconf 77' lang='lat' dir='ltr'><em>figura,</em></span> <span class='ocrx_word' id='word_1_88' title='bbox 513 1993 610 2067; x_wconf 73' lang='lat' dir='ltr'><em>hero,</em></span> <span class='ocrx_word' id='word_1_89' title='bbox 631 1993 759 2073; x_wconf 81' lang='lat' dir='ltr'><em>temptes,</em></span> <span class='ocrx_word' id='word_1_90' title='bbox 784 2009 855 2057; x_wconf 86' lang='lat' dir='ltr'><em>curn</em></span> <span class='ocrx_word' id='word_1_91' title='bbox 873 1993 1012 2067; x_wconf 85' lang='lat' dir='ltr'><em>nornine,</em></span> <span class='ocrx_word' id='word_1_92' title='bbox 1032 1993 1175 2076; x_wconf 83' lang='lat' dir='ltr'><em>sangnis,</em></span> 
     </span>
    </p>

    <p class='ocr_par' dir='ltr' id='par_1_9' title="bbox 193 2099 1133 2183">
     <span class='ocr_line' id='line_1_17' title="bbox 193 2099 1133 2183; baseline -0.001 -17"><span class='ocrx_word' id='word_1_93' title='bbox 193 2150 202 2158; x_wconf 94' lang='lat'><em>.</em></span> <span class='ocrx_word' id='word_1_94' title='bbox 232 2101 356 2181; x_wconf 86' lang='lat' dir='ltr'><em>Patria;</em></span> <span class='ocrx_word' id='word_1_95' title='bbox 379 2102 453 2165; x_wconf 84' lang='lat' dir='ltr'><em>sunt</em></span> <span class='ocrx_word' id='word_1_96' title='bbox 471 2103 596 2181; x_wconf 85' lang='lat' dir='ltr'><em>septem,</em></span> <span class='ocrx_word' id='word_1_97' title='bbox 621 2117 690 2183; x_wconf 77' lang='lat' dir='ltr'><em>quoe</em></span> <span class='ocrx_word' id='word_1_98' title='bbox 707 2117 771 2164; x_wconf 89' lang='lat' dir='ltr'><em>non</em></span> <span class='ocrx_word' id='word_1_99' title='bbox 789 2099 880 2164; x_wconf 82' lang='lat' dir='ltr'><em>labet</em></span> <span class='ocrx_word' id='word_1_100' title='bbox 893 2117 976 2165; x_wconf 74' lang='lat' dir='ltr'><em>unco</em></span> <span class='ocrx_word' id='word_1_101' title='bbox 988 2102 1027 2164; x_wconf 86' lang='lat' dir='ltr'><em>et</em></span> <span class='ocrx_word' id='word_1_102' title='bbox 1041 2101 1133 2166; x_wconf 90' lang='lat' dir='ltr'><em>alter.</em></span> 
     </span>
    </p>

    <p class='ocr_par' dir='ltr' id='par_1_10' title="bbox 138 2191 1271 2830">
     <span class='ocr_line' id='line_1_18' title="bbox 210 2191 1270 2284; baseline -0.002 -9"><span class='ocrx_word' id='word_1_103' title='bbox 210 2206 359 2284; x_wconf 85' lang='lat' dir='ltr'><em>Quorum</em></span> <span class='ocrx_word' id='word_1_104' title='bbox 379 2224 495 2274; x_wconf 88' lang='lat' dir='ltr'><em>sensus</em></span> <span class='ocrx_word' id='word_1_105' title='bbox 513 2215 575 2282; x_wconf 89' lang='lat' dir='ltr'><em>est,</em></span> <span class='ocrx_word' id='word_1_106' title='bbox 597 2207 763 2272; x_wconf 88' lang='lat' dir='ltr'><em>neminem</em></span> <span class='ocrx_word' id='word_1_107' title='bbox 782 2224 858 2272; x_wconf 90' lang='lat' dir='ltr'><em>curn</em></span> <span class='ocrx_word' id='word_1_108' title='bbox 884 2206 946 2272; x_wconf 84' lang='lat' dir='ltr'><em>atio</em></span> <span class='ocrx_word' id='word_1_109' title='bbox 969 2191 1147 2276; x_wconf 85' lang='lat' dir='ltr'><em>convenire</em></span> <span class='ocrx_word' id='word_1_110' title='bbox 1164 2205 1198 2273; x_wconf 92' lang='lat' dir='ltr'><em>in</em></span> <span class='ocrx_word' id='word_1_111' title='bbox 1219 2207 1270 2273; x_wconf 90' lang='lat' dir='ltr'><em>his</em></span> 
     </span>
     <span class='ocr_line' id='line_1_19' title="bbox 139 2313 1270 2400; baseline -0.003 -17"><span class='ocrx_word' id='word_1_112' title='bbox 139 2325 271 2400; x_wconf 82' lang='lat' dir='ltr'>septem</span> <span class='ocrx_word' id='word_1_113' title='bbox 291 2313 540 2400; x_wconf 84' lang='lat' dir='ltr'><em>proprietatibus</em></span> <span class='ocrx_word' id='word_1_114' title='bbox 563 2315 730 2380; x_wconf 85' lang='lat' dir='ltr'><em>collective</em></span> <span class='ocrx_word' id='word_1_115' title='bbox 748 2314 905 2398; x_wconf 89' lang='lat' dir='ltr'><em>sumptis,</em></span> <span class='ocrx_word' id='word_1_116' title='bbox 927 2318 1165 2396; x_wconf 85' lang='lat' dir='ltr'><em>temperamento</em></span> <span class='ocrx_word' id='word_1_117' title='bbox 1184 2315 1270 2380; x_wconf 89' lang='lat' dir='ltr'><em>scili-</em></span> 
     </span>
     <span class='ocr_line' id='line_1_20' title="bbox 139 2421 1271 2509; baseline -0.003 -20"><span class='ocrx_word' id='word_1_118' title='bbox 139 2433 207 2500; x_wconf 90' lang='lat' dir='ltr'><em>cet,</em></span> <span class='ocrx_word' id='word_1_119' title='bbox 219 2423 343 2509; x_wconf 80' lang='lat' dir='ltr'><em>sigero,</em></span> <span class='ocrx_word' id='word_1_120' title='bbox 362 2421 531 2488; x_wconf 83' lang='lat' dir='ltr'><em>existentia</em></span> <span class='ocrx_word' id='word_1_121' title='bbox 548 2421 582 2486; x_wconf 92' lang='lat' dir='ltr'><em>in</em></span> <span class='ocrx_word' id='word_1_122' title='bbox 596 2425 701 2488; x_wconf 83' lang='lat' dir='ltr'><em>eodem</em></span> <span class='ocrx_word' id='word_1_123' title='bbox 719 2423 783 2488; x_wconf 89' lang='lat' dir='ltr'><em>loco</em></span> <span class='ocrx_word' id='word_1_124' title='bbox 801 2425 832 2487; x_wconf 86' lang='lat' dir='ltr'><em>et</em></span> <span class='ocrx_word' id='word_1_125' title='bbox 852 2425 997 2504; x_wconf 82' lang='lat' dir='ltr'><em>tempore,</em></span> <span class='ocrx_word' id='word_1_126' title='bbox 1018 2423 1153 2497; x_wconf 87' lang='lat' dir='ltr'><em>nomine,</em></span> <span class='ocrx_word' id='word_1_127' title='bbox 1174 2422 1271 2504; x_wconf 86' lang='lat' dir='ltr'><em>stirpe</em></span> 
     </span>
     <span class='ocr_line' id='line_1_21' title="bbox 138 2528 1269 2614; baseline -0.004 -16"><span class='ocrx_word' id='word_1_128' title='bbox 138 2536 174 2598; x_wconf 87' lang='lat' dir='ltr'><em>et</em></span> <span class='ocrx_word' id='word_1_129' title='bbox 185 2532 306 2614; x_wconf 88' lang='lat' dir='ltr'><em>patria.</em></span> <span class='ocrx_word' id='word_1_130' title='bbox 329 2530 492 2596; x_wconf 82' lang='lat' dir='ltr'><em>Caeterum</em></span> <span class='ocrx_word' id='word_1_131' title='bbox 507 2531 575 2594; x_wconf 86' lang='lat' dir='ltr'><em>haec</em></span> <span class='ocrx_word' id='word_1_132' title='bbox 588 2548 653 2594; x_wconf 92' lang='lat' dir='ltr'><em>non</em></span> <span class='ocrx_word' id='word_1_133' title='bbox 673 2538 722 2595; x_wconf 88' lang='lat' dir='ltr'><em>est</em></span> <span class='ocrx_word' id='word_1_134' title='bbox 740 2529 848 2595; x_wconf 85' lang='lat' dir='ltr'><em>stricta</em></span> <span class='ocrx_word' id='word_1_135' title='bbox 867 2528 1024 2596; x_wconf 89' lang='lat' dir='ltr'><em>individui</em></span> <span class='ocrx_word' id='word_1_136' title='bbox 1037 2528 1194 2604; x_wconf 78' lang='lat' dir='ltr'><em>definitio,</em></span> <span class='ocrx_word' id='word_1_137' title='bbox 1211 2530 1269 2595; x_wconf 90' lang='lat' dir='ltr'><em>sed</em></span> 
     </span>
     <span class='ocr_line' id='line_1_22' title="bbox 146 2634 1269 2724; baseline -0.003 -20"><span class='ocrx_word' id='word_1_138' title='bbox 146 2638 258 2724; x_wconf 92' lang='lat' dir='ltr'><em>potius</em></span> <span class='ocrx_word' id='word_1_139' title='bbox 276 2637 465 2721; x_wconf 85' lang='lat' dir='ltr'><em>descriptio,</em></span> <span class='ocrx_word' id='word_1_140' title='bbox 485 2655 541 2722; x_wconf 86' lang='lat' dir='ltr'><em>per</em></span> <span class='ocrx_word' id='word_1_141' title='bbox 568 2655 669 2720; x_wconf 83' lang='lat' dir='ltr'><em>quam</em></span> <span class='ocrx_word' id='word_1_142' title='bbox 697 2635 897 2704; x_wconf 86' lang='lat' dir='ltr'><em>sufficienter</em></span> <span class='ocrx_word' id='word_1_143' title='bbox 915 2637 1130 2704; x_wconf 88' lang='lat' dir='ltr'><em>discernimus</em></span> <span class='ocrx_word' id='word_1_144' title='bbox 1150 2636 1210 2702; x_wconf 84' lang='lat' dir='ltr'><em>alia</em></span> <span class='ocrx_word' id='word_1_145' title='bbox 1229 2634 1269 2701; x_wconf 84' lang='lat' dir='ltr'><em>ab</em></span> 
     </span>
     <span class='ocr_line' id='line_1_23' title="bbox 139 2743 1264 2830; baseline -0.006 -15"><span class='ocrx_word' id='word_1_146' title='bbox 139 2746 211 2815; x_wconf 87' lang='lat' dir='ltr'><em>aliis</em></span> <span class='ocrx_word' id='word_1_147' title='bbox 224 2743 411 2829; x_wconf 88' lang='lat' dir='ltr'><em>individuis;</em></span> <span class='ocrx_word' id='word_1_148' title='bbox 425 2756 496 2812; x_wconf 91' lang='lat' dir='ltr'><em>tum</em></span> <span class='ocrx_word' id='word_1_149' title='bbox 513 2744 588 2829; x_wconf 86' lang='lat' dir='ltr'><em>quia</em></span> <span class='ocrx_word' id='word_1_150' title='bbox 600 2745 707 2811; x_wconf 89' lang='lat' dir='ltr'><em>solum</em></span> <span class='ocrx_word' id='word_1_151' title='bbox 729 2745 826 2811; x_wconf 88' lang='lat' dir='ltr'><em>rebus</em></span> <span class='ocrx_word' id='word_1_152' title='bbox 843 2743 1008 2830; x_wconf 86' lang='lat' dir='ltr'><em>corporeis</em></span> <span class='ocrx_word' id='word_1_153' title='bbox 1027 2743 1264 2812; x_wconf 85' lang='lat' dir='ltr'><em>accommodari</em></span> 
     </span>
    </p>
   </div>
   <div class='ocr_carea' id='block_1_9' title="bbox 139 2852 1369 3053">
    <p class='ocr_par' dir='ltr' id='par_1_11' title="bbox 139 2852 1369 3053">
     <span class='ocr_line' id='line_1_24' title="bbox 140 2852 1350 2940; baseline -0.002 -21"><span class='ocrx_word' id='word_1_154' title='bbox 140 2862 265 2940; x_wconf 89' lang='lat' dir='ltr'><em>potest,</em></span> <span class='ocrx_word' id='word_1_155' title='bbox 289 2864 363 2921; x_wconf 88' lang='lat' dir='ltr'><em>tum</em></span> <span class='ocrx_word' id='word_1_156' title='bbox 381 2852 458 2938; x_wconf 85' lang='lat' dir='ltr'><em>quia</em></span> <span class='ocrx_word' id='word_1_157' title='bbox 478 2872 543 2919; x_wconf 92' lang='lat' dir='ltr'><em>non</em></span> <span class='ocrx_word' id='word_1_158' title='bbox 572 2864 732 2938; x_wconf 86' lang='lat' dir='ltr'><em>repugnat</em></span> <span class='ocrx_word' id='word_1_159' title='bbox 752 2855 867 2919; x_wconf 85' lang='lat' dir='ltr'><em>saltem</em></span> <span class='ocrx_word' id='word_1_160' title='bbox 888 2854 1044 2920; x_wconf 83' lang='lat' dir='ltr'><em>divinitus</em></span> <span class='ocrx_word' id='word_1_161' title='bbox 1072 2855 1139 2920; x_wconf 92' lang='lat' dir='ltr'><em>duo</em></span> <span class='ocrx_word' id='word_1_162' title='bbox 1168 2852 1267 2918; x_wconf 86' lang='lat' dir='ltr'><em>etiam</em></span> <span class='ocrx_word' id='word_1_163' title='bbox 1344 2914 1350 2925; x_wconf 82' lang='lat'>‚</span> 
     </span>
     <span class='ocr_line' id='line_1_25' title="bbox 139 2960 1369 3053; baseline -0.003 -25"><span class='ocrx_word' id='word_1_164' title='bbox 139 2962 307 3029; x_wconf 85' lang='lat' dir='ltr'><em>individua</em></span> <span class='ocrx_word' id='word_1_165' title='bbox 343 2980 497 3047; x_wconf 84' lang='lat' dir='ltr'><em>corporea</em></span> <span class='ocrx_word' id='word_1_166' title='bbox 537 2961 569 3027; x_wconf 93' lang='lat' dir='ltr'><em>in</em></span> <span class='ocrx_word' id='word_1_167' title='bbox 608 2960 764 3027; x_wconf 90' lang='lat' dir='ltr'><em>omnibus</em></span> <span class='ocrx_word' id='word_1_168' title='bbox 800 2960 861 3026; x_wconf 88' lang='lat' dir='ltr'><em>illis</em></span> <span class='ocrx_word' id='word_1_169' title='bbox 902 2961 1152 3045; x_wconf 87' lang='lat' dir='ltr'><em>proprietatibus</em></span> <span class='ocrx_word' id='word_1_170' title='bbox 1189 2978 1267 3025; x_wconf 91' lang='lat' dir='ltr'><em>con·</em></span> <span class='ocrx_word' id='word_1_171' title='bbox 1365 3043 1369 3053; x_wconf 25' lang='grc'><strong><em>1</em></strong></span> 
     </span>
    </p>
   </div>
   <div class='ocr_carea' id='block_1_10' title="bbox 139 3070 264 3135">
    <p class='ocr_par' dir='ltr' id='par_1_12' title="bbox 139 3070 264 3135">
     <span class='ocr_line' id='line_1_26' title="bbox 139 3070 264 3135; baseline 0 0"><span class='ocrx_word' id='word_1_172' title='bbox 139 3070 264 3135; x_wconf 88' lang='lat' dir='ltr'><em>venire.</em></span> 
     </span>
    </p>
   </div>
   <div class='ocr_carea' id='block_1_11' title="bbox 85 3170 1437 3476">
    <p class='ocr_par' dir='ltr' id='par_1_13' title="bbox 85 3170 1437 3476">
     <span class='ocr_line' id='line_1_27' title="bbox 85 3170 1435 3285; baseline -0.001 -44"><span class='ocrx_word' id='word_1_173' title='bbox 85 3252 91 3263; x_wconf 38' lang='grc' dir='ltr'>Ι</span> <span class='ocrx_word' id='word_1_174' title='bbox 211 3172 327 3261; x_wconf 79' lang='lat' dir='ltr'><em>Aptius</em></span> <span class='ocrx_word' id='word_1_175' title='bbox 346 3194 425 3262; x_wconf 82' lang='lat' dir='ltr'><em>ergo</em></span> <span class='ocrx_word' id='word_1_176' title='bbox 444 3176 580 3241; x_wconf 78' lang='lat' dir='ltr'><em>definies</em></span> <span class='ocrx_word' id='word_1_177' title='bbox 609 3174 813 3241; x_wconf 88' lang='lat' dir='ltr'><em>individuum</em></span> <span class='ocrx_word' id='word_1_178' title='bbox 834 3195 910 3243; x_wconf 90' lang='lat' dir='ltr'><em>cum</em></span> <span class='ocrx_word' id='word_1_179' title='bbox 930 3175 967 3241; x_wconf 88' lang='lat' dir='ltr'><em>S.</em></span> <span class='ocrx_word' id='word_1_180' title='bbox 996 3176 1124 3241; x_wconf 84' lang='lat' dir='ltr'><em>Thoma</em></span> <span class='ocrx_word' id='word_1_181' title='bbox 1148 3172 1200 3263; x_wconf 73' lang='lat'><em>(3)</em></span> <span class='ocrx_word' id='word_1_182' title='bbox 1227 3196 1267 3241; x_wconf 90' lang='lat' dir='ltr'><em>ex</em></span> <span class='ocrx_word' id='word_1_183' title='bbox 1322 3170 1435 3285; x_wconf 42' lang='lat' dir='ltr'><em>in‘ivssfjt</em></span> 
     </span>
     <span class='ocr_line' id='line_1_28' title="bbox 138 3273 1437 3360; baseline -0.002 -9"><span class='ocrx_word' id='word_1_184' title='bbox 138 3285 310 3352; x_wconf 84' lang='lat' dir='ltr'><em>communi</em></span> <span class='ocrx_word' id='word_1_185' title='bbox 329 3283 479 3350; x_wconf 90' lang='lat' dir='ltr'><em>omnium</em></span> <span class='ocrx_word' id='word_1_186' title='bbox 499 3284 673 3360; x_wconf 84' lang='lat' dir='ltr'><em>sententia,</em></span> <span class='ocrx_word' id='word_1_187' title='bbox 693 3283 912 3349; x_wconf 81' lang='lat' dir='ltr'><em>indistinctum</em></span> <span class='ocrx_word' id='word_1_188' title='bbox 924 3284 959 3349; x_wconf 88' lang='lat' dir='ltr'><em>in</em></span> <span class='ocrx_word' id='word_1_189' title='bbox 978 3302 1028 3359; x_wconf 87' lang='lat' dir='ltr'><em>se,</em></span> <span class='ocrx_word' id='word_1_190' title='bbox 1043 3286 1075 3348; x_wconf 92' lang='lat' dir='ltr'><em>et</em></span> <span class='ocrx_word' id='word_1_191' title='bbox 1087 3282 1269 3349; x_wconf 82' lang='lat' dir='ltr'><em>distinctum</em></span> <span class='ocrx_word' id='word_1_192' title='bbox 1359 3292 1364 3299; x_wconf 82' lang='grc'>·</span> <span class='ocrx_word' id='word_1_193' title='bbox 1431 3273 1437 3285; x_wconf 81' lang='grc'>’</span> 
     </span>
     <span class='ocr_line' id='line_1_29' title="bbox 137 3389 1397 3476; baseline -0.001 -18"><span class='ocrx_word' id='word_1_194' title='bbox 137 3414 160 3459; x_wconf 89' lang='lat' dir='ltr'><em>a</em></span> <span class='ocrx_word' id='word_1_195' title='bbox 183 3392 317 3476; x_wconf 82' lang='lat' dir='ltr'><em>quolibet</em></span> <span class='ocrx_word' id='word_1_196' title='bbox 335 3391 410 3457; x_wconf 87' lang='lat' dir='ltr'><em>alio.</em></span> <span class='ocrx_word' id='word_1_197' title='bbox 432 3391 559 3473; x_wconf 75' lang='lat' dir='ltr'><em>Exque</em></span> <span class='ocrx_word' id='word_1_198' title='bbox 578 3389 766 3455; x_wconf 86' lang='lat' dir='ltr'><em>definitione</em></span> <span class='ocrx_word' id='word_1_199' title='bbox 786 3400 947 3475; x_wconf 84' lang='lat' dir='ltr'><em>repugnat</em></span> <span class='ocrx_word' id='word_1_200' title='bbox 961 3389 1165 3456; x_wconf 89' lang='lat' dir='ltr'><em>individuum</em></span> <span class='ocrx_word' id='word_1_201' title='bbox 1177 3389 1269 3457; x_wconf 89' lang='lat' dir='ltr'><em>iden·</em></span> <span class='ocrx_word' id='word_1_202' title='bbox 1393 3409 1397 3417; x_wconf 88' lang='grc'>’</span> 
     </span>
    </p>
   </div>
   <div class='ocr_carea' id='block_1_12' title="bbox 129 3496 1270 4229">
    <p class='ocr_par' dir='ltr' id='par_1_14' title="bbox 129 3496 1270 4229">
     <span class='ocr_line' id='line_1_30' title="bbox 137 3496 1269 3583; baseline -0.004 -16"><span class='ocrx_word' id='word_1_203' title='bbox 137 3499 252 3567; x_wconf 84' lang='lat' dir='ltr'><em>titicari</em></span> <span class='ocrx_word' id='word_1_204' title='bbox 271 3517 348 3566; x_wconf 85' lang='lat' dir='ltr'><em>curn</em></span> <span class='ocrx_word' id='word_1_205' title='bbox 368 3498 449 3574; x_wconf 83' lang='lat' dir='ltr'><em>aliis,</em></span> <span class='ocrx_word' id='word_1_206' title='bbox 463 3499 513 3563; x_wconf 88' lang='lat' dir='ltr'><em>vel</em></span> <span class='ocrx_word' id='word_1_207' title='bbox 526 3498 623 3563; x_wconf 89' lang='lat' dir='ltr'><em>dividi</em></span> <span class='ocrx_word' id='word_1_208' title='bbox 642 3498 675 3563; x_wconf 93' lang='lat' dir='ltr'><em>in</em></span> <span class='ocrx_word' id='word_1_209' title='bbox 694 3496 754 3561; x_wconf 86' lang='lat' dir='ltr'><em>alia</em></span> <span class='ocrx_word' id='word_1_210' title='bbox 774 3499 920 3583; x_wconf 87' lang='lat' dir='ltr'><em>ejusdem</em></span> <span class='ocrx_word' id='word_1_211' title='bbox 935 3497 1090 3573; x_wconf 88' lang='lat' dir='ltr'><em>nominis,</em></span> <span class='ocrx_word' id='word_1_212' title='bbox 1107 3509 1139 3565; x_wconf 90' lang='lat' dir='ltr'><em>et</em></span> <span class='ocrx_word' id='word_1_213' title='bbox 1156 3515 1269 3563; x_wconf 89' lang='lat' dir='ltr'><em>essen·</em></span> 
     </span>
     <span class='ocr_line' id='line_1_31' title="bbox 136 3586 1254 3690; baseline -0.007 -15"><span class='ocrx_word' id='word_1_214' title='bbox 136 3608 206 3675; x_wconf 84' lang='lat' dir='ltr'><em>tiae.</em></span> <span class='ocrx_word' id='word_1_215' title='bbox 229 3608 337 3690; x_wconf 82' lang='lat' dir='ltr'><em>Atque</em></span> <span class='ocrx_word' id='word_1_216' title='bbox 357 3604 390 3671; x_wconf 92' lang='lat' dir='ltr'><em>in</em></span> <span class='ocrx_word' id='word_1_217' title='bbox 410 3607 471 3671; x_wconf 90' lang='lat' dir='ltr'><em>hoc</em></span> <span class='ocrx_word' id='word_1_218' title='bbox 490 3606 596 3670; x_wconf 79' lang='lat' dir='ltr'><em>differt</em></span> <span class='ocrx_word' id='word_1_219' title='bbox 615 3604 656 3669; x_wconf 84' lang='lat' dir='ltr'><em>ab</em></span> <span class='ocrx_word' id='word_1_220' title='bbox 678 3602 862 3671; x_wconf 85' lang='lat' dir='ltr'><em>universali.</em></span> <span class='ocrx_word' id='word_1_221' title='bbox 1232 3586 1254 3627; x_wconf 36' lang='grc' dir='ltr'>χ</span> 
     </span>
     <span class='ocr_line' id='line_1_32' title="bbox 208 3710 1065 3797; baseline -0.005 -16"><span class='ocrx_word' id='word_1_222' title='bbox 208 3720 327 3781; x_wconf 66' lang='lat' dir='ltr'><em>Diceae</em></span> <span class='ocrx_word' id='word_1_223' title='bbox 348 3712 517 3797; x_wconf 78' lang='lat' dir='ltr'><em>singulare</em></span> <span class='ocrx_word' id='word_1_224' title='bbox 537 3732 577 3777; x_wconf 86' lang='lat' dir='ltr'><em>ex</em></span> <span class='ocrx_word' id='word_1_225' title='bbox 598 3711 772 3777; x_wconf 85' lang='lat' dir='ltr'><em>Aristotele</em></span> <span class='ocrx_word' id='word_1_226' title='bbox 791 3710 917 3777; x_wconf 79' lang='lat' dir='ltr'><em>definiri</em></span> <span class='ocrx_word' id='word_1_227' title='bbox 938 3711 1065 3795; x_wconf 90' lang='lat' dir='ltr'><em>nequit.</em></span> 
     </span>
     <span class='ocr_line' id='line_1_33' title="bbox 208 3818 1268 3905; baseline -0.002 -18"><span class='ocrx_word' id='word_1_228' title='bbox 208 3828 312 3903; x_wconf 84' lang='lat' dir='ltr'><em>Resp.</em></span> <span class='ocrx_word' id='word_1_229' title='bbox 338 3820 485 3886; x_wconf 74' lang='lat' dir='ltr'><em>licetlroc</em></span> <span class='ocrx_word' id='word_1_230' title='bbox 497 3819 656 3902; x_wconf 74' lang='lat' dir='ltr'><em>singulare</em></span> <span class='ocrx_word' id='word_1_231' title='bbox 670 3820 722 3883; x_wconf 83' lang='lat' dir='ltr'><em>vel</em></span> <span class='ocrx_word' id='word_1_232' title='bbox 730 3818 811 3885; x_wconf 82' lang='lat' dir='ltr'><em>illud</em></span> <span class='ocrx_word' id='word_1_233' title='bbox 823 3818 952 3905; x_wconf 78' lang='lat' dir='ltr'><em>definiri</em></span> <span class='ocrx_word' id='word_1_234' title='bbox 965 3838 1027 3884; x_wconf 91' lang='lat' dir='ltr'><em>non</em></span> <span class='ocrx_word' id='word_1_235' title='bbox 1035 3818 1136 3900; x_wconf 87' lang='lat' dir='ltr'><em>possit</em></span> <span class='ocrx_word' id='word_1_236' title='bbox 1140 3838 1154 3900; x_wconf 91' lang='lat'><em>,·</em></span> <span class='ocrx_word' id='word_1_237' title='bbox 1168 3823 1268 3885; x_wconf 90' lang='lat' dir='ltr'><em>tamen</em></span> 
     </span>
     <span class='ocr_line' id='line_1_34' title="bbox 136 3926 1270 4012; baseline -0.004 -17"><span class='ocrx_word' id='word_1_238' title='bbox 136 3930 177 3995; x_wconf 86' lang='lat' dir='ltr'><em>id</em></span> <span class='ocrx_word' id='word_1_239' title='bbox 185 3978 193 4003; x_wconf 90' lang='lat'><em>,</em></span> <span class='ocrx_word' id='word_1_240' title='bbox 213 3930 296 4012; x_wconf 81' lang='lat' dir='ltr'><em>qnod</em></span> <span class='ocrx_word' id='word_1_241' title='bbox 307 3926 445 4009; x_wconf 80' lang='lat' dir='ltr'><em>pertinet</em></span> <span class='ocrx_word' id='word_1_242' title='bbox 459 3928 503 3992; x_wconf 88' lang='lat' dir='ltr'><em>ad</em></span> <span class='ocrx_word' id='word_1_243' title='bbox 519 3944 709 3992; x_wconf 88' lang='lat' dir='ltr'><em>communem</em></span> <span class='ocrx_word' id='word_1_244' title='bbox 719 3926 872 3993; x_wconf 75' lang='lat' dir='ltr'><em>rationem</em></span> <span class='ocrx_word' id='word_1_245' title='bbox 882 3926 1126 4010; x_wconf 81' lang='lat' dir='ltr'><em>singularitatis,</em></span> <span class='ocrx_word' id='word_1_246' title='bbox 1141 3926 1270 4011; x_wconf 79' lang='lat' dir='ltr'><em>definiri</em></span> 
     </span>
     <span class='ocr_line' id='line_1_35' title="bbox 129 4030 1269 4120; baseline -0.002 -19"><span class='ocrx_word' id='word_1_247' title='bbox 129 4038 249 4120; x_wconf 86' lang='lat' dir='ltr'><em>potest.</em></span> <span class='ocrx_word' id='word_1_248' title='bbox 268 4034 310 4100; x_wconf 79' lang='lat' dir='ltr'><em>Et</em></span> <span class='ocrx_word' id='word_1_249' title='bbox 324 4035 371 4100; x_wconf 86' lang='lat' dir='ltr'><em>sie</em></span> <span class='ocrx_word' id='word_1_250' title='bbox 389 4034 592 4115; x_wconf 73' lang='lat' dir='ltr'><em>Philosophus</em></span> <span class='ocrx_word' id='word_1_251' title='bbox 609 4030 657 4120; x_wconf 91' lang='lat' dir='ltr'><em>(in</em></span> <span class='ocrx_word' id='word_1_252' title='bbox 677 4032 732 4099; x_wconf 89' lang='lat' dir='ltr'><em>lib.</em></span> <span class='ocrx_word' id='word_1_253' title='bbox 749 4033 952 4109; x_wconf 67' lang='lat' dir='ltr'><em>prodeam„</em></span> <span class='ocrx_word' id='word_1_254' title='bbox 969 4052 1040 4117; x_wconf 84' lang='lat' dir='ltr'><em>cap.</em></span> <span class='ocrx_word' id='word_1_255' title='bbox 1058 4036 1098 4098; x_wconf 80' lang='lat' dir='ltr'><em>tte</em></span> <span class='ocrx_word' id='word_1_256' title='bbox 1114 4032 1269 4100; x_wconf 83' lang='lat' dir='ltr'><em>Substan-</em></span> 
     </span>
     <span class='ocr_line' id='line_1_36' title="bbox 138 4136 799 4229; baseline -0.003 -21"><span class='ocrx_word' id='word_1_257' title='bbox 138 4140 203 4227; x_wconf 89' lang='lat' dir='ltr'><em>tia)</em></span> <span class='ocrx_word' id='word_1_258' title='bbox 221 4142 331 4229; x_wconf 83' lang='lat' dir='ltr'><em>definil</em></span> <span class='ocrx_word' id='word_1_259' title='bbox 347 4140 555 4207; x_wconf 77' lang='lat' dir='ltr'><em>substanttam</em></span> <span class='ocrx_word' id='word_1_260' title='bbox 568 4140 705 4222; x_wconf 80' lang='lat' dir='ltr'><em>primam</em></span> <span class='ocrx_word' id='word_1_261' title='bbox 723 4136 799 4228; x_wconf 57' lang='grc'><em>(4),</em></span> 
     </span>
    </p>
   </div>
   <div class='ocr_carea' id='block_1_13' title="bbox 139 4420 1265 4695">
    <p class='ocr_par' dir='ltr' id='par_1_15' title="bbox 139 4420 1265 4695">
     <span class='ocr_line' id='line_1_37' title="bbox 178 4420 1265 4516; baseline -0.002 -15"><span class='ocrx_word' id='word_1_262' title='bbox 178 4450 218 4511; x_wconf 83' lang='grc' dir='ltr'><em>(ι)</em></span> <span class='ocrx_word' id='word_1_263' title='bbox 254 4444 331 4502; x_wconf 87' lang='lat' dir='ltr'><em>Vide</em></span> <span class='ocrx_word' id='word_1_264' title='bbox 342 4464 371 4501; x_wconf 83' lang='lat' dir='ltr'><em>v.</em></span> <span class='ocrx_word' id='word_1_265' title='bbox 387 4462 416 4516; x_wconf 77' lang='lat' dir='ltr'><em>g.</em></span> <span class='ocrx_word' id='word_1_266' title='bbox 428 4420 462 4500; x_wconf 72' lang='lat' dir='ltr'><em>de</em></span> <span class='ocrx_word' id='word_1_267' title='bbox 478 4442 603 4511; x_wconf 73' lang='lat' dir='ltr'><em>Parent..</em></span> <span class='ocrx_word' id='word_1_268' title='bbox 621 4454 723 4513; x_wconf 86' lang='lat' dir='ltr'><em>quaest.</em></span> <span class='ocrx_word' id='word_1_269' title='bbox 739 4464 765 4515; x_wconf 88' lang='lat'><em>9,</em></span> <span class='ocrx_word' id='word_1_270' title='bbox 781 4454 839 4500; x_wconf 85' lang='lat' dir='ltr'><em>nrt.</em></span> <span class='ocrx_word' id='word_1_271' title='bbox 858 4463 882 4510; x_wconf 76' lang='grc' dir='ltr'><em>ις</em></span> <span class='ocrx_word' id='word_1_272' title='bbox 901 4454 939 4501; x_wconf 79' lang='grc'><em>1.·</em></span> <span class='ocrx_word' id='word_1_273' title='bbox 957 4440 1033 4500; x_wconf 80' lang='lat' dir='ltr'><em>nist.</em></span> <span class='ocrx_word' id='word_1_274' title='bbox 1056 4462 1101 4515; x_wconf 82' lang='lat'><em>23,</em></span> <span class='ocrx_word' id='word_1_275' title='bbox 1116 4455 1221 4513; x_wconf 78' lang='lat' dir='ltr'><em>quaest.</em></span> <span class='ocrx_word' id='word_1_276' title='bbox 1242 4462 1265 4511; x_wconf 86' lang='lat' dir='ltr'><em>r,</em></span> 
     </span>
     <span class='ocr_line' id='line_1_38' title="bbox 139 4533 370 4605; baseline -0.013 -12"><span class='ocrx_word' id='word_1_277' title='bbox 139 4548 201 4593; x_wconf 82' lang='lat' dir='ltr'><em>art.</em></span> <span class='ocrx_word' id='word_1_278' title='bbox 216 4552 242 4603; x_wconf 80' lang='lat'><em>2,</em></span> <span class='ocrx_word' id='word_1_279' title='bbox 253 4533 289 4591; x_wconf 80' lang='lat' dir='ltr'><em>td</em></span> <span class='ocrx_word' id='word_1_280' title='bbox 308 4542 370 4605; x_wconf 75' lang='lat'><em>4¹¹³</em></span> 
     </span>
     <span class='ocr_line' id='line_1_39' title="bbox 177 4619 864 4695; baseline -0.004 -14"><span class='ocrx_word' id='word_1_281' title='bbox 177 4628 218 4691; x_wconf 83' lang='lat' dir='ltr'><em>(o)</em></span> <span class='ocrx_word' id='word_1_282' title='bbox 256 4622 402 4695; x_wconf 86' lang='lat' dir='ltr'><em>Porphyr.</em></span> <span class='ocrx_word' id='word_1_283' title='bbox 418 4620 450 4678; x_wconf 88' lang='lat' dir='ltr'><em>ln</em></span> <span class='ocrx_word' id='word_1_284' title='bbox 465 4641 527 4692; x_wconf 82' lang='lat' dir='ltr'><em>cap.</em></span> <span class='ocrx_word' id='word_1_285' title='bbox 543 4620 578 4677; x_wconf 80' lang='lat' dir='ltr'><em>de</em></span> <span class='ocrx_word' id='word_1_286' title='bbox 592 4619 706 4695; x_wconf 83' lang='lat' dir='ltr'><em>Specie,</em></span> <span class='ocrx_word' id='word_1_287' title='bbox 721 4640 796 4679; x_wconf 83' lang='lat' dir='ltr'><em>vere.</em></span> <span class='ocrx_word' id='word_1_288' title='bbox 814 4620 864 4678; x_wconf 85' lang='lat' dir='ltr'><em>tin.</em></span> 
     </span>
    </p>
   </div>
   <div class='ocr_carea' id='block_1_14' title="bbox 176 4716 834 4873">
    <p class='ocr_par' dir='ltr' id='par_1_16' title="bbox 176 4716 834 4873">
     <span class='ocr_line' id='line_1_40' title="bbox 176 4716 534 4786; baseline -0.025 -11"><span class='ocrx_word' id='word_1_289' title='bbox 176 4716 218 4786; x_wconf 68' lang='lat'><em>(3)</em></span> <span class='ocrx_word' id='word_1_290' title='bbox 258 4732 267 4771; x_wconf 88' lang='lat' dir='ltr'><em>t</em></span> <span class='ocrx_word' id='word_1_291' title='bbox 286 4732 313 4783; x_wconf 89' lang='lat' dir='ltr'><em>p.</em></span> <span class='ocrx_word' id='word_1_292' title='bbox 330 4731 360 4783; x_wconf 84' lang='lat' dir='ltr'><em>q,</em></span> <span class='ocrx_word' id='word_1_293' title='bbox 378 4731 422 4784; x_wconf 86' lang='lat'><em>29,</em></span> <span class='ocrx_word' id='word_1_294' title='bbox 438 4724 493 4769; x_wconf 81' lang='lat' dir='ltr'><em>ort.</em></span> <span class='ocrx_word' id='word_1_295' title='bbox 507 4729 534 4782; x_wconf 85' lang='lat'><em>4.</em></span> 
     </span>
     <span class='ocr_line' id='line_1_41' title="bbox 179 4797 834 4873; baseline -0.015 -9"><span class='ocrx_word' id='word_1_296' title='bbox 179 4802 220 4873; x_wconf 86' lang='lat'><em>(4)</em></span> <span class='ocrx_word' id='word_1_297' title='bbox 257 4800 289 4859; x_wconf 87' lang='lat' dir='ltr'><em>S.</em></span> <span class='ocrx_word' id='word_1_298' title='bbox 305 4800 422 4869; x_wconf 83' lang='lat' dir='ltr'><em>Thom,</em></span> <span class='ocrx_word' id='word_1_299' title='bbox 443 4820 499 4872; x_wconf 80' lang='lat' dir='ltr'><em>tp.</em></span> <span class='ocrx_word' id='word_1_300' title='bbox 516 4817 545 4869; x_wconf 88' lang='lat' dir='ltr'><em>q.</em></span> <span class='ocrx_word' id='word_1_301' title='bbox 563 4818 606 4872; x_wconf 85' lang='lat'><em>29,</em></span> <span class='ocrx_word' id='word_1_302' title='bbox 621 4811 701 4856; x_wconf 83' lang='lat' dir='ltr'><em>urt.1</em></span> <span class='ocrx_word' id='word_1_303' title='bbox 723 4797 759 4855; x_wconf 82' lang='lat' dir='ltr'><em>ad</em></span> <span class='ocrx_word' id='word_1_304' title='bbox 777 4808 834 4855; x_wconf 82' lang='grc' dir='ltr'><strong>ι.““</strong></span> 
     </span>
    </p>
   </div>
   <div class='ocr_carea' id='block_1_15' title="bbox 0 0 1750 5525">
    <p class='ocr_par' dir='ltr' id='par_1_17' title="bbox 0 0 1750 5525">
     <span class='ocr_line' id='line_1_42' title="bbox 0 0 1750 5525; baseline 0 2"><span class='ocrx_word' id='word_1_305' title='bbox 0 0 1750 5525; x_wconf 95' lang='lat' dir='ltr'><em> </em></span> 
     </span>
    </p>
   </div>
  </div>
 </body>
</html>
