3492 5525
548 442 609 525 630
663 442 787 508 Loorca
803 442 1031 517 Maron-Lm.
1052 457 1120 517 ψ,
1137 442 1227 506 ὓιεν.
1244 430 1383 526 aseae.
1401 458 1473 511 alm

509 550 771 567 m-

862 782 1162 861 ARTICULUS
1183 783 1256 860 IV.

719 954 790 1019 De
810 970 955 1019 sensu
973 954 1204 1019 eommuni
1228 956 1419 1019 naturae.

557 1170 630 1254 138.
678 1166 729 1234 Ad
750 1171 1034 1253 complementum
1064 1168 1238 1244 docrnnae,
1257 1185 1358 1253 quam
1387 1167 1420 1233 in
1440 1168 1502 1232 hoc
1523 1167 1634 1249 capite

505 1276 715 1352 tradidimus,
735 1283 850 1352 restat,
872 1283 910 1341 ut
927 1275 968 1340 de
987 1276 1096 1343 valore
1115 1275 1213 1342 etiarn
1233 1284 1331 1360 atque
1345 1274 1535 1342 auctoritate
1554 1290 1633 1341 sen·

505 1400 563 1450 sus
581 1384 767 1449 communis
787 1381 930 1449 breviter
947 1383 1156 1468 disputemus
1174 1380 1187 1469 (
1213 1380 1238 1469 ).

313 1507 465 1570 oetaeum·
571 1490 628 1557 Est
640 1499 751 1557 autem
764 1509 882 1557 sensus
900 1500 1024 1557 natura
1038 1490 1224 1557 communis
1238 1490 1410 1573 consensio
1426 1490 1483 1554 vel
1496 1506 1634 1573 persua-

327 1588 459 1635 ΝΜ·
482 1588 483 1591 “
505 1600 555 1667 sio
573 1600 722 1685 gentium
743 1599 895 1665 omnium
920 1600 961 1665 de
980 1599 1088 1682 aliqua
1114 1618 1160 1663 re.
1186 1599 1224 1664 Et
1246 1597 1320 1664 ideo
1345 1606 1481 1664 vocatur
1503 1615 1544 1661 eo
1570 1616 1634 1661 no·

506 1706 606 1783 mine,
623 1707 698 1791 quia
717 1726 791 1791 quae
809 1725 928 1773 omnes
941 1707 1161 1773 communiter
1177 1708 1340 1782 sentiunt,
1360 1725 1400 1770 ex
1414 1704 1486 1790 ipso
1504 1714 1633 1771 naturae

505 1814 677 1883 dictamine
697 1814 853 1899 proticisci
872 1815 1063 1889 creduntur,
1085 1832 1144 1880 nec
1158 1813 1254 1881 tribui
1273 1821 1414 1898 possunt
1431 1814 1630 1888 educationi,

505 1922 615 1987 studio
634 1922 745 1988 aliisve
771 1920 877 1987 causis
901 1922 1147 2006 personalibus,
1177 1940 1251 2005 quae
1278 1920 1415 1987 diversae
1441 1921 1473 1986 in
1493 1920 1633 1989 diversis

505 2029 659 2115 subjectis
683 2047 720 2095 ac
740 2029 927 2095 nationibus
947 2031 1055 2095 solent
1073 2048 1160 2096 esse.

573 2135 666 2222 Saepe
676 2137 792 2212 etiam,
810 2135 1022 2221 potissimum
1037 2138 1125 2222 apud
1139 2137 1352 2215 recentiores,
1369 2137 1633 2203 nominasensus

501 2243 692 2312 communis
720 2244 854 2310 facultas
879 2245 950 2329 ipsa
976 2244 1186 2320 intellectiva,
1215 2264 1291 2329 quae
1314 2244 1433 2330 judicia
1461 2248 1529 2311 lucc
1555 2263 1634 2329 pro-

506 2353 651 2430 nuntiat,
676 2352 878 2437 designatur.
902 2352 939 2417 Et
957 2353 1003 2418 sic
1021 2354 1082 2419 dici
1103 2354 1224 2437 passim
1243 2352 1432 2420 consuevit:
1456 2354 1515 2419 lsfe
1542 2353 1634 2417 bomo

503 2479 569 2526 non
588 2460 677 2526 habel
688 2476 813 2525 sensum
831 2478 1038 2537 communem,
1058 2462 1100 2526 de
1118 2461 1181 2527 illis
1205 2460 1409 2536 hominibus,
1435 2458 1490 2543 qui
1515 2460 1559 2524 ita
1588 2462 1633 2524 de

507 2568 604 2634 rebus
622 2566 818 2652 quibusdam
839 2567 1000 2643 sentiunt,
1022 2568 1114 2651 quasi
1129 2579 1275 2635 carerent
1289 2570 1441 2633 facultate
1450 2566 1631 2653 judicandi,

493 2676 589 2742 ,sicut
606 2676 714 2742 caeteri
726 2674 886 2762 judicant.

573 2785 681 2850 lnesse
699 2783 890 2870 hujusmodi
906 2784 1027 2870 judicia
1046 2785 1132 2869 apud
1155 2803 1273 2851 omnes
1290 2792 1406 2868 gentes
1424 2784 1631 2860 communia,

507 2892 680 2959 uniformia
700 2899 732 2956 et
753 2889 878 2957 stabilia
897 2893 1007 2976 negari
1026 2891 1152 2975 nequit.
1172 2891 1261 2956 Talia
1278 2901 1356 2956 sunt
1373 2892 1460 2956 haec:
1490 2889 1649 2984 corpora*

506 3001 661 3082 existunt‚·
685 3000 836 3065 Parentes
852 2991 1029 3065 honorandi
1040 3004 1127 3081 surm
1142 2999 1320 3065 Discrmaan
1336 3001 1426 3064 adest
1440 2999 1524 3063 inter
1540 2999 1634 3063 done·

505 3112 588 3173 stum
602 3127 639 3172 ac
653 3111 754 3189 ἰωνιᾶς
766 3108 887 3171 Bonum
899 3099 1146 3193 calfaciendum,
1160 3108 1277 3172 malum
1285 3109 1334 3171 cst
1343 3105 1521 3186 vitandum
1534 3105 1631 3171 Certa

505 3222 636 3298 corpora
662 3218 819 3280 certorum
840 3217 917 3280 sunt
943 3215 1110 3300 &famum
1134 3232 1252 3293 aarum
1281 3213 1399 3279 existit
1423 3231 1477 3278 cns
1500 3213 1633 3296 aliquod

506 3330 681 3405 supremum
699 3322 787 3408 eique
799 3324 903 3387 cultas
920 3322 1143 3404 impendendus
1164 3324 1225 3386 est:
1242 3321 1368 3403 aliaque
1386 3320 1420 3386 id
1436 3338 1544 3406 genus
1562 3338 1630 3386 non

508 3450 621 3515 pauca,
643 3449 717 3514 quae
740 3429 920 3515 generatim
939 3436 1018 3495 sunt
1039 3429 1159 3513 judicia
1187 3427 1408 3514 intelligentiae
1427 3429 1630 3502 immediata,

401 3600 409 3630 x
508 3541 559 3605 vel
586 3557 661 3622 quae
690 3539 786 3604 obvia
820 3537 963 3622 quadam
1000 3535 1216 3619 facillimaque
1252 3535 1492 3602 ratiocinatione
1529 3537 1632 3602 dedu-

508 3653 638 3712 cuntur.

322 3777 468 3823 cannam:
573 3754 647 3820 Non
662 3751 749 3818 enirn
765 3752 915 3817 audiendi
931 3762 1024 3828 sunt,
1040 3752 1096 3835 qui
1110 3752 1300 3817 communia
1314 3752 1384 3818 haec
1393 3752 1512 3838 judicia
1531 3753 1632 3818 facul-

307 3851 482 3932 0⁵²⁰¹i⁰⁸¹⁵l⁹¹¹¹⁸
508 3860 578 3937 tati,
596 3860 705 3927 nescio
723 3859 789 3937 cui,
804 3859 971 3944 assignant
984 3860 1145 3926 distinctae
1154 3861 1195 3926 ab
1210 3859 1423 3945 intelligentia
1439 3870 1472 3925 et
1490 3861 1628 3936 ratione,

347 3931 439 3977 ''⁸⁸⁰⁰'‘
509 3985 585 4054 quae
599 3967 753 4034 instinctu
766 3968 913 4050 quodam
932 3986 1019 4033 caeco
1038 3977 1136 4050 atque
1160 3967 1284 4052 impetu
1305 3980 1429 4036 naturae
1449 3969 1630 4034 uniformes

508 4076 604 4142 hasce
631 4074 807 4140 sententias
832 4075 1033 4159 pronuntiet.
1062 4074 1136 4141 Non
1164 4075 1251 4140 enirn
1276 4074 1528 4160 multiplicandae
1549 4084 1632 4142 sunt

508 4185 673 4250 facultates
687 4181 811 4265 absque
831 4183 1035 4264 necessitate;
1057 4181 1283 4267 persuasiones
1302 4202 1379 4249 vero
1393 4183 1464 4250 istae
1476 4201 1632 4248 commu·

509 4310 584 4369 nes,
606 4310 681 4357 cum
701 4307 818 4356 ornnes
846 4290 911 4355 sint
936 4290 1055 4375 judicia
1074 4292 1142 4357 sive
1169 4291 1359 4357 immediata
1380 4292 1450 4357 sive
1473 4291 1630 4367 mediata,

543 4565 584 4628 (r)
622 4558 684 4617 Cir.
698 4557 735 4615 de
751 4558 805 4616 hac
819 4557 939 4616 materia
965 4558 1042 4617 inter
1059 4559 1133 4618 alios
1148 4559 1182 4618 Ρ.
1203 4557 1331 4619 Sanctus
1345 4557 1489 4629 Schlffini,
1509 4559 1634 4618 Princi-

509 4649 562 4726 pio
590 4649 711 4798 gladios,
742 4665 772 4704 n.
803 4665 865 4718 3²3,
901 4667 996 4718 seqq.;
1025 4647 1208 4723 Tongiorgi.,
1242 4649 1339 4707 instit.
1369 4650 1479 4724 philos.
1509 4649 1633 4726 Logia,

510 4761 539 4801 n.
555 4741 587 4799 61
623 4755 703 4810 seqq.
