3492 5525
274 459 391 523 Anrtc.
415 472 475 523 au·
496 456 617 531 Uurras
639 475 682 523 ετ
701 474 869 523 xnrrruoo
893 456 1119 525 Uurvensxcts
1156 455 1218 540 647

132 646 291 713 duatione
311 661 456 728 quacum
476 642 635 727 reperitur
658 641 690 709 in
709 644 803 709 Petro
827 644 910 710 etin
930 646 1034 719 kam,
1055 660 1128 709 esse
1146 641 1261 709 indivi-

131 772 207 822 sam
218 753 250 819 in
270 772 317 823 se.
331 751 458 818 Etenim
479 750 561 818 sicut
581 752 696 819 Petrus
713 759 763 819 est
777 768 883 819 unum
901 750 1126 828 individuum,
1146 751 1190 816 ita
1205 750 1262 817 hu·

134 860 275 928 manitas
283 868 335 927 est
345 878 411 926 una
425 858 566 925 essentia
578 865 612 925 et
628 866 756 941 natura;
771 868 805 925 et
818 858 903 925 sicut
916 860 1046 935 Petrus,
1056 876 1123 941 qua
1137 857 1261 925 ratione

133 979 184 1036 est
208 986 314 1035 unum
332 966 558 1043 individuum,
580 973 631 1033 est
657 964 851 1035 indivisibile
872 966 906 1033 in
928 967 1037 1052 plures
1060 965 1188 1041 Petrus,
1217 965 1266 1031 ita-

133 1076 321 1143 humanitas
333 1085 366 1141 et
376 1074 642 1141 animalitassunt
652 1074 863 1141 indivisibiles
874 1073 907 1141 in
918 1074 1029 1160 plures
1040 1072 1260 1140 humanitates
1378 1073 1390 1094 '

131 1194 233 1269 atque
252 1183 486 1260 animalitates,
508 1202 584 1266 quae
610 1190 725 1249 natura
747 1184 973 1265 essentiaque,
1005 1191 1039 1247 et
1062 1200 1129 1247 non
1150 1182 1259 1246 solum

11 1304 15 1311 '
135 1291 472 1369 numero‚differrent.
485 1291 627 1357 Possunt
636 1289 725 1357 enim
737 1308 810 1356 esse
819 1290 912 1375 plura
924 1288 1094 1356 individua
1103 1289 1258 1364 humana,

133 1402 186 1465 vel
215 1400 324 1485 plures
353 1398 573 1463 humanitates
592 1397 767 1479 individuae
786 1396 947 1465 distinctae
964 1406 998 1463 et
1025 1394 1258 1479 multiplicatae,

133 1524 209 1591 quae
223 1507 444 1573 diversitatem
461 1507 638 1572 sortiantur
654 1523 711 1590 per
726 1504 775 1580 id,
791 1504 882 1589 quod
895 1504 1088 1589 exprimitur
1102 1511 1261 1587 conceptu
1374 1524 1385 1533 ·

132 1612 416 1690 individuationis,
444 1632 510 1679 non
530 1630 608 1679 vero
627 1612 748 1697 perid,
769 1613 859 1696 quod
878 1610 1072 1697 exprimitur
1097 1618 1261 1694 conceptu

134 1722 291 1789 hominis.
312 1720 429 1787 Unitas'
444 1720 650 1786 individualis
665 1728 782 1785 vocatu
801 1718 900 1785 e'tiam
919 1718 1106 1787 matrialis.

202 1828 275 1894 Dari
293 1831 374 1895 hanc
391 1829 561 1894 formalem
577 1828 737 1894 unitatem
749 1828 782 1893 in
793 1824 891 1893 rebus
901 1836 1018 1912 praeter
1027 1826 1260 1893 individualem

137 1938 249 2022 negari
272 1936 407 2020 nequit,
427 1936 535 2019 quoad
551 1954 620 1999 rem
641 1934 764 2019 ipsam,
784 1935 844 2001 nisi
862 1934 1001 2019 quaestio
1027 1934 1086 2001 fiat
1105 1934 1145 2003 de
1166 1952 1259 1999 vooe.

134 2046 202 2112 Res
219 2044 307 2111 enim
324 2062 391 2110 non
407 2043 508 2109 modo
523 2042 645 2109 habent
655 2061 754 2109 unam
767 2042 1075 2119 individuationem,
1090 2041 1151 2108 sed
1161 2058 1260 2108 unam

133 2151 237 2217 etiam
266 2150 461 2227 essentiam,
482 2163 514 2218 et
534 2143 798 2235 unumquodque
823 2150 1043 2225 individuum,
1066 2168 1131 2215 non
1153 2150 1260 2215 solum

134 2269 187 2325 est
205 2278 310 2327 unum
327 2276 483 2334 numero,
504 2258 561 2324 sed
577 2259 674 2323 etiam
689 2259 842 2325 essentia.
859 2258 897 2324 Et
912 2268 1051 2341 utraque
1066 2259 1134 2323 haec
1151 2256 1259 2323 unitas

132 2376 186 2435 est
205 2368 298 2434 realis
320 2385 525 2449 omnemque
543 2364 705 2431 antecedit
731 2366 853 2433 mentis
871 2366 1106 2451 cogitationem
1122 2362 1188 2452 (ι).

204 2474 367 2542 Caeterum
388 2474 458 2540 istae
480 2474 553 2539 duae
573 2474 716 2540 unitates
740 2484 867 2558 aparte
887 2473 930 2540 rei
958 2492 1025 2539 non
1054 2473 1264 2558 distinguun·
1285 2486 1475 2534 lateamus·
1569 2477 1571 2480 ·
1647 2506 1653 2524 .

131 2590 187 2649 tur
206 2582 348 2658 realiter,
369 2600 483 2647 verum
505 2581 628 2647 ratione
647 2582 831 2649 dumtaxat.
851 2582 966 2665 Neque
985 2579 1073 2645 enim
1093 2581 1163 2663 ipsa
1181 2580 1263 2646 enti·
1290 2570 1462 2685 ,ssssfnzssssfun

131 2700 185 2757 tas
204 2710 240 2757 ac
261 2689 390 2755 realitas
409 2687 674 2755 individuationis
694 2690 744 2753 vel
765 2688 962 2755 haecceitatis
980 2707 1039 2755 seu
1058 2686 1264 2755 individuati-

131 2799 217 2865 tium
247 2806 399 2865 notarum
427 2797 554 2865 realiter
587 2795 799 2883 distinguitur
825 2798 867 2864 ab
893 2797 1027 2864 entitate
1053 2816 1091 2863 ac
1116 2797 1264 2862 'realitate

131 2907 300 2984 essentiae,
323 2905 607 2989 quemadmodum
627 2923 714 2971 nunc
731 2905 962 2989 supponimus.
986 2905 1073 2972 Cum
1093 2924 1172 2990 ergo
1192 2904 1264 2970 uni·

130 3025 183 3079 tas
198 3014 238 3080 sit
254 3013 323 3096 ipsa
340 3015 382 3079 rei
399 3014 528 3089 entitas,
546 3022 709 3097 quatenus
723 3012 876 3097 importat
891 3015 1068 3080 carentiam
1078 3012 1259 3090 divisionis,
1363 3042 1368 3052 ·

131 3121 190 3188 ubi
210 3123 361 3189 entitates
388 3121 468 3206 ipsae
491 3122 616 3187 realiter
644 3139 710 3187 non
729 3121 991 3207 distinguuntur,
1013 3141 1073 3188 nec
1100 3120 1256 3208 distingui

114 3239 273 3325 ‚possunt
286 3229 438 3296 unitates.
457 3228 711 3315 Distinguuntur
725 3239 835 3294 tamen
851 3228 993 3306 ratione,
1014 3229 1090 3312 quia
1106 3229 1259 3304 essentia,

132 3348 232 3424 prout
251 3338 402 3405 distincta
422 3339 462 3404 ab
481 3337 750 3414 individuatione‚
773 3355 867 3404 suam
884 3337 981 3403 habet
1000 3339 1172 3405 formalem
1192 3339 1265 3405 uni-

132 3454 253 3522 tatem,
287 3464 352 3512 non
382 3463 461 3512 vero
491 3445 737 3536 individualem.
767 3444 955 3529 Conceptus
984 3464 1063 3532 ergo
1093 3446 1263 3532 utriusque

132 3553 268 3621 unitatis
288 3553 406 3619 diversi
421 3561 500 3620 sunt
517 3547 581 3640 (2).

202 3660 284 3751 ilinc
302 3662 468 3745 sequitur,
489 3661 648 3726 unitatem
668 3661 860 3737 formalem,
880 3661 980 3726 modo
994 3659 1207 3746 descriptam,
1228 3661 1262 3728 in
1337 3686 1417 3732 unus

130 3768 229 3836 variis
247 3767 422 3835 individuis
441 3787 500 3853 pro
520 3787 635 3834 eorum
652 3787 790 3834 numero
805 3768 1024 3852 multiplicari.
1041 3767 1078 3835 Et
1098 3768 1178 3834 ratio
1197 3780 1259 3844 est.
1285 3756 1469 3874 “¹⁰:3¹¹2mf'¹¹³’

91 3885 96 3911 '
130 3875 211 3960 quia
233 3878 302 3941 haec
330 3875 474 3942 formalis
501 3877 607 3941 unitas
626 3876 882 3960 inseparabiliter
905 3877 1054 3959 sequitur
1081 3874 1187 3960 ipsam
1217 3877 1261 3942 rei
1312 3843 1439 3946 infimis

130 3983 303 4052 entitatem
330 4003 366 4049 ac
387 3992 550 4049 naturam.
579 3983 792 4068 Multiplicata
811 4003 892 4071 crgo
912 3995 1028 4051 natura
1055 3983 1087 4050 in
1115 3984 1262 4069 pluribus

170 4221 211 4286 (r)
247 4217 324 4274 Vide
338 4214 437 4285 Suam,
453 4215 536 4287 Disp.
551 4216 578 4273 6.
595 4215 738 4290 Metapa,
753 4228 823 4274 sect.
843 4237 865 4274 r.
883 4237 913 4274 n.
928 4217 956 4285 s,
973 4215 1125 4274 Conimbr.
1141 4215 1170 4273 in
1180 4217 1262 4274 Prae·

129 4307 233 4374 sation.
250 4307 390 4380 Porpny„
407 4325 434 4376 q.
451 4324 479 4377 4.
496 4316 551 4363 art.
568 4325 594 4375 3.
611 4318 680 4362 sect.
697 4325 721 4362 r.
738 4303 768 4363 in
786 4306 1019 4378 responsionesd
1033 4316 1093 4364 a.⁸¹¹
1105 4325 1263 4379 argumen-

131 4411 208 4464 tum3
223 4395 316 4454 Tolet.
332 4395 368 4452 de
390 4395 492 4462 Uaria,
508 4406 611 4465 quaest.
635 4415 661 4466 33
683 4393 844 4466 Caietanus
863 4395 894 4454 in
909 4396 1079 4467 Commeat,
1103 4396 1212 4468 Opuse.
1228 4397 1263 4456 de

133 4485 418 4553 Enteaetessentia„
426 4505 451 4541 c.
462 4503 490 4556 4.
500 4497 594 4554 quaest
603 4485 630 4552 63
653 4483 686 4541 Ρ.
698 4483 805 4557 Georg.
818 4485 948 4553 Rhodes,
960 4486 1086 4557 Parus..
1095 4488 1201 4564 persp„
1212 4486 1262 4544 lib.

129 4597 173 4650 4,
188 4574 264 4648 disp.
282 4597 320 4647 3.,
335 4588 440 4646 quaest.
455 4593 494 4643 2.,
508 4589 577 4632 sect.
597 4572 638 4642 r.,'
649 4591 765 4647 paragr.
781 4595 809 4647 33
819 4573 976 4647 Compton,
992 4576 1109 4653 Legio,
1124 4576 1201 4650 disp.
1217 4598 1262 4652 27,

132 4678 204 4726 sect.
220 4685 248 4734 23
264 4665 350 4731 Rub.,
367 4663 471 4738 Logic.
487 4662 709 4730 Mexr'cana,De
726 4665 908 4734 Universal,
923 4686 952 4737 q.
970 4687 996 4738 3.

172 4759 214 4822 (π)
250 4753 349 4822 Suam,
368 4753 419 4824 ib.,
436 4773 466 4812 n.
481 4774 521 4826 9.,
538 4751 589 4812 ubi
605 4753 690 4826 plura
703 4773 809 4825 quaere.
