<?xml version="1.0" encoding="UTF-8"?>
<!DOCTYPE html PUBLIC "-//W3C//DTD XHTML 1.0 Transitional//EN"
    "http://www.w3.org/TR/xhtml1/DTD/xhtml1-transitional.dtd">
<html xmlns="http://www.w3.org/1999/xhtml" xml:lang="en" lang="en">
 <head>
  <title>
</title>
<meta http-equiv="Content-Type" content="text/html;charset=utf-8" />
  <meta name='ocr-system' content='tesseract 3.04.00' />
  <meta name='ocr-capabilities' content='ocr_page ocr_carea ocr_par ocr_line ocrx_word'/>
</head>
<body>
  <div class='ocr_page' id='page_1' title='image "./institutionesph00urrgoog/institutionesph00urrgoog_0301.png"; bbox 0 0 3492 5525; ppageno 0'>
   <div class='ocr_carea' id='block_1_1' title="bbox 286 488 1228 576">
    <p class='ocr_par' dir='ltr' id='par_1_1' title="bbox 286 488 1228 576">
     <span class='ocr_line' id='line_1_1' title="bbox 286 488 1228 576; baseline 0.006 -24"><span class='ocrx_word' id='word_1_1' title='bbox 286 488 401 553; x_wconf 77' lang='lat' dir='ltr'><strong>Anrrc.</strong></span> <span class='ocrx_word' id='word_1_2' title='bbox 422 504 482 555; x_wconf 56' lang='lat'><strong>1³¹⁸</strong></span> <span class='ocrx_word' id='word_1_3' title='bbox 496 490 793 554; x_wconf 73' lang='lat' dir='ltr'><strong>Oerosrrrornoe.</strong></span> <span class='ocrx_word' id='word_1_4' title='bbox 812 508 923 555; x_wconf 72' lang='lat' dir='ltr'><strong>siuet.</strong></span> <span class='ocrx_word' id='word_1_5' title='bbox 942 508 986 555; x_wconf 78' lang='lat' dir='ltr'><strong>nr:</strong></span> <span class='ocrx_word' id='word_1_6' title='bbox 1000 510 1117 557; x_wconf 73' lang='lat' dir='ltr'><strong>messe:</strong></span> <span class='ocrx_word' id='word_1_7' title='bbox 1169 510 1228 576; x_wconf 86' lang='lat'><strong>277</strong></span> 
     </span>
    </p>
   </div>
   <div class='ocr_carea' id='block_1_2' title="bbox 131 671 1268 977">
    <p class='ocr_par' dir='ltr' id='par_1_2' title="bbox 131 671 1268 977">
     <span class='ocr_line' id='line_1_2' title="bbox 132 671 1268 775; baseline 0.005 -37"><span class='ocrx_word' id='word_1_8' title='bbox 132 671 197 775; x_wconf 51' lang='lat' dir='ltr'><strong>iis·</strong></span> <span class='ocrx_word' id='word_1_9' title='bbox 208 674 285 738; x_wconf 79' lang='lat' dir='ltr'><strong>srcnt</strong></span> <span class='ocrx_word' id='word_1_10' title='bbox 295 671 389 739; x_wconf 81' lang='lat' dir='ltr'><strong>ctiam</strong></span> <span class='ocrx_word' id='word_1_11' title='bbox 398 672 465 739; x_wconf 83' lang='lat' dir='ltr'><strong>alia</strong></span> <span class='ocrx_word' id='word_1_12' title='bbox 477 672 646 751; x_wconf 67' lang='lat' dir='ltr'><strong>annuite,</strong></span> <span class='ocrx_word' id='word_1_13' title='bbox 661 692 733 760; x_wconf 77' lang='lat' dir='ltr'><strong>qua</strong></span> <span class='ocrx_word' id='word_1_14' title='bbox 749 675 1152 759; x_wconf 57' lang='lat' dir='ltr'><strong>neminemneminer</strong></span> <span class='ocrx_word' id='word_1_15' title='bbox 1162 677 1268 744; x_wconf 70' lang='lat' dir='ltr'><strong>onmrir</strong></span> 
     </span>
     <span class='ocr_line' id='line_1_3' title="bbox 131 780 1267 977; baseline 0.008 -133"><span class='ocrx_word' id='word_1_16' title='bbox 131 780 338 977; x_wconf 53' lang='grc' dir='ltr'><strong>Ξὶιξιῐιηιῖιιῗίἱΐ</strong></span> <span class='ocrx_word' id='word_1_17' title='bbox 352 781 439 849; x_wconf 80' lang='lat' dir='ltr'><strong>bomo</strong></span> <span class='ocrx_word' id='word_1_18' title='bbox 459 780 496 847; x_wconf 80' lang='lat' dir='ltr'><strong>in</strong></span> <span class='ocrx_word' id='word_1_19' title='bbox 513 781 861 850; x_wconf 69' lang='lat' dir='ltr'><strong>nobilitate-Veneni</strong></span> <span class='ocrx_word' id='word_1_20' title='bbox 887 786 956 850; x_wconf 87' lang='lat' dir='ltr'><strong>haec</strong></span> <span class='ocrx_word' id='word_1_21' title='bbox 979 784 1267 871; x_wconf 77' lang='lat' dir='ltr'><strong>nimisperspicua</strong></span> 
     </span>
    </p>
   </div>
   <div class='ocr_carea' id='block_1_3' title="bbox 501 1190 852 1300">
    <p class='ocr_par' dir='ltr' id='par_1_3' title="bbox 501 1190 852 1300">
     <span class='ocr_line' id='line_1_4' title="bbox 501 1190 852 1300; baseline 0.009 -24"><span class='ocrx_word' id='word_1_22' title='bbox 501 1290 507 1300; x_wconf 53' lang='lat'>‚</span> <span class='ocrx_word' id='word_1_23' title='bbox 546 1190 748 1279; x_wconf 70' lang='lat' dir='ltr'><strong>ceput</strong></span> <span class='ocrx_word' id='word_1_24' title='bbox 777 1192 852 1279; x_wconf 88' lang='lat'><em>111.</em></span> 
     </span>
    </p>
   </div>
   <div class='ocr_carea' id='block_1_4' title="bbox 284 1356 1163 1581">
    <p class='ocr_par' dir='ltr' id='par_1_4' title="bbox 284 1356 1163 1581">
     <span class='ocr_line' id='line_1_5' title="bbox 284 1356 1109 1425; baseline 0.008 -6"><span class='ocrx_word' id='word_1_25' title='bbox 284 1356 389 1420; x_wconf 89' lang='lat' dir='ltr'><strong>DE</strong></span> <span class='ocrx_word' id='word_1_26' title='bbox 423 1356 1109 1425; x_wconf 78' lang='lat' dir='ltr'><strong>PROPRIETATIBUS</strong></span> 
     </span>
     <span class='ocr_line' id='line_1_6' title="bbox 469 1489 1163 1581; baseline 0.01 -20"><span class='ocrx_word' id='word_1_27' title='bbox 469 1489 1013 1565; x_wconf 86' lang='lat' dir='ltr'>PROPOSITIONUM.·</span> <span class='ocrx_word' id='word_1_28' title='bbox 1135 1549 1163 1581; x_wconf 66' lang='lat' dir='ltr'><strong>e.</strong></span> 
     </span>
    </p>
   </div>
   <div class='ocr_carea' id='block_1_5' title="bbox 132 1835 1265 2073">
    <p class='ocr_par' dir='ltr' id='par_1_5' title="bbox 132 1835 1265 2073">
     <span class='ocr_line' id='line_1_7' title="bbox 201 1835 1265 1941; baseline 0.003 -23"><span class='ocrx_word' id='word_1_29' title='bbox 201 1851 285 1919; x_wconf 86' lang='lat' dir='ltr'><strong>Tres</strong></span> <span class='ocrx_word' id='word_1_30' title='bbox 298 1835 400 1939; x_wconf 60' lang='lat' dir='ltr'><strong>vulgo</strong></span> <span class='ocrx_word' id='word_1_31' title='bbox 420 1855 643 1940; x_wconf 78' lang='lat' dir='ltr'><strong>assignantur,</strong></span> <span class='ocrx_word' id='word_1_32' title='bbox 657 1855 818 1937; x_wconf 54' lang='lat' dir='ltr'><strong>oppositu</strong></span> <span class='ocrx_word' id='word_1_33' title='bbox 832 1854 1005 1932; x_wconf 72' lang='lat' dir='ltr'><em>conversio,</em></span> <span class='ocrx_word' id='word_1_34' title='bbox 1021 1855 1265 1941; x_wconf 65' lang='lat' dir='ltr'><strong>oqupollentia:</strong></span> 
     </span>
     <span class='ocr_line' id='line_1_8' title="bbox 132 1960 785 2073; baseline 0 -46"><span class='ocrx_word' id='word_1_35' title='bbox 132 1960 176 2027; x_wconf 89' lang='lat' dir='ltr'><strong>de</strong></span> <span class='ocrx_word' id='word_1_36' title='bbox 193 1960 315 2045; x_wconf 88' lang='lat' dir='ltr'><strong>quibus</strong></span> <span class='ocrx_word' id='word_1_37' title='bbox 332 1960 533 2073; x_wconf 36' lang='lat' dir='ltr'><strong>singiliatim.</strong></span> <span class='ocrx_word' id='word_1_38' title='bbox 544 1963 709 2049; x_wconf 79' lang='lat' dir='ltr'><strong>agendum</strong></span> <span class='ocrx_word' id='word_1_39' title='bbox 724 1971 785 2029; x_wconf 90' lang='lat' dir='ltr'><strong>est.</strong></span> 
     </span>
    </p>
   </div>
   <div class='ocr_carea' id='block_1_6' title="bbox 524 2190 879 2267">
    <p class='ocr_par' dir='ltr' id='par_1_6' title="bbox 524 2190 879 2267">
     <span class='ocr_line' id='line_1_9' title="bbox 524 2190 879 2267; baseline 0 -2"><span class='ocrx_word' id='word_1_40' title='bbox 524 2190 827 2267; x_wconf 89' lang='lat' dir='ltr'>ARTICULUS</span> <span class='ocrx_word' id='word_1_41' title='bbox 850 2192 879 2266; x_wconf 93' lang='grc' dir='ltr'><strong>Ι.</strong></span> 
     </span>
    </p>
   </div>
   <div class='ocr_carea' id='block_1_7' title="bbox 224 2339 1171 2514">
    <p class='ocr_par' dir='ltr' id='par_1_7' title="bbox 224 2339 1171 2514">
     <span class='ocr_line' id='line_1_10' title="bbox 224 2339 1171 2426; baseline 0 -21"><span class='ocrx_word' id='word_1_42' title='bbox 224 2339 466 2422; x_wconf 82' lang='lat' dir='ltr'><strong>oppositio</strong></span> <span class='ocrx_word' id='word_1_43' title='bbox 492 2342 861 2424; x_wconf 83' lang='lat' dir='ltr'><strong>propositionum</strong></span> <span class='ocrx_word' id='word_1_44' title='bbox 884 2340 1171 2426; x_wconf 77' lang='lat' dir='ltr'><strong>simplicium</strong></span> 
     </span>
     <span class='ocr_line' id='line_1_11' title="bbox 573 2449 823 2514; baseline 0 -1"><span class='ocrx_word' id='word_1_45' title='bbox 573 2449 631 2514; x_wconf 86' lang='lat' dir='ltr'><strong>do</strong></span> <span class='ocrx_word' id='word_1_46' title='bbox 657 2450 823 2513; x_wconf 81' lang='lat' dir='ltr'><strong>inesse.</strong></span> 
     </span>
    </p>
   </div>
   <div class='ocr_carea' id='block_1_8' title="bbox 8 2625 1473 4330">
    <p class='ocr_par' dir='ltr' id='par_1_8' title="bbox 130 2625 1473 2929">
     <span class='ocr_line' id='line_1_12' title="bbox 181 2625 1460 2712; baseline -0.002 -19"><span class='ocrx_word' id='word_1_47' title='bbox 181 2645 258 2712; x_wconf 83' lang='lat'><strong>¹27·</strong></span> <span class='ocrx_word' id='word_1_48' title='bbox 302 2627 378 2692; x_wconf 88' lang='lat' dir='ltr'><strong>Non</strong></span> <span class='ocrx_word' id='word_1_49' title='bbox 405 2636 455 2693; x_wconf 87' lang='lat' dir='ltr'><strong>est</strong></span> <span class='ocrx_word' id='word_1_50' title='bbox 483 2644 592 2693; x_wconf 89' lang='lat' dir='ltr'><strong>sermo</strong></span> <span class='ocrx_word' id='word_1_51' title='bbox 622 2644 711 2693; x_wconf 91' lang='lat' dir='ltr'><strong>nunc</strong></span> <span class='ocrx_word' id='word_1_52' title='bbox 738 2628 779 2693; x_wconf 89' lang='lat' dir='ltr'><strong>de</strong></span> <span class='ocrx_word' id='word_1_53' title='bbox 805 2625 1013 2712; x_wconf 87' lang='lat' dir='ltr'><strong>oppositione</strong></span> <span class='ocrx_word' id='word_1_54' title='bbox 1041 2642 1262 2710; x_wconf 86' lang='lat' dir='ltr'><strong>quacumque,</strong></span> <span class='ocrx_word' id='word_1_55' title='bbox 1301 2645 1460 2695; x_wconf 55' lang='lat' dir='ltr'><strong>senonen</strong></span> 
     </span>
     <span class='ocr_line' id='line_1_13' title="bbox 130 2717 1473 2836; baseline -0.001 -35"><span class='ocrx_word' id='word_1_56' title='bbox 130 2736 232 2802; x_wconf 87' lang='lat' dir='ltr'><strong>etiam</strong></span> <span class='ocrx_word' id='word_1_57' title='bbox 253 2733 422 2812; x_wconf 86' lang='lat' dir='ltr'><strong>materiali,</strong></span> <span class='ocrx_word' id='word_1_58' title='bbox 443 2754 545 2820; x_wconf 81' lang='lat' dir='ltr'><strong>quarn</strong></span> <span class='ocrx_word' id='word_1_59' title='bbox 563 2734 713 2802; x_wconf 85' lang='lat' dir='ltr'><strong>videlicet</strong></span> <span class='ocrx_word' id='word_1_60' title='bbox 732 2744 873 2821; x_wconf 87' lang='lat' dir='ltr'><strong>possunt</strong></span> <span class='ocrx_word' id='word_1_61' title='bbox 892 2735 1012 2802; x_wconf 85' lang='lat' dir='ltr'><strong>habere</strong></span> <span class='ocrx_word' id='word_1_62' title='bbox 1023 2733 1265 2821; x_wconf 86' lang='lat' dir='ltr'><strong>propositiones</strong></span> <span class='ocrx_word' id='word_1_63' title='bbox 1285 2717 1473 2836; x_wconf 52' lang='grc' dir='ltr'>Ἢζξὲἕ·</span> 
     </span>
     <span class='ocr_line' id='line_1_14' title="bbox 130 2841 1325 2929; baseline -0.002 -19"><span class='ocrx_word' id='word_1_64' title='bbox 130 2845 259 2910; x_wconf 80' lang='lat' dir='ltr'><strong>ratione</strong></span> <span class='ocrx_word' id='word_1_65' title='bbox 281 2843 437 2909; x_wconf 82' lang='lat' dir='ltr'><strong>materiae:</strong></span> <span class='ocrx_word' id='word_1_66' title='bbox 458 2861 526 2928; x_wconf 88' lang='lat' dir='ltr'><strong>quo</strong></span> <span class='ocrx_word' id='word_1_67' title='bbox 545 2852 642 2928; x_wconf 78' lang='lat' dir='ltr'><strong>pacto</strong></span> <span class='ocrx_word' id='word_1_68' title='bbox 660 2853 737 2912; x_wconf 91' lang='lat' dir='ltr'><strong>sunt</strong></span> <span class='ocrx_word' id='word_1_69' title='bbox 761 2846 813 2912; x_wconf 79' lang='lat' dir='ltr'><strong>hae</strong></span> <span class='ocrx_word' id='word_1_70' title='bbox 835 2845 1012 2929; x_wconf 86' lang='lat' dir='ltr'><strong>oppositae:</strong></span> <span class='ocrx_word' id='word_1_71' title='bbox 1035 2844 1149 2910; x_wconf 82' lang='lat' dir='ltr'><strong>Petrus</strong></span> <span class='ocrx_word' id='word_1_72' title='bbox 1166 2841 1265 2908; x_wconf 85' lang='lat' dir='ltr'><strong>estin</strong></span> <span class='ocrx_word' id='word_1_73' title='bbox 1322 2869 1325 2876; x_wconf 94' lang='lat'>·</span> 
     </span>
    </p>

    <p class='ocr_par' dir='ltr' id='par_1_9' title="bbox 8 2930 1265 3035">
     <span class='ocr_line' id='line_1_15' title="bbox 8 2930 1265 3035; baseline -0.002 -19"><span class='ocrx_word' id='word_1_74' title='bbox 8 2930 9 2945; x_wconf 41' lang='lat'>¹</span> <span class='ocrx_word' id='word_1_75' title='bbox 124 2951 250 3034; x_wconf 62' lang='lat' dir='ltr'><strong>gratio,</strong></span> <span class='ocrx_word' id='word_1_76' title='bbox 276 2951 391 3017; x_wconf 84' lang='lat' dir='ltr'><strong>Petrus</strong></span> <span class='ocrx_word' id='word_1_77' title='bbox 418 2951 524 3017; x_wconf 84' lang='lat' dir='ltr'><strong>estin</strong></span> <span class='ocrx_word' id='word_1_78' title='bbox 544 2957 685 3035; x_wconf 77' lang='lat' dir='ltr'><strong>peccato:</strong></span> <span class='ocrx_word' id='word_1_79' title='bbox 710 2953 826 3018; x_wconf 81' lang='lat' dir='ltr'><strong>Petrus</strong></span> <span class='ocrx_word' id='word_1_80' title='bbox 852 2952 956 3018; x_wconf 84' lang='lat' dir='ltr'><strong>currit</strong></span> <span class='ocrx_word' id='word_1_81' title='bbox 983 2951 1033 3017; x_wconf 87' lang='lat' dir='ltr'><strong>vel</strong></span> <span class='ocrx_word' id='word_1_82' title='bbox 1053 2953 1211 3026; x_wconf 71' lang='lat' dir='ltr'><strong>mosem,</strong></span> <span class='ocrx_word' id='word_1_83' title='bbox 1232 2957 1265 3014; x_wconf 92' lang='lat' dir='ltr'><strong>et</strong></span> 
     </span>
    </p>

    <p class='ocr_par' dir='ltr' id='par_1_10' title="bbox 129 3057 1315 3661">
     <span class='ocr_line' id='line_1_16' title="bbox 130 3057 1267 3144; baseline -0.002 -20"><span class='ocrx_word' id='word_1_84' title='bbox 130 3059 247 3124; x_wconf 78' lang='lat' dir='ltr'><strong>Peincr</strong></span> <span class='ocrx_word' id='word_1_85' title='bbox 263 3057 408 3142; x_wconf 74' lang='lat' dir='ltr'><em>quiescit,</em></span> <span class='ocrx_word' id='word_1_86' title='bbox 428 3067 492 3124; x_wconf 87' lang='lat' dir='ltr'><strong>etc.</strong></span> <span class='ocrx_word' id='word_1_87' title='bbox 504 3060 538 3124; x_wconf 90' lang='lat' dir='ltr'><strong>in</strong></span> <span class='ocrx_word' id='word_1_88' title='bbox 558 3059 609 3124; x_wconf 89' lang='lat' dir='ltr'><strong>his</strong></span> <span class='ocrx_word' id='word_1_89' title='bbox 628 3058 716 3124; x_wconf 88' lang='lat' dir='ltr'><strong>enirn</strong></span> <span class='ocrx_word' id='word_1_90' title='bbox 736 3057 873 3143; x_wconf 85' lang='lat' dir='ltr'><strong>aliisque</strong></span> <span class='ocrx_word' id='word_1_91' title='bbox 891 3057 924 3125; x_wconf 91' lang='lat' dir='ltr'><strong>id</strong></span> <span class='ocrx_word' id='word_1_92' title='bbox 944 3077 1064 3144; x_wconf 83' lang='lat' dir='ltr'><strong>genus,</strong></span> <span class='ocrx_word' id='word_1_93' title='bbox 1081 3065 1151 3123; x_wconf 82' lang='lat' dir='ltr'><strong>tota</strong></span> <span class='ocrx_word' id='word_1_94' title='bbox 1165 3075 1267 3141; x_wconf 83' lang='lat' dir='ltr'><strong>oppo-</strong></span> 
     </span>
     <span class='ocr_line' id='line_1_17' title="bbox 130 3164 1265 3252; baseline -0.001 -22"><span class='ocrx_word' id='word_1_95' title='bbox 130 3164 210 3231; x_wconf 87' lang='lat' dir='ltr'><strong>sitio</strong></span> <span class='ocrx_word' id='word_1_96' title='bbox 227 3165 372 3248; x_wconf 86' lang='lat' dir='ltr'><strong>procedit</strong></span> <span class='ocrx_word' id='word_1_97' title='bbox 391 3184 431 3232; x_wconf 87' lang='lat' dir='ltr'><strong>ex</strong></span> <span class='ocrx_word' id='word_1_98' title='bbox 449 3167 519 3250; x_wconf 82' lang='lat' dir='ltr'><strong>ipsa</strong></span> <span class='ocrx_word' id='word_1_99' title='bbox 538 3167 673 3232; x_wconf 84' lang='lat' dir='ltr'><strong>materia</strong></span> <span class='ocrx_word' id='word_1_100' title='bbox 685 3167 772 3232; x_wconf 85' lang='lat' dir='ltr'><strong>circa</strong></span> <span class='ocrx_word' id='word_1_101' title='bbox 786 3185 897 3252; x_wconf 84' lang='lat' dir='ltr'><em>quam,</em></span> <span class='ocrx_word' id='word_1_102' title='bbox 918 3167 959 3232; x_wconf 87' lang='lat' dir='ltr'><strong>de</strong></span> <span class='ocrx_word' id='word_1_103' title='bbox 974 3185 1040 3250; x_wconf 88' lang='lat' dir='ltr'><strong>qua</strong></span> <span class='ocrx_word' id='word_1_104' title='bbox 1054 3183 1120 3232; x_wconf 91' lang='lat' dir='ltr'><strong>non</strong></span> <span class='ocrx_word' id='word_1_105' title='bbox 1141 3172 1265 3249; x_wconf 81' lang='lat' dir='ltr'><strong>spectat</strong></span> 
     </span>
     <span class='ocr_line' id='line_1_18' title="bbox 130 3271 1263 3359; baseline 0 -21"><span class='ocrx_word' id='word_1_106' title='bbox 130 3273 175 3338; x_wconf 83' lang='lat' dir='ltr'><strong>ad</strong></span> <span class='ocrx_word' id='word_1_107' title='bbox 193 3272 351 3358; x_wconf 78' lang='lat' dir='ltr'><strong>Logicum</strong></span> <span class='ocrx_word' id='word_1_108' title='bbox 365 3273 525 3358; x_wconf 84' lang='lat' dir='ltr'><strong>judicium</strong></span> <span class='ocrx_word' id='word_1_109' title='bbox 549 3275 645 3339; x_wconf 81' lang='lat' dir='ltr'><strong>ferre.</strong></span> <span class='ocrx_word' id='word_1_110' title='bbox 671 3274 836 3340; x_wconf 87' lang='lat' dir='ltr'><strong>Volumus</strong></span> <span class='ocrx_word' id='word_1_111' title='bbox 853 3291 933 3359; x_wconf 83' lang='lat' dir='ltr'><strong>ergo</strong></span> <span class='ocrx_word' id='word_1_112' title='bbox 956 3293 1052 3359; x_wconf 84' lang='lat' dir='ltr'><strong>agere</strong></span> <span class='ocrx_word' id='word_1_113' title='bbox 1070 3273 1112 3339; x_wconf 89' lang='lat' dir='ltr'><strong>de</strong></span> <span class='ocrx_word' id='word_1_114' title='bbox 1131 3271 1263 3358; x_wconf 88' lang='lat' dir='ltr'><strong>opposi-</strong></span> 
     </span>
     <span class='ocr_line' id='line_1_19' title="bbox 129 3377 1265 3467; baseline 0 -22"><span class='ocrx_word' id='word_1_115' title='bbox 129 3379 236 3457; x_wconf 84' lang='lat' dir='ltr'><strong>tione,</strong></span> <span class='ocrx_word' id='word_1_116' title='bbox 256 3398 330 3462; x_wconf 84' lang='lat' dir='ltr'><strong>quae</strong></span> <span class='ocrx_word' id='word_1_117' title='bbox 358 3399 394 3446; x_wconf 87' lang='lat' dir='ltr'><strong>se</strong></span> <span class='ocrx_word' id='word_1_118' title='bbox 417 3389 509 3446; x_wconf 85' lang='lat' dir='ltr'><strong>tenet</strong></span> <span class='ocrx_word' id='word_1_119' title='bbox 531 3399 573 3448; x_wconf 84' lang='lat' dir='ltr'><strong>ex</strong></span> <span class='ocrx_word' id='word_1_120' title='bbox 597 3390 688 3467; x_wconf 84' lang='lat' dir='ltr'><strong>parte</strong></span> <span class='ocrx_word' id='word_1_121' title='bbox 711 3383 824 3447; x_wconf 84' lang='lat' dir='ltr'><strong>iormre</strong></span> <span class='ocrx_word' id='word_1_122' title='bbox 850 3389 950 3465; x_wconf 85' lang='lat' dir='ltr'><strong>atque</strong></span> <span class='ocrx_word' id='word_1_123' title='bbox 973 3389 1144 3447; x_wconf 72' lang='lat' dir='ltr'><strong>structurae</strong></span> <span class='ocrx_word' id='word_1_124' title='bbox 1162 3377 1265 3464; x_wconf 88' lang='lat' dir='ltr'><strong>ipsius</strong></span> 
     </span>
     <span class='ocr_line' id='line_1_20' title="bbox 132 3486 1315 3574; baseline 0 -22"><span class='ocrx_word' id='word_1_125' title='bbox 132 3486 382 3572; x_wconf 87' lang='lat' dir='ltr'><strong>propositionis,</strong></span> <span class='ocrx_word' id='word_1_126' title='bbox 402 3507 439 3554; x_wconf 85' lang='lat' dir='ltr'><strong>ac</strong></span> <span class='ocrx_word' id='word_1_127' title='bbox 456 3489 591 3572; x_wconf 87' lang='lat' dir='ltr'><strong>proinde</strong></span> <span class='ocrx_word' id='word_1_128' title='bbox 611 3490 720 3554; x_wconf 90' lang='lat' dir='ltr'><strong>locum</strong></span> <span class='ocrx_word' id='word_1_129' title='bbox 740 3489 860 3555; x_wconf 87' lang='lat' dir='ltr'><strong>habere</strong></span> <span class='ocrx_word' id='word_1_130' title='bbox 882 3495 993 3574; x_wconf 89' lang='lat' dir='ltr'><strong>potest</strong></span> <span class='ocrx_word' id='word_1_131' title='bbox 1010 3487 1043 3554; x_wconf 89' lang='lat' dir='ltr'><strong>in</strong></span> <span class='ocrx_word' id='word_1_132' title='bbox 1057 3505 1269 3572; x_wconf 86' lang='lat' dir='ltr'><strong>quacumque</strong></span> <span class='ocrx_word' id='word_1_133' title='bbox 1312 3543 1315 3552; x_wconf 90' lang='lat'>.</span> 
     </span>
     <span class='ocr_line' id='line_1_21' title="bbox 141 3594 291 3661; baseline -0.02 0"><span class='ocrx_word' id='word_1_134' title='bbox 141 3594 291 3661; x_wconf 82' lang='lat' dir='ltr'><strong>materia.</strong></span> 
     </span>
    </p>

    <p class='ocr_par' dir='ltr' id='par_1_11' title="bbox 131 3699 1471 4330">
     <span class='ocr_line' id='line_1_22' title="bbox 203 3699 1262 3791; baseline 0.004 -23"><span class='ocrx_word' id='word_1_135' title='bbox 203 3700 321 3768; x_wconf 83' lang='lat' dir='ltr'><strong>Mirum</strong></span> <span class='ocrx_word' id='word_1_136' title='bbox 332 3708 444 3768; x_wconf 85' lang='lat' dir='ltr'><strong>tamen</strong></span> <span class='ocrx_word' id='word_1_137' title='bbox 456 3711 519 3780; x_wconf 88' lang='lat' dir='ltr'><strong>est,</strong></span> <span class='ocrx_word' id='word_1_138' title='bbox 530 3713 691 3788; x_wconf 81' lang='lat' dir='ltr'><strong>quantum</strong></span> <span class='ocrx_word' id='word_1_139' title='bbox 709 3703 927 3791; x_wconf 80' lang='lat' dir='ltr'><strong>digladientur</strong></span> <span class='ocrx_word' id='word_1_140' title='bbox 949 3702 1001 3771; x_wconf 90' lang='lat' dir='ltr'><strong>hic</strong></span> <span class='ocrx_word' id='word_1_141' title='bbox 1022 3703 1170 3784; x_wconf 89' lang='lat' dir='ltr'><strong>nonnulii</strong></span> <span class='ocrx_word' id='word_1_142' title='bbox 1189 3699 1262 3772; x_wconf 85' lang='grc' dir='ltr'><strong>ΛΑ.</strong></span> 
     </span>
     <span class='ocr_line' id='line_1_23' title="bbox 131 3808 1265 3895; baseline 0.001 -21"><span class='ocrx_word' id='word_1_143' title='bbox 131 3809 168 3874; x_wconf 91' lang='lat' dir='ltr'><strong>in</strong></span> <span class='ocrx_word' id='word_1_144' title='bbox 196 3829 286 3875; x_wconf 78' lang='lat' dir='ltr'><strong>mere</strong></span> <span class='ocrx_word' id='word_1_145' title='bbox 311 3810 494 3893; x_wconf 75' lang='lat' dir='ltr'><strong>questione</strong></span> <span class='ocrx_word' id='word_1_146' title='bbox 519 3813 560 3878; x_wconf 90' lang='lat' dir='ltr'><strong>de</strong></span> <span class='ocrx_word' id='word_1_147' title='bbox 588 3831 681 3888; x_wconf 87' lang='lat' dir='ltr'><strong>voce,</strong></span> <span class='ocrx_word' id='word_1_148' title='bbox 711 3812 868 3878; x_wconf 81' lang='lat' dir='ltr'><strong>alii&#39;alias</strong></span> <span class='ocrx_word' id='word_1_149' title='bbox 893 3809 1103 3879; x_wconf 78' lang='lat' dir='ltr'><strong>conficientes</strong></span> <span class='ocrx_word' id='word_1_150' title='bbox 1134 3808 1265 3895; x_wconf 89' lang='lat' dir='ltr'><strong>opposi-</strong></span> 
     </span>
     <span class='ocr_line' id='line_1_24' title="bbox 131 3916 1262 4004; baseline -0.001 -20"><span class='ocrx_word' id='word_1_151' title='bbox 131 3917 234 3984; x_wconf 88' lang='lat' dir='ltr'><strong>tionis</strong></span> <span class='ocrx_word' id='word_1_152' title='bbox 261 3916 480 3986; x_wconf 79' lang='lat' dir='ltr'><strong>definitiones.</strong></span> <span class='ocrx_word' id='word_1_153' title='bbox 500 3920 569 3985; x_wconf 89' lang='lat' dir='ltr'><strong>Nos</strong></span> <span class='ocrx_word' id='word_1_154' title='bbox 593 3921 805 4004; x_wconf 85' lang='lat' dir='ltr'><strong>usurpatione</strong></span> <span class='ocrx_word' id='word_1_155' title='bbox 823 3920 958 4004; x_wconf 87' lang='lat' dir='ltr'><strong>quidem</strong></span> <span class='ocrx_word' id='word_1_156' title='bbox 983 3919 1127 3985; x_wconf 87' lang='lat' dir='ltr'><strong>nominis</strong></span> <span class='ocrx_word' id='word_1_157' title='bbox 1146 3916 1262 3994; x_wconf 88' lang='lat' dir='ltr'><strong>latiori,</strong></span> 
     </span>
     <span class='ocr_line' id='line_1_25' title="bbox 132 4025 1471 4119; baseline 0 -29"><span class='ocrx_word' id='word_1_158' title='bbox 132 4043 211 4108; x_wconf 84' lang='lat' dir='ltr'><strong>quae</strong></span> <span class='ocrx_word' id='word_1_159' title='bbox 229 4032 340 4119; x_wconf 79' lang='lat' dir='ltr'><strong>tamen</strong></span> <span class='ocrx_word' id='word_1_160' title='bbox 359 4043 478 4091; x_wconf 84' lang='lat' dir='ltr'><strong>omnes</strong></span> <span class='ocrx_word' id='word_1_161' title='bbox 509 4028 571 4092; x_wconf 94' lang='lat' dir='ltr'><strong>sub</strong></span> <span class='ocrx_word' id='word_1_162' title='bbox 589 4045 625 4092; x_wconf 91' lang='lat' dir='ltr'><strong>se</strong></span> <span class='ocrx_word' id='word_1_163' title='bbox 643 4027 898 4112; x_wconf 80' lang='lat' dir='ltr'><strong>comprehendat</strong></span> <span class='ocrx_word' id='word_1_164' title='bbox 918 4025 1170 4110; x_wconf 86' lang='lat' dir='ltr'><strong>propositiones,</strong></span> <span class='ocrx_word' id='word_1_165' title='bbox 1191 4041 1265 4108; x_wconf 85' lang='lat' dir='ltr'><strong>quae</strong></span> <span class='ocrx_word' id='word_1_166' title='bbox 1285 4057 1471 4116; x_wconf 50' lang='lat' dir='ltr'><strong>mmmm„</strong></span> 
     </span>
     <span class='ocr_line' id='line_1_26' title="bbox 132 4130 1263 4218; baseline 0 -22"><span class='ocrx_word' id='word_1_167' title='bbox 132 4133 212 4216; x_wconf 87' lang='lat' dir='ltr'><strong>pius</strong></span> <span class='ocrx_word' id='word_1_168' title='bbox 244 4130 355 4198; x_wconf 88' lang='lat' dir='ltr'><strong>minus</strong></span> <span class='ocrx_word' id='word_1_169' title='bbox 385 4133 546 4216; x_wconf 87' lang='lat' dir='ltr'><strong>oppositae</strong></span> <span class='ocrx_word' id='word_1_170' title='bbox 577 4144 752 4201; x_wconf 85' lang='lat' dir='ltr'><strong>censentur</strong></span> <span class='ocrx_word' id='word_1_171' title='bbox 788 4153 829 4202; x_wconf 86' lang='lat' dir='ltr'><strong>ex</strong></span> <span class='ocrx_word' id='word_1_172' title='bbox 860 4133 1032 4199; x_wconf 87' lang='lat' dir='ltr'><strong>communi</strong></span> <span class='ocrx_word' id='word_1_173' title='bbox 1069 4132 1263 4218; x_wconf 79' lang='lat' dir='ltr'><strong>Logicorurn</strong></span> 
     </span>
     <span class='ocr_line' id='line_1_27' title="bbox 131 4239 1266 4330; baseline -0.002 -24"><span class='ocrx_word' id='word_1_174' title='bbox 131 4239 308 4315; x_wconf 86' lang='lat' dir='ltr'><strong>sententia,</strong></span> <span class='ocrx_word' id='word_1_175' title='bbox 320 4240 566 4324; x_wconf 88' lang='lat' dir='ltr'><strong>oppositionem</strong></span> <span class='ocrx_word' id='word_1_176' title='bbox 578 4242 757 4312; x_wconf 79' lang='lat' dir='ltr'><strong>definimus</strong></span> <span class='ocrx_word' id='word_1_177' title='bbox 764 4243 933 4330; x_wconf 77' lang='lat' dir='ltr'><strong>formalem</strong></span> <span class='ocrx_word' id='word_1_178' title='bbox 941 4243 1079 4306; x_wconf 84' lang='lat' dir='ltr'><strong>duarum</strong></span> <span class='ocrx_word' id='word_1_179' title='bbox 1084 4239 1266 4324; x_wconf 82' lang='lat' dir='ltr'><strong>propositio·</strong></span> 
     </span>
    </p>
   </div>
   <div class='ocr_carea' id='block_1_9' title="bbox 129 4433 1267 4866">
    <p class='ocr_par' dir='ltr' id='par_1_12' title="bbox 129 4433 1267 4866">
     <span class='ocr_line' id='line_1_28' title="bbox 168 4433 1267 4511; baseline 0.001 -18"><span class='ocrx_word' id='word_1_180' title='bbox 168 4433 213 4508; x_wconf 76' lang='grc' dir='ltr'><strong>(ι)</strong></span> <span class='ocrx_word' id='word_1_181' title='bbox 248 4435 373 4495; x_wconf 83' lang='lat' dir='ltr'><strong>Poeeent</strong></span> <span class='ocrx_word' id='word_1_182' title='bbox 385 4435 474 4495; x_wconf 81' lang='lat' dir='ltr'><strong>etism</strong></span> <span class='ocrx_word' id='word_1_183' title='bbox 487 4437 582 4497; x_wconf 78' lang='lat' dir='ltr'><strong>notari</strong></span> <span class='ocrx_word' id='word_1_184' title='bbox 597 4436 662 4496; x_wconf 78' lang='lat' dir='ltr'><strong>aiioe</strong></span> <span class='ocrx_word' id='word_1_185' title='bbox 676 4437 889 4511; x_wconf 79' lang='lat' dir='ltr'><strong>propositiones</strong></span> <span class='ocrx_word' id='word_1_186' title='bbox 903 4434 1094 4510; x_wconf 78' lang='lat' dir='ltr'><strong>exponibiies,</strong></span> <span class='ocrx_word' id='word_1_187' title='bbox 1111 4453 1139 4493; x_wconf 85' lang='lat' dir='ltr'><strong>v.</strong></span> <span class='ocrx_word' id='word_1_188' title='bbox 1155 4453 1186 4510; x_wconf 78' lang='lat' dir='ltr'><strong>g.</strong></span> <span class='ocrx_word' id='word_1_189' title='bbox 1199 4453 1267 4508; x_wconf 76' lang='lat' dir='ltr'><strong>quae</strong></span> 
     </span>
     <span class='ocr_line' id='line_1_29' title="bbox 129 4523 1267 4602; baseline 0 -18"><span class='ocrx_word' id='word_1_190' title='bbox 129 4525 266 4584; x_wconf 80' lang='lat' dir='ltr'><strong>eontinet</strong></span> <span class='ocrx_word' id='word_1_191' title='bbox 283 4527 405 4584; x_wconf 83' lang='lat' dir='ltr'><strong>verbum</strong></span> <span class='ocrx_word' id='word_1_192' title='bbox 428 4528 536 4601; x_wconf 73' lang='lat' dir='ltr'><strong>incipit</strong></span> <span class='ocrx_word' id='word_1_193' title='bbox 555 4542 608 4587; x_wconf 75' lang='lat' dir='ltr'><strong>aut</strong></span> <span class='ocrx_word' id='word_1_194' title='bbox 627 4529 746 4586; x_wconf 82' lang='lat' dir='ltr'><strong>desinit.</strong></span> <span class='ocrx_word' id='word_1_195' title='bbox 770 4528 882 4588; x_wconf 87' lang='lat' dir='ltr'><strong>Verum</strong></span> <span class='ocrx_word' id='word_1_196' title='bbox 902 4527 968 4586; x_wconf 77' lang='lat' dir='ltr'><strong>istae</strong></span> <span class='ocrx_word' id='word_1_197' title='bbox 990 4538 1062 4586; x_wconf 83' lang='lat' dir='ltr'><strong>sunt</strong></span> <span class='ocrx_word' id='word_1_198' title='bbox 1088 4523 1267 4602; x_wconf 85' lang='lat' dir='ltr'><strong>exponibiles</strong></span> 
     </span>
     <span class='ocr_line' id='line_1_30' title="bbox 130 4613 1266 4690; baseline -0.003 -16"><span class='ocrx_word' id='word_1_199' title='bbox 130 4615 249 4674; x_wconf 74' lang='lat' dir='ltr'><strong>ratione</strong></span> <span class='ocrx_word' id='word_1_200' title='bbox 262 4614 304 4673; x_wconf 82' lang='lat' dir='ltr'><strong>rei</strong></span> <span class='ocrx_word' id='word_1_201' title='bbox 317 4613 503 4689; x_wconf 60' lang='lat' dir='ltr'><strong>significem,</strong></span> <span class='ocrx_word' id='word_1_202' title='bbox 527 4617 652 4690; x_wconf 85' lang='lat' dir='ltr'><strong>ideoque</strong></span> <span class='ocrx_word' id='word_1_203' title='bbox 671 4618 739 4675; x_wconf 71' lang='lat' dir='ltr'><strong>alibi</strong></span> <span class='ocrx_word' id='word_1_204' title='bbox 754 4617 922 4676; x_wconf 66' lang='lat' dir='ltr'><strong>tractanda.</strong></span> <span class='ocrx_word' id='word_1_205' title='bbox 946 4615 1055 4690; x_wconf 76' lang='lat' dir='ltr'><strong>Logico</strong></span> <span class='ocrx_word' id='word_1_206' title='bbox 1075 4615 1153 4674; x_wconf 88' lang='lat' dir='ltr'><strong>enim</strong></span> <span class='ocrx_word' id='word_1_207' title='bbox 1170 4615 1266 4676; x_wconf 81' lang='lat' dir='ltr'><strong>solum</strong></span> 
     </span>
     <span class='ocr_line' id='line_1_31' title="bbox 129 4703 1264 4779; baseline -0.002 -16"><span class='ocrx_word' id='word_1_208' title='bbox 129 4705 282 4778; x_wconf 77' lang='lat' dir='ltr'><strong>egendum</strong></span> <span class='ocrx_word' id='word_1_209' title='bbox 295 4716 341 4762; x_wconf 84' lang='lat' dir='ltr'><strong>eet</strong></span> <span class='ocrx_word' id='word_1_210' title='bbox 358 4703 394 4762; x_wconf 87' lang='lat' dir='ltr'><strong>de</strong></span> <span class='ocrx_word' id='word_1_211' title='bbox 412 4705 627 4778; x_wconf 81' lang='lat' dir='ltr'><strong>exponibilibus</strong></span> <span class='ocrx_word' id='word_1_212' title='bbox 644 4705 757 4766; x_wconf 77' lang='lat' dir='ltr'><strong>ratione</strong></span> <span class='ocrx_word' id='word_1_213' title='bbox 771 4705 850 4766; x_wconf 84' lang='lat' dir='ltr'><strong>modi</strong></span> <span class='ocrx_word' id='word_1_214' title='bbox 862 4704 1058 4779; x_wconf 80' lang='lat' dir='ltr'><strong>significandi.</strong></span> <span class='ocrx_word' id='word_1_215' title='bbox 1080 4705 1150 4764; x_wconf 89' lang='lat' dir='ltr'><strong>Vid.</strong></span> <span class='ocrx_word' id='word_1_216' title='bbox 1172 4704 1264 4764; x_wconf 89' lang='lat' dir='ltr'><strong>Tolet.</strong></span> 
     </span>
     <span class='ocr_line' id='line_1_32' title="bbox 140 4793 475 4866; baseline -0.003 -12"><span class='ocrx_word' id='word_1_217' title='bbox 140 4793 290 4854; x_wconf 77' lang='lat' dir='ltr'><strong>Summul.</strong></span> <span class='ocrx_word' id='word_1_218' title='bbox 304 4793 326 4851; x_wconf 87' lang='lat' dir='ltr'><strong>l.</strong></span> <span class='ocrx_word' id='word_1_219' title='bbox 342 4815 374 4866; x_wconf 82' lang='lat'><strong>3,</strong></span> <span class='ocrx_word' id='word_1_220' title='bbox 389 4814 414 4852; x_wconf 83' lang='lat' dir='ltr'><strong>c.</strong></span> <span class='ocrx_word' id='word_1_221' title='bbox 433 4815 475 4854; x_wconf 71' lang='grc' dir='ltr'><strong>η.</strong></span> 
     </span>
    </p>
   </div>
   <div class='ocr_carea' id='block_1_10' title="bbox 0 0 1750 5525">
    <p class='ocr_par' dir='ltr' id='par_1_13' title="bbox 0 0 1750 5525">
     <span class='ocr_line' id='line_1_33' title="bbox 0 0 1750 5525; baseline 0 0"><span class='ocrx_word' id='word_1_222' title='bbox 0 0 1750 5525; x_wconf 95' lang='lat' dir='ltr'><strong> </strong></span> 
     </span>
    </p>
   </div>
  </div>
 </body>
</html>
