3492 5525
572 435 648 527 978‘
694 437 818 511 toarci
832 438 1061 519 hinton-Lis.
1079 458 1150 521 nu,
1165 442 1255 509 ursi.
1268 454 1314 525 4.·
1329 443 1408 507 ομ»,
1430 454 1503 524 μω

532 635 570 693 ut
582 628 652 712 jam
668 626 874 712 monuimus,
892 626 1134 711 specificantur,
1150 643 1221 693 esse
1236 623 1491 691 abstractionem
1514 642 1534 687 a
1557 634 1651 689 mate·

533 732 595 810 ria,
630 753 697 802 non
728 736 863 819 quidem
896 731 1147 803 abstractionem
1180 732 1413 817 subjectivam,
1452 750 1517 797 seu
1549 740 1651 797 actum

534 840 655 910 mentis
668 842 886 911 abstrahentis
896 861 998 909 unam
1015 841 1173 909 rationem
1188 839 1422 925 intelligibilem
1441 840 1484 905 ab
1499 838 1583 913 alia,
1603 838 1652 903 sed

532 948 783 1017 abstractionem
815 949 1021 1036 objectivam'
1039 968 1096 1015 seu
1124 947 1423 1015 abstrahibilitatem
1457 966 1478 1011 a
1510 946 1654 1019 materia,

534 1057 585 1121 vel
605 1056 763 1124 rationem
783 1056 1035 1141 intelligibllem,
1055 1075 1129 1141 quae
1147 1054 1288 1123 abstrahi
1309 1054 1411 1140 possit
1441 1055 1486 1119 ab
1515 1054 1655 1136 objecto,

533 1171 569 1228 ut
580 1163 716 1230 seorsim
729 1164 966 1231 consideretur.
984 1163 1078 1231 Unde
1093 1183 1151 1247 pro
1166 1162 1294 1231 diverso
1307 1162 1411 1247 gradu
1425 1160 1658 1227 abstractionis

533 1288 551 1333 a
569 1271 720 1347 materia,
740 1270 878 1338 diversae
896 1271 1061 1339 dabuntur
1088 1269 1250 1343 scientiael
1269 1281 1301 1337 et
1327 1287 1449 1333 omnes
1469 1278 1590 1345 actus,
1610 1267 1659 1349 qui

533 1377 698 1461 objectum
732 1378 864 1462 aliquod
889 1379 1152 1462 contemplantur
1184 1377 1366 1461 secundum
1396 1374 1564 1441 eumdem
1595 1392 1660 1459 gra-

533 1484 613 1549 dum
633 1485 859 1552 abstractionis
873 1506 891 1551 a
907 1487 1057 1561 materia,
1073 1486 1113 1550 ad
1129 1504 1227 1550 unam
1244 1484 1466 1565 eamdemque
1487 1482 1658 1549 scientiam

532 1601 697 1676 spectant;
724 1593 887 1676 quivero
906 1594 1051 1660 diversos
1077 1595 1199 1679 gradus
1217 1590 1444 1658 abstractionis
1466 1590 1658 1673 respiciunt.

532 1701 573 1765 ad
591 1698 736 1767 diversas
751 1703 913 1786 pertinent
928 1700 1090 1781 scientias.
1114 1702 1206 1767 Unde
1230 1699 1384 1783 quoniam
1404 1703 1484 1763 'tres
1506 1699 1659 1781 praecipu.

531 1809 654 1891 gradus
671 1809 934 1876 abstractionisa
958 1809 1090 1875 materia
1118 1808 1310 1875 considerari
1340 1814 1504 1890 possunt,
1541 1808 1661 1890 primus

532 1916 704 1981 amateria
730 1915 935 1993 individuali,
966 1936 1023 1983 seu
1051 1936 1070 1981 a
1097 1918 1183 1983 notis
1212 1914 1515 1989 individuantibus,
1552 1915 1661 1979 altera

532 2023 664 2089 materia
695 2041 761 2089 non
785 2024 893 2089 solum
925 2023 1111 2090 individuali
1140 2021 1318 2089 sedetiam
1347 2018 1518 2097 sensibili,
1553 2023 1662 2086 tertius

531 2130 673 2213 denique
690 2148 709 2193 a
728 2132 878 2207 materia,
896 2140 967 2196 tum
981 2130 1185 2205 individuali,
1203 2139 1273 2195 tum
1289 2128 1452 2204 sensibili,
1471 2139 1554 2195 tum
1572 2130 1661 2195 etiam

531 2235 740 2321 intelligibili,
763 2238 825 2305 tria
846 2256 980 2321 quoque
1005 2250 1083 2307 sunt
1107 2256 1260 2321 suprema
1283 2254 1403 2321 genera
1429 2236 1660 2308 scientiarum.

531 2342 618 2421 aliae,
637 2363 712 2427 quae
732 2345 855 2411 habent
874 2364 933 2429 pro
958 2346 1086 2431 objecto
1114 2345 1251 2428 aliquid,
1272 2344 1375 2409 solam
1404 2363 1476 2427 prae
1496 2364 1538 2410 se
1561 2346 1661 2410 lerens

531 2451 781 2519 abstractionem
800 2472 819 2517 a
839 2453 971 2519 materia
990 2452 1193 2529 individuali,
1214 2450 1388 2534 caeteroqui
1415 2461 1538 2546 tamer]
1562 2454 1663 2519 omni-

532 2576 575 2624 no
601 2559 781 2636 materiale,
807 2579 926 2644 nempe
949 2578 1007 2627 ens
1037 2560 1244 2627 sensibilibus
1274 2559 1520 2625 mutationibus
1562 2562 1663 2627 obno-

458 2708 464 2717 -
530 2666 640 2743 xium,
661 2667 775 2750 quales
792 2668 1031 2733 sunt'scientiae
1051 2668 1204 2753 physicae.
1235 2665 1314 2731 Aliae
1333 2665 1557 2733 considerant
1578 2670 1661 2753 obje

530 2785 619 2841 ctum
645 2774 743 2841 etiam
763 2796 782 2841 a
799 2776 941 2842 sensibili
963 2776 1096 2842 materia
1123 2776 1341 2850 abstractum,
1368 2775 1527 2840 nondum
1553 2787 1659 2842 tamen

433 2897 441 2914 ·
531 2884 660 2966 penitus
687 2883 917 2958 immateriale,
950 2884 1008 2950 sed
1036 2885 1159 2950 habens
1197 2883 1365 2948 materiam
1399 2881 1659 2968 intelligibilem

530 2992 611 3056 tales
629 2979 706 3057 sur'rt
724 2991 865 3058 scientiae
884 2991 1139 3068 mathematicae,
1158 3009 1232 3074 quae
1252 2989 1428 3074 respiciunt
1449 3009 1512 3073 pro
1535 2993 1661 3076 objecto

437 3166 441 3170 Α
531 3101 764 3183 quantitatem,
794 3118 871 3165 nam
891 3099 1055 3182 quantitas
1072 3101 1145 3164 licet
1164 3096 1358 3182 praescindat
1376 3099 1574 3164 secundum
1596 3119 1629 3165 se
1647 3121 1661 3162 a

530 3207 738 3273 sensibilibus
770 3207 1013 3280 affectionibus,
1048 3205 1154 3272 adhuc
1183 3213 1292 3282 tamen
1326 3206 1496 3270 materiale
1532 3217 1604 3282 est,
1634 3221 1662 3271 et

529 3324 657 3381 constat
685 3315 819 3381 materia
846 3313 1051 3398 intelligibili.
1084 3313 1164 3378 nliae
1197 3313 1332 3378 demum
1367 3324 1550 3380 versantur
1584 3317 1661 3380 circa

531 3421 670 3488 rationes
689 3423 934 3498 immateriales,
960 3434 992 3490 et
1012 3421 1200 3507 hujusmodi
1221 3429 1271 3488 est
1296 3421 1549 3506 Metaphysica,
1572 3427 1662 3508 cujus

529 3531 695 3615 objectum
725 3542 775 3597 est
802 3549 862 3597 ens
890 3529 1115 3598 immateriale.
1151 3529 1392 3608 Quamobrem,
1434 3529 1513 3594 licet
1555 3534 1663 3596 omnis

529 3636 662 3703 scientia
680 3638 821 3722 aliquam
841 3611 1094 3703 abstractil'anem
1119 3657 1137 3702 a
1165 3638 1298 3702 materia
1318 3636 1460 3719 requirat
1468 3676 1486 3714 ‚·
1502 3639 1629 3714 saltem
1649 3661 1664 3702 a

530 3743 679 3821 materia,
710 3764 811 3828 quam
845 3755 963 3812 vocant
994 3745 1244 3824 individualem,
1283 3743 1445 3828 siquidem
1488 3743 1661 3830 objectum

528 3853 737 3918 scientiarum
757 3853 938 3920 universale
958 3862 1024 3929 est,
1046 3853 1259 3920 nihilominus
1284 3871 1344 3937 pro
1368 3851 1487 3936 majori
1517 3865 1585 3922 aut
1610 3855 1664 3921 mi-

530 3960 599 4027 nori
625 3961 729 4045 gradu
756 3959 998 4036 abstractionis,
1033 3961 1159 4046 objecta
1189 3960 1406 4028 diversimode
1432 3959 1569 4027 scibilia
1599 3963 1664 4030 etta

528 4067 658 4146 cientis,
688 4070 796 4152 plures
823 4068 1026 4153 diversaeque
1056 4068 1180 4151 species
1206 4070 1256 4133 vel
1288 4087 1409 4152 genera
1437 4071 1662 4138 scientiarum

425 4255 430 4267 Ι
529 4176 597 4241 dari
617 4185 769 4260 possunt.

595 4283 671 4356 ilaec
697 4293 747 4350 est
769 4283 982 4351 sententias,
1003 4283 1140 4352 Thomae
1166 4279 1234 4372 (r),
1261 4281 1446 4351 Soncinatis
1464 4281 1538 4375 (a),
1560 4288 1665 4370 Javel·

563 4468 604 4530 (r)
641 4461 704 4522 Lib.
727 4463 872 4522 desem
893 4472 1069 4531 etsensnto,
1092 4462 1155 4520 lect.
1179 4483 1202 4532 r,
1225 4459 1324 4531 initiet
1352 4462 1401 4520 lib.
1424 4473 1464 4523 ιθ
1488 4465 1663 4540 Physica,

527 4552 591 4611 lect.
611 4575 635 4622 r,
651 4551 750 4622 initi03
768 4551 877 4625 Opusc.
900 4573 935 4626 70
949 4553 983 4608 de
1000 4551 1111 4610 Trinit.
1126 4560 1214 4626 super
1227 4553 1378 4622 Bdetv'um,
1393 4571 1424 4624 q.
1450 4571 1485 4626 ς,
1507 4577 1536 4613 a.
1560 4577 1587 4628 ις
1603 4558 1662 4617 cfr.

529 4642 614 4699 libo
632 4643 777 4716 Meleph.‚
795 4644 858 4700 lect.
878 4664 900 4700 r.

564 4737 606 4802 (a)
643 4732 787 4809 adstrepit..
804 4732 855 4790 lib.
870 4733 912 4804 6,
920 4751 947 4806 q.
966 4753 992 4806 7.
