3492 5525
437 546 443 557 ·
540 462 637 569 aot>¹
701 477 856 571 'Locren
876 501 1121 570 Minoa-Drsn.
1148 515 1189 567 1.·
1210 501 1289 568 Can.
1316 515 1386 599 5³³?

566 681 603 770 β)
621 683 799 766 Descriptio
821 681 860 747 tit
878 681 1023 749 secundo
1046 699 1104 765 per
1122 699 1237 746 causas
1260 681 1458 747 extrinsecas
1481 679 1526 745 rei
1553 676 1617 768 (1),
1733 765 1734 770 Ἰ

499 799 533 854 et
559 797 695 855 vocatur
714 790 851 856 causalis
877 771 1029 876 definitio.
1049 785 1164 854 Causae
1190 805 1286 872 porro
1310 789 1500 854 extrinsecae
1527 795 1618 863 sunt,
1733 801 1734 880 j

499 895 648 979 efficiens,
676 897 863 978 exemplaris
888 900 919 962 ei
933 895 1061 982 finalia.
1087 875 1146 959 P'er
1168 913 1301 962 causam
1334 893 1531 960 allicientem
1564 895 1621 959 de-
1733 969 1734 976 ἵ

499 1003 612 1070 linitur
640 1022 724 1070 vox:
742 1023 849 1081 sonus,
875 1002 1025 1069 animalis
1041 1021 1094 1068 ore
1116 1004 1274 1085 prolem·
1298 1019 1355 1086 per
1382 1019 1516 1068 causam
1539 999 1621 1066 tina-

436 1188 439 1194 ·
500 1109 563 1176 lem
599 1111 817 1197 horologium:
846 1109 991 1176 nraciina
1025 1112 1070 1174 ad
1094 1109 1284 1175 indicandos
1312 1109 1404 1174 horas
1427 1111 1620 1188 constratam
1733 1167 1734 1172 ,

500 1236 558 1302 per
579 1218 800 1302 exemplarem
815 1216 928 1303 imago
951 1218 1035 1302 picta
1054 1218 1089 1282 B.
1118 1215 1261 1302 Virginis
1291 1215 1424 1282 dicitur:
1452 1217 1556 1281 tabula
1577 1218 1622 1280 ad
1733 1263 1734 1274 2

498 1325 733 1392 similitudinem
757 1327 796 1391 B.
818 1323 959 1409 Virginis
976 1330 1138 1406 expressa:
1166 1332 1199 1388 et
1218 1341 1275 1408 per
1297 1341 1415 1390 omnes
1439 1329 1506 1389 tres
1525 1325 1620 1400 hasce
1733 1367 1734 1374 κ

498 1449 612 1499 causas
630 1431 738 1499 anima
756 1434 901 1498 humana
919 1431 1088 1498 definitur:
1101 1431 1211 1516 forme
1228 1449 1249 1497 a
1268 1432 1336 1497 Deo
1352 1434 1458 1498 creata
1482 1433 1526 1496 ad
1541 1431 1622 1496 ima-
1733 1455 1734 1512 l

355 1576 368 1602 1
493 1539 597 1624 ginern
631 1558 669 1605 ec
699 1538 935 1606 similitudinem
966 1557 1074 1617 nram,
1094 1541 1126 1604 et
1153 1541 1198 1604 ad
1219 1541 1368 1604 eternam
1402 1537 1622 1604 beatitudinem
1733 1533 1734 1624 i

497 1647 664 1714 aestima.
706 1685 714 1697 ·
1167 1669 1170 1679 ·
1733 1625 1734 1718 l

563 1752 601 1848 γ)
627 1753 733 1821 Tertia
763 1755 905 1840 denique
931 1754 969 1823 tit
995 1753 1167 1839 descriptio
1193 1755 1390 1848 exponendo
1404 1753 1530 1838 genesin
1561 1769 1620 1818 seu
1733 1727 1734 1754 ¹

498 1863 649 1941 modum,
678 1881 815 1948 quotes
841 1862 896 1939 tat,
920 1863 1060 1946 ideoque
1078 1871 1214 1928 vocatur
1234 1861 1385 1946 geneiice.
1405 1859 1459 1927 Sic
1480 1859 1621 1948 eclypsis

499 1971 584 2034 lunae
602 1969 720 2037 dicitur
736 1989 809 2037 esse
831 1971 966 2056 defectm
994 1969 1074 2035 luens
1091 1987 1131 2035 ex
1148 1969 1379 2051 interpositione
1402 1968 1523 2034 telluris
1540 1967 1623 2033 inter

498 2076 588 2142 ιἸΙαηι
604 2080 635 2142 et
650 2079 757 2158 solem·
771 2085 804 2142 et
822 2077 978 2152 circulus,
986 2076 1093 2162 fimare
1102 2078 1203 2159 plana
1216 2094 1369 2161 exurgens
1379 2094 1421 2141 ex
1433 2079 1518 2141 motu
1530 2074 1622 2140 lineae

497 2186 589 2249 recte
604 2201 669 2248 sese
686 2183 772 2248 circe
779 2184 886 2268 fixam
902 2183 956 2249 sui
971 2183 1194 2251 extremitatem
1208 2183 1365 2249 nonnus.
1387 2181 1454 2247 llac
1468 2200 1534 2248 non
1549 2199 1622 2248 raro

306 2312 410 2360 masam
424 2325 463 2368 per
499 2298 637 2357 utuntur
655 2289 888 2357 Mathematici.

292 2386 474 2431 “imm
563 2396 617 2464 Ad
634 2397 883 2482 descriptionem
902 2417 1037 2482 quoque
1055 2398 1196 2464 revocari
1211 2402 1323 2483 potest
1339 2397 1501 2472 delinitio,
1519 2415 1620 2480 quam

498 2509 617 2570 vocant
642 2509 700 2586 per
731 2505 990 2572 additamentum.
1024 2505 1153 2571 Dicitur
1177 2505 1317 2592 definitio
1348 2521 1406 2572 aaa
1422 2519 1621 2570 nonnionem

497 2613 622 2696 meando
641 2612 675 2676 in
692 2613 869 2700 definitione
882 2615 1014 2697 ponitur
1029 2611 1165 2697 aliquali,
1176 2614 1270 2697 ‹quod
1290 2618 1337 2678 est
1351 2617 1441 2678 extro
1458 2611 1622 2677 essentiam

498 2719 636 2807 definiti,
664 2719 750 2786 sieut
772 2738 871 2789 nasus
893 2721 1025 2805 penitam
1046 2721 1080 2787 in
1101 2720 1281 2807 definitione
1315 2737 1396 2788 suu.
1434 2716 1485 2810 (2)
1519 2719 1623 2787 Nimi-

501 2844 573 2894 rum
593 2837 671 2894 sunt
685 2829 837 2911 quaedam
857 2830 1014 2905 rationes,
1031 2848 1105 2913 quae
1118 2840 1174 2895 aut
1188 2844 1231 2895 ex
1246 2829 1365 2895 mentis
1381 2837 1500 2895 nostrae
1516 2828 1622 2895 imbe-

499 2934 644 3013 cillitate,
666 2946 723 3003 aut
741 2956 783 3002 ex
801 2937 929 3021 propria
947 2937 1046 3003 etiam
1061 2936 1206 3022 ipsarum
1221 2936 1425 3013 conditione,
1442 2936 1518 3021 quia
1533 2936 1623 3003 vide-

500 3043 574 3110 licet
589 3043 711 3109 habent
722 3043 929 3109 essentialem
944 3045 1091 3110 ordinem
1107 3052 1205 3128 atque
1221 3043 1444 3111 habitudinem
1459 3044 1501 3109 ad
1520 3042 1620 3121 aliud,

500 3150 716 3226 definiuntur,
736 3152 1003 3236 explicanturque
1029 3170 1087 3237 per
1108 3158 1291 3236 respectum
1314 3152 1355 3217 ad
1374 3150 1495 3235 aliquid
1520 3150 1619 3226 aliud,

500 3258 591 3342 quod
609 3267 659 3324 est
681 3268 772 3325 extra
803 3259 947 3349 ipsarum
971 3259 1145 3326 essentiam
1165 3270 1197 3326 et
1227 3259 1409 3325 entitatem.
1434 3258 1543 3343 Atque
1571 3260 1622 3326 hae

500 3375 658 3432 vocantur
679 3366 885 3433 definitiones
904 3374 963 3449 per
983 3368 1240 3433 additamentam.
1261 3365 1314 3432 Sic
1331 3366 1453 3433 simitas
1470 3365 1624 3433 definitur
1731 3374 1732 3377 ’

498 3472 639 3539 corvina
664 3474 758 3539 nasi:
787 3492 990 3559 quamquam
1019 3475 1106 3540 enim
1136 3491 1235 3540 nasus
1263 3474 1305 3538 sit
1333 3483 1424 3539 extra
1446 3476 1621 3541 essentiam

500 3580 667 3656 similatis,
691 3582 760 3647 haec
774 3589 886 3648 tamen
902 3582 1091 3649 relationem
1106 3580 1244 3648 involvit
1257 3580 1299 3645 acl
1312 3580 1418 3655 illum,
1435 3580 1623 3665 quissimus

501 3705 568 3753 non
587 3688 703 3755 dicitur
721 3688 782 3755 nisi
801 3689 842 3754 de
861 3706 944 3755 naso
961 3707 1081 3765 curvo,
1102 3689 1241 3773 ideoque
1265 3688 1445 3755 declaratur
1464 3708 1520 3773 per
1538 3690 1623 3755 ordi-

501 3814 578 3862 nem
597 3797 638 3862 ad
656 3796 763 3862 illum.
786 3796 864 3883 ‚lioc
895 3798 996 3885 modo
1025 3796 1123 3863 etiam
1152 3796 1308 3880 potentiae
1326 3794 1457 3871 vitales,
1493 3796 1622 3863 habitus

1733 4762 1734 4807 l

535 4154 578 4227 (a)
614 4154 672 4213 Per
681 4173 797 4222 causas,
809 4152 1147 4226 inquam‚extrr'nseces.
1161 4152 1268 4213 Causae
1281 4152 1360 4213 enim
1372 4150 1546 4215 intrinsecus
1560 4172 1621 4215 rem

500 4242 710 4303 constituentia
723 4242 922 4303 definitionem
932 4242 1119 4304 essentialem
1134 4242 1285 4317 physicam
1298 4240 1435 4304 efficiunt
1447 4242 1571 4314 Quodsi
1585 4244 1623 4305 ad

500 4351 603 4392 musas
623 4332 797 4393 intrinseoes
813 4333 855 4392 rei
868 4333 942 4393 velia
956 4332 1045 4397 etiam
1059 4353 1193 4393 revocare
1211 4332 1372 4392 accidentia
1384 4348 1413 4393 et
1432 4334 1624 4408 proprietates

501 4422 648 4497 physicas,
658 4423 864 4496 definitisque
874 4444 909 4483 ex
922 4423 981 4483 illia
995 4436 1141 4495 peteretur
1154 4435 1232 4483 esset
1249 4422 1423 4497 descriptiva
1435 4424 1624 4497 praecedentis

501 4511 627 4585 generis.
653 4512 755 4586 ltaque
773 4511 897 4573 muselis
918 4512 1051 4573 definitio
1072 4514 1133 4573 sola
1154 4513 1204 4571 ilia
1219 4511 1335 4585 dicitur,
1360 4532 1426 4585 quae
1449 4534 1501 4588 per
1522 4536 1625 4579 musae

501 4599 677 4660 extrinsecas
688 4600 820 4662 efficitur.
1513 4646 1515 4653 ι

472 4741 475 4747 .
536 4689 578 4765 (a)
613 4689 648 4751 S.
662 4690 768 4754 Tiaom.
783 4692 921 4776 Qamtu.
935 4714 964 4768 9.
983 4704 1039 4753 art.
1056 4711 1084 4767 ς,
1102 4692 1140 4752 ad
1162 4702 1220 4753 ι.““
1241 4689 1304 4755 Cir.
1326 4692 1378 4753 lib.
1393 4714 1422 4769 7,
1439 4694 1627 4771 Mnapnysa'·
1733 4730 1734 4761 l

501 4799 560 4845 cor.
575 4780 683 4861 lect.4.
