3492 5525
329 435 443 498 Anne.
468 448 528 517 3³¹·
549 433 784 520 Smocrsnus
803 448 1050 496 meorrrencus
1153 442 1208 513 355

127 634 206 682 cum
226 616 280 681 vel
298 613 369 682 sine
388 614 575 699 negatione.
602 613 650 679 lta
677 614 764 679 hanc
788 612 1060 697 propositionem:
1084 610 1280 676 Autvivis·
1337 603 1343 611 '

125 727 336 789 autnrortuus
345 740 388 797 es,
409 720 495 788 varie
508 738 565 805 per
574 720 828 787 conditionalem
840 720 966 785 efferes:
983 716 1019 805 α)
1033 718 1071 785 Si
1082 718 1177 794 vivis,
1189 736 1252 783 non

125 834 333 905 amomum:
348 826 384 916 β)
398 828 509 894 Sinon
524 830 623 905 vivis,
636 832 778 895 mortuus
795 847 845 893 es:
863 824 900 919 γ)
917 828 956 895 Si
971 844 1003 891 es
1016 829 1174 903 mortrms,
1190 844 1253 890 non

14 1007 15 1032 i
125 937 230 1003 vivis:
245 930 279 1025 δ)
296 937 335 1003 Si
347 956 411 1003 non
423 956 457 1002 es
474 939 633 1013 mortum,
653 936 748 1000 vivis.

196 1044 229 1110 Si
242 1045 313 1134 jam
325 1044 521 1130 disjunctiva
538 1043 750 1128 impropriam
761 1042 927 1109 contineat
936 1040 1202 1126 disjunctionem,
1215 1040 1250 1106 in

89 1178 92 1182 ’
127 1152 299 1239 pauciores
312 1152 512 1218 convertitur
525 1149 778 1231 conditionales;
795 1168 1001 1235 quamquam
1016 1150 1104 1215 enim
1124 1158 1253 1215 utrum-

129 1262 182 1327 vis
212 1260 400 1327 membrum
428 1259 655 1345 disjunctionis
687 1258 811 1325 assumi
835 1258 938 1341 possit
962 1276 1021 1343 pro
1039 1258 1254 1323 antecedente

127 1367 361 1447 conditionata,
384 1367 633 1452 propositionis,
648 1368 731 1432 sicut
744 1367 778 1431 in
797 1365 1002 1451 disjunctivis
1013 1364 1164 1451 propriis,
1186 1383 1253 1431 non

125 1487 243 1541 tamen
264 1476 362 1541 babet
389 1476 451 1541 nisi
480 1493 584 1541 unum
609 1474 766 1559 arguendi
790 1474 944 1551 modum,
964 1472 1126 1539 sciliceta
1156 1491 1254 1557 nega-

124 1584 218 1649 tione
246 1584 344 1649 unius
373 1582 513 1647 membri
539 1583 580 1648 ad
611 1583 808 1665 positionem
833 1582 976 1659 alterius,
998 1602 1032 1649 ν.
1058 1601 1095 1666 g.
1123 1580 1183 1647 ista
1206 1580 1255 1645 di-

126 1692 290 1777 sjunctiva
315 1691 507 1775 impropria:
529 1691 599 1756 Aut
616 1691 730 1756 Petrus
748 1694 808 1757 aut
826 1690 949 1756 Paulus
970 1690 1075 1759 Rome
1098 1688 1252 1767 tremuit,

125 1799 380 1865 transformatur
396 1798 430 1863 in
458 1800 516 1864 has
540 1799 638 1865 duas:
668 1797 707 1863 Si
738 1798 852 1864 Petrus
881 1798 986 1867 Rome
1011 1816 1076 1863 non
1095 1798 1249 1873 occubuit,

124 1910 210 1972 certe
222 1907 344 1973 Paulus
356 1906 515 1983 occubuit,
534 1910 580 1972 et:
594 1905 633 1972 Si
643 1907 765 1971 Paulus
776 1898 884 1975 Ronrae
896 1925 961 1973 non
973 1906 1130 1985 oaubuit,
1145 1907 1255 1971 saltem

126 2016 243 2079 Petrrts
260 2014 413 2079 eadm.

178 2119 253 2186 168.
301 2121 473 2187 Revocatis
491 2120 600 2203 itaque
627 2140 704 2186 cum
728 2122 921 2205 copulatiyis
948 2132 1021 2187 tum
1049 2118 1255 2206 disjunctivis
1274 2140 1296 2177 et
1306 2128 1467 2179 condimenti·

125 2228 170 2293 ad
187 2229 436 2304 conditionales,
457 2236 567 2303 restat,
584 2236 621 2295 ut
639 2229 822 2305 videamus,
838 2213 895 2312 q'ui
911 2230 1014 2313 possit
1028 2226 1254 2295 conditionalis
1274 2206 1461 2323 mffiffi

125 2338 161 2401 in
180 2355 395 2402 communem
415 2348 447 2403 et
465 2337 680 2422 categoricam
703 2337 861 2403 converti.
885 2336 1068 2403 ‹rReductio
1097 2338 1166 2403 haec
1184 2335 1254 2401 iteri

126 2453 253 2529 potest,
269 2446 321 2509 rel
338 2445 540 2511 considerata
563 2445 695 2510 materia
710 2444 944 2523 determinata,
961 2464 1002 2511 ex
1016 2464 1081 2529 qua
1095 2453 1144 2511 est
1158 2444 1257 2531 syllo

127 2554 277 2640 gismuS,
303 2554 354 2617 vel
387 2552 530 2636 generali
556 2554 627 2636 ejus
655 2555 771 2618 forma.
801 2552 833 2618 Si
856 2552 1079 2619 consideratur
1108 2552 1254 2633 materia,¹

127 2659 232 2725 facilis
250 2670 302 2726 est
321 2659 479 2736 reductio,
509 2678 585 2726 cum
605 2662 791 2744 subiectum
819 2661 1015 2726 conditionis
1033 2660 1122 2726 idem
1149 2668 1201 2725 est
1218 2678 1257 2723 ac

126 2770 317 2852 subjectum
340 2768 568 2845 conditionati,
594 2779 631 2834 ut
650 2791 682 2836 v.
699 2791 733 2854 g.
751 2771 785 2835 in
805 2772 884 2836 hoc:
909 2770 1096 2836 simundus
1116 2771 1258 2850 deceptor

126 2882 187 2951 est,
190 2876 292 2960 fidem
304 2895 368 2942 non
381 2881 529 2943 meretur.
546 2879 611 2943 Sed
621 2881 759 2943 mundus
769 2881 911 2960 deceptor
921 2881 977 2944 est.
991 2879 1140 2961 Ergo.....
1158 2875 1258 2941 Vides
1381 2913 1384 2918 -

129 2985 221 3050 enim
241 2983 494 3051 conditionalem
510 2987 602 3050 nullo
617 2986 750 3070 negotio
764 2985 796 3050 in
808 2987 892 3051 hanc
905 2985 1085 3068 simplicem
1097 2983 1255 3050 converti:
1360 3030 1365 3040 .

128 3093 246 3159 Omnis
262 3094 404 3174 deceptor
407 3091 507 3176 fidem
519 3112 583 3158 non
603 3096 757 3176 neretum
775 3112 841 3175 qua
854 3094 992 3159 suffecta
1007 3094 1080 3160 loco
1096 3091 1259 3164 ,conditio-

129 3201 232 3277 nalis,
247 3200 462 3286 syllogismus
481 3200 515 3266 in
529 3201 715 3285 simplicem
735 3202 975 3267 commutatur.

200 3308 288 3374 Cum
308 3325 386 3373 vero
399 3308 583 3395 subjectum
602 3309 798 3376 conditionis
821 3308 989 3376 diversum
1009 3320 1058 3376 est
1073 3329 1091 3375 a
1109 3310 1258 3395 subjecto

126 3414 361 3492 conditionati,
395 3416 538 3482 reductio
567 3427 617 3485 est
645 3417 822 3492 difficilior,
855 3421 915 3484 nec
941 3418 1086 3502 generali
1116 3419 1257 3484 formula

125 3523 366 3609 comprehendi
385 3534 510 3608 potest:
532 3543 663 3609 semper
676 3535 788 3592 tamen
803 3525 949 3594 invenire
967 3525 1097 3591 dabitur
1116 3525 1257 3609 aliquam

126 3631 242 3717 viam,
271 3648 338 3713 qua
368 3631 556 3716 hujusmodi
586 3633 765 3716 propositio
786 3634 828 3698 ad
846 3632 1029 3717 simplicem
1058 3633 1256 3700 traducatur.

127 3739 173 3804 V.
189 3759 226 3823 g.
242 3739 314 3804 haec
329 3738 527 3822 propositio:
543 3740 582 3806 si
593 3741 731 3806 Ecclesia
744 3744 843 3817 errat,
858 3743 946 3806 Deus
959 3739 1119 3818 mentitur,
1132 3741 1165 3806 in
1177 3742 1260 3806 hanc

128 3847 305 3931 migrabit:
326 3845 425 3912 Error
437 3847 581 3913 Ecclesiae
590 3852 640 3912 est
653 3847 849 3914 mendacium
867 3849 941 3915 Dei.

200 3955 245 4019 At
263 3954 291 4019 si
310 3954 381 4038 ipsa
400 3957 505 4020 forma
527 3955 754 4022 conditionalis
781 3957 965 4043 syllogismi
989 3974 1055 4041 prae
1081 3956 1184 4022 oculis
1203 3957 1260 4022 ha-

127 4063 264 4137 beatur,
285 4072 405 4146 sponte
434 4063 574 4147 prodibit
601 4063 763 4149 generalis
786 4064 984 4131 reductionis
1007 4065 1161 4139 formula,
1185 4083 1259 4146 quae

126 4169 290 4263 omnibus
307 4169 510 4255 syllogismis
528 4171 736 4255 hujusmodi,
754 4174 1072 4255 quomodocumque
1094 4190 1129 4237 se
1143 4189 1258 4236 eorum

127 4277 269 4344 materia
281 4277 412 4354 habeat,
429 4277 531 4361 aptari
544 4279 660 4362 possit.
677 4278 806 4345 Sufficit
820 4299 917 4364 porro
931 4281 972 4346 ad
994 4283 1077 4346 hanc
1100 4278 1262 4346 reductio·
1306 4271 1310 4278 ’
1383 4269 1388 4278 ’

127 4404 210 4452 nem
230 4384 487 4461 conficiendam,
508 4396 545 4452 ut
569 4387 602 4451 id
620 4388 708 4469 quod
734 4407 768 4453 re
793 4397 826 4454 et
844 4390 930 4454 iacto
949 4387 1020 4472 ipso
1044 4388 1077 4453 in
1103 4385 1261 4451 conditio-

126 4493 194 4562 nali
217 4493 415 4579 syllogismo
447 4493 668 4573 affirmamuS,
706 4495 834 4562 disertis
867 4495 1095 4579 explicitisque
1123 4491 1260 4560 vocibus

125 4601 352 4669 affirmemus.
374 4599 408 4665 ln
428 4600 650 4685 propositione
670 4604 757 4668 enim
777 4602 987 4670 conditionali
1003 4600 1083 4686 quid
1104 4596 1265 4672 dicimusr,

125 4712 200 4777 Hoc
218 4729 303 4776 sane
321 4707 480 4788 dicimus,
497 4729 575 4777 eum
599 4709 656 4794 qui
674 4709 1079 4795 conditionemraffirmat,
1103 4702 1264 4772 conditio·
