3492 5525
248 478 363 540 Aarrc.
376 490 437 559 4¹¹·
454 476 507 539 Ax
523 493 661 539 nostran·
672 492 715 545 ore
730 492 837 539 nourr.
855 482 996 549 conseo.
1012 490 1087 538 arc.
1130 470 1188 555 835

106 671 140 726 et
159 645 233 743 ciuae
253 660 389 745 proinde
407 658 591 745 explicitam
611 660 778 744 suppleat,
798 658 910 743 allique
930 676 1064 744 prorsus
1087 656 1230 741 requiva-

106 768 171 833 leat
189 768 223 833 in
242 768 355 835 ordine
372 768 415 833 ad
433 766 718 834 determinandum
738 766 958 845 intellectum,
978 774 1016 833 ut
1036 764 1229 831 assentiatur

106 874 238 961 objecto
255 875 500 959 consequentis.
529 875 635 961 Hujus
655 874 774 941 indolis
797 884 864 952 est,
892 885 1055 957 quantum
1079 874 1120 939 ad
1139 868 1240 937 illam

83 964 88 982 ⁸
106 981 363 1060 connexionem,
381 982 624 1068 repraesentatio
638 981 881 1066 premissorum
899 982 933 1047 in
953 982 1061 1048 modis
1079 980 1230 1066 perfectis

107 1091 222 1173 primae
240 1089 371 1175 figurae:
392 1090 447 1163 tali
471 1090 595 1174 quippe
623 1090 723 1155 modo
752 1088 907 1173 exprimit
924 1106 1023 1156 suurn
1049 1087 1227 1173 objectum,

108 1207 145 1263 ut
168 1198 234 1262 fere
258 1204 359 1282 ponat
384 1197 428 1262 ob
453 1198 569 1263 oculos
594 1196 758 1283 objectum
787 1195 1007 1264 conclusionis
1031 1196 1082 1260 vel
1108 1212 1230 1262 conne-

107 1305 241 1371 xionem
261 1324 337 1372 curn
358 1305 442 1389 ipso,
464 1323 530 1370 non
550 1306 658 1371 solum
679 1303 932 1389 apprehensive,
953 1303 1010 1369 sed
1029 1302 1128 1369 etiarn
1143 1302 1230 1389 judi·

108 1411 242 1478 sative»
260 1409 274 1500 (
300 1409 325 1501 ).
1266 1394 1270 1403 ’

173 1524 336 1591 instabis.
358 1518 392 1585 Si
411 1520 587 1603 praemissae
605 1520 714 1586 solum
730 1519 886 1604 implicite
909 1526 943 1584 et
960 1516 1140 1586 virtualiter
1157 1535 1233 1601 pree

108 1636 238 1711 ponunt
266 1626 431 1713 objectum
461 1625 697 1704 conclusionis,
720 1644 840 1711 nempe
858 1635 1023 1710 quatenus
1043 1632 1232 1710 proponunt

108 1734 231 1817 aliquid
250 1732 432 1800 necessario
450 1744 637 1800 connexum
657 1752 732 1799 cum
756 1733 811 1799 tali
834 1734 979 1819 objecto,
1001 1734 1068 1800 non
1082 1750 1231 1799 necessa·
1346 1756 1350 1764 ·

109 1840 156 1907 rio
175 1848 331 1925 sequetur
353 1841 505 1926 explicita
529 1841 677 1927 cognitio
697 1848 797 1926 atque
819 1857 973 1907 assensus
997 1839 1228 1907 conclusionis.

171 1950 257 2019 Nam
287 1949 345 2034 qui
370 1948 545 2016 assentitur
568 1947 625 2016 uni
652 1949 799 2035 objecto,
830 1953 897 2015 nori
926 1948 1057 2035 cogitur
1082 1946 1231 2016 assentiri

108 2056 287 2122 formaliter
319 2056 460 2133 caeteris,
489 2056 797 2141 quibuscumillud
829 2056 1045 2126 connectitur.
1076 2053 1231 2139 Alioquin

109 2182 208 2230 nemo
236 2172 348 2248 posset
374 2164 420 2231 sic
448 2164 610 2250 judicare:
641 2164 757 2230 Petrus
783 2163 960 2241 estoldus,
992 2164 1070 2247 quin
1099 2162 1233 2229 baberet

108 2274 198 2339 hunc
217 2290 388 2339 assensum
408 2271 615 2355 explicitum:
636 2272 750 2338 Petrus
766 2274 816 2337 est
829 2290 900 2348 eris,
928 2272 980 2337 vel
1003 2267 1091 2337 hunc
1116 2271 1230 2337 alium:

108 2382 197 2447 Deus
227 2378 345 2447 existit.
367 2380 477 2456 ndde,
503 2380 593 2463 quod
613 2396 766 2445 assensus
791 2380 888 2445 unius
911 2379 1028 2464 objecti
1056 2378 1233 2446 virtualiter
1359 2380 1365 2387 ’
1426 2466 1430 2475 ¹

108 2486 255 2555 continet
282 2488 468 2555 dissensum
498 2487 755 2565 contradictorii,
776 2496 809 2551 et
835 2496 946 2553 tamen
975 2488 1015 2554 ad
1041 2486 1231 2553 exercitium

110 2596 195 2662 illius
215 2596 487 2692 nonnecessitat.
508 2592 574 2670 Qui
593 2595 681 2661 enim
708 2596 754 2661 sic
782 2595 918 2677 iudicat:
940 2595 1049 2660 Datur
1071 2597 1144 2670 lux,
1166 2612 1232 2683 non

109 2703 239 2790 cogitur
266 2702 422 2770 continuo
450 2702 497 2770 sic
522 2700 655 2770 inferre:
676 2704 754 2788 Ergo
776 2722 840 2769 non
867 2705 989 2768 αππιαν·
1013 2702 1147 2769 ionem
1166 2684 1231 2791 (a).

178 2819 283 2895 Resp.
303 2829 375 2896 mg.
396 2819 510 2879 assert.
540 2809 590 2877 nd
611 2811 779 2896 probation
802 2801 879 2877 disi.
899 2809 964 2888 Qui
983 2811 1160 2878 assentitur
1177 2809 1235 2876 uni

111 2921 256 3005 objecto,
277 2937 344 2986 non
358 2918 486 3005 cogitur
498 2911 645 2986 assentiri
663 2911 803 2997 caeteris,
823 2939 901 2986 cum
920 2919 1041 3004 quibus
1058 2917 1236 2985 formaliter

109 3027 330 3105 connectitur,
360 3029 387 3094 si
415 3045 568 3094 assensus
597 3028 694 3094 unius
723 3047 788 3094 non
818 3028 951 3105 excitet,
973 3029 1042 3094 sive
1060 3026 1237 3094 formaliter

111 3137 181 3203 sive
196 3137 311 3202 saltem
326 3134 570 3218 aequivalenter‚
587 3133 879 3220 apprehensionem
895 3144 1101 3213 ceterorum,
1118 3138 1234 3210 nans..

111 3245 138 3314 si
159 3245 294 3328 excitet,
314 3261 386 3327 neg.

180 3349 306 3417 Etenim
336 3351 536 3422 combinatio
573 3357 794 3417 extremorum
823 3367 900 3416 cum
936 3349 1047 3416 medio
1073 3349 1107 3416 in
1135 3350 1239 3436 prima

113 3459 218 3546 ligura
237 3459 310 3526 talis
329 3469 396 3536 est,
417 3469 454 3525 ut
468 3460 519 3526 vel
539 3458 721 3525 necessario
740 3457 857 3524 excitet
871 3453 1106 3525 viridissimam
1125 3477 1240 3543 appre-

112 3567 306 3635 hensionem
339 3567 381 3633 de
414 3565 617 3633 connexione
646 3565 802 3632 infallibili
839 3566 956 3651 objecti
995 3563 1238 3650 praemissarum

111 3695 190 3743 cum
209 3676 337 3762 objecto
351 3675 586 3751 conclusionis
607 3674 658 3739 vel
678 3675 794 3740 saltem
813 3675 965 3758 suppleat
982 3674 1090 3750 illam,
1110 3671 1188 3760 quia
1205 3671 1240 3739 in

113 3783 199 3850 linea
226 3783 423 3850 ostensionis
452 3781 598 3848 virtualis
622 3781 799 3848 claritatem
832 3799 1000 3849 summam
1033 3780 1179 3867 attingit,
1208 3789 1241 3847 et

114 3891 264 3976 proxime
282 3889 405 3956 accedit
423 3890 464 3956 ad
483 3889 705 3956 ostensionem
725 3889 915 3968 formalem,
936 3900 974 3958 ut
991 3890 1121 3956 videtur
1142 3906 1242 3973 expe·

115 3999 230 4064 rientia
249 4007 380 4064 notum.
686 3987 690 3996 '

183 4107 264 4172 llinc
279 4106 417 4191 allegata
430 4105 581 4190 exempla
596 4123 662 4172 non
681 4104 821 4181 obsunt,
838 4105 917 4189 quia
929 4123 971 4172 ex
990 4105 1052 4172 hoc
1065 4105 1137 4172 solo
1152 4113 1239 4173 actu:

113 4213 229 4280 Petrus
244 4217 295 4279 esf
308 4213 415 4290 albo,
437 4229 504 4279 non
524 4212 705 4279 necessario
724 4211 885 4280 excitatur
902 4213 1119 4298 apprehensio
1140 4212 1243 4297 expli·

112 4322 178 4388 cita
195 4320 236 4386 de
261 4339 318 4397 eo,
338 4320 428 4404 quod
448 4319 523 4386 inde
549 4317 721 4397 inferatur,
746 4320 877 4387 Petrum
898 4339 963 4387 esse
979 4337 1052 4400 ens,
1072 4320 1124 4387 vel
1142 4321 1245 4387 Deum

111 4428 257 4497 existere.
277 4425 310 4494 Si
329 4435 440 4494 autem
459 4445 535 4494 cum
556 4447 595 4495 eo
624 4436 697 4494 actu
715 4427 969 4516 conjungeretur
987 4428 1054 4496 hic:
1080 4427 1246 4518 Ωμιὶίᾳαίᾱ

151 4679 194 4750 (ι)
228 4662 376 4748 Losnda.
391 4676 432 4748 ib,
448 4697 479 4737 n.
493 4677 521 4736 6.

149 4765 194 4841 (a)
229 4765 306 4827 Vide
322 4766 402 4842 apud
417 4765 567 4839 casata.
581 4762 621 4826 ib.
637 4785 700 4842 cap.
715 4785 747 4836 a,
763 4785 794 4828 rt.
813 4767 855 4828 rt.
