3492 5525
541 486 600 552 828
652 488 776 552 Loolca
791 484 1025 561 Maiore-Lm.
1044 502 1114 564 ψ,
1130 488 1224 553 Dese.
1243 498 1287 566 3.·
1302 482 1378 549 Cae.
1400 445 1468 549 rau·

502 670 565 735 nis.
585 671 699 754 Neque
718 687 802 757 vero.
817 668 996 754 angericus
1011 685 1159 752 unquam
1175 667 1286 736 docuit
1299 668 1332 733 in
1352 668 1499 737 discursu
1516 670 1561 736 ita
1576 690 1625 737 re·

502 776 594 863 periri
613 776 854 843 successionem
879 784 1030 853 actuum,
1057 785 1094 842 ut
1112 784 1261 843 cessante
1284 794 1420 843 assensu
1439 778 1624 862 praemissa·
1722 753 1724 774 ¹

501 904 592 963 rum,
614 885 834 969 subsequatur
852 902 1007 952 assensus
1025 883 1254 952 conclusionis.

544 999 653 1077 obite.
675 1000 723 1059 2.·
767 994 841 1059 Non
876 1000 983 1076 potest
1010 992 1132 1077 duplex
1161 994 1260 1059 simul
1294 992 1327 1059 in
1361 993 1525 1059 intellectu
1555 994 1623 1059 dari
1722 1035 1723 1044 ι

500 1100 634 1167 actualis
662 1098 824 1185 cognitio,
850 1100 977 1166 dicente
1006 1098 1197 1165 Aristotele:
1229 1100 1395 1184 Contingit
1417 1104 1520 1165 aulem
1541 1101 1624 1167 scire
1723 1087 1725 1120 i

495 1212 592 1290 plura
610 1206 657 1295 (id
677 1217 727 1273 est
750 1206 969 1298 habitualiter)
986 1207 1124 1291 cogitare
1141 1226 1216 1274 vero
1236 1226 1337 1273 unum
1354 1204 1418 1295 (ι).
1443 1208 1527 1293 Ergo
1544 1226 1623 1274 cum

500 1318 595 1383 datur
621 1315 755 1383 actualis
776 1332 930 1381 assensus
956 1315 1190 1393 conclusionis,
1219 1314 1422 1399 impossibile
1445 1324 1496 1381 est
1523 1314 1623 1381 simul

500 1424 567 1491 dari
586 1432 659 1494 actu
679 1440 850 1489 assensum
870 1422 1126 1505 praemissarum.

566 1538 671 1615 Resp.
690 1530 766 1595 dist.
788 1538 871 1605 ant„
901 1529 929 1595 si
948 1528 1089 1613 plurium
1107 1529 1234 1595 illarum
1257 1528 1483 1614 cognitionum
1498 1529 1625 1615 objecta
1724 1571 1725 1586 ι

500 1657 566 1706 non
589 1638 729 1705 habeant
752 1637 1007 1712 connexionem,
1031 1644 1252 1720 motuumque
1270 1636 1433 1712 ordinem,
1455 1640 1575 1711 tracis„
1595 1636 1624 1701 si

499 1746 648 1815 ordinem
668 1744 977 1827 connexionemque
997 1744 1149 1819 habeant,
1166 1763 1238 1828 neg.
1259 1744 1296 1809 Et
1309 1763 1380 1829 neg.
1401 1764 1535 1827 conseq.

566 1854 617 1921 nd
637 1872 706 1919 rem
728 1852 914 1937 Angelicus:
932 1853 1015 1917 Drcae
1030 1852 1225 1933 operationes
1236 1856 1373 1935 possunt
1384 1871 1451 1919 esse
1468 1852 1563 1917 nnius
1571 1860 1628 1933 po

500 1963 615 2037 butro,
635 1978 770 2045 quarum
787 1978 853 2025 nna
871 1962 914 2024 ad
930 1959 1029 2024 aliam
1047 1959 1199 2044 repertun·
1224 1962 1262 2026 nt
1276 1964 1364 2042 patet
1390 1962 1628 2048 camminatas

498 2072 570 2137 vult
583 2072 615 2136 ct
621 2047 734 2155 finem,
755 2072 786 2134 et
800 2086 836 2134 ea
851 2086 921 2152 quae
933 2068 1013 2132 sunt
1022 2069 1065 2133 ad
1069 2067 1186 2153 fineen·
1199 2071 1233 2133 et
1241 2068 1414 2134 intellectus
1426 2067 1522 2133 simul
1533 2068 1629 2133 inlel-

431 2193 434 2201 '
500 2178 574 2263 tigit
584 2176 745 2260 principia
763 2180 793 2241 et
809 2174 1021 2240 conclusiones
1033 2182 1094 2259 per
1108 2175 1287 2257 principia;
1303 2178 1429 2259 quando
1437 2178 1510 2263 jam
1526 2175 1630 2241 saen-
1726 2171 1727 2174 ’

502 2286 579 2353 liam
596 2282 767 2368 acquisivit
781 2279 845 2370 (2).

568 2394 606 2459 Et
625 2392 665 2457 ad
684 2389 893 2456 Aristotelem
913 2383 1035 2455 'eadem
1055 2396 1107 2455 est
1125 2388 1306 2474 responsio,
1326 2408 1401 2455 cum
1427 2391 1513 2457 enim
1535 2391 1628 2457 idem
1727 2421 1728 2424 ¹

502 2502 544 2568 sit
562 2500 728 2586 objectum
745 2497 988 2583 praemissarum
1009 2505 1042 2562 et
1056 2496 1286 2574 conclusionis,
1307 2497 1380 2564 licet
1393 2498 1492 2565 simul
1507 2500 1629 2564 dentur
1727 2493 1728 2556 l

502 2626 656 2675 assensus
670 2606 890 2701 conclusionis
905 2614 942 2670 et
953 2604 1209 2690 praemissarum,
1231 2604 1358 2689 proprie
1372 2606 1537 2689 loquendo
1558 2626 1629 2674 non
1727 2593 1728 2606 ¹

503 2718 595 2803 plura
612 2713 810 2802 cogitantur.

546 2830 654 2907 objic.
677 2823 730 2894 3.⁰
778 2821 926 2899 Habitus,
943 2802 1011 2906 quo
1027 2821 1179 2887 voluntas
1198 2819 1370 2887 inclinatur
1387 2823 1428 2886 ad
1447 2825 1629 2890 amandum

503 2907 616 3006 finem,
638 2931 809 2997 inclinatur
826 2929 925 2995 etiem
945 2929 986 2995 ad
1005 2927 1153 3012 eligenda
1172 2926 1291 3005 media,
1311 2929 1384 2995 licet
1398 2929 1537 2995 intentio
1550 2930 1631 2997 finis

503 3049 602 3124 atque
626 3036 739 3105 electio
767 3036 951 3103 mediorum
977 3035 1043 3100 sint
1070 3043 1172 3110 actus,
1192 3035 1299 3119 specie
1317 3034 1473 3102 distincti.
1494 3037 1580 3121 Ergo
1609 3059 1630 3103 a

504 3149 571 3233 pari
586 3146 715 3212 habitus
731 3143 962 3229 principiorum
982 3151 1016 3207 et
1035 3141 1276 3227 praemissarum
1288 3142 1439 3209 sufficere
1453 3144 1574 3228 poterit
1587 3147 1632 3210 ad

504 3254 746 3322 conclusionem
763 3251 967 3338 eliciendam,
982 3249 1166 3334 supplendo
1180 3251 1343 3316 delectum
1356 3250 1532 3318 actualium
1548 3271 1632 3336 prae-

506 3363 692 3437 missarum,
722 3379 811 3435 cum,
842 3360 981 3425 docente
1009 3356 1220 3442 Philosopho‚
1256 3357 1387 3442 perinde
1420 3378 1455 3424 se
1488 3360 1632 3426 habeant

507 3469 659 3556 principia
676 3469 709 3535 in
729 3467 990 3552 speculabilibus,
1011 3484 1049 3530 ac
1067 3464 1144 3531 sinis
1161 3467 1194 3532 in
1214 3466 1363 3550 practicis
1383 3463 1447 3554 (3).

572 3585 677 3661 Resp.
696 3595 767 3659 neg.
789 3573 883 3660 parit.
904 3571 991 3649 Quia
1009 3573 1117 3640 nullus
1137 3573 1266 3640 habitus
1284 3592 1402 3659 vagare
1417 3583 1526 3658 potest
1538 3586 1633 3642 extra

507 3686 664 3751 rationem
685 3683 856 3748 formalem
877 3681 993 3767 objecti
1013 3679 1076 3756 sui,
1092 3681 1256 3765 siquidem
1272 3689 1321 3748 est
1339 3700 1445 3766 genus
1460 3683 1630 3768 quoddam

507 3791 674 3879 potentiae,
695 3809 772 3875 quae
790 3788 862 3855 ferri
881 3797 971 3854 extra
989 3807 1088 3854 suum
1107 3787 1272 3873 objectum
1294 3789 1419 3871 nequit;
1435 3809 1510 3874 quae
1529 3791 1631 3858 etiarn

509 3900 588 3967 ratio
601 3911 664 3974 est,
684 3917 742 3964 cur
760 3897 891 3962 habitus
910 3895 1140 3979 principiorum
1159 3893 1303 3964 distincti
1320 3895 1386 3962 sint
1404 3897 1445 3962 ab
1460 3899 1633 3966 habitibus

407 3983 415 4002 ⁸
507 4007 755 4074 conclusionum
776 4006 825 4071 vel
841 4003 1063 4071 scientiarum.
1079 4004 1163 4069 Nam
1179 4003 1259 4070 ratio
1274 4003 1417 4070 formalis
1431 4007 1634 4072 assentiendi

510 4115 673 4201 principiis
688 4122 737 4179 est
752 4114 819 4198 ipsa
835 4129 950 4178 eorum
965 4108 1140 4177 intrinseca
1153 4109 1283 4188 veritas,
1301 4110 1381 4177 ratio
1395 4131 1472 4178 vero
1487 4113 1635 4179 formalis

509 4221 705 4290 assentiendi
725 4219 928 4288 conclusioni
948 4227 998 4284 est
1018 4216 1133 4303 partim
1154 4217 1272 4285 veritas
1290 4219 1536 4304 principiorum,
1562 4242 1639 4305 par-

545 4515 586 4576 (ι)
626 4511 895 4582 Topicor.,cap.4.

547 4604 587 4666 (a)
625 4597 658 4656 S.
674 4599 890 4667 Thomas,1p.
907 4615 937 4666 q.
955 4594 998 4666 58,
1013 4615 1040 4653 a.
1054 4592 1128 4667 7.ad
1143 4603 1206 4652 a.'¹

547 4693 587 4761 (3)
623 4688 711 4759 Apud
726 4685 988 4751 conimbricensea,
1001 4683 1055 4742 loc.
1070 4681 1118 4749 cit,
1135 4703 1165 4754 q.
1183 4703 1210 4756 4,
1227 4704 1255 4743 a.
1271 4704 1297 4754 a,
1312 4683 1370 4744 sea
1395 4691 1496 4746 contra
1509 4684 1641 4747 Gabrie-

500 4779 580 4848 tenu
595 4775 713 4848 soeret,
729 4777 781 4837 loe.
797 4775 845 4835 cit.
859 4794 889 4833 n.
904 4775 950 4847 84.
