3492 5525
236 464 353 530 Anne.
368 479 426 550 3³¹⁸
439 465 490 530 An
507 483 646 532 nunnus
661 455 870 532 autumamus
882 483 935 532 err
949 447 1139 530 urrunnun
1159 479 1215 547 791

134 648 258 716 tionem
273 647 502 735 principiorum
514 645 578 737 (ι).
596 647 678 726 Qrae
692 649 762 716 loca
778 647 855 716 nihil
870 656 975 726 vetat,
989 648 1170 733 quominus
1179 664 1257 713 cum

135 753 189 824 illa
218 755 427 822 distinctione
453 756 719 842 interpretemur3
747 773 842 823 secus
870 756 958 822 enim
992 773 1058 822 non
1084 769 1258 840 possemus

134 870 264 930 tantum
285 864 477 950 Magistrum
497 883 516 930 a
533 862 788 930 contradictione
805 881 970 930 excusare.

203 972 296 1039 Adde
326 973 416 1056 quod
441 972 580 1056 ipsemet
612 971 648 1036 S.
678 972 823 1038 Thomas
850 970 1050 1056 quandoque
1075 977 1185 1038 utatur
1210 967 1259 1035 dl·

136 1079 305 1147 minuente
324 1080 497 1166 particula,
518 1087 554 1146 ut
566 1097 641 1146 cum
655 1077 764 1147 scribit
779 1078 927 1146 habitum
942 1075 1173 1164 principiorum
1187 1093 1259 1144 esse

135 1189 360 1274 quedammodo
374 1188 566 1254 naturalem.

201 1301 321 1363 Dices:
343 1295 419 1360 llaec
433 1303 511 1362 sunt
529 1293 628 1362 verba
641 1293 677 1360 S.
698 1293 847 1360 Thomae:
864 1290 1258 1379 Hanmimnnmnim
1379 1278 1384 1284 ’

134 1407 183 1470 est
191 1403 311 1469 babituri
323 1402 448 1480 r'nnato,
460 1401 535 1488 quia
546 1402 793 1468 sicutnaturalis
803 1402 925 1467 bebitru
937 1403 1035 1466 datar
1045 1399 1081 1466 in
1090 1399 1256 1481 creatione,

135 1513 181 1576 ita
201 1511 324 1598 insanus
342 1510 377 1576 in
394 1511 603 1593 reparatione.
623 1509 790 1578 Naucratis
806 1512 910 1574 auum
921 1509 1059 1584 babitans,
1078 1507 1260 1573 suutmtet·

135 1619 235 1684 tectus
248 1617 493 1701 principiorum,
521 1617 646 1702 indiget,
667 1619 704 1684 ut
723 1616 857 1701 cognitio
873 1615 1096 1684 munitum
1107 1621 1167 1698 per
1189 1633 1259 1680 sen·

135 1745 206 1793 sum
223 1723 286 1812 (a).
580 1741 585 1751 ·

203 1839 407 1918 Respondeo
426 1834 494 1900 haec
514 1832 603 1897 nullo
622 1830 755 1918 negotio
777 1829 928 1916 explicari
946 1849 987 1896 ex
1008 1827 1146 1897 aliorum
1169 1827 1258 1896 testi·

139 1941 326 2008 moniorum
347 1940 508 2016 doctrina,
529 1939 666 2005 dicendo
685 1937 831 2004 habitum
857 1936 1087 2023 principiorum
1107 1937 1258 2022 appellari

137 2051 329 2122 naturalem,
351 2067 470 2132 nempe
493 2046 680 2130 inchoatae,
701 2045 869 2131 quomodo
889 2044 1019 2112 babitus
1037 2044 1090 2110 ille
1108 2053 1258 2130 acceptus

138 2159 283 2244 prolecto
303 2156 396 2222 datur
415 2156 447 2220 in
466 2149 640 2222 creatione.

206 2265 300 2331 Mens
319 2282 397 2348 ergo
417 2261 563 2347 Angelici
584 2259 731 2327 Doctoris
749 2262 817 2326 bec
832 2267 899 2336 est,
920 2259 1067 2327 habitum
1087 2259 1259 2346 principio·

138 2390 210 2438 rum
231 2371 339 2456 quoad
357 2369 582 2436 inchoationem
600 2387 672 2434 esse
687 2369 884 2443 naturalem,
900 2369 1009 2452 quoad
1028 2367 1256 2452 perlectionem

137 2499 215 2545 vero
235 2497 306 2546 eme
328 2477 369 2544 ab
393 2476 541 2543 exteriori
567 2474 736 2560 principio.
757 2475 813 2540 Est
835 2474 968 2558 quidem
992 2476 1102 2558 quoad
1125 2475 1258 2542 inclma-
1313 2527 1316 2533 .

137 2586 261 2653 tionem
291 2585 460 2660 naturalis,
491 2581 566 2666 quia
593 2583 677 2675 sicut
709 2582 742 2647 in
774 2581 971 2666 quibusdam
999 2580 1189 2648 bominibus
1216 2601 1257 2650 ex

137 2692 287 2779 peculiari
324 2691 534 2777 dispositione
570 2707 768 2775 organorum
805 2698 855 2754 est
892 2689 995 2775 major
1030 2691 1178 2774 aptitudo
1215 2691 1257 2756 ad

137 2802 221 2867 bene
240 2799 505 2885 intelligendum,
528 2797 739 2881 inquantum
763 2798 804 2864 ad
827 2797 1050 2881 operationem
1074 2795 1257 2865 intellectus

138 2928 223 2993 opus
241 2918 290 2975 est
309 2906 463 2992 potentiis
482 2904 662 2983 sensitivis,
688 2906 741 2971 vel
764 2906 806 2971 ad
829 2903 987 2971 musicam
1011 2905 1253 2983 addiscendam,
1286 2901 1293 2910 ”

139 3019 190 3082 vel
217 3017 258 3082 ad
286 3016 486 3092 castitatem,
508 3012 809 3089 mansuetudinem,
830 3012 950 3098 aliasve
978 3012 1129 3095 virtutes3
1150 3013 1195 3079 lta
1221 3014 1255 3079 ln

139 3123 293 3189 omnibus
302 3121 502 3199 bominibus,
520 3140 560 3186 ex
575 3121 642 3204 ipsa
656 3117 804 3204 specitica
815 3120 1009 3204 perfectione
1019 3119 1269 3200 rationalitatis*

137 3231 222 3297 inest
239 3229 408 3315 dispositio
431 3237 465 3295 et
486 3228 636 3294 habilitas
663 3226 816 3293 naturalis
838 3228 881 3293 ad
903 3226 1143 3312 pronuntianda
1167 3228 1257 3313 prin·

137 3340 234 3423 ciple,
255 3358 295 3404 ex
313 3339 382 3421 ipsa
398 3336 482 3403 enim
498 3340 614 3401 natura
631 3336 751 3406 animae,
763 3334 981 3400 intellectualis
999 3336 1147 3402 conuenit
1161 3337 1257 3403 borm-

137 3447 188 3523 ni,
224 3448 307 3531 quod
335 3444 456 3522 statim,
486 3443 606 3528 cognito
631 3442 709 3528 quia
737 3447 785 3508 est
808 3444 905 3507 totum
934 3442 1069 3528 etquid
1094 3448 1142 3511 est
1163 3451 1253 3527 pars.

137 3556 303 3637 eognoscat
316 3554 399 3637 quod
414 3568 503 3617 omne
521 3553 617 3617 tabem
634 3553 683 3615 est
698 3552 798 3632 majus
814 3568 872 3615 sua
882 3554 989 3631 parte,
1003 3553 1037 3617 et
1049 3550 1151 3616 simite
1162 3553 1255 3618 estin

136 3661 255 3727 ceteris
271 3656 336 3747 (3).
357 3657 552 3745 Huiusmodi
580 3664 690 3722 autem
719 3656 867 3722 habilitas
895 3659 964 3723 sola
992 3674 1058 3724 non
1084 3660 1255 3727 constituit

139 3768 302 3843 habitum,
315 3784 380 3859 nec
394 3765 552 3831 rationem
568 3764 652 3830 illius
671 3763 870 3847 assequitur,
887 3766 1003 3831 saltem
1022 3766 1128 3833 donec
1148 3766 1255 3836 adsint

138 3874 169 3940 in
191 3882 301 3940 mente
319 3874 444 3958 species
462 3872 697 3957 intelligibiles,
722 3870 840 3955 quibus
864 3870 1012 3938 notitiam
1036 3874 1253 3942 terminorum

139 3981 266 4049 babeat.
288 3982 331 4046 At
358 3980 434 4064 quia
465 3998 523 4046 nec
548 3978 671 4062 species
699 3996 758 4043 nec
787 3976 901 4044 notitia
929 3980 1145 4047 terminorum
1175 3991 1255 4049 sunt

138 4088 291 4174 ingenitae
310 4087 420 4162 nobis,
441 4087 517 4170 quia
535 4085 715 4151 intellectus
733 4106 767 4153 v.
787 4104 822 4173 g.
847 4087 926 4171 quid
940 4087 984 4153 sit
1001 4090 1097 4155 tetum
1123 4093 1154 4154 et
1177 4089 1257 4174 qiud

136 4196 181 4261 sit
191 4203 269 4278 pars
287 4212 466 4279 cognoscere
484 4212 546 4259 non
560 4196 675 4275 potest,
696 4192 761 4258 nisi
781 4200 840 4274 per
861 4194 975 4275 specim
1001 4194 1209 4279 intelligibiles
1234 4216 1255 4263 a

132 4302 400 4387 pbautamratibas
428 4304 587 4383 acceptas,·
612 4303 645 4365 et
668 4303 796 4382 propter
820 4300 876 4367 boc
903 4300 1107 4384 Philosophus
1133 4302 1168 4368 in
1184 4304 1256 4390 fine

172 4576 212 4637 (r)
248 4568 324 4627 Vide
337 4569 397 4627 loen
411 4586 504 4640 nuper
516 4566 603 4625 citata
618 4566 649 4624 in
663 4564 788 4624 savorem
803 4564 905 4637 primun
915 4566 1068 4627 sententie.

172 4666 213 4727 (a)
250 4658 283 4716 S.
296 4658 400 4717 Thom.
416 4668 458 4728 3.⁰
471 4655 599 4715 distinct.
615 4674 660 4729 23,
675 4674 705 4726 q.
721 4676 748 4727 3,
762 4666 816 4713 art.
833 4654 897 4712 aad
911 4654 1047 4727 primum.

173 4754 213 4822 (3)
251 4746 284 4806 S.
299 4748 403 4806 Thom.
420 4768 443 4804 r.
458 4766 484 4805 a.
500 4766 529 4818 q.
545 4764 592 4819 51,
606 4764 632 4815 a,
651 4764 662 4805 ι
679 4762 756 4817 corp.
