3492 5525
227 438 342 503 darre.
361 452 422 504 Ν·
437 435 621 503 Venacrrns
639 454 859 503 racutraaun
873 452 1103 501 conuoscrrrv.
1132 446 1187 517 575

171 630 245 689 Nec
261 627 355 689 dicae
370 620 519 687 sufficere
538 605 792 704 unamaliquam
808 638 881 686 esse
896 618 1075 703 potentiam
1091 617 1223 684 fidelem

100 747 320 812 veracemque
344 736 456 795 natura
474 746 562 805 sua,
582 728 733 813 quamvis
753 727 885 812 reliquae
901 727 966 793 falti
985 737 1120 810 queant.
1139 727 1224 793 Nam

102 857 164 923 par
176 856 235 922 pro
253 836 408 903 omnibus
426 837 506 903 ratio
523 844 584 903 est.
600 836 685 921 Ergo
704 835 756 903 vel
775 854 894 902 omnes
912 843 991 900 sunt
1008 852 1153 909 veraces,
1174 834 1226 901 vel

102 964 225 1011 omnes
243 952 322 1011 sunt
342 945 485 1020 fallaces,
505 944 584 1027 quin
599 961 746 1026 unquam
766 942 847 1009 scire
872 942 1056 1029 possimus,
1076 942 1229 1025 quando·

104 1072 185 1119 nam
205 1071 280 1117 vere
309 1070 358 1116 res
375 1068 630 1136 cognoscamus:
657 1058 689 1115 et
707 1050 753 1116 sic
775 1051 890 1127 homo,
919 1049 1226 1134 praestantissimum

104 1178 195 1245 opus
209 1159 307 1244 hujus
334 1158 447 1223 mundi
471 1156 621 1234 visibilis,
649 1158 708 1223 erit
732 1167 918 1224 monstrosa
944 1156 1230 1270 infelifissimaque

107 1264 260 1333 omnium
280 1275 411 1342 natura,
433 1275 546 1349 utpote
565 1264 791 1332 instrumentis
811 1264 945 1350 praedita
963 1282 1095 1349 prorsus
1109 1264 1229 1349 ineptis

105 1376 148 1440 ad
172 1374 216 1450 id,
237 1373 325 1457 quod
339 1374 522 1458 inexplebili
542 1372 594 1440 siti
613 1383 772 1458 perpetuo
791 1382 947 1441 sectatur.

151 1482 204 1563 4⁰
251 1480 400 1556 Accedit,
420 1481 510 1563 quod
527 1480 610 1547 sicut
630 1498 680 1547 res
702 1499 819 1546 omnes
838 1480 1118 1565 perfectionesque
1140 1498 1230 1545 crea-

103 1598 149 1655 tae
167 1597 244 1655 sunt
266 1586 481 1663 imitationes,
508 1597 686 1671 utcumque
706 1588 866 1665 limitatae,
888 1588 1124 1671 perfectionum
1148 1586 1229 1652 divi-

105 1713 239 1777 narum;
260 1695 303 1761 ita
321 1696 488 1761 facultates
507 1694 650 1761 hominis
669 1695 901 1781 cognoscitivae
920 1694 1120 1780 participatio
1139 1713 1230 1778 quae·

105 1806 184 1870 dam
212 1812 289 1870 sunt
314 1804 432 1870 divinae
459 1802 577 1869 mentis
613 1803 778 1870 omnisciae
805 1814 903 1887 atque
930 1802 1115 1869 infallibilis
1145 1802 1229 1887 Ergo

103 1912 227 1979 debent
246 1922 278 1979 et
293 1912 371 1996 ipsae
387 1930 444 1996 per
457 1930 492 1977 se
512 1909 692 1977 infallibiles
707 1930 797 1989 esse,
812 1912 886 1977 licet
904 1911 937 1977 in
950 1910 1054 1996 gradu
1070 1909 1226 1986 restricto,

107 2037 229 2103 nempe
248 2017 328 2085 circa
348 2018 475 2104 propria
492 2018 653 2103 cujusque
672 2017 981 2103 proportionataque
999 2019 1137 2103 objecta.

155 2126 205 2211 5.⁰
251 2123 397 2209 Denique
424 2125 571 2194 dubitare
604 2126 646 2191 de
676 2126 813 2192 naturali
834 2126 1013 2199 ¹veracitate
1036 2127 1227 2191 facultatum

103 2232 398 2318 cognoscitivarum
419 2245 467 2300 est
483 2232 655 2300 evidenter
672 2242 784 2300 contra
800 2246 948 2301 naturam
968 2233 1124 2300 hominis.
1144 2233 1228 2298 Nam

108 2340 244 2407 evidens
263 2353 312 2409 est
338 2340 498 2427 ejusmodi
521 2340 659 2407 dubium
679 2341 711 2407 in
737 2341 955 2409 universalem
982 2340 1228 2425 scepticismum

105 2448 281 2516 adducere.
300 2448 531 2534 Scepticismus
549 2458 659 2517 autern
680 2451 831 2516 humanae
852 2456 975 2515 naturae
994 2452 1171 2533 repugnat,
1192 2458 1230 2515 ut

104 2556 180 2623 alibi
198 2556 423 2642 exposuimus.

176 2662 257 2739 Quae
277 2684 351 2729 cum
381 2663 424 2729 ita
444 2664 525 2741 sint,
557 2664 634 2730 nihil
664 2666 801 2743 mirum,
829 2666 856 2732 si
884 2668 951 2731 haec
977 2665 1019 2730 sit
1044 2665 1231 2731 communis

103 2771 233 2858 generis
252 2773 386 2838 humani
402 2773 585 2856 persuasio,
602 2773 679 2856 ipsis
698 2775 795 2840 etiam
815 2774 965 2859 scepticis
985 2793 1050 2840 non
1071 2774 1227 2858 exceptis

104 2880 164 2963 qui
179 2881 330 2965 operibus
346 2879 413 2946 suis
430 2881 579 2950 eamdem
595 2881 655 2947 sibi
669 2882 799 2965 penitus
813 2881 970 2948 inhaerere
983 2879 1084 2948 animi
1099 2890 1231 2948 senten-

104 2987 185 3052 tiam
201 2987 371 3054 manifeste
386 2988 540 3072 produnt.
561 2987 804 3066 Quamobrem,
822 2997 859 3055 ut
877 3008 954 3056 cum
974 2987 1137 3073 Aquinate
1153 3008 1232 3055 con·

104 3096 295 3174 cludam'us,
308 3097 392 3177 salsa
403 3097 531 3184 judicia
548 3095 583 3161 in
600 3097 831 3179 operationibus
847 3096 1020 3164 intellectas
1033 3095 1231 3184 (eademque

104 3211 157 3268 est
176 3201 256 3274 ratio
283 3203 323 3267 de
346 3201 587 3287 cognitionibus
610 3215 799 3270 caeterarum
825 3203 1032 3293 facultatum)
1053 3208 1130 3270 sunt
1150 3204 1234 3270 sieut

102 3313 246 3376 monstra
260 3310 293 3374 in
308 3311 399 3376 rebus
411 3312 625 3389 naturatibus,
641 3331 710 3396 quaa
723 3331 787 3378 non
798 3316 875 3394 sunt
884 3315 1055 3378 secundum
1067 3316 1228 3389 naturam,

104 3420 165 3482 sed
175 3421 292 3499 Μίαν
304 3423 450 3484 naturam
455 3439 469 3500 ,·
487 3438 561 3484 narn
576 3421 688 3486 bonum
702 3421 873 3486 intellectus
886 3423 920 3486 et
933 3423 999 3506 ejus
1002 3419 1085 3506 finis
1099 3423 1232 3486 notura-

103 3524 148 3590 tis
164 3527 213 3589 est
227 3525 359 3608 cognitio
372 3525 526 3591 ueritatis.
546 3527 732 3610 Impossibile
745 3531 793 3593 est
803 3529 994 3612 igiturquia
1004 3527 1120 3612 aliquis
1138 3525 1232 3592 intel·

56 3685 61 3696 .
103 3634 202 3697 teetru
213 3631 270 3708 sit,
291 3631 347 3717 qui
363 3634 551 3700 neutraliter
568 3633 735 3722 injudicio
748 3636 821 3700 aeri
830 3633 1030 3723 decipietur(
1056 3629 1082 3722 ).

158 3754 229 3824 ¹05·
277 3745 396 3806 Altera
408 3763 489 3824 pars
516 3743 746 3826 propositionis
767 3761 833 3810 non
853 3743 963 3810 minus
979 3743 1147 3829 perspicua
1164 3752 1227 3819 est,

104 3853 141 3912 et
159 3845 263 3930 primo
283 3847 417 3928 quidem
443 3849 653 3934 experientia.
674 3849 767 3936 Saepe
791 3868 935 3936 namque
954 3851 1095 3918 fallimur
1109 3850 1142 3916 in
1166 3868 1229 3916 usu

104 3954 296 4022 facultatum
312 3965 508 4022 nostrarum.
529 3955 638 4028 Quare
657 3958 683 4024 si
697 3959 730 4024 id
743 3959 812 4024 fieri
828 3959 941 4043 nequit
959 3978 1000 4025 ex
1014 3959 1127 4024 innato
1145 3959 1231 4043 ipsa-

109 4079 184 4126 rum
204 4061 282 4128 vitio
301 4069 398 4146 atque
422 4064 654 4148 ineptitudine,
676 4075 713 4133 ut
739 4067 897 4148 vidimus3
919 4067 1080 4152 reliquum
1104 4075 1173 4144 est,
1193 4074 1231 4130 ut

106 4187 166 4253 per
181 4169 330 4234 accidens
343 4171 530 4258 contingat,
550 4183 649 4258 prout
659 4175 727 4260 jam
747 4175 972 4241 declarabitur.

174 4275 297 4342 Deinde
311 4277 343 4344 id
363 4288 451 4362 patet
469 4279 565 4347 etiam
585 4301 626 4348 ex
640 4301 680 4348 eo
694 4283 786 4366 quod
803 4283 866 4348 alia
881 4299 1016 4370 quoque
1032 4282 1232 4348 instrumen-

105 4391 159 4459 ta,
180 4392 253 4449 tum
283 4386 438 4452 naturalia
463 4398 534 4453 tum
554 4389 751 4466 artificialia,
781 4401 967 4476 utcumque
998 4389 1231 4476 perfectissime

105 4489 287 4567 elaborata,
308 4496 506 4577 quandoque
525 4497 711 4582 imperfecte
731 4517 767 4596 ac
787 4499 904 4565 vitiose
922 4499 1047 4583 operari
1066 4497 1228 4572 videmus,

107 4663 375 4682 *—

144 4729 185 4794 (r)
222 4723 286 4788 Lib.
303 4731 343 4799 a!
359 4725 467 4788 Contra
482 4727 579 4800 Geni..
594 4749 658 4804 cap.
677 4749 736 4805 107,
750 4731 906 4792 Proetrrco.
921 4729 996 4790 Cum
1010 4730 1158 4791 veluntas.
