3492 5525
573 485 631 555 ³52
753 468 878 535 Locroe
898 467 1150 533 Mrnorr-Drsr.
1175 481 1219 546 3.·
1240 466 1318 531 Cnn.
1344 484 1415 551 ψ
1734 550 1735 559 ¹

533 574 1654 591 .........-....—-—..-.....-
1734 566 1735 621 r

529 652 648 730 aaran
667 654 720 717 ver
735 653 822 718 oeus
849 650 965 737 rafica
979 648 1044 715 Ser
1059 650 1174 716 aetna
1197 650 1472 732 cancamum
1489 651 1653 734 sequitur:

529 760 610 843 Ergo
632 760 720 825 Deus
739 758 856 844 deficit.
886 756 972 833 Quia
998 758 1099 843 Major
1122 757 1238 840 nequit
1263 776 1337 825 esse
1354 776 1430 823 vera
1449 758 1509 825 nisi
1527 760 1656 825 ratione

530 865 647 951 pn‘mae
660 868 777 951 partis,
797 884 872 950 quae
890 864 1016 931 tollitur
1034 883 1091 948 per
1108 866 1279 931 veritatem
1300 865 1446 933 Minoris.
1463 866 1552 931 ldem
1571 866 1657 932 acci·

528 972 593 1050 dit,
612 975 742 1059 quoties
758 974 933 1060 disjunctio
951 972 989 1037 srt
1006 972 1092 1037 inter
1109 982 1256 1038 extrema
1273 973 1322 1038 sic
1337 972 1422 1038 inter
1434 992 1471 1039 se
1488 992 1653 1051 connexa,

528 1090 566 1147 ut
582 1083 722 1148 alterum
740 1080 811 1148 sine
837 1083 939 1147 altero
957 1080 1073 1145 auferri
1094 1098 1159 1146 non
1179 1082 1295 1165 possit:
1315 1100 1350 1146 v.
1369 1100 1406 1166 g.
1425 1081 1497 1147 Aut
1515 1084 1657 1148 amadus

526 1189 644 1266 existit,
663 1192 935 1257 autconscrnalur
946 1208 967 1254 a
980 1190 1059 1255 Deo.
1075 1188 1139 1255 Sed
1149 1191 1287 1254 muerdus
1300 1206 1364 1253 non
1381 1189 1500 1271 emant
1515 1208 1584 1255 non
1603 1190 1657 1257 in·
1734 1228 1735 1301 l

526 1296 643 1363 fertur:
663 1298 743 1381 Ergo
758 1299 895 1363 mundus
911 1299 1116 1362 conservatur
1131 1315 1153 1361 a
1169 1298 1251 1363 Deo*
1268 1294 1355 1366 Quia
1371 1297 1517 1363 delectus
1535 1298 1654 1381 prioris

526 1404 682 1482 extremi,
697 1404 755 1488 qui
786 1404 818 1469 in
838 1404 964 1470 Minore
983 1404 1131 1487 ponitur,
1152 1422 1264 1469 secum
1283 1403 1381 1469 trahit
1406 1405 1572 1470 delectum
1592 1424 1655 1489 po-
1734 1440 1735 1473 r

524 1511 685 1594 sterions;
706 1530 743 1577 ac
757 1511 892 1597 proinde
907 1512 971 1579 ruit
984 1511 1103 1579 veritas
1122 1511 1252 1596 Majon's
1266 1510 1497 1597 disjunctivae»
1516 1508 1580 1600 (r).

593 1620 756 1687 Ceterum
772 1619 885 1704 ngurae
898 1638 935 1685 ac
954 1620 1074 1704 regulae
1091 1618 1161 1685 istae
1175 1619 1259 1685 datae
1273 1629 1351 1684 sunt
1372 1639 1432 1703 pro
1445 1620 1653 1705 disjunctivis
1734 1612 1735 1623 ’

384 1722 479 1829 ωᾚο
523 1727 780 1804 bimembribus,
800 1744 875 1811 quae
894 1726 1057 1812 planiores
1075 1736 1164 1793 sunt.
1186 1726 1218 1793 Si
1237 1746 1335 1811 porro
1358 1727 1533 1813 disjunctio
1557 1729 1654 1811 plura

368 1866 390 1897 m
417 1865 441 1897 or
458 1864 489 1895 m·
525 1835 672 1903 membra
686 1835 934 1920 complectatur,
955 1842 1097 1917 quatuor
1108 1834 1202 1899 bisce
1224 1833 1340 1919 figuris
1359 1835 1450 1919 argui
1470 1842 1598 1919 potest:
1615 1834 1653 1923 α)

523 1963 543 2011 a
562 1944 735 2029 negatione
754 1941 852 2009 unius
871 1942 1012 2007 membri
1033 1943 1073 2007 ad
1097 1940 1347 2007 affirmationem
1368 1942 1565 2025 reliquarum
1584 1944 1652 2008 sub

522 2050 751 2137 disjunctione.
776 2050 819 2117 V.
846 2068 896 2135 ge
922 2050 1043 2115 Domus
1058 2048 1149 2114 Petri
1164 2050 1219 2114 vel
1236 2052 1284 2115 est
1299 2052 1403 2137 nrajor
1418 2050 1470 2114 nel
1480 2049 1584 2115 minor
1600 2053 1655 2115 vel

521 2159 653 2245 aqualis
669 2158 777 2225 domui
792 2156 901 2223 Pauli.
921 2158 984 2223 Sed
1001 2174 1064 2221 non
1081 2160 1129 2221 est
1143 2156 1286 2241 equalis.
1306 2156 1388 2239 Ergo
1405 2158 1465 2221 aut
1478 2159 1583 2244 nrajor
1593 2162 1655 2223 aul

521 2267 636 2334 minor.
653 2263 688 2353 β)
707 2264 903 2350 apositione
922 2263 1020 2329 unius
1034 2264 1075 2329 ad
1091 2262 1298 2348 negationem
1315 2263 1529 2345 reliquorum.
1552 2262 1596 2329 Ut
1617 2264 1652 2330 in

521 2374 638 2439 eodem
660 2373 827 2456 exemplo:
844 2372 945 2456 Atqui
957 2374 1065 2436 domus
1079 2370 1168 2436 Petri
1183 2375 1231 2436 est
1244 2374 1358 2459 nrajor.
1380 2370 1462 2455 Ergo
1475 2389 1531 2435 nec
1544 2372 1654 2436 minor

521 2500 578 2547 nec
590 2480 732 2565 equalis.
748 2476 784 2571 γ)
799 2480 841 2545 ad
855 2478 1051 2564 positionem
1068 2478 1164 2545 unius
1183 2496 1224 2544 ex
1246 2480 1443 2561 reliquorum
1459 2478 1649 2564 negatione.

522 2587 564 2655 V.
585 2604 634 2673 gs
655 2588 756 2673 Atqui
772 2607 829 2653 nec
841 2590 887 2652 est
904 2590 1007 2673 neojur
1019 2604 1075 2651 nec
1092 2586 1208 2653 minor.
1229 2588 1308 2669 Ergo
1321 2586 1464 2671 equalis.
1484 2580 1517 2673 δ)
1531 2586 1573 2651 ad
1592 2606 1652 2651 ne-

521 2696 686 2783 gationem
698 2695 797 2762 unius
809 2714 850 2762 ex
864 2693 1025 2779 positione
1039 2694 1234 2779 disjunctiva
1247 2702 1452 2762 ceterorum.
1466 2694 1509 2764 V.
1524 2712 1575 2780 g.:
1587 2696 1652 2774 Al-

520 2805 578 2889 qui
592 2805 645 2870 vel
659 2807 708 2870 est
721 2806 826 2891 major
840 2805 893 2868 oel
908 2803 1023 2869 minor.
1043 2803 1122 2886 Ergo
1140 2821 1202 2868 non
1219 2805 1269 2868 est
1282 2801 1425 2887 equalis.

395 2941 402 2970 ι
445 2938 458 2968 e
588 2911 651 2978 Sed
675 2913 738 2990 iarn
761 2910 883 2994 aliquid
906 2910 1079 2976 dicendum
1104 2918 1155 2975 est
1181 2910 1222 2975 de
1247 2909 1442 2996 syllogismo
1469 2908 1649 2994 improprie

367 2994 469 3114 unc‘sso'
520 3017 709 3106 disjuntlvo.
731 3019 790 3084 llic
808 3036 875 3083 non
895 3017 993 3084 babet
1012 3015 1072 3084 nisi
1088 3035 1187 3083 unam
1204 3017 1343 3083 sormam
1359 3017 1533 3102 arguendi,
1551 3019 1651 3084 nimi-

383 3139 475 3183 oiuno·
521 3143 594 3192 rum
627 3127 668 3192 ab
696 3125 880 3192 exclusione
914 3123 1012 3191 unius
1048 3123 1187 3190 membri
1219 3124 1259 3189 ad
1287 3125 1484 3209 positionem
1513 3125 1648 3193 alterius

520 3230 652 3322 (loquor
678 3232 719 3300 de
744 3230 999 3320 disjuntlonibus
1020 3228 1288 3318 bimembribos).
1318 3232 1356 3296 Et
1373 3231 1452 3297 ratio
1477 3241 1545 3308 est,
1568 3235 1649 3316 quia

520 3359 598 3408 curn
612 3358 730 3408 sensus
746 3339 935 3426 hujusmodl
947 3337 1182 3424 propositionis
1196 3338 1239 3405 sit
1253 3339 1351 3405 unius
1369 3341 1485 3406 saltem
1503 3341 1647 3406 membri

521 3450 690 3517 veritatem
709 3449 887 3525 affirmare,
910 3463 976 3512 non
1001 3454 1186 3531 repugnant
1209 3454 1388 3528 utrumque
1415 3463 1531 3513 verum
1556 3463 1645 3531 esse;

520 3575 621 3642 quare
638 3557 788 3623 membra
804 3555 938 3621 istarum
959 3551 1221 3638 propositionum
1254 3571 1289 3618 se
1309 3553 1430 3619 habent
1444 3552 1546 3619 instar
1559 3555 1648 3620 sub-

520 3663 772 3740 contrariarum,
793 3679 934 3747 quarum
963 3661 1034 3726 haec
1061 3662 1113 3726 lex
1141 3670 1209 3738 est,
1237 3671 1275 3728 ut
1298 3660 1424 3745 possint
1445 3661 1551 3726 ambae
1570 3679 1647 3730 esse

520 3791 622 3848 vere,
648 3790 714 3839 non
737 3780 849 3837 tamen
873 3768 975 3836 false.
1000 3766 1109 3843 Quare
1129 3778 1213 3835 recte
1227 3769 1375 3853 arguitur
1398 3767 1439 3834 ab
1456 3769 1646 3836 exclusione

520 3881 617 3947 unius
630 3880 672 3946 ad
690 3877 860 3946 veritatem
876 3875 1024 3957 alterius;
1046 3895 1113 3943 non
1132 3883 1244 3942 autem
1262 3895 1281 3941 e
1299 3893 1471 3943 converso.

611 4037 630 4131 5
649 4037 968 4108 ill-Sruoersnus
991 4052 1208 4104 conumnvus
1226 4053 1283 4102 ssu
1301 4053 1545 4115 conjuncnvus.

363 4225 444 4286 orno
563 4199 637 4286 165.
685 4197 1413 4284 lllerocaturcopulativusseuconjuctivus‚
1428 4199 1524 4282 cujus
1539 4199 1646 4284 Major

316 4301 489 4430 mm
517 4318 569 4378 est
584 4309 769 4396 copulativa
794 4325 939 4393 negans,
970 4323 1046 4392 quae
1065 4323 1184 4391 nempe
1213 4305 1362 4372 enuntiat
1382 4313 1471 4372 certa
1488 4305 1644 4388 quedam
1683 4300 1686 4315 '

365 4443 435 4492 eeu..
516 4416 664 4486 membra
681 4427 767 4485 stare
784 4415 884 4482 simul
900 4431 967 4480 non
982 4429 1079 4498 posse
1095 4432 1128 4478 v.
1148 4431 1198 4498 ge
1218 4411 1317 4480 Nereo
1327 4415 1431 4495 potest
1444 4413 1511 4478 Deo
1521 4413 1645 4480 servire

514 4529 755 4593 ermeno.
778 4519 1179 4591 SedPelrrrsservr‘tDeo.
1199 4521 1363 4605 Ergonon
1380 4519 1646 4588 erotem

551 4763 594 4830 (r)
629 4755 778 4828 Loeaerla,
790 4753 880 4815 resur
891 4752 1011 4814 dialect.
1024 4749 1072 4812 vel
1084 4749 1249 4824 sumt,
1262 4747 1340 4824 disp.
1353 4747 1387 4822 8,
1397 4769 1462 4825 cap.
1473 4749 1511 4824 6.
1524 4767 1556 4812 u.
1573 4747 1606 4810 8.
