3492 5525
226 497 341 560 nnnc.
358 510 419 579 4⁰·
432 493 625 572 Qurnnnan
639 512 692 558 srr
705 511 879 569 onsecrurr
893 512 1053 559 screnum
1103 510 1162 576 9²7

144 678 214 759 Jam
233 680 321 745 enirn
334 681 483 764 superius
497 688 648 747 notatum
666 687 734 757 est,
756 698 823 745 non
842 677 954 745 omnia
967 696 1042 763 quae
1056 678 1088 744 in
1102 676 1203 743 scien-

77 788 133 853 tiis
150 786 297 871 totalihts
316 788 536 871 reperiuntur,
557 788 715 853 rationem
734 786 877 853 scientiae
895 785 1059 862 obtinere,
1080 784 1138 851 sed
1166 802 1204 849 ea

82 896 270 972 dumtaxat,
292 896 662 978 quaedemonstrantur3
674 905 791 960 caetera
809 895 882 977 plus
896 892 946 960 vel
964 893 1073 959 minus
1087 889 1204 977 proba·

77 1003 155 1068 bilia
173 1013 269 1078 sunt,
289 1002 395 1068 immo
413 1009 446 1067 et
463 1004 542 1069 falsa
560 1002 766 1085 absurdaque
786 1010 926 1085 possunt
941 1018 1023 1067 esse.

147 1108 247 1185 Quod
264 1128 344 1176 vero
363 1110 478 1179 attinet
497 1110 537 1175 ad
556 1108 802 1176 conclusionem
821 1109 863 1173 de
882 1107 999 1192 pluviis
1013 1106 1045 1173 in
1061 1104 1204 1194 hyemali

79 1226 229 1301 tempore
246 1216 532 1303 contingentibus,
553 1215 687 1283 scientia
705 1217 814 1295 solum
831 1214 970 1281 intendit
985 1214 1111 1298 pluvias
1125 1223 1204 1281 tunc

79 1344 155 1391 esse
173 1326 403 1392 connaturales
421 1344 458 1389 ac
471 1324 724 1408 frequentiores,
745 1320 844 1407 idque
861 1322 1081 1389 certissimum
1096 1328 1158 1388 est.

125 1438 241 1500 Dices.
267 1438 316 1499 6?
361 1431 483 1515 Opinio
501 1430 620 1498 versari
640 1438 749 1515 potest
762 1428 845 1496 circa
858 1431 1024 1516 objectum
1043 1430 1076 1495 in
1095 1448 1131 1496 se
1151 1448 1207 1494 ne-

78 1540 269 1605 cessarium.
282 1540 365 1624 Er'go
379 1558 397 1603 e
410 1557 570 1605 converso
586 1538 663 1605 nihil
679 1546 781 1615 vetat,
792 1536 972 1623 quominus
986 1535 1119 1604 scientia
1134 1552 1207 1603 ver·

81 1656 174 1713 setur
192 1646 274 1713 circa
292 1647 454 1732 obJectum
475 1646 683 1731 contingens.

148 1762 252 1839 Resp.
272 1774 344 1839 neg.
366 1756 548 1840 paritatem.
567 1756 652 1821 Nam
672 1754 832 1821 adactum
852 1754 1056 1839 operativum
1071 1750 1203 1827 sufficit,

81 1865 134 1930 vel
153 1862 244 1946 quod
262 1862 426 1948 objectum
444 1864 487 1928 sit
500 1862 711 1946 contingens,
725 1863 776 1927 vel
791 1863 882 1946 quod
901 1860 1027 1927 etiamsi
1042 1860 1084 1927 sit
1095 1878 1205 1927 neces·

80 1970 203 2036 sarium
223 1969 256 2036 in
274 1986 327 2045 se,
349 1968 444 2036 nobis
462 1978 573 2035 tamen
587 1966 629 2034 sit
642 1968 831 2045 inevidens,
847 1979 904 2035 aut
918 1976 1136 2054 cognoscatur
1150 1985 1206 2051 per

82 2077 191 2143 media
205 2077 313 2142 solum
327 2076 521 2160 probabilia,
537 2077 589 2142 vel
604 2094 671 2141 non
688 2076 867 2143 necessario
885 2094 1033 2142 connexa
1046 2092 1121 2141 cum
1136 2075 1204 2141 illo.

81 2184 126 2252 At
140 2184 257 2250 verosi
272 2183 439 2269 objectum
454 2184 496 2249 sit
509 2182 706 2269 contingens
720 2203 757 2249 ac
772 2182 908 2267 proinde
919 2182 1204 2249 indeterminatum

80 2292 337 2366 etinditlerens,
358 2302 395 2357 ut
413 2292 455 2357 sit
475 2290 537 2357 hoc
556 2292 606 2357 vel
626 2292 688 2356 alio
704 2292 822 2368 modo,
845 2292 958 2374 nequit
973 2300 1062 2357 certo
1076 2290 1204 2375 attingi,

80 2397 349 2482 quandoquidem
375 2398 535 2467 certitudo
562 2398 719 2481 exquirit,
749 2406 787 2464 ut
813 2418 865 2465 res
884 2400 927 2465 ita
946 2400 1005 2475 sit,
1031 2408 1129 2483 prout
1151 2416 1207 2464 co·

80 2507 268 2590 gnoscitur,
290 2525 350 2571 nec
368 2507 460 2572 aliter
477 2524 549 2572 esse
568 2506 683 2590 possit.

114 2656 120 2665 ‚
149 2618 259 2696 objici
276 2613 373 2679 etiam
393 2614 501 2679 solent
519 2614 671 2697 quaedam
691 2612 767 2679 fidei
781 2613 954 2698 dogmata,
976 2622 1012 2679 ut
1027 2612 1205 2683 incarnatio

81 2730 116 2786 et
135 2720 212 2798 alia,
231 2738 306 2805 quae
321 2722 402 2787 tacta
418 2720 643 2807 contingentia
655 2729 750 2798 sunt,
766 2728 800 2787 et
815 2721 1027 2789 nihilominus
1041 2722 1205 2808 objectum

82 2829 234 2914 prebent
254 2849 319 2895 non
339 2831 447 2895 solum
473 2827 577 2906 Fidei,
607 2830 666 2896 sed
694 2831 791 2895 etiam
819 2830 1023 2915 Theologiae,
1054 2848 1128 2914 quae
1156 2838 1208 2895 est

81 2935 291 3002 scientiarum
311 2937 433 3023 regina.
460 2937 584 3003 Verum
612 2937 752 3023 objectio
783 2937 860 3002 nihil
889 2936 1023 3022 evincit,
1041 2937 1204 3021 siquidem

84 3048 168 3109 tacta
181 3043 234 3109 illa
249 3063 314 3110 non
329 3054 406 3111 sunt
422 3045 589 3129 objectum
604 3045 674 3111 sive
689 3045 775 3110 Fidei
788 3045 906 3110 divinae
921 3045 990 3111 sive
1003 3043 1205 3128 Theologiae,

84 3152 146 3218 nisi
165 3161 329 3236 quatenus
347 3173 365 3217 a
380 3151 448 3216 Deo
467 3154 619 3220 revelata.
640 3152 733 3218 Facta
752 3170 843 3229 vero,
855 3161 1036 3237 utcumque
1049 3153 1081 3218 in
1097 3171 1131 3218 se
1147 3151 1208 3216 ab·

83 3261 193 3326 solute
207 3260 447 3346 contingentia,
461 3260 488 3327 si
503 3281 522 3325 a
537 3261 606 3326 Deo
621 3263 761 3328 revelata
771 3269 865 3339 sunt,
877 3262 992 3328 saltem
1003 3277 1208 3344 consequen·

83 3377 135 3433 ter
148 3368 247 3453 atque
261 3367 472 3455 hypothetice
484 3379 571 3435 certa
589 3377 667 3435 sunt
686 3369 920 3456 metaphysice,
935 3388 972 3435 ac
985 3369 1119 3454 proinde
1133 3387 1209 3452 pos·

83 3486 165 3543 sunt
175 3495 249 3543 esse
266 3477 431 3562 objectum
451 3487 484 3542 et
502 3477 677 3543 infallibilis
690 3477 777 3543 fidei
797 3486 829 3541 et
847 3476 1004 3543 scientia.

132 3636 209 3724 263.
258 3635 452 3706 Pnoeosrrro
470 3637 525 3703 2.⁸
544 3643 725 3722 obiectum
746 3643 903 3706 acientiae
921 3653 975 3705 eat
997 3641 1205 3716 universale,
1262 3659 1381 3718 oneum

84 3754 211 3813 saltem
229 3750 261 3812 ai
278 3767 396 3812 sermo
413 3750 460 3811 sit
482 3751 525 3813 de
542 3751 677 3812 naturis
695 3751 780 3824 illis,
803 3769 884 3830 quae
911 3769 990 3842 non
1001 3768 1121 3812 secum
1142 3751 1209 3813 ior·
1232 3731 1416 3849 '‘³5:¹¹1ss2*

84 3858 223 3920 maliter
259 3874 322 3919 seu
357 3857 587 3919 essentialiter
626 3857 838 3919 identificant
878 3875 979 3920 suam
1017 3857 1212 3920 individua·

83 3967 230 4027 tionem.

154 4121 198 4188 lta
215 4129 307 4186 tenet
324 4120 595 4187 communissima
609 4120 771 4188 sententia
786 4119 1078 4207 Philosophorum,
1095 4137 1213 4207 quarn·

84 4247 187 4314 quam
220 4248 285 4294 non
319 4247 436 4295 omnes
467 4228 665 4296 conveniant
688 4230 720 4295 in
740 4229 906 4296 reddenda
932 4230 975 4296 rei
1001 4231 1145 4307 ratione,
1175 4237 1213 4297 ut

84 4336 199 4403 videre
217 4345 268 4402 est
286 4335 374 4421 apud
390 4335 676 4403 conimbricenses
692 4334 756 4425 (r).

134 4449 235 4512 Proh.
258 4450 306 4514 ιθ
349 4443 459 4511 Primo
476 4444 586 4527 itaque
604 4453 693 4529 patet
716 4441 904 4512 inductione
924 4443 1132 4513 scientiarum
1152 4448 1213 4513 hu·

86 4569 279 4627 manarum,
303 4551 484 4634 dequibus
507 4553 615 4618 solum
635 4553 782 4637 agimus,
804 4571 924 4620 omnes
947 4553 1036 4620 enim
1063 4563 1214 4621 contem·

126 4789 166 4853 (ι)
204 4791 243 4844 r.·
255 4785 379 4853 poster,
396 4803 461 4858 oap.
476 4805 503 4858 7,
518 4803 549 4856 q.
569 4805 593 4855 r,
607 4804 633 4844 a.
651 4805 677 4858 3.
