3492 5525
580 450 637 516 75²
695 433 821 499 isoorcn
835 431 1076 505 Maron-Liu..
1093 413 1151 505 2⁰⁸,
1166 430 1261 491 Drse.
1276 441 1321 490 a·
1334 428 1415 489 Cae.
1434 443 1500 490 rw

540 614 649 693 dium,
670 615 808 697 ideoque
833 622 866 678 et
888 631 1003 678 verum
1033 611 1092 687 sit,
1115 621 1262 696 oportet,
1282 630 1320 677 ac
1342 618 1510 696 tamquam
1533 628 1637 674 verum
1719 592 1721 625 ³

540 731 760 807 supponatur,
780 722 859 806 quin
883 721 1138 786 demonstretur.
1155 718 1189 783 Si
1208 718 1296 784 enim
1314 718 1433 785 salsum
1455 720 1553 793 ioret,
1570 718 1640 782 nilril

540 838 651 913 posset
669 847 763 895 exeo
782 827 1014 908 demonstrari3
1035 839 1067 892 et
1086 826 1112 892 si
1132 827 1391 902 demonstretur,
1407 828 1476 910 jam
1495 827 1643 920 desineret
1719 834 1721 849 ·

538 955 610 1001 esse
636 935 847 1020 principium,
880 937 997 1002 saltem
1020 934 1053 999 in
1079 934 1134 1000 illa
1155 935 1288 1000 scientia
1311 945 1345 998 et
1363 935 1640 1000 demonstratione.

539 1043 695 1127 Apposite
714 1043 747 1108 S.
771 1043 931 1109 Thomas:
954 1043 1045 1108 Dicit
1063 1037 1310 1130 (Aristoteles),
1330 1043 1415 1125 quod
1435 1041 1590 1122 principio
1614 1041 1643 1103 in

537 1169 718 1235 unoquoque
736 1167 847 1234 garrera
868 1153 947 1215 sunt
963 1149 1040 1226 illa,
1067 1165 1138 1234 que
1163 1167 1234 1214 cum
1256 1148 1325 1214 sint
1342 1165 1438 1228 oera;
1460 1152 1562 1213 umen
1590 1167 1643 1212 nor

536 1259 683 1324 convenit
695 1275 731 1324 ea
746 1261 959 1324 demonstrare
976 1257 1010 1321 in
1023 1255 1081 1322 itta
1093 1255 1240 1330 uentu,
1261 1255 1294 1320 in
1311 1273 1375 1340 qua
1394 1260 1472 1319 sunt
1481 1255 1642 1337 principio.

538 1365 630 1430 Dicit
642 1368 745 1431 autem
757 1387 838 1432 cum
856 1370 928 1432 slnt
944 1385 1044 1442 vera,
1057 1366 1101 1429 od
1111 1361 1502 1448 dijiarcnlr'itmsalsom
1512 1381 1583 1446 qua
1592 1383 1643 1428 nou
1719 1374 1721 1393 ¹

536 1474 791 1538 denronslrantrrr
816 1471 850 1536 in
874 1472 980 1537 aliena
1001 1470 1132 1536 scicntia
1155 1466 1219 1557 (ι).
1239 1470 1464 1547 Qramobrem
1491 1483 1568 1536 «est
1586 1473 1643 1535 liar

537 1581 669 1664 pulchra
688 1581 799 1665 regula
819 1578 973 1664 principia
985 1577 1198 1663 dignoscendi
1217 1585 1250 1642 et
1267 1578 1300 1642 in
1315 1576 1448 1643 scientia
1462 1578 1608 1660 qualibet
1620 1590 1644 1642 et

536 1688 569 1752 in
589 1687 887 1766 demonstratione,
916 1706 954 1750 ea
976 1685 1111 1760 scilicet,
1138 1703 1213 1768 quae
1239 1685 1318 1750 talis·
1338 1685 1473 1750 scientia
1497 1704 1559 1750 seu
1582 1687 1644 1750 talis

535 1793 771 1861 demonstratio
791 1812 856 1860 non
877 1794 992 1877 probat
1009 1812 1101 1868 esse,
1122 1793 1178 1859 sed
1198 1793 1370 1877 supponit;
1387 1812 1421 1861 v.
1439 1813 1475 1876 g.
1496 1794 1644 1878 supponit

539 1901 725 1967 Geometria
744 1919 816 1968 esse
835 1901 954 1978 lineas,
979 1901 1090 1986 signa,
1110 1899 1143 1966 id
1162 1909 1228 1977 est,
1255 1909 1394 1984 puncta,
1421 1900 1644 1966 Arithmeticus

536 2009 694 2087 unitates,
717 2027 890 2086 numeros,
907 2010 976 2074 haec
990 2007 1143 2073 dicuntur
1161 2006 1328 2091 principia.
1348 2006 1501 2073 Similiter
1521 2009 1555 2073 in
1573 2028 1645 2092 qua·

433 2203 436 2211 ¹
535 2117 612 2183 libet
631 2115 781 2200 peculiari
800 2116 1079 2185 demonstratione
1098 2133 1164 2184 non
1183 2115 1449 2181 demonstramus
1467 2115 1643 2200 subjectum

534 2243 623 2299 esse,
641 2243 700 2290 nec
715 2223 879 2299 medium,
893 2231 927 2288 et
940 2223 1013 2289 ideo'
1027 2223 1097 2288 haec
1111 2221 1263 2289 dicuntur
1278 2220 1443 2307 principia.
1457 2223 1528 2288 lloc
1542 2234 1645 2290 autem
1719 2238 1721 2241 ·

534 2349 601 2397 non
620 2334 728 2398 solum
747 2332 788 2397 de
807 2331 1009 2415 simplicibus
1027 2329 1191 2416 principiis
1209 2328 1385 2417 (nimirum
1407 2331 1573 2417 terminis)
1593 2334 1646 2396 sed

533 2440 630 2505 etiam
650 2441 691 2504 de
703 2439 901 2525 complexis,
918 2440 1031 2523 quales
1049 2451 1128 2505 sunt
1151 2437 1405 2525 propositiones,
1427 2438 1600 2523 dignitates
1617 2455 1646 2504 et

533 2548 712 2632 praemissae¹
729 2548 762 2614 in
788 2547 1124 2614 demonstrationibus
1151 2546 1304 2631 singulis:
1326 2547 1395 2610 haec
1418 2545 1507 2611 enirn
1527 2549 1646 2622 omnia,

533 2666 569 2722 ut
597 2673 662 2721 non
686 2657 954 2722 demonstrantur
980 2654 1013 2720 in
1040 2654 1173 2721 scientia
1196 2654 1251 2718 illa
1276 2671 1352 2718 vera
1381 2672 1473 2728 esse,
1500 2655 1647 2721 dicuntur

531 2763 685 2850 principia
705 2764 863 2845 scientiae;
885 2773 921 2829 ut
939 2781 1016 2828 vero
1035 2762 1212 2848 praemissae
1231 2762 1264 2827 in
1283 2760 1336 2827 illa
1355 2762 1644 2841 demonstratione,

530 2874 623 2956 cujus
646 2881 723 2938 sunt
749 2890 815 2937 non
834 2871 1118 2949 demonstrantur,
1139 2869 1225 2937 illius
1248 2870 1404 2954 principia
1430 2871 1593 2939 dicuntur.
1613 2874 1647 2937 Et

531 2980 771 3057 universaliter,
792 2979 884 3063 quod
910 2989 959 3045 est
978 2979 1011 3043 in
1030 2979 1164 3045 scientia
1182 2990 1214 3045 et
1237 2978 1533 3056 demonstratione,
1562 2983 1646 3065 quod

531 3087 592 3153 illic
609 3107 675 3154 non
694 3090 938 3153 demonstretur
956 3096 1046 3165 esse,
1072 3088 1129 3153 sed
1152 3090 1375 3172 supponatur,
1403 3086 1435 3153 id
1460 3098 1512 3155 est
1534 3090 1648 3173 princi-

532 3196 640 3281 pium,
657 3198 725 3263 sive
744 3196 884 3279 simplex
899 3195 968 3261 sive
986 3196 1219 3280 complexum»
1237 3192 1302 3283 (2).

385 3330 445 3387 orta
595 3304 666 3386 Jam
686 3324 739 3381 ea,
756 3322 831 3387 quae
851 3321 908 3389 per
927 3302 1080 3388 principia
1097 3306 1342 3387 cognoscuntur
1360 3312 1517 3371 vocantur
1529 3305 1648 3389 princi-

346 3404 485 3461 ⁹¹⁵¹²‘³¹²'¹¹¹⁸·
524 3412 631 3495 piata,
653 3425 686 3478 et
705 3420 783 3477 sunt
802 3412 921 3496 pariter
938 3410 1110 3495 simplicia.
1132 3410 1286 3477 nimirum
1307 3413 1474 3495 passiones
1491 3415 1545 3479 vel
1563 3416 1649 3482 attri-

530 3521 609 3587 buta
626 3519 779 3605 subjecti,
795 3530 829 3583 et
842 3518 1084 3594 conclusiones,
1100 3536 1176 3601 quae
1193 3518 1381 3585 derivantur
1398 3539 1440 3585 ex
1451 3522 1646 3604 praemissis.

596 3627 678 3693 ilinc
706 3636 796 3710 patet
822 3625 856 3691 in
875 3644 942 3709 quo
967 3625 1182 3703 conveniant,
1207 3627 1378 3712 principia,
1397 3628 1466 3694 sive
1492 3628 1648 3714 simplicia

528 3736 598 3802 sive
616 3736 801 3819 complexa,
822 3753 900 3799 cum
920 3732 1132 3818 principiatis,
1152 3733 1234 3800 etin
1258 3753 1326 3818 quo
1343 3736 1540 3821 discrepent.
1563 3738 1649 3805 Con·

528 3843 665 3913 veniunt
676 3844 709 3909 in
724 3861 776 3918 eo,
791 3842 883 3926 quod
892 3841 933 3906 ad
943 3858 1079 3907 omnem
1094 3839 1407 3910 demonstrationem
1419 3853 1453 3910 et
1463 3844 1645 3923 scientiam,

527 3952 637 4019 debet
657 3950 797 4035 supponi
830 3948 974 4034 cognitio
1008 3949 1124 4016 saltem
1159 3949 1400 4036 sigmficalaonir
1436 3971 1504 4017 non
1538 3955 1646 4021 solurn

528 4058 776 4144 principiorum,
795 4056 970 4123 sedetiam
990 4055 1272 4141 principiatorum:
1291 4059 1461 4142 quomodo
1488 4060 1577 4126 enim
1602 4064 1649 4128 in·

527 4166 666 4251 quiriae
684 4162 899 4233 demonstrari
919 4173 1058 4248 possunt
1083 4164 1125 4229 de
1151 4165 1299 4251 subjecto
1325 4167 1478 4235 attributa
1500 4169 1553 4233 vel
1575 4188 1647 4253 prs-

526 4274 652 4352 sioneS,
668 4292 742 4358 quae
762 4291 803 4339 ne
821 4273 863 4338 de
873 4270 1008 4336 nornine
1022 4270 1156 4354 quidem
1166 4282 1427 4356 cognoscuntur,
1445 4276 1499 4343 uel
1516 4280 1648 4343 conclu

525 4382 652 4459 siones,
671 4398 812 4465 quarum
829 4378 1022 4463 ignorantur
1035 4378 1187 4445 termini?
1200 4379 1390 4467 Discrepant
1404 4401 1501 4470 uero,
1516 4384 1647 4469 quiade

562 4640 602 4702 (r)
639 4630 672 4691 S.
691 4630 809 4701 Thom„
821 4627 872 4686 lib.
891 4638 930 4686 r.·
941 4628 1116 4700 Posterior,
1130 4626 1196 4688 lect.
1213 4630 1261 4700 18,
1277 4650 1392 4705 paragr.
1408 4631 1436 4691 b.

561 4728 602 4793 (a)
637 4721 742 4793 Tolet,
759 4719 789 4779 in
803 4718 853 4778 lib.
872 4738 896 4777 1.
911 4718 1086 4789 portator,
1099 4738 1162 4804 cap.
1176 4718 1213 4789 8,
1227 4718 1257 4780 in
1272 4722 1395 4793 exposit.
1411 4742 1443 4784 n·
1460 4743 1487 4782 r.
