3492 5525
548 472 604 561 164
733 433 1132 544 Loorchmon-Drse.
1157 487 1200 542 1.¹
1221 477 1302 542 Cre.
1325 489 1396 560 qum

329 689 399 738 omi·
400 692 456 737 ..ὼ
572 661 758 728 Praedicatio
771 661 925 729 dividitur
938 662 1035 728 etiam
1055 661 1088 728 in
1102 669 1206 745 perse
1218 669 1252 727 et
1259 669 1320 745 per
1331 663 1494 746 accam
1509 683 1625 730 verum

306 771 478 882 emet?
504 768 546 834 de
560 769 785 854 praedtcatlone
791 776 851 854 per
862 788 896 836 se
908 770 1117 838 commodius
1126 777 1241 856 agetur
1254 769 1288 835 in
1303 771 1419 856 Logica
1436 770 1623 861 Majon'(1)

879 1034 1179 1110 ARTICULUS
1201 1033 1248 1109 ΙΙ.

584 1177 594 1196 ’
669 1141 795 1278 mum
814 1206 860 1267 et
875 1202 1132 1283 quotuplex
1153 1202 1466 1268 Praedioabile.
1492 1274 1498 1283 ,

365 1425 440 1510 (ὶιιῑιῑΙ
550 1431 606 1496 44.
653 1415 764 1498 Nuper
782 1414 950 1481 innuimus
967 1415 1173 1481 Praedr'cabile
1190 1414 1277 1480 idem
1296 1433 1412 1480 sonare
1434 1433 1472 1480 ac
1493 1415 1630 1482 uniber-

309 1498 471 1551 ¹'¹²‘¹‘⁶¹b¹¹‘’
505 1523 570 1586 sale
587 1521 728 1604 logr'cum.
757 1522 812 1587 Est
837 1530 945 1587 autem
966 1521 1152 1588 UniversaIe
1170 1522 1313 1606 logicum
1332 1524 1416 1606 quod
1425 1525 1464 1588 de
1481 1523 1629 1604 pluribus

504 1631 611 1712 apmm
628 1631 677 1694 est
686 1629 859 1711 praerimari
880 1625 949 1716 (2).
974 1629 1008 1694 ln
1032 1648 1097 1713 qua
1115 1628 1302 1694 definitione
1326 1629 1387 1693 tria
1412 1629 1548 1694 veniunt
1573 1629 1631 1694 de-

505 1736 670 1801 elaranda:
691 1733 725 1823 α)
756 1735 943 1802 Universale
962 1755 1035 1802 esse
1059 1755 1158 1802 unum
1174 1737 1342 1854 quiddam:
1369 1733 1404 1823 β)
1425 1741 1532 1819 aptum
1544 1744 1630 1818 prce·

505 1843 621 1908 dicari:
641 1841 677 1932 γ)
690 1845 729 1907 de
747 1844 867 1911 multis.

572 1947 805 2037 oe)UniversaIe
819 1969 879 2017 seu
894 1950 1096 2035 praedicabile
1110 1960 1160 2017 est
1172 1969 1270 2017 unum
1283 1951 1432 2035 quiddam
1446 1961 1479 2018 et
1494 1951 1631 2016 nomine

426 2101 431 2114 ·
506 2067 538 2124 et
554 2057 694 2133 ratione,
718 2058 750 2122 id
766 2066 816 2124 est
835 2059 1016 2124 univocum.
1037 2059 1089 2125 Ad
1108 2058 1294 2125 universale
1314 2057 1401 2124 enim
1423 2077 1489 2124 non
1507 2057 1631 2124 sufficit
1719 2042 1720 2125 i

506 2164 613 2230 unitas
639 2165 745 2242 vocis,
774 2183 838 2248 qua
859 2168 951 2251 plura
975 2167 1226 2250 quomodolibet
1244 2149 1475 2250 designentur,
1503 2180 1540 2233 ut
1566 2185 1630 2232 usu

506 2269 645 2337 venitin
665 2271 859 2355 equivocis,
888 2274 947 2339 sed
974 2274 1147 2356 requiritur
1170 2273 1323 2340 identitas
1347 2272 1480 2339 rationis
1504 2272 1633 2358 signiti-

505 2387 597 2443 eatae.
615 2378 709 2443 Unde
724 2389 966 2460 removentura
981 2381 1106 2448 ratione
1118 2378 1309 2447 universalis
1320 2380 1451 2446 termini
1464 2382 1632 2464 complexi

506 2495 538 2550 et
556 2486 733 2570 equivoci,
755 2506 820 2553 non
842 2489 943 2554 modo
959 2506 1088 2565 uersu,
1104 2489 1162 2554 sed
1178 2487 1275 2554 etiam
1292 2486 1460 2553 aconsiiio
1479 2506 1536 2554 seu
1551 2506 1635 2552 ana·

505 2592 589 2677 logi,
607 2594 721 2659 saltem
741 2613 782 2660 ex
796 2596 1016 2661 communiori
1031 2595 1191 2662 sententia
1205 2592 1270 2683 (3).

483 2709 484 2713 ’
572 2699 607 2789 β)
623 2700 673 2768 Ad
693 2701 873 2769 universale
888 2703 1058 2786 requiritur
1069 2704 1211 2785 aptitudo
1230 2711 1267 2768 ut
1285 2703 1325 2768 de
1345 2702 1491 2787 pluribus
1512 2705 1635 2788 praedi-
1719 2716 1720 2802 (

505 2817 607 2875 cetur.
622 2810 735 2893 Neque
750 2811 837 2876 enim
852 2830 937 2895 opus
955 2821 1021 2888 est,
1039 2821 1076 2876 ut
1092 2820 1167 2876 actu
1180 2797 1390 2894 predicetur,
1407 2810 1465 2882 sed
1481 2820 1518 2875 ut
1529 2814 1641 2893 possit
1719 2807 1721 2872 i

505 2916 670 2999 praedicari
682 2918 723 2982 de
738 2917 850 2985 multis
864 2926 898 2983 et
909 2918 1042 3001 quidem
1057 2918 1285 3001 praedicatione
1298 2918 1432 2983 naturali
1447 2927 1481 2984 et
1494 2918 1631 2997 directa,

504 3042 580 3088 vera
607 3034 641 3088 et
667 3024 870 3092 affirmativa.
906 3025 988 3091 «Est
1005 3026 1093 3090 enim
1114 3025 1294 3091 universale
1321 3026 1488 3107 quoddam
1519 3034 1634 3092 totum

501 3140 653 3213 respectu
686 3132 824 3215 partium
858 3132 917 3199 sibi
951 3132 1189 3222 subjectarum:
1225 3140 1333 3197 totum
1367 3152 1466 3208 vero,
1497 3142 1636 3199 auctore

411 3233 426 3330 )
505 3234 718 3321 Philosopho,
738 3248 788 3304 est
806 3240 904 3305 veluti
924 3240 1064 3323 partium
1084 3241 1206 3321 torma3
1226 3257 1325 3322 quare
1344 3240 1385 3304 de
1405 3240 1467 3305 iliis
1486 3239 1639 3305 affirma·
1719 3303 1721 3328 ‚

415 3337 418 3349 ’
504 3344 569 3409 tive
586 3354 619 3410 et
635 3364 710 3410 vere
732 3346 868 3424 dicatur,
887 3354 1027 3430 oportet.
1055 3346 1155 3422 Qrod
1181 3364 1324 3429 namque
1348 3348 1381 3411 in
1396 3346 1543 3432 subjecto
1562 3358 1633 3425 est,
1719 3412 1721 3449 Ι

410 3464 411 3467 ’
504 3469 578 3516 vere
597 3453 637 3516 de
656 3453 711 3518 ilio
729 3454 921 3520 affirmatur.
942 3454 1051 3537 Atque
1069 3454 1114 3518 ita
1135 3472 1191 3536 per
1210 3455 1293 3519 hanc
1308 3463 1432 3536 partem
1450 3453 1642 3521 excludun-
1719 3519 1720 3526 ,

453 3593 458 3603 ,
504 3568 556 3625 tur
583 3560 710 3638 omnia,
731 3580 805 3644 quae
825 3562 973 3646 negative
992 3569 1047 3626 aut
1070 3562 1152 3627 salso
1170 3570 1227 3625 aut
1249 3580 1314 3626 non
1338 3562 1525 3627 naturaliter
1546 3581 1642 3645 prae-
1719 3611 1721 3642 ,

504 3665 668 3749 dicantur3
691 3668 760 3733 sive
777 3678 890 3734 contra
908 3668 976 3734 sive
995 3677 1111 3752 praeter
1130 3677 1309 3734 naturam»
1328 3665 1391 3756 (4).
1719 3655 1720 3660 ¹

569 3772 611 3866 γ)
632 3776 817 3841 Universale
842 3777 976 3842 demum
1001 3775 1205 3860 praedicabiie
1225 3784 1277 3842 est
1296 3780 1337 3841 de
1349 3777 1513 3858 iberibus,
1538 3782 1644 3860 quod
1719 3831 1721 3836 ,

462 3881 646 4031 v[intellige
665 3883 793 3949 divisim
813 3892 845 3948 et
863 3883 1070 3968 singiliatim,
1092 3884 1135 3948 ita
1153 3891 1190 3947 ut
1208 3883 1241 3949 in
1261 3883 1398 3985 singuiis
1417 3884 1495 3950 insit
1516 3888 1647 3951 multi·

469 4010 525 4074 p
462 3970 772 4087 jag-[ysico
795 3990 874 4057 ratio
895 3992 949 4055 iila
967 4010 1033 4056 una
1051 3999 1084 4055 et
1102 3990 1252 4075 identica,
1274 3976 1433 4058 vocabulo
1456 3996 1645 4061 communi

503 4096 693 4183 signiticata.
724 4099 771 4164 Ex
798 4100 894 4184 hujus
921 4099 1049 4164 deiectu
1076 4097 1271 4164 conditionis
1297 4100 1386 4165 Deus
1413 4099 1538 4182 nequit
1555 4118 1648 4168 esse

503 4204 705 4287 praedicabsse
726 4224 784 4273 seu
803 4206 984 4273 universale
1002 4206 1162 4291 logicum,
1183 4205 1260 4288 quia
1279 4205 1354 4271 iicet
1373 4206 1566 4291 predicetur
1589 4211 1651 4277 de

539 4406 579 4467 (r)
617 4400 695 4461 Cum
711 4401 927 4462 sermoeritde
942 4400 1209 4461 Demonstmtione.
1527 4448 1535 4463 .

538 4496 578 4558 (ι)
614 4488 704 4551 Arist.
717 4493 882 4551 Periberm.
897 4511 949 4552 eeu
961 4493 997 4550 de
1009 4492 1171 4566 interpret„
1188 4512 1213 4549 c.
1230 4509 1254 4563 5.
1270 4491 1320 4557 (ei.
1336 4513 1362 4551 c.
1372 4495 1415 4565 7.)

537 4582 578 4653 (3)
616 4581 691 4639 Vide
705 4580 882 4639 Conimbrie
899 4581 931 4639 in
945 4583 1067 4658 Isagog.
1082 4582 1229 4656 Porphyr.
1251 4594 1356 4653 quaeet.
1375 4603 1404 4652 ι,
1425 4602 1453 4640 ι.
1475 4601 1509 4655 4;
1530 4582 1650 4650 Tolet.

499 4670 572 4729 ibid.
592 4683 696 4743 quest.
711 4691 738 4740 ις
755 4670 864 4730 Suurez
880 4671 956 4744 disp.
973 4672 1095 4741 Metu,
1110 4683 1181 4731 sect.
1196 4672 1229 4741 8,
1242 4690 1272 4729 u.
1292 4691 1338 4739 rr,
1353 4690 1397 4729 ιη.

534 4760 577 4837 (4)
613 4759 790 4820 Conimbric.
807 4760 858 4821 loc.
876 4760 926 4819 eit.
