3492 5525
558 419 637 502 1058
746 421 872 483 Lootct
894 408 1126 492 MnJo'n-Lm.
1151 412 1337 494 2.¹³⁸,i)1sc>.
1366 426 1412 496 5.⁸

515 598 660 679 Suppono
670 595 770 681 igitar
781 596 901 673 omnia,
917 614 987 681 quoe
1000 594 1089 661 uideo
1097 595 1189 679 salsa
1203 612 1284 661 csse:
1297 596 1390 659 credo
1404 592 1488 657 nihil
1503 612 1635 678 unquam¹

515 704 653 769 extitisse
669 723 792 780 eorum,
808 722 878 791 qaae
895 704 1031 769 mendax
1045 702 1194 768 nnmoria
1211 706 1430 784 repraesentat:
1449 704 1553 767 nultos
1570 704 1633 784 pia·

516 831 555 876 na
574 811 666 877 habco
678 830 807 893 scnsns;
824 819 953 893 corpas,
963 812 1093 899 figura,
1109 808 1262 885 extensio,
1289 812 1392 874 motus
1409 810 1553 893 metuque
1569 813 1635 873 sani

516 918 679 1007 chimarra.
694 919 781 1000 Quid
794 918 965 1002 igiturerit
975 917 1325 1003 peramisortassisieoc
1338 934 1449 991 unum,
1465 922 1553 983 nihil
1564 939 1636 983 osse

516 1032 601 1093 certi
628 1024 692 1112 (ι).
721 1028 805 1093 Nam
835 1026 926 1091 facile
953 1027 1051 1091 etiam
1077 1032 1245 1107 supponere
1267 1032 1432 1107 possumus
1461 1026 1563 1089 Deam
1580 1043 1635 1088 non

516 1153 580 1199 esse
604 1129 667 1221 (2).
701 1135 739 1199 Et
766 1135 899 1200 tandem
930 1144 1003 1217 post
1028 1133 1169 1198 adducta
1198 1134 1347 1215 quaedam
1378 1142 1572 1217 argumenta
1602 1130 1636 1193 ed

421 1227 425 1235 ’
517 1243 726 1306 evertendam
746 1242 973 1307 certitudinem
989 1259 1123 1306 suarum
1138 1240 1382 1325 cognitionum,
1403 1239 1450 1305 sic
1463 1238 1635 1304 concludit:

354 2036 455 2085 Dubitari

364 2184 451 2238 propria

325 2256 456 2305 concitatione
466 2260 487 2296 et

339 2326 461 2370 nictantia.

518 1349 639 1432 Quibus
655 1368 731 1414 sane
748 1347 941 1433 argumentis
960 1366 1023 1413 non
1038 1348 1147 1427 habeo,
1168 1350 1251 1431 qaod
1268 1349 1485 1430 respondeam,
1506 1349 1561 1411 sed
1575 1326 1639 1411 teri-

516 1458 587 1520 dem
603 1475 697 1539 cogor
709 1456 816 1541 soteri
831 1456 914 1521 nihil
929 1469 993 1521 esst
1014 1474 1054 1519 ex
1082 1455 1140 1533 iis,
1161 1474 1230 1540 qna
1244 1475 1318 1521 vera
1337 1456 1505 1536 putabam,
1530 1457 1569 1518 de
1585 1472 1639 1537 quo

516 1583 580 1629 non
597 1564 692 1629 liceat
704 1564 864 1638 dubitare,
888 1564 981 1648 idque
999 1582 1060 1629 non
1077 1570 1135 1643 par
1152 1564 1447 1629 inconsiderantiam
1470 1564 1522 1627 vet
1537 1562 1640 1626 levita-

517 1674 593 1747 tem,
609 1674 665 1737 sed
677 1675 805 1753 propter
816 1672 941 1737 validas
953 1676 985 1736 et
1001 1671 1164 1735 nuditates
1177 1672 1330 1746 rationes,
1352 1671 1478 1755 ideoque
1495 1670 1589 1734 etiam
1605 1670 1641 1733 ab

517 1778 628 1845 iisdem
645 1798 708 1844 non
722 1780 845 1855 minus,
863 1798 958 1863 quam
971 1778 1011 1843 ab
1024 1782 1128 1859 aparte
1135 1779 1249 1863 salsis,
1273 1782 1417 1844 accurate
1435 1778 1580 1857 deinceps
1596 1796 1640 1841 as·

516 1887 688 1953 sensionem
702 1905 766 1952 csse
783 1887 999 1962 cohibendam,
1015 1886 1045 1950 si
1062 1887 1140 1971 quid
1155 1888 1234 1951 certi
1246 1888 1341 1952 velim
1354 1887 1495 1951 invenire
1509 1884 1573 1972 (3).

536 2025 539 2029 ·
585 1994 696 2060 Unum
726 2005 837 2061 tamen
864 2006 932 2068 est,
967 1994 1056 2076 quod
1085 1994 1125 2058 ab
1154 1996 1213 2059 hec
1234 1993 1414 2060 universali
1444 1994 1641 2059 dubitatione

211 2125 214 2129 ⁴
304 2106 505 2167 tamennenuitde
519 2101 746 2185 excipiendum
777 2101 957 2167 necessario
989 2110 1054 2176 est,
1088 2120 1208 2185 nempe
1236 2101 1363 2185 propria
1393 2100 1539 2184 cogitatio
1571 2119 1640 2164 curn

518 2208 706 2284 existentia,
734 2209 760 2274 si
782 2208 870 2274 enim
893 2208 1076 2293 cogitamus
1096 2204 1149 2295 (4)
1168 2207 1194 2275 si
1216 2208 1421 2285 dubitamuS,
1440 2209 1467 2273 si
1492 2208 1640 2285 ialiimur,

518 2324 606 2381 certe
625 2334 755 2382 sumus.
767 2316 848 2383 Tam
861 2316 1039 2381 absurdum
1060 2316 1181 2399 quippe
1197 2316 1291 2381 nobis
1310 2316 1438 2381 videtur
1461 2316 1641 2399 concipere,

519 2424 610 2508 quod
638 2423 690 2488 ilie
709 2424 766 2506 qui
790 2422 929 2507 cogitat,
951 2441 984 2487 re
1008 2442 1101 2498 vera,
1126 2423 1206 2488 dum
1234 2424 1373 2507 cogitat,
1403 2442 1468 2489 non
1495 2422 1641 2497 existere,

520 2540 556 2598 ut
576 2530 791 2614 quantumvis
818 2531 959 2595 rationes
978 2529 1146 2597 dubitandi
1163 2532 1347 2615 excogitare
1367 2531 1524 2607 velimus,
1550 2549 1644 2597 num-

519 2657 618 2722 quam
637 2638 807 2723 possimus
822 2637 917 2704 nobis
932 2641 1125 2722 persuadere
1139 2640 1383 2705 conclusionem
1400 2640 1500 2705 hanc:
1519 2638 1643 2721 Cogito:

518 2765 691 2830 ergosum,
722 2767 833 2812 veram
863 2765 930 2812 non
950 2767 1038 2822 esse,
1069 2754 1167 2830 atque
1197 2746 1278 2812 adeo
1306 2748 1373 2812 haec
1403 2758 1451 2814 est
1481 2748 1586 2830 prima
1614 2760 1642 2811 et

520 2855 670 2919 omnium
685 2855 865 2920 certissima
886 2853 1081 2939 propositio,
1098 2873 1173 2938 quae
1188 2855 1325 2920 occurrit
1340 2855 1558 2938 cogitationes
1575 2873 1646 2919 suas

519 2963 669 3028 ordinare
687 2961 827 3046 cupienti
850 2961 911 3047 (5).
929 2961 1045 3045 Neque
1064 2962 1151 3026 enim
1168 2962 1235 3026 fieri
1252 2971 1375 3047 potest,
1398 2972 1433 3027 ut
1450 2963 1537 3027 ullus
1557 2961 1646 3026 dece-

519 3081 610 3154 ptos,
632 3079 812 3152 utcumque
832 3078 959 3135 astutus
978 3079 1011 3134 et
1035 3069 1263 3153 omnipotens,
1293 3071 1325 3162 in
1346 3071 1405 3134 hac
1435 3070 1643 3152 persuasione

521 3177 616 3242 nobis
635 3176 748 3243 illudat
773 3173 838 3263 (6).
859 3176 906 3242 Sit
927 3195 1005 3262 ergo
1025 3178 1093 3242 naec
1118 3177 1221 3259 prima
1249 3175 1366 3242 veritas
1393 3175 1646 3242 indubitabiliter

520 3298 614 3360 note,
634 3303 701 3349 mea
715 3285 863 3367 cogitatio
880 3288 912 3349 et
926 3283 1100 3349 existentia.
1122 3283 1317 3358 Videamus,
1339 3284 1509 3366 quomodo
1527 3303 1572 3350 ex
1592 3285 1646 3348 hec

520 3392 624 3476 prima
643 3394 711 3458 basi
735 3392 900 3458 Cartesius
927 3392 1157 3457 certitudinem
1185 3392 1321 3458 aliarum
1351 3409 1459 3457 cerum
1491 3391 1644 3476 acquirat.

535 3787 538 3793 Ι
558 3719 598 3781 (1)
634 3715 739 3772 Media.
757 3721 794 3771 2.¹
809 3715 852 3770 De
866 3713 1014 3786 Princep,
1031 3725 1106 3783 pert.
1126 3721 1162 3770 r.¹
1177 3731 1207 3769 n.
1221 3734 1247 3786 7.

556 3810 596 3870 (a)
634 3805 677 3861 De
691 3804 932 3875 Princip.,·part.
952 3809 998 3871 1.⁸,
1016 3822 1045 3860 n.
1063 3824 1088 3874 7.

464 3914 466 3919 ’
556 3899 597 3964 (3)
634 3893 734 3957 Medii,
755 3903 792 3950 1.·
807 3912 882 3948 vers.
900 3891 949 3948 fin.

556 3985 597 4052 (4)
634 3981 712 4051 Quid
728 3981 872 4053 intelligat
888 3979 1039 4039 Cartesius
1058 3981 1175 4041 nomine
1192 3981 1373 4056 cognitionis
1387 3995 1510 4051 apparet
1525 4002 1561 4040 ex
1577 3983 1650 4040 hisee

520 4071 650 4140 ejusdem
675 4070 784 4127 verbis:
807 4069 865 4127 Sed
887 4069 954 4141 quid
972 4071 1071 4145 igitur
1089 4078 1172 4126 sumi
1192 4060 1237 4126 res
1258 4072 1413 4145 cogitans?
1431 4072 1502 4143 quid
1524 4081 1569 4128 est
1591 4073 1650 4130 isoci

521 4161 777 4232 nempednbitons,
800 4161 985 4234 intelligens,
1001 4159 1157 4234 affirmans,
1173 4179 1302 4234 negans,
1320 4161 1434 4228 uolens,
1449 4161 1561 4228 nolens,
1582 4166 1650 4218 ima·

520 4253 628 4324 ,qinons
644 4270 751 4323 qnoque
768 4263 797 4306 et
810 4252 948 4306 sentiens.
964 4248 1081 4318 (Medis.
1100 4257 1148 4317 2.',
1164 4247 1230 4306 circ.
1247 4247 1338 4313 med).
1356 4249 1456 4319 Quare
1472 4253 1594 4310 nomine
1608 4273 1651 4308 co·

521 4339 682 4412 gitationis,
698 4339 821 4397 videtur'
830 4338 992 4410 intelligere
1005 4356 1106 4394 omnes
1118 4351 1201 4396 aetus
1216 4338 1348 4396 internos
1358 4339 1419 4396 sive
1429 4341 1649 4412 cognoscituros,

522 4429 583 4487 sive
596 4428 785 4500 appetitivos,
799 4447 874 4499 quos
895 4426 1072 4486 conscientia
1091 4426 1251 4486 renuntiet.
1273 4426 1336 4485 Cir.
1354 4427 1454 4498 etiem,
1472 4429 1579 4488 Medii.
1604 4443 1649 4504 3.¹‚

524 4518 619 4577 initio.

556 4615 597 4681 (5)
637 4609 681 4665 De
697 4608 842 4682 Princip,
861 4619 936 4679 part.
959 4616 1002 4674 r.¹,
1022 4627 1103 4667 num.
1119 4628 1146 4682 7.

556 4701 596 4766 (6)
634 4699 736 4756 Medii.
751 4703 800 4768 2.',
817 4697 984 4770 paulopost
997 4696 1063 4756 init.
