3492 5525
536 438 615 483 1012
650 421 775 489 Locren
789 422 1019 496 Maron-Lib.
1039 438 1109 499 μ’,
1126 423 1216 487 Drsn.
1234 436 1279 504 4.·
1295 422 1372 486 Car.
1392 434 1462 503 μω

494 602 602 685 aliqua
619 605 809 682 assertione,
830 616 862 671 et
882 600 1026 693 spectata
1041 604 1137 671 etiam
1152 604 1260 670 indole
1274 604 1492 687 quarumdam
1513 602 1622 667 scien·

494 710 630 787 riarum,
655 731 728 795 quae
755 715 867 799 majori
895 714 1041 799 gaudent
1067 714 1242 789 evidentia,
1272 732 1332 779 nec
1359 712 1511 777 obnoxie
1536 720 1618 777 sunt

494 818 687 901 opinionum
708 820 867 899 varietati,
889 824 1047 893 moralem
1067 820 1296 887 certitudinem
1316 820 1463 905 gignere.

561 926 866 995 Demonstrationes
896 949 974 1014 ergo
1006 949 1080 1012 quae
1122 930 1183 995 hoc
1215 928 1314 993 modo
1345 926 1525 1011 suppositis
1558 944 1646 1009 per·

493 1032 591 1098 sidem
618 1045 716 1119 atque
730 1039 954 1103 auctoritatem
974 1040 1153 1103 humanam
1169 1036 1330 1121 principiis
1349 1035 1562 1101 instituantur
1583 1032 1616 1098 in

493 1141 625 1207 scientia
636 1142 1019 1229 subalternata,aliquam
1031 1144 1475 1217 habentcertitudinem,nec
1486 1140 1619 1225 penitus

492 1260 601 1314 carent
612 1249 773 1317 evidentia
781 1254 900 1319 saltem
913 1255 1093 1319 extrinseca
1106 1264 1138 1317 et
1150 1253 1182 1317 in
1194 1260 1381 1331 attestante;
1400 1246 1618 1315 nibilominus

492 1356 665 1440 perfectam
685 1359 853 1425 scientiam
875 1378 941 1427 non
952 1362 1132 1447 gignentin
1149 1380 1205 1437 eo,
1220 1360 1275 1443 qul
1287 1360 1359 1424 talia
1372 1356 1526 1441 principia
1545 1360 1616 1421 sola

492 1470 581 1529 tenet
599 1464 682 1541 fide,
703 1474 774 1531 tum
795 1476 927 1550 propter
945 1469 1226 1552 imperfectionem
1247 1467 1380 1532 moralis
1398 1464 1616 1533 certitudinis

491 1581 563 1635 tum
603 1582 735 1655 propter
765 1575 929 1641 delectum
958 1576 1140 1645 evidentiae¹
1160 1575 1341 1640 intrinsecae
1366 1573 1614 1657 principiorum.

492 1678 575 1743 Nam
599 1680 656 1763 qui
676 1681 830 1766 principia
857 1685 965 1748 solum
986 1693 1076 1749 tenet
1095 1684 1138 1749 ob
1157 1683 1382 1747 auctoritatem
1402 1681 1615 1765 sapientium,

492 1786 604 1869 nequit
635 1805 744 1855 revera
771 1790 835 1854 ‚dici
868 1788 949 1855 scire
980 1792 1130 1856 rationem
1156 1808 1323 1887 causasque
1351 1788 1615 1855 conclusionum.

492 1891 567 1958 llaec
585 1903 694 1960 tamen
715 1898 812 1963 altera
827 1898 999 1981 explicatio
1020 1919 1084 1964 non
1104 1898 1219 1964 arridet
1239 1898 1301 1973 iis,
1316 1896 1371 1979 qui
1390 1898 1430 1961 ad
1451 1896 1614 1963 rationem

490 2001 632 2068 scientiae
660 2006 829 2085 requirunt
849 2006 1046 2072 evidentiam
1067 2007 1292 2080 intrinsecam,
1324 2014 1355 2069 et
1382 2006 1615 2071 certitudinem

490 2111 747 2196 metaphysicam
781 2114 832 2178 vel
869 2115 1051 2199 physicam,
1078 2134 1136 2181 nec
1163 2123 1241 2180 sunt
1271 2112 1415 2180 contenti
1444 2113 1513 2178 sola
1542 2132 1618 2177 mo-

491 2216 575 2303 rali(
599 2216 625 2303 ).
1731 2292 1732 2313 3

550 2325 638 2401 'Qrae
656 2343 732 2392 cum
746 2328 789 2391 ita
803 2327 885 2403 sint,
902 2338 1052 2411 apparet,
1069 2348 1127 2395 cur
1140 2327 1302 2413 scripserit
1317 2326 1560 2415 Philosophus(
1589 2326 1615 2415 ),
1731 2338 1732 2365 l

489 2434 530 2498 ad
547 2427 1013 2501 scientiamsubalternantem
1033 2446 1177 2519 spectare
1196 2437 1275 2502 scire
1295 2440 1422 2517 propter
1448 2436 1541 2519 qudi,
1575 2440 1616 2501 ad

488 2539 742 2606 subalternatam
763 2561 840 2607 vero
858 2543 946 2626 quia.
974 2544 1066 2609 Tunc
1095 2546 1181 2609 enirn
1209 2543 1436 2609 conclusiones
1464 2543 1617 2609 sciuntur

489 2655 620 2731 propter
638 2649 731 2730 quid,
753 2651 885 2730 quando
901 2650 1098 2719 reducuntur
1122 2652 1170 2735 ad·
1186 2669 1245 2715 sua
1265 2650 1418 2734 principia
1440 2650 1618 2717 indemon-

487 2754 639 2820 strabilia.
655 2754 725 2836 jam
746 2775 822 2822 vero
842 2759 1061 2824 subalternata
1084 2758 1167 2824 sistit
1192 2758 1224 2824 in
1244 2757 1406 2842 principiis
1432 2758 1514 2835 suis,
1534 2779 1616 2841 quae

488 2843 566 2927 sunt
582 2863 807 2930 conclusiones
825 2867 1095 2941 subalternantis,
1120 2883 1224 2948 eaque
1250 2863 1352 2932 nescit
1371 2865 1525 2949 probare,
1549 2868 1616 2933 nisi

487 2970 527 3034 ad
545 2964 718 3036 su'rnmum
737 2992 779 3038 ex
794 2973 962 3040 effectibus
978 2991 1033 3056 per
1050 2975 1298 3056 experientiam,
1319 2992 1394 3038 cum
1416 2991 1615 3040 econverso

487 3076 539 3141 illa
550 3077 759 3144 demonstret
777 3080 909 3145 scientia
939 3079 1192 3157 subalternam„
1215 3075 1398 3146 reducendo
1436 3080 1476 3145 ad
1506 3079 1616 3163 prima

486 3184 639 3267 principia
657 3185 967 3252 indemonstrabilia.
990 3186 1071 3271 Ergo
1091 3187 1224 3253 scientia
1253 3187 1471 3254 subalternata
1498 3191 1614 3256 solum
1730 3267 1731 3272 ἵ

486 3300 630 3375 potesta
655 3292 751 3376 priori
781 3295 1009 3360 conclusiones
1037 3313 1112 3360 suas
1128 3296 1371 3370 demonstrare,
1393 3297 1424 3362 in
1449 3308 1616 3378 quantum
1730 3325 1731 3392 i

485 3400 693 3464 continuatur
710 3418 787 3465 curn
806 3401 1065 3477 subalternante,
1086 3401 1156 3487 ipsa
1171 3422 1247 3467 vero
1271 3403 1330 3467 sibi
1358 3403 1466 3468 relicta
1497 3405 1618 3488 nequit
1730 3413 1731 3432 ¹

484 3506 620 3590 probare
642 3524 717 3571 suas
739 3507 984 3583 conclusiones,
1012 3509 1070 3574 nisi
1095 3499 1373 3608 demonstratione
1402 3511 1488 3594 quia.
1527 3511 1618 3578 Vide

485 3614 577 3696 plura
596 3613 636 3678 de
652 3612 702 3679 his
721 3615 807 3697 apud
822 3614 1105 3681 Conimbricenses
1122 3611 1187 3703 (3),
1208 3626 1241 3681 et
1259 3617 1403 3684 Rubium
1423 3615 1487 3704 (4).

529 3737 605 3806 299.
654 3719 803 3785 Alterum
822 3721 941 3789 ocurrit
956 3722 1094 3788 dubium
1116 3723 1148 3788 in
1164 3725 1223 3789 hac
1242 3743 1294 3788 res

519 3951 559 4019 ir)
596 3950 658 4010 ch.
676 3949 814 4018 moda,
830 3952 884 4010 loc.
898 3953 957 4022 cit,
974 3975 1001 4011 n.
1028 3955 1069 4023 16,
1087 3955 1116 4011 in
1133 3955 1189 4012 line
1209 3975 1312 4028 nempe
1331 3957 1455 4030 [σείσας
1483 3957 1619 4018 Conim—

483 4039 618 4106 bricens,
635 4041 684 4098 lib.
707 4061 730 4098 r.
746 4042 918 4112 Posterior.,
934 4063 997 4114 cap.
1016 4063 1057 4112 ro,
1074 4059 1179 4116 quoest.
1200 4065 1227 4115 2,
1245 4061 1300 4104 art.
1318 4067 1344 4116 ης
1363 4047 1451 4115 Rub,
1473 4048 1528 4107 loc.
1547 4051 1617 4115 cit..

483 4153 513 4190 ¹¹·
535 4151 579 4203 343
595 4129 703 4187 Valent
717 4129 747 4188 in
770 4143 824 4187 ι.·”1
839 4144 923 4202 part,
937 4132 1014 4204 disp.
1040 4155 1063 4202 r,
1079 4155 1108 4206 q.
1129 4155 1151 4204 r,
1168 4152 1267 4206 punct.
1283 4157 1311 4205 3,
1331 4156 1447 4208 paragr.
1465 4157 1492 4206 a,
1513 4140 1618 4214 Atque
1729 4133 1730 4160 ³

483 4223 559 4278 hanc
572 4223 756 4287 sententiam·
772 4221 897 4278 Arrubal
908 4221 937 4279 in
951 4233 1007 4278 1.·n
1022 4239 1095 4294 part.
1112 4223 1188 4297 disp.
1201 4245 1230 4298 4,
1245 4245 1306 4296 cap.
1318 4225 1346 4294 6,
1364 4245 1392 4283 n.
1407 4243 1452 4298 25,
1473 4229 1519 4285 26.

518 4317 557 4376 (2)
594 4309 660 4368 Lib.
679 4321 718 4367 r.·
733 4311 902 4377 Posterior„
919 4331 982 4384 cap.
1003 4331 1043 4370 ιο.

517 4404 558 4472 (3)
595 4399 840 4471 Loc.cit.art.3.

517 4496 557 4562 (4)
595 4489 838 4571 ποίης).
