3492 5525
265 459 384 524 nanc
401 458 668 527 6.¹¹·Drv1srones
683 479 908 538 malorena.
923 483 1109 530 contrusus
1153 481 1210 546 ¹39

122 661 195 710 esse
209 641 411 708 causativam
427 641 597 710 sanitatis
588 660 621 708 1n
636 641 782 712 animali.
804 643 841 710 Et
860 645 1009 712 similiter
1025 645 1066 712 ad
1082 644 1259 714 declaran·
1299 650 1382 724 taine
1402 576 1507 684 ὦ
1489 489 1657 772 &ii

120 753 219 828 dum,
237 751 316 834 quid
327 749 389 816 sibi
400 749 478 816 velit
492 749 653 817 terminus
669 753 716 816 leo
729 753 781 818 vel
794 771 899 836 agnus
908 752 950 818 de
959 751 1089 820 Christo
1103 753 1247 820 Domino
1279 705 1529 883 WW

121 877 180 941 per
199 859 426 943 metaphoram
456 877 492 924 ac
525 857 862 943 proportionalitatem
893 860 1104 945 praedicatus,
1132 862 1249 928 consu·

119 966 281 1050 giendum
296 965 401 1032 estad
420 967 635 1051 proprietates
648 985 716 1034 vert
708 967 835 1034 'leonis
845 977 879 1032 et
898 965 1020 1056 agni(r
1028 965 1053 1055 ).
1150 992 1154 1000 ·

188 1073 266 1139 llaec
284 1083 396 1140 tamen
417 1073 810 1159 axiomata'intelligenda
833 1085 912 1142 sunt
934 1076 968 1142 in
987 1083 1059 1142 toto
1079 1075 1187 1161 rigore
1205 1076 1246 1142 de

119 1181 268 1268 analogis
284 1199 341 1265 per
354 1180 570 1248 extrinsecam
589 1177 892 1248 denominationem
913 1182 1021 1267 deque
1036 1168 1106 1251 aliis
1120 1183 1246 1250 admix-

119 1288 161 1356 tis
175 1307 254 1355 cum
270 1289 479 1372 metaphora3
496 1286 529 1353 in
544 1289 670 1355 cacteris
684 1287 772 1356 eninr
787 1300 928 1374 possunt
942 1309 1008 1358 non
1029 1291 1149 1358 habere
1162 1291 1247 1358 veri·
1277 1322 1281 1333 =
1300 1322 1320 1401 7

116 1407 241 1480 tatem,
258 1405 295 1462 ut
313 1403 403 1480 patet
419 1415 453 1462 v.
469 1414 504 1480 g.
526 1395 560 1461 in
579 1396 703 1464 ratione
716 1396 798 1462 entis
815 1415 852 1464 ac
864 1396 1026 1480 sapentia
1038 1397 1185 1465 increata
1207 1344 1278 1484 aci
1294 1442 1301 1463 .

113 1507 231 1602 ereata
249 1500 313 1591 (2).
469 1567 476 1580 ,

186 1612 282 1678 Plura
296 1611 338 1708 de
352 1610 499 1696 analogis
514 1609 546 1677 in
565 1609 758 1696 Ontologia.

476 1927 778 2004 ARTICULUS
813 1930 885 2004 VI.

188 2115 340 2182 Variae
358 2116 606 2180 divisiones
620 2115 816 2180 termino
829 2123 928 2180 tum
949 2115 1063 2180 orali
1075 2120 1174 2181 tum

405 2241 592 2340 mentali
612 2243 950 2306 convenientes.

157 2492 215 2558 25.
263 2473 456 2549 Terminus,
476 2473 546 2539 sive
567 2471 758 2540 mentalis
732 2490 801 2538 srve
819 2473 916 2538 oralrs
930 2471 1113 2540 drvrdrtur
1104 2491 1137 2539 rn
1156 2465 1263 2538 cate?
1295 2503 1411 2552 Tm„

102 2582 333 2666 garenralr'cum
348 2589 380 2645 et
392 2578 746 2662 syncategoremancum
766 2579 1067 2665 Categorematicus
1086 2589 1153 2657 est,
1178 2579 1236 2663 qui
1249 2590 1372 2634 arm
1337 2580 1444 2624 mlum·

108 2691 155 2757 ita
173 2690 295 2772 aliquid
306 2688 485 2774 significat,
498 2700 534 2754 ut
550 2705 651 2771 perse
662 2688 770 2752 solum
788 2688 970 2772 possitesse
982 2687 1167 2775 subjectum
1179 2696 1236 2754 aut
1272 2659 1432 2770 ‘mm

106 2796 325 2885 praedicatum
338 2796 579 2882 propositionis.
589 2794 949 2882 Syncategorematicus
962 2806 1012 2862 est
1020 2797 1098 2880 ,qui
1113 2798 1157 2863 ita
1169 2796 1236 2883 sig·

109 2907 237 2981 nificat,
250 2914 286 2971 ut
300 2904 390 2971 solus
406 2921 514 2987 neque
526 2904 713 2989 subjectum
726 2922 832 2985 neque
843 2904 1056 2987 praedicatum
1072 2924 1144 2971 esse
1160 2924 1235 2991 pos·

106 3016 165 3096 sit,
175 3014 235 3079 sed
245 3012 478 3080 tantummodo
489 3022 525 3078 ut
535 3012 626 3077 alteri
638 3012 795 3095 adjectus.
809 3008 863 3076 Sic
874 3010 974 3087 homo,
988 3012 1114 3089 Petrus,
1124 3014 1232 3091 arbor,

103 3124 237 3197 albedo,
248 3132 325 3186 sunt
334 3118 465 3185 termini
476 3118 738 3203 categorematici
749 3136 756 3201 ;
768 3118 925 3195 velociter,
937 3119 1167 3202 omninetriem,
1183 3122 1237 3187 ho-

104 3229 219 3303 minis,
233 3236 266 3293 et
279 3224 458 3313 generatim
468 3244 586 3292 omnes
595 3244 690 3292 casus
701 3224 824 3309 obliqui
838 3224 1149 3303 Grammaticorum,
1165 3246 1238 3296 orn·

106 3336 162 3403 nia
172 3334 340 3411 adverbia,
361 3334 618 3419 propositiones,
631 3332 796 3417 particulae
811 3332 1047 3417 conjunctivae,
1065 3337 1193 3402 numeri
1203 3344 1236 3401 et

104 3444 228 3527 reliqui
246 3441 395 3518 termini,
412 3442 469 3524 qui
488 3460 554 3506 non
570 3438 656 3506 aliud
672 3441 774 3506 iacere
792 3440 826 3507 in
842 3440 1066 3525 propositione
1081 3453 1233 3526 possunt,

104 3570 212 3637 quam
233 3551 381 3637 ejusdem
397 3549 582 3634 subjectum
599 3560 655 3615 aut
670 3547 880 3632 praedicatum
896 3549 1062 3633 complere
1076 3569 1113 3615 ac
1130 3548 1236 3616 modi·
1330 3577 1333 3584 ·

103 3662 224 3737 ticare,
255 3667 415 3723 vocantur
441 3660 737 3740 syncategoremata,
766 3674 825 3721 seu
853 3655 984 3721 termini
1004 3665 1236 3742 syncategore-

104 3768 220 3833 matici
240 3762 304 3853 (3).
325 3762 434 3840 Quare
452 3764 583 3831 termini
607 3764 933 3849 syncategorematici
958 3782 1035 3830 vere
1053 3773 1087 3829 et
1105 3765 1233 3849 proprie

138 4042 186 4103 (r)
223 4034 325 4093 S.Th.
348 4053 416 4105 roq.
436 4054 478 4106 13,
493 4052 520 4091 a.
534 4034 562 4090 6.

137 4132 184 4193 (2)
222 4123 292 4183 Vid.
315 4120 440 4193 Suarez,
463 4122 538 4195 disp.
557 4122 592 4179 28
611 4122 754 4197 Metapa,
774 4136 843 4180 sect.
860 4144 885 4195 3,
904 4143 934 4181 n.
958 4144 1004 4193 ¹43
1026 4122 1137 4181 Melina
1160 4122 1190 4182 in
1217 4146 1228 4182 r

99 4240 130 4291 p.
153 4228 262 4289 quaest.
291 4236 332 4287 13,
347 4234 374 4271 a.
394 4215 422 4271 ό.
439 4212 500 4272 cfr.
518 4212 553 4271 S.
567 4212 673 4270 Thom.
694 4234 718 4281 r,
739 4232 768 4285 p.
790 4232 819 4283 q.
843 4233 884 4283 13,
905 4234 932 4270 a.
956 4214 1101 4272 6eda.¹·
1119 4228 1149 4272 et
1171 4214 1229 4287 Qq.

96 4308 194 4379 disp,
208 4316 313 4376 quaest.
329 4324 345 4361 a
367 4305 401 4361 de
416 4302 509 4363 Verit.
521 4323 548 4361 a.
566 4322 606 4369 11,
623 4302 670 4360 ad.
683 4303 744 4362 6³¹¹

135 4398 182 4467 (3)
220 4394 307 4453 Circa
318 4392 436 4452 nomina
454 4391 594 4463 adjectiva
609 4406 652 4451 eet
666 4392 837 4465 opinionum
854 4393 994 4463 varietas,
1009 4392 1075 4453 aliis
1088 4394 1232 4453 censenti·

97 4488 156 4545 bus
177 4504 213 4543 ea
235 4503 299 4541 esse
317 4503 391 4556 pure
409 4491 690 4559 syncategoremata,
712 4496 745 4541 ut
760 4484 819 4542 ΡΡ.
845 4483 1007 4552 Hurtadus,
1032 4483 1184 4556 lequieedo
1202 4498 1232 4544 ct

96 4576 198 4641 Ulloa,
212 4573 280 4631 aliis
294 4593 310 4629 e
323 4592 464 4631 converso
476 4572 656 4631 contrarium
666 4572 859 4632 sentientibus
868 4594 935 4631 curn
951 4573 1011 4630 ΡΡ.
1024 4572 1141 4642 Mauro,
1156 4572 1232 4633 Fon·

96 4676 213 4723 secaret
233 4660 375 4732 Lossade,
394 4678 519 4734 quorum
544 4660 618 4719 ratio
638 4660 778 4733 loquendi
797 4662 871 4720 mihi
897 4661 993 4735 magis
1015 4662 1134 4723 arridet.
1156 4662 1232 4722 Vide

96 4743 245 4823 Lessade,
266 4748 351 4825 Diep.
362 4771 392 4825 4,
407 4771 468 4822 cap.
483 4770 524 4824 4.,
536 4752 608 4821 n,8;
623 4764 652 4811 et
664 4750 787 4826 Arriaga
800 4751 878 4826 disp.
896 4772 925 4819 r,
941 4765 1011 4811 sect.
1026 4773 1050 4827 5.
