3492 5525
284 485 403 550 Annae.
422 501 482 568 3³¹·
496 485 548 550 Da
563 484 709 551 Sruuoo.
725 502 875 550 connisa.
891 504 954 553 seu
970 506 1149 557 rumiens
1180 505 1235 571 39¹

150 672 276 738 fficium
295 671 495 756 simpliciter,
516 672 572 746 vel
588 692 606 736 e
623 687 798 739 converso.
817 675 1028 756 simpliciter
1043 677 1148 740 mun
1166 671 1216 739 iic
1229 669 1281 738 di·

148 780 247 856 citur,
277 781 362 866 quod
388 781 477 845 nullo
503 780 594 846 nodo
611 761 721 844 acute
742 778 874 846 dt'citur:
901 768 940 846 ut
964 799 1036 850 cunt
1061 781 1194 848 cerua
1216 785 1281 848 so·

148 901 263 970 craten
294 900 350 955 est
379 892 490 965 albus,
526 887 590 954 vri·
625 891 784 954 Soeram
816 892 937 954 currit.
967 893 1165 956 Secundum
1196 891 1280 972 quit

147 999 254 1063 auara
278 995 409 1070 dicittar,
450 997 534 1080 quod
568 1012 640 1060 crun
680 993 789 1080 aquuo
817 994 928 1061 acciu
958 995 1091 1074 eluitur,
1122 999 1171 1062 ut:
1207 1001 1280 1064 Iste

147 1109 260 1172 curru
276 1108 376 1180 bene,
397 1103 449 1168 vel
464 1108 623 1170 Socraten
638 1115 694 1170 eat
709 1107 809 1170 albus
827 1108 1020 1171 secundum
1037 1109 1191 1173 dentem.
1210 1103 1279 1169 Hoc

147 1215 255 1278 auum
266 1212 351 1296 quod
361 1210 503 1290 additur,
522 1207 689 1292 dupliciter
700 1228 734 1276 sc
747 1209 837 1276 tabet
847 1211 893 1276 od
909 1210 956 1286 id,
975 1210 1029 1276 cui
1039 1211 1183 1287 additur,
1202 1227 1278 1276 narn

148 1321 337 1404 quandoque
351 1335 414 1384 non
436 1316 589 1384 diminuit
603 1319 643 1383 dc
660 1315 781 1384 rotrone
801 1315 883 1404 ejus,
907 1317 962 1384 cui
981 1319 1126 1384 additstr:
1149 1321 1183 1384 ct
1204 1321 1278 1384 istnc

143 1431 251 1512 potest
258 1425 389 1510 procedi
403 1426 444 1492 ab
464 1444 513 1502 co,
532 1428 618 1511 quod
633 1428 682 1490 est
695 1427 868 1492 secundun
880 1426 959 1511 quid
978 1428 1024 1493 od
1039 1427 1107 1502 lac,
1130 1427 1216 1510 quad
1230 1429 1280 1492 cst
1313 1479 1318 1488 .

146 1535 345 1618 drnpidter,
358 1537 478 1600 uicum
492 1532 626 1598 dicitur:
640 1538 712 1602 late
727 1540 837 1600 currit
853 1538 1030 1606 velociter.
1051 1540 1142 1616 Ergo
1155 1536 1276 1612 carnin

148 1643 299 1710 octaua
311 1641 394 1708 enirn
408 1640 490 1706 niitl
497 1639 694 1706 diminuitdc
703 1640 824 1706 ratione
832 1657 988 1708 marsus...
1001 1641 1196 1726 Quandoque
1205 1659 1280 1706 ocra

150 1750 190 1815 id
205 1752 290 1834 quod
308 1749 451 1824 additur,
467 1747 668 1814 diminuitdc
683 1746 804 1813 ratione
820 1751 902 1836 ejus,
922 1747 977 1813 cui
988 1748 1132 1825 additur,
1156 1751 1194 1814 at
1208 1765 1281 1814 cum

147 1855 1282 1940 dicitur:AEthiopseatelbuaaecundumdentemmamhucdetermi·

148 1965 240 2032 natio
252 1969 611 2042 seeundumdentem,
626 1962 779 2028 diminuit
785 1961 910 2048 aliquid
920 1966 960 2030 dc
973 1964 1094 2030 rohone
1102 1967 1182 2051 qus,
1197 1965 1282 2048 quod

148 2073 272 2139 duitor
284 2078 395 2151 albus,
413 2091 477 2138 non
489 2071 571 2136 enirn
580 2073 683 2152 potest
702 2069 770 2135 dici
779 2071 883 2148 alicu,
895 2071 1027 2157 nr'siqui
1039 2073 1120 2138 utres
1132 2071 1281 2136 astallus

147 2183 205 2248 vel
219 2182 390 2248 secundum
398 2182 508 2262 plures
525 2181 557 2244 ct
570 2177 813 2270 principaliores
824 2183 945 2260 portas.
965 2179 1006 2247 Et
1018 2179 1088 2244 idco
1108 2178 1140 2243 si
1155 2179 1282 2244 conclu-

148 2291 263 2355 datura·
280 2293 443 2370 AEthiops
460 2299 514 2354 est
531 2291 631 2353 albus
649 2290 842 2352 secundum
865 2291 1019 2354 dentem.
1047 2292 1139 2369 Ergo
1161 2298 1217 2353 eat
1232 2291 1282 2352 al·

147 2403 234 2474 bna3
261 2399 310 2462 cst
331 2396 418 2461 locus
440 2393 625 2476 sopiamus
643 2393 696 2456 oet
705 2391 843 2477 fallacia
864 2396 1036 2459 secundum
1052 2393 1132 2478 quid
1152 2396 1186 2459 ct
1198 2391 1278 2458 stn-

144 2499 354 2590 plicilcr(r).
613 2583 617 2590 ῃ

222 2609 389 2693 Exempla:
404 2606 673 2674 meretriciam
685 2606 941 2674 uescicornilnts.
957 2606 1043 2674 Licet
1052 2605 1187 2691 igiturri
1198 2605 1285 2673 nasci

149 2717 305 2785 cornibus
327 2717 362 2783 in
376 2714 628 2804 quadragesima:
649 2715 770 2783 Manus
782 2717 830 2782 est
845 2714 1070 2795 abscindenda,
1090 2733 1162 2783 cunt
1178 2714 1283 2782 immi·

150 2830 277 2893 neatex
289 2844 327 2893 ea
340 2824 397 2891 toti
407 2824 532 2907 corpori
543 2823 714 2908 corrraptio.
726 2822 810 2911 Ergo
819 2823 1205 2891 manuscstalrscindenda
1215 2833 1280 2890 etc.

223 2916 449 3019 Respondetur
468 2932 619 3017 negando
636 2930 925 3016 consequentiam.
1010 2976 1017 2990 .
1422 2936 1428 2947 '

221 3044 416 3123 momnis
427 3042 576 3106 elenchi.¹
589 3036 761 3115 Elenchus,
779 3032 910 3128 ἐλέγχος
923 3058 1042 3125 graece,
1057 3038 1145 3105 idem
1156 3037 1283 3125 signifi·
1335 3079 1465 3137 numm

150 3157 209 3216 cat
228 3167 264 3214 ac
293 3146 391 3213 latine
415 3146 608 3230 redarguite·
634 3145 819 3230 redargutio
837 3156 949 3213 autem
978 3166 1019 3213 ex
1041 3149 1113 3231 ipsa
1137 3144 1281 3221 nominis
1348 3150 1443 3204 aaut.

152 3254 356 3343 etymologia
373 3262 425 3320 est
433 3253 675 3347 argumentatio
689 3270 747 3320 seu
762 3254 988 3341 syllogismus,
1006 3273 1074 3339 quo
1088 3254 1163 3338 quis
1175 3252 1282 3339 arguit

152 3371 268 3431 contra
286 3362 332 3441 id,
352 3361 443 3445 quod
458 3362 538 3426 alter
561 3359 651 3429 dicit.
671 3360 709 3427 Et
727 3362 886 3446 quoniam
904 3361 962 3445 qui
981 3360 1089 3452 arguit
1102 3369 1217 3428 contra
1233 3360 1279 3436 id,

151 3469 248 3555 quod
267 3467 451 3546 attendisti,
470 3467 576 3552 arguit
594 3468 635 3533 ad
654 3469 947 3535 contradicendum
964 3470 1007 3546 ei,
1027 3470 1183 3536 elenchus
1200 3468 1283 3535 deh-

154 3576 246 3645 nitur
258 3578 300 3643 ab
314 3576 500 3643 Aristotele:
526 3575 727 3658 syllogismus
743 3576 1010 3643 contraditionis.

224 3682 332 3760 Quare
351 3684 512 3769 ignoratio
533 3682 658 3748 elenchi
689 3692 740 3749 est
768 3680 916 3767 deceptio
946 3682 1143 3768 proveniens
1168 3702 1280 3759 exeo,

153 3792 248 3877 quod
266 3790 388 3875 aliquid
406 3791 541 3855 insertur
554 3797 724 3872 tamquam
743 3790 1048 3868 contradictorium,
1065 3791 1156 3875 quod
1172 3809 1283 3857 revera

154 3916 227 3968 non
245 3907 295 3965 est
311 3896 610 3965 contradictorium.
628 3895 692 3973 Qut
713 3896 800 3963 enim
820 3898 960 3965 alterum
976 3900 1176 3986 redarguens
1194 3908 1281 3965 tarn·

153 4024 259 4091 quam
278 4004 564 4072 contradictorium
585 4004 680 4069 iniert
702 4003 748 4082 id,
768 4006 860 4088 quod
886 4004 951 4071 tale
977 4024 1044 4072 non
1071 4015 1134 4084 est,
1155 4007 1283 4093 ignorat

155 4124 216 4181 aut
234 4122 319 4179 certe
337 4112 468 4179 simulat
480 4112 629 4196 ignorare
641 4110 687 4188 id,
703 4113 793 4194 quod
812 4113 853 4178 ad
867 4114 1158 4180 contradicendum
1175 4113 1284 4198 requi·

154 4222 252 4291 ritur.
281 4220 319 4285 Et
345 4220 502 4303 quoniam
530 4218 571 4284 ad
602 4218 891 4286 contradictionem
912 4221 1097 4305 requiritur,
1122 4232 1159 4288 ut
1185 4222 1282 4288 detur

153 4327 334 4397 affirmatio
345 4337 379 4393 et
398 4326 540 4419 negatio:
553 4322 587 4413 u)
600 4327 639 4391 da
649 4343 713 4391 uno
726 4330 900 4412 eodemque:
915 4325 950 4416 β)
958 4330 1128 4395 secundum
1138 4329 1233 4396 idaim
1245 4329 1284 4421 γ)

155 4438 195 4505 in
221 4434 322 4501 simili
342 4434 462 4499 ratione
487 4440 532 4497 et:
558 4428 589 4521 δ)
610 4434 715 4498 eodem
735 4438 878 4517 tempore,
906 4436 995 4502 hisce
1012 4444 1156 4519 quatuor
1174 4438 1282 4503 modis

155 4540 322 4611 committi
338 4550 448 4626 potest
460 4539 621 4626 ignoratio
634 4540 772 4607 elenchi.
784 4540 892 4607 Primo
908 4543 1007 4608 modo
1019 4562 1053 4611 v.
1064 4560 1114 4628 g.:
1127 4542 1287 4610 Duosunt
1416 4594 1419 4600 .

198 4778 241 4841 (ι)
277 4770 310 4831 S.
325 4773 443 4840 Thom„
458 4772 567 4844 Opusc.
583 4769 633 4829 cit.
644 4790 706 4843 cap.
726 4792 766 4829 ιι.
