3492 5525
268 463 384 528 Amic.
403 477 462 526 aut
475 463 527 526 Au
541 481 636 528 enee.
653 484 705 529 srr
721 485 983 532 ruuuranrurnurc
995 485 1083 532 verta
1135 484 1197 552 449

114 647 166 710 vel
187 664 245 730 pro
266 645 376 732 aliquo
401 647 635 725 determinato,
662 649 768 734 primo
792 669 827 722 v.
846 670 897 736 g.,
928 651 979 717 vei
1007 649 1148 739 denique
1176 667 1235 733 pro

112 755 224 836 aliquo
247 754 454 839 disjunctive.
480 756 582 840 Atqui
605 757 638 822 in
658 758 747 823 nulio
762 759 881 824 horum
896 775 1035 825 casuum
1054 755 1234 842 propositio

113 880 191 926 vera
212 861 246 927 in
273 863 385 928 falsam
412 863 499 928 abire
523 873 644 948 potest.
671 865 745 931 Non
770 865 802 930 in
825 865 947 947 primo,
969 875 1006 930 ut
1031 873 1138 948 patet3
1158 862 1235 947 quia

111 975 191 1034 tunc
209 969 236 1034 si
252 969 365 1036 Petrus
384 972 495 1037 sedeat
517 971 551 1038 in
577 971 733 1037 omnibus
755 971 817 1038 iilis
840 971 1058 1049 instantibus,
1079 990 1154 1038 vera
1173 970 1234 1036 erit

112 1077 308 1162 propositi03
338 1087 369 1144 et
390 1079 489 1144 etiam
519 1079 546 1145 si
575 1097 642 1145 uno
669 1079 803 1145 instanti
836 1080 964 1146 desinat
991 1081 1117 1155 sedere,
1153 1079 1234 1144 salsa

111 1183 250 1250 dicenda
268 1185 343 1252 erit:
361 1203 468 1270 neque
486 1187 519 1252 in
534 1187 696 1264 secundo,
724 1187 799 1270 quia
813 1188 845 1252 in
866 1206 934 1253 uno
954 1187 1170 1254 determinato
1185 1185 1233 1253 iu·

110 1291 212 1358 stanti
240 1291 440 1377 impossibile
466 1302 517 1360 est
547 1295 805 1379 propositionem
822 1313 932 1362 veram
958 1305 990 1360 et
1010 1295 1122 1360 falsam
1147 1309 1231 1376 esse3

112 1418 220 1481 neque
239 1400 428 1488 denique'in
442 1401 554 1485 tertio,
572 1401 650 1486 quia
667 1411 747 1468 tunc
766 1403 792 1468 si
813 1403 863 1469 vei
884 1421 951 1468 uno
965 1401 1098 1468 instanti
1117 1403 1234 1470 Petrus

111 1507 240 1583 sedeat,
260 1527 336 1574 vera
350 1509 410 1576 erit
425 1509 625 1592 propositio,
641 1509 715 1576 iicet
729 1510 762 1574 in
777 1510 847 1578 aliis
862 1510 988 1577 desinat
1002 1510 1127 1576 sedere.
1142 1508 1234 1576 Sicut

111 1614 248 1692 adhoc,
270 1623 307 1681 ut
322 1635 436 1682 verum
456 1616 498 1682 sit
518 1635 571 1681 me
588 1617 684 1682 hodie
703 1616 861 1692 scribere,
878 1617 957 1684 satis
975 1627 1041 1692 est,
1062 1617 1152 1699 quod
1171 1616 1232 1682 hac

111 1723 192 1787 hora
206 1724 257 1788 vei
273 1732 443 1790 momento
457 1723 615 1807 temporis
630 1724 781 1801 scribam,
798 1724 951 1808 quamvis
967 1744 1046 1791 mox
1057 1743 1115 1810 per
1128 1732 1231 1790 totam

110 1830 198 1896 diem
218 1830 392 1897 dormiam.
420 1831 505 1916 Ergo
529 1829 730 1916 impossibiie
753 1838 804 1898 est
830 1831 1103 1916 propositionem,
1130 1832 1232 1897 semei

107 1951 241 2014 veram,
260 1939 373 2004 falsam
389 1937 471 2006 freti.

178 2051 283 2128 Reep.
302 2046 377 2111 dist.
398 2046 512 2131 Major.
534 2047 644 2130 quoad
658 2045 799 2130 primurn
819 2047 1021 2114 membrum.
1043 2048 1085 2114 Ut
1098 2065 1175 2112 vera
1191 2047 1233 2114 sit

109 2161 183 2219 toto
200 2161 365 2237 ternpore,
386 2171 453 2237 quo
472 2154 568 2219 durat
585 2153 655 2238 ipsa
669 2155 862 2239 propositio,
879 2173 966 2220 conc.
988 2153 1032 2219 Ut
1051 2174 1126 2220 vera
1143 2153 1185 2221 sit
1199 2154 1231 2220 in

107 2259 219 2344 aliqua
237 2270 326 2346 parte
346 2279 414 2328 suae
434 2260 628 2337 durationis,
645 2281 717 2346 neg.

178 2370 326 2435 Alterum
347 2369 532 2436 membrum
553 2369 682 2453 Majoris
701 2387 768 2453 neg.
873 2452 877 2459 ,

178 2476 216 2540 Et
233 2495 376 2542 concessa
395 2475 536 2555 Minore,
558 2495 624 2561 neg.
646 2495 782 2560 conseq.

178 2584 230 2649 Ad
247 2585 496 2651 declarationem
512 2584 602 2662 dico,
624 2585 882 2670 propositionem
902 2583 1083 2669 significare
1095 2585 1231 2680 quidem

107 2692 290 2758 sessionem
309 2691 393 2759 Petri
409 2709 466 2777 pro
479 2693 633 2759 omnibus
652 2691 865 2774 instantibus,
887 2693 1008 2776 quibus
1025 2693 1096 2778 ipsa
1109 2693 1230 2771 existit,

6 2840 9 2879 r,
108 2818 178 2865 non
197 2808 307 2865 tamen
323 2799 377 2877 ita,
393 2810 429 2867 ut
448 2799 604 2866 verificari
625 2820 691 2867 nun
711 2802 831 2885 possit,
849 2800 910 2867 nisi
929 2801 1096 2886 objectum
1116 2801 1233 2868 existat

7 2894 9 2951 ἶ
107 2908 141 2973 in
169 2914 237 2972 tota
263 2907 315 2973 illa
341 2908 490 2974 omnium
517 2908 708 2974 instantium
738 2907 831 2975 serie.
861 2908 945 2973 Nam
974 2908 1154 2993 propositio
1179 2908 1233 2975 iiia

7 3022 9 3069 Ὺ
106 3014 257 3081 enuntiat
278 3014 482 3099 praesentiam
503 3017 555 3081 vei
573 3014 821 3083 coexistentem
841 3015 890 3082 sui
915 3035 991 3082 curn
1011 3016 1156 3085 sessione
1175 3020 1228 3086 Pe·

106 3124 148 3190 tri
163 3141 222 3206 pro
237 3123 373 3207 singuiis
384 3123 582 3189 instantibus
597 3142 664 3189 suae
678 3122 876 3201 durationis,
891 3124 1106 3209 significando
1120 3134 1231 3191 tamen

105 3232 217 3297 soium
237 3230 406 3298 indefinito
429 3231 530 3297 modo
551 3250 694 3315 praesens
720 3240 884 3315 quantum
903 3233 944 3297 ad
963 3232 1166 3316 particularia
1185 3234 1234 3299 in·

105 3338 245 3415 stantia,
267 3338 308 3403 ita
337 3349 374 3404 ut
393 3358 433 3403 ex
456 3356 491 3404 se
512 3340 678 3422 permittat
697 3339 855 3405 rationem
883 3342 1054 3425 praesentis
1072 3344 1232 3426 temporis

104 3444 253 3513 contrahi
268 3444 308 3509 de
323 3446 406 3512 iacto
421 3445 489 3513 sive
499 3465 556 3529 per
569 3446 696 3513 instans
708 3446 752 3523 A,
767 3447 835 3514 sive
851 3467 908 3532 per
925 3450 965 3529 B;
979 3458 1013 3514 et
1025 3451 1134 3516 solum
1151 3450 1233 3534 petit

104 3556 148 3621 ad
162 3554 213 3621 sui
228 3554 415 3631 veritatem,
432 3554 562 3621 Petrum
578 3572 704 3620 currere
717 3554 749 3620 in
765 3574 804 3620 eo
819 3556 968 3633 instanti,
982 3557 1073 3638 quod
1091 3566 1166 3624 actu
1183 3564 1233 3623 est

105 3680 265 3748 praesens,
286 3660 355 3727 sive
370 3662 411 3728 sit
430 3661 471 3739 Α,
492 3662 561 3727 sive
580 3664 616 3747 B,
637 3662 706 3728 sive
721 3664 861 3747 quodvis
878 3664 984 3745 aiiud;
1005 3665 1046 3732 ab
1061 3665 1123 3730 hoc
1143 3665 1231 3731 enirn

104 3769 304 3855 praescindit.
325 3770 418 3836 Unde
442 3770 548 3835 reddit
563 3770 795 3853 aequivalenter
813 3772 902 3837 hunc
918 3790 1071 3843 sensum:
1091 3772 1235 3857 Aliquod

104 3880 230 3945 instans
255 3880 450 3959 erpraesens
473 3873 555 3964 (sive
577 3878 618 3943 sit
638 3877 684 3955 Α,
709 3878 778 3944 sive
806 3878 845 3953 B,
875 3878 945 3944 sive
975 3877 1075 3967 aliud)
1092 3885 1124 3945 ct
1146 3880 1181 3945 in
1199 3898 1234 3945 eo

103 3988 221 4053 Petrus
235 3986 329 4051 sedet.
350 3985 388 4051 Et
401 3984 447 4051 sic
461 3985 493 4051 in
509 3985 773 4070 quibuscumque
788 3985 986 4053 instantibus
1000 3988 1096 4055 datur
1110 4008 1127 4053 a
1143 3995 1233 4071 parte

107 4092 151 4159 rei
171 4093 292 4170 sessio,
319 4111 393 4158 vera
412 4102 463 4159 est
488 4093 684 4176 enuntiatio;
707 4094 785 4162 falsa
804 4112 882 4160 vero
906 4093 940 4159 in
967 4095 1233 4179 quibuscumque

103 4200 211 4270 sessio
230 4220 296 4267 non
315 4201 422 4269 datur.
443 4200 481 4266 Et
500 4200 581 4266 ratio
602 4212 651 4269 est
674 4200 847 4285 quiaillud
868 4220 1012 4285 praesens
1030 4200 1233 4288 simplicissi-

104 4328 219 4386 mum,
246 4309 338 4393 quod
356 4308 507 4392 exprimit
531 4310 670 4377 verbum
693 4311 794 4385 sedet,
821 4312 1007 4377 successive
1035 4312 1151 4379 transit
1178 4331 1236 4396 per

102 4418 237 4505 singuta
255 4416 408 4489 instantia
426 4416 657 4497 determinata,
679 4426 776 4501 prout
793 4418 845 4483 iiia
858 4418 943 4483 frunt
954 4431 1029 4487 actu
1047 4421 1231 4504 presentia,

101 4524 247 4608 ideoque
259 4525 438 4609 propositio
452 4525 550 4590 etiam
566 4524 751 4591 successive
769 4526 927 4591 verificari
942 4537 1052 4611 potest
1071 4547 1129 4612 per
1147 4530 1235 4595 varia
1302 4536 1306 4543 '

100 4634 261 4700 instantia
272 4633 333 4708 ita,
354 4641 391 4697 ut
409 4633 435 4699 si
449 4633 481 4698 in
497 4634 603 4716 primo
618 4632 754 4699 instanti
773 4633 869 4700 detur
887 4634 990 4701 sessio
1004 4636 1106 4712 Petri,
1122 4638 1236 4702 statim

8 4812 9 4825 ,
102 4746 138 4813 in
155 4760 198 4807 eo
217 4738 400 4809 verificetur
419 4738 614 4825 propositio,
635 4748 668 4807 et
682 4740 830 4809 similiter
848 4741 882 4807 in
900 4741 1069 4823 secundo,
1089 4746 1184 4811 tertio
1203 4766 1238 4815 ac

1065 4875 1103 4942 29
