3492 5525
598 462 656 548 892
717 466 841 535 Locren
857 465 1086 544 MuJon-Lro.
1104 481 1164 531 ψ
1177 464 1268 531 Drse.
1281 480 1331 553 4⁸
1345 468 1426 532 Cae.
1446 486 1517 533 ram

559 653 686 717 tantum
712 652 894 719 secundum
918 650 1010 735 quid.
1040 651 1094 716 lita
1121 660 1172 717 est
1199 652 1446 734 quodammodo
1473 652 1674 722 universalis.

560 777 625 825 non
646 757 870 844 praedicatione
893 768 950 825 aut
968 758 1119 824 omnium
1145 758 1349 835 collectione,
1374 760 1432 825 sed
1451 760 1634 825 eminentia
1649 772 1677 823 et

559 867 693 942 virtute,
724 864 899 934 utstatim
929 866 1180 946 declarabimus3
1209 868 1278 931 baec
1304 877 1354 932 est
1383 867 1587 951 particularis
1617 886 1676 932 non

557 981 687 1040 tantum
707 973 903 1065 babitused
918 974 1016 1039 etiam
1033 973 1167 1039 materia
1181 983 1214 1038 et
1226 973 1358 1041 virtute.
1375 974 1422 1037 De
1437 976 1498 1040 hac
1512 975 1675 1058 posteriori

559 1080 717 1165 sapientia
735 1088 785 1146 est
804 1082 923 1166 longus
942 1098 1050 1147 sermo
1070 1080 1212 1146 Socratis
1230 1082 1317 1165 apud
1342 1080 1532 1158 Platonem,
1555 1083 1675 1165 dialogo

558 1188 671 1265 tertio,
688 1206 745 1260 seu
761 1190 803 1254 de
816 1188 997 1270 Sapientia,
1014 1188 1070 1253 ubi
1084 1187 1254 1273 distinguit
1268 1188 1459 1272 sapientiam
1472 1189 1637 1257 artificum
1649 1201 1674 1251 et

558 1296 831 1381 gubernatorum,
848 1305 882 1361 et
897 1296 1031 1363 similes.
1046 1296 1084 1361 Et
1095 1298 1157 1361 boc
1170 1297 1285 1363 eodem
1300 1296 1399 1362 modo
1414 1296 1549 1363 videtur
1564 1299 1674 1363 dixisse

430 1396 432 1401 ’
559 1404 677 1471 Paulus
694 1402 757 1492 (r):
782 1406 828 1473 Ut
847 1404 972 1485 sapiens
984 1403 1167 1469 architectus
1175 1405 1420 1489 fundanuntum
1432 1406 1540 1486 posui.
1561 1405 1673 1469 Dicitur

558 1510 645 1577 enim
664 1512 793 1596 sapiens
812 1514 844 1577 in
860 1509 969 1595 aliquo
987 1530 1106 1596 genere
1125 1512 1175 1577 vel
1192 1512 1342 1587 materia,
1363 1513 1419 1595 qui
1437 1512 1612 1577 scientiam
1631 1513 1673 1575 rel

557 1628 677 1695 artem,
693 1636 768 1703 quae
780 1620 861 1686 circa
880 1638 952 1683 eam
972 1628 1135 1696 versatur,
1156 1619 1296 1701 perfecte
1315 1620 1421 1694 novit,
1438 1628 1471 1683 et
1487 1639 1549 1703 per
1568 1639 1673 1703 supre-

557 1745 628 1793 mas
657 1745 769 1793 causas
787 1728 870 1792 illius
899 1727 1045 1811 generis,
1066 1736 1103 1792 ut
1127 1726 1253 1792 notavit
1271 1726 1310 1792 D.
1339 1728 1485 1793 Thomas
1514 1726 1581 1813 (2).
1612 1728 1673 1791 nno

408 1856 477 1901 resin.
557 1834 697 1918 denique
728 1835 845 1910 modo,
877 1843 914 1899 ut
933 1833 976 1898 ait
995 1832 1035 1898 D.
1055 1834 1199 1899 Thomas
1223 1831 1287 1922 (3),
1308 1834 1460 1916 quaedam
1481 1834 1672 1917 particularis

556 1940 706 2018 scientia,
727 1960 786 2007 seu
804 1942 1030 2007 intellectualis
1048 1940 1151 2007 virtus
1170 1939 1287 2007 dicitur
1303 1939 1462 2025 sapientia
1475 1940 1669 2024 simpliciter:

555 2055 589 2115 et
607 2049 669 2114 hoc
693 2048 793 2115 modo
812 2068 893 2114 usus
911 2055 960 2113 est
988 2047 1180 2113 Aristoteles
1200 2050 1260 2112 bac
1279 2066 1359 2113 voce
1375 2046 1428 2135 (4)
1443 2057 1477 2113 et
1496 2049 1562 2114 boc
1584 2067 1671 2113 sensu

556 2155 667 2222 tribuit
682 2156 910 2242 Metapbysicae
925 2154 1117 2240 dignitatem
1132 2155 1323 2239 sapientia»
1336 2151 1399 2242 (5).
1415 2155 1454 2219 Et
1465 2157 1500 2221 in
1515 2156 1672 2221 hoctertio

556 2252 656 2331 sensu
677 2280 764 2329 nunc
783 2262 974 2347 sapientiam
994 2261 1221 2327 declarandam
1240 2261 1452 2346 suscipimus.

410 2392 440 2459 ο,
481 2390 517 2459 ξπ,
621 2371 676 2437 Est
696 2388 774 2455 ergo
793 2370 949 2453 sapientia
971 2369 1159 2453 simpliciter
1176 2370 1262 2435 dicta
1278 2369 1428 2446 scientia,
1449 2389 1522 2453 quae
1542 2371 1669 2435 consid(-

354 2450 433 2563 &ss:2³
434 2459 533 2562 '12:¹¹³
556 2482 610 2545 rat
624 2478 794 2544 altissimas
813 2494 918 2543 rerum
935 2476 1073 2542 omnium
1087 2494 1209 2541 causas.
1231 2477 1282 2541 Ad
1296 2495 1364 2541 rem
1380 2477 1574 2560 Angelicus:
1593 2478 1669 2557 Quoi

378 2584 513 2645 ”scuture-
555 2590 605 2653 cst
614 2594 673 2669 per
701 2584 791 2651 uliud
808 2589 930 2660 notum,
959 2604 1023 2649 non
1040 2584 1146 2649 statim
1169 2583 1341 2666 percipitur
1361 2586 1401 2649 ab
1428 2584 1669 2659 intellectuat
1713 2633 1715 2638 .

550 2702 611 2777 per
627 2692 857 2779 inquisitionem
875 2692 1027 2773 rationis·
1044 2695 1076 2756 et
1090 2709 1123 2755 sa
1142 2691 1277 2757 hairtin
1294 2690 1414 2757 ratione
1429 2693 1573 2757 termini.
1591 2692 1668 2774 Quat
1713 2675 1715 2684 ’

555 2803 678 2888 quidem
692 2805 792 2884 potest
807 2820 870 2867 esse
883 2801 1067 2884 dupliciter:
1086 2819 1149 2865 uno
1160 2802 1249 2866 modo
1266 2800 1363 2866 utsii
1378 2801 1527 2866 ultimum
1544 2803 1667 2882 respectu

557 2909 652 2976 totius
668 2908 855 2993 cognitionis
873 2909 1027 2975 minare.
1047 2909 1087 2972 Et
1101 2907 1176 2991 quta
1192 2926 1246 2985 ao,
1265 2925 1334 2991 que
1346 2912 1423 2972 sunt
1432 2911 1593 2989 posterius
1608 2912 1666 2972 noia

556 3019 660 3104 quoad
676 3036 748 3092 nos,
773 3021 849 3081 sunt
867 3016 979 3097 priora
996 3021 1028 3080 et
1051 3015 1152 3098 magis
1173 3018 1247 3080 nota
1268 3017 1437 3081 seeundum
1459 3020 1667 3092 nutriremur

556 3125 676 3190 diciticr
697 3143 726 3190 1.
743 3123 895 3207 Physicor
906 3119 973 3211 (6),
989 3123 1059 3188 ileo
1072 3123 1107 3186 id
1118 3124 1203 3206 quod
1214 3126 1261 3188 est
1275 3121 1420 3187 ultimum
1431 3128 1573 3205 respectu
1586 3125 1664 3188 unu

557 3229 738 3317 cognitionis
756 3231 898 3296 muana
917 3233 966 3296 est
984 3231 1034 3305 ia,
1049 3231 1134 3314 quoa
1144 3234 1193 3295 est
1201 3230 1341 3312 primum
1353 3231 1558 3313 cognoscibile
1574 3251 1665 3297 secun·

557 3343 632 3406 dum
651 3343 810 3405 namram.
831 3339 872 3404 Et
885 3337 971 3403 circa
989 3337 1165 3424 hujusmodi
1175 3339 1225 3402 est
1237 3337 1406 3420 capanna,
1422 3357 1492 3422 qua
1503 3341 1668 3404 connium

558 3448 685 3514 ultimus
709 3465 836 3522 causas,
864 3450 900 3510 ut
922 3446 1041 3510 dieitur
1070 3444 1120 3510 r.⁰
1145 3445 1385 3527 Mnapoysuor.
1414 3442 1502 3531 (cap.
1537 3465 1548 3512 1
1578 3457 1610 3512 et
1626 3444 1664 3530 ι).

557 3557 640 3622 unde
653 3549 1016 3642 convenienterjudicat,
1032 3555 1064 3617 et
1074 3553 1252 3619 ordinatae
1268 3553 1427 3628 omnibus,
1440 3553 1665 3640 quiajadiciun

553 3663 723 3749 pennatum
741 3664 775 3728 et
787 3661 965 3728 universale
990 3660 1098 3726 haberi
1113 3679 1175 3725 non
1189 3664 1292 3742 potest
1312 3660 1378 3724 nisi
1393 3667 1455 3742 per
1478 3663 1665 3727 resounonn

559 3773 604 3838 ad
614 3769 737 3853 primas
754 3788 878 3835 causas.
899 3771 954 3834 Aa
971 3767 1007 3833 id
1017 3786 1107 3843 vero,
1123 3769 1207 3852 quod
1217 3771 1267 3833 est
1279 3767 1424 3834 ultimum
1437 3767 1473 3833 in
1491 3769 1548 3834 boc
1564 3772 1612 3834 oei
1622 3771 1665 3833 itta

560 4001 837 4016 ——n—-n-

596 4135 637 4198 (1)
674 4129 989 4200 Cor.,cap.3,v.10·

596 4226 637 4288 (2)
674 4240 700 4277 2·
717 4237 786 4290 Ν·
803 4235 932 4292 nra-1·
1325 4225 1341 4260 θ

597 4315 637 4382 (3)
675 4308 746 4367 lbid.

597 4404 637 4478 (4)
675 4397 739 4456 Lib.
755 4399 773 4456 6
786 4399 930 4468 Etbicor„
944 4419 1006 4470 cap.
1022 4417 1054 4466 a,
1069 4416 1151 4469 seqq.
1167 4411 1196 4455 et
1209 4396 1260 4455 lib.
1277 4397 1474 4471 Metapltisic„
1486 4419 1548 4468 cap.
1567 4420 1589 4456 ι.

598 4493 638 4558 (ς)
675 4487 794 4557 Suarez,
808 4487 883 4560 disp.
896 4488 977 4555 Met„
992 4509 1015 4555 r,
1029 4483 1097 4544 sict.
1108 4505 1133 4558 ς,
1149 4507 1179 4545 n.
1195 4509 1222 4560 7.
1234 4485 1296 4544 cfr.
1307 4485 1399 4544 dehis
1410 4486 1532 4544 Cardia.
1545 4486 1664 4560 Aguirre.

562 4579 784 4654 Disputationes
798 4578 911 4635 setecrae
924 4576 955 4632 in
971 4577 1113 4653 Logicam
1132 4585 1161 4634 et
1175 4576 1410 4650 Metaplrisicam,
1425 4577 1538 4653 Logia,
1553 4591 1629 4634 tract.
1645 4597 1661 4635 r.

563 4667 639 4740 disp.
658 4688 685 4736 r,
698 4680 767 4724 sect.
783 4687 816 4736 a,
832 4686 861 4723 n.
881 4685 928 4738 14,
946 4684 987 4734 ις.

599 4759 640 4830 (6)
676 4757 759 4817 Text.
775 4757 966 4816 Comm.2et
980 4777 1005 4829 3.
