3492 5525
573 488 634 559 450
694 474 818 540 Loorcx
832 473 1061 551 Maiore-Lm.
1081 492 1150 556 ψ,
1166 478 1256 543 Dese.
1273 492 1315 545 r.·
1330 480 1408 546 Cre.
1427 494 1500 563 3³¹⁵*

534 658 675 733 caeteris,
695 657 819 743 sivero
836 656 871 725 in
890 658 1014 742 primo,
1030 658 1081 727 vel
1100 659 1133 727 in
1152 660 1298 727 secundo
1315 640 1365 728 ve'l
1385 662 1506 745 quovis
1526 658 1643 726 aliode-

406 758 411 769 '
535 764 620 830 lrclat
638 764 758 843 sessi0,
780 768 857 833 lalsa
872 776 923 832 est
944 767 1123 853 propositio
1137 788 1196 851 pro
1211 768 1265 834 illo
1277 768 1428 844 instanti,
1451 770 1527 835 licet
1544 768 1644 833 verite

535 880 602 939 tem
618 873 735 940 habeat
754 874 787 940 in
807 874 915 959 aliquo
934 876 997 941 allo
1011 876 1161 954 instanti,
1180 875 1212 943 in
1228 895 1295 961 quo
1315 878 1430 943 Petrus
1441 877 1547 943 sedet.

602 969 927 1050 meesz‘secundum
948 984 1242 1072 hancdoctrinam,
1264 985 1459 1070 propositio:
1480 986 1590 1051 Petrus
1604 1004 1644 1049 se-

535 1091 602 1167 det,
634 1098 777 1157 mutaret
801 1089 1073 1175 significationem
1095 1101 1128 1156 et
1150 1090 1332 1176 objectum,
1364 1093 1527 1175 siquidem
1558 1092 1645 1157 modo

536 1196 698 1282 significat
717 1200 848 1263 Petrum
863 1198 976 1264 sedere
991 1216 1050 1284 pro
1062 1198 1168 1283 primo
1183 1198 1333 1277 instanti,
1351 1200 1453 1266 modo
1466 1218 1526 1283 pro
1542 1217 1647 1266 secun·

536 1305 579 1371 do
610 1314 673 1371 etc.
703 1304 804 1388 Atqui
834 1316 913 1371 tunc
941 1307 1119 1390 propositio
1146 1307 1288 1374 variatur
1315 1308 1547 1389 essentialiter;
1574 1308 1647 1372 sicut

537 1413 719 1479 secundum
741 1431 801 1479 nos
824 1413 1022 1507 variaretur,
1037 1414 1065 1479 si
1080 1415 1180 1481 modo
1194 1413 1390 1499 significaret
1409 1434 1479 1480 rem
1500 1434 1558 1499 pro
1576 1434 1647 1499 prar-

537 1518 635 1603 senti,
651 1532 683 1587 et
708 1528 820 1604 postea
840 1537 898 1604 pro
923 1521 1032 1586 luturo
1051 1522 1102 1587 vel
1122 1522 1298 1606 praeterito.
1319 1522 1404 1606 Ergo
1428 1541 1496 1587 non
1517 1522 1574 1587 erit
1587 1524 1645 1606 jam
1716 1544 1718 1584 ;

539 1626 652 1693 eadem
664 1628 871 1713 propositio,
893 1646 967 1711 quae
983 1629 1024 1694 de
1048 1649 1124 1694 vera
1143 1630 1257 1696 transit
1276 1630 1309 1694 in
1329 1630 1457 1695 falsam.

604 1740 777 1818 Respond.
800 1734 942 1801 Diversis
968 1722 1075 1802 modis
1101 1738 1235 1803 solvunt
1258 1746 1409 1804 auctores
1435 1745 1556 1802 nostrae
1581 1752 1649 1801 sen·
1716 1763 1718 1770 >

538 1844 648 1909 tentiae
688 1845 771 1909 hanc
808 1842 1046 1910 difficultatem.
1086 1842 1148 1909 Alii
1181 1844 1367 1911 concedunt
1402 1844 1646 1928 propositionem
1716 1895 1717 1898 ,

445 1970 446 1974 ’
539 1950 625 2015 illam
646 1959 773 2016 mutare
791 1950 959 2035 objectum
980 1952 1160 2028 materiale,
1176 1952 1267 2035 quod
1280 1961 1392 2017 tamen
1408 1970 1475 2017 non
1489 1950 1648 2035 attingitur
1716 1978 1718 1988 ν

539 2058 579 2124 ab
598 2058 651 2123 illa
669 2058 835 2143 explicite,
856 2058 913 2123 sed
932 2058 1086 2143 implicite
1104 2042 1291 2142 dumtaxat;
1309 2079 1386 2125 nam
1405 2059 1554 2143 explicite
1570 2077 1650 2125 sem·

541 2183 598 2250 per
621 2166 708 2231 idem
731 2166 827 2231 refert
855 2166 908 2232 illa
933 2166 1129 2251 propositio,
1152 2187 1270 2253 nempe
1292 2167 1458 2233 sessionem
1477 2186 1562 2234 nunc
1573 2174 1648 2248 pru-

538 2276 671 2349 sentem,
688 2282 720 2339 et
732 2273 889 2358 'implicite
904 2273 1054 2359 designat
1069 2275 1250 2341 successive
1265 2275 1352 2341 varia
1365 2273 1531 2342 instantia.
1547 2272 1650 2339 Simile

539 2381 694 2465 quiddam
714 2383 806 2465 ajunt
824 2380 1013 2467 contingere
1032 2394 1104 2449 tum
1124 2380 1157 2448 in
1176 2382 1263 2459 aliis,
1284 2391 1356 2448 tum
1376 2384 1409 2448 in
1429 2384 1490 2447 hac
1516 2381 1652 2465 proposi·

540 2490 652 2574 tione:¹
677 2488 776 2554 Homo
802 2489 920 2566 currit,
954 2506 1028 2573 quae
1057 2490 1130 2554 licet
1157 2490 1306 2574 explicite
1337 2499 1370 2556 et
1399 2491 1525 2575 signate
1553 2507 1650 2554 unum

541 2598 694 2681 idemque
713 2596 810 2662 habet
829 2596 1012 2681 objectum,
1029 2615 1130 2662 unam
1143 2598 1360 2680 eamdemque
1372 2596 1650 2683 significationem,

539 2705 695 2791 implicite
714 2712 824 2770 tamen
845 2703 945 2769 modo
964 2702 1124 2789 significat
1142 2705 1288 2782 Petrum,
1309 2705 1410 2785 modo
1428 2705 1579 2786 Paulum,
1601 2712 1652 2768 aut

541 2815 639 2880 aliurn
659 2812 828 2897 quemvis,
850 2822 947 2896 prout
971 2829 1086 2878 cursus
1112 2813 1154 2877 de
1181 2813 1265 2879 lacto
1285 2812 1469 2879 verificetur
1495 2813 1526 2878 in
1551 2812 1651 2885 Petro,

541 2923 657 2998 Paulo,
677 2922 728 2987 vel
746 2921 809 2985 alio
828 2919 957 3003 quovis.

508 3051 509 3058 ¹
608 3027 671 3098 Alii
691 3046 768 3094 vero
788 3036 912 3113 negant
934 3026 1205 3112 significationem
1230 3027 1343 3093 variari
1362 3027 1395 3093 in
1415 3028 1568 3113 praedicta
1586 3046 1655 3111 pro·

543 3136 703 3221 positione
722 3136 790 3201 sive
809 3133 960 3218 explicite
982 3133 1171 3201 sive-etiam
1200 3134 1371 3220 implicite,
1397 3137 1454 3202 sed
1477 3135 1653 3201 concedunt

536 3243 663 3310 'mutari
689 3241 923 3308 verificativum
948 3243 1189 3327 propositionis.
1217 3245 1301 3310 Nam
1327 3243 1505 3327 propositio
1531 3261 1655 3326 semper

542 3349 703 3437 significat
721 3350 827 3428 idem,
849 3369 968 3436 nempe
986 3350 1168 3417 sessionem
1187 3352 1287 3429 Petri,
1310 3363 1376 3417 non
1395 3351 1587 3435 praeteritam
1603 3359 1655 3415 aut

543 3461 703 3536 suturam,
730 3458 787 3524 sed
816 3477 903 3525 nunc
927 3462 1125 3541 presentem,
1150 3477 1207 3525 seu
1231 3459 1477 3525 cdexistentiam
1506 3458 1655 3526 sessionis

542 3585 617 3632 cum
637 3565 724 3652 ipsa,
745 3566 897 3650 quamvis
914 3565 966 3630 illa
983 3567 1196 3633 coexistentia
1214 3566 1369 3632 verificari
1389 3566 1493 3649 possit
1509 3567 1606 3632 modo
1624 3566 1654 3630 in

434 3749 435 3754 ,
544 3693 610 3741 uno
628 3673 778 3750 instanti,
796 3675 896 3740 modo
911 3673 943 3739 in
961 3674 1042 3740 alio:
1058 3675 1145 3740 unde
1160 3673 1352 3758 significatio
1368 3693 1404 3740 ac
1419 3673 1655 3759 repraesentatio

542 3780 773 3866 propositionis
786 3798 917 3873 semper
935 3783 1048 3848 eadem
1067 3790 1133 3857 est,
1152 3781 1212 3848 sed
1232 3781 1373 3847 variatur
1389 3781 1575 3847 verilicatio.
1591 3780 1656 3844 lloc
1716 3838 1718 3871 Ι

542 3897 638 3972 pacto
666 3889 692 3954 si
722 3889 795 3972 quis
819 3889 920 3955 dicat:
941 3889 995 3954 Ab
1021 3889 1097 3954 lora
1123 3908 1208 3954 nona
1233 3891 1277 3955 ad
1300 3889 1452 3954 decimam
1478 3907 1541 3954 non
1562 3890 1659 3954 decrit
1716 3878 1718 3948 l

541 3997 658 4081 aliquis
674 3997 732 4081 qui
746 4000 814 4062 oret
829 3996 864 4060 in
879 3995 1015 4062 Ecclesia
1019 4017 1033 4078 ;
1045 3995 1197 4080 quamvis
1218 3996 1249 4061 in
1268 3996 1374 4081 primo
1392 3997 1571 4080 quadrante
1589 4005 1657 4061 oret

543 4106 673 4182 Petrus,
693 4103 725 4170 in
746 4105 845 4170 altero
866 4105 1001 4180 Paulus,
1018 4105 1051 4169 in
1066 4104 1162 4170 tertio
1175 4105 1316 4186 loannes
1334 4114 1367 4170 et
1385 4104 1419 4170 in
1437 4113 1553 4189 quarto
1569 4105 1658 4169 Fran·

542 4212 662 4278 ciseus:
676 4209 868 4296 significatio
883 4211 1016 4295 quidem
1030 4211 1259 4296 propositionis
1272 4213 1386 4277 eadem
1402 4221 1468 4289 est,
1485 4212 1656 4279 verificatlo
1716 4224 1718 4305 ξ

543 4331 653 4387 tamen
664 4319 790 4386 diversa
801 4338 859 4405 pro
872 4319 1010 4406 singulis
1025 4323 1112 4386 horae
1126 4320 1362 4404 quadrantibus
1375 4317 1440 4408 (r).
1456 4319 1521 4386 Sed
1537 4337 1655 4394 vereor,
1716 4318 1718 4405 l

545 4447 585 4492 ne
608 4428 669 4494 ista
688 4427 856 4494 subtiliora
874 4427 957 4506 sint,
978 4448 1078 4513 quam
1102 4427 1203 4494 utilia.
1226 4426 1353 4513 ltaque,
1379 4430 1436 4512 qui
1460 4431 1553 4514 plura
1569 4427 1655 4502 velit,
1716 4416 1718 4489 ἶ

543 4535 637 4600 adeat
655 4535 772 4603 citatos
789 4545 951 4602 auctores.
1716 4520 1718 4535 '

578 4773 619 4838 (r)
655 4765 1114 4846 Videdehieiusedieputantem
1123 4766 1305 4829 Ludovicum
1316 4768 1525 4844 Leueade‚loc.
1537 4768 1657 4841 etseq.
1716 4774 1718 4847 l
