3492 5525
564 484 623 555 354
754 472 879 538 Lootcrt
898 470 1152 537 Minore-Drsn.
1175 485 1219 555 3.·
1240 472 1319 537 Cap,
1344 486 1416 558 μω

589 650 637 716 De
664 652 864 739 syllogismis
884 652 1130 739 ‘exponibilibus
1147 650 1312 737 optimum
1336 651 1508 719 consilium
1534 653 1643 729 luerit,

453 810 457 818 .
523 765 573 835 nt,
589 758 790 845 ubicumque
802 770 949 827 occurrat
960 778 1056 829 casus
1067 758 1243 838 difficilior,
1261 760 1440 845 propositio
1451 760 1646 844 exponibilis

523 866 628 953 logice
646 868 826 937 resolvatur
844 868 877 935 in
896 868 992 935 aliam
1011 876 1120 955 aperte
1138 866 1369 951 compositam,
1390 868 1572 934 secundum
1587 868 1647 933 do-

522 973 660 1040 ctrinam
679 978 828 1061 superius
845 977 1011 1044 traditam.

619 1134 639 1225 5
658 1135 936 1207 lV.-Rcoucno
954 1120 1224 1205 svttootsnonun
1247 1152 1542 1204 nveornerrconun

937 1264 979 1313 ao
995 1260 1228 1313 careoortrcun.

572 1402 644 1491 167.
692 1405 739 1472 Ex
765 1406 859 1473 dictis
878 1408 1014 1493 colliges
1037 1406 1245 1473 essentialem
1268 1402 1484 1471 differentiam
1511 1404 1645 1489 syllogi-

520 1513 586 1579 smi
603 1514 774 1599 categorici
787 1525 887 1598 atque
907 1515 1118 1601 hypothetici.
1140 1513 1225 1579 Suas
1238 1512 1327 1578 enim
1343 1511 1485 1596 quisque
1499 1511 1646 1595 proprias

520 1638 559 1685 ac
575 1621 838 1689 distinctissimas
853 1623 952 1687 habet
970 1621 1092 1706 liguras
1121 1629 1154 1686 et
1178 1620 1313 1695 modos,
1338 1638 1465 1703 suaque
1490 1618 1646 1703 principia

520 1736 554 1793 et
572 1730 712 1813 regulas.
734 1730 878 1796 Medium
893 1747 1033 1814 guoque
1051 1747 1109 1795 seu
1128 1736 1361 1815 argumentum
1374 1727 1511 1793 diversae
1526 1726 1645 1792 indolis

519 1844 587 1912 est,
609 1836 737 1902 namin
766 1838 978 1925 hypothetico
997 1852 1110 1921 reapse
1126 1854 1193 1902 non
1212 1837 1307 1903 datur
1322 1835 1450 1900 medius
1467 1833 1642 1909 terminus,

519 1942 605 2009 sicut
627 1943 660 2009 in
678 1945 879 2031 categorico:
911 1942 969 2010 sed
999 1946 1088 2011 vices
1119 1944 1217 2011 medii
1247 1942 1376 2009 termini
1401 1942 1486 2027 gerit
1516 1940 1645 2025 integra

519 2049 628 2136 aliqua
651 2053 828 2137 propositio
846 2053 1044 2137 categorica,
1070 2069 1145 2136 quae
1166 2069 1238 2135 pars
1257 2060 1307 2118 est
1326 2050 1458 2115 alterius
1482 2049 1646 2135 hypothe-

518 2159 603 2224 tice.
622 2158 733 2230 Quare
750 2160 952 2247 syllogismi,
982 2160 1051 2227 sive
1079 2160 1332 2235 conditionales,
1352 2159 1422 2225 sive
1440 2156 1643 2241 disjunctivi,

519 2266 588 2331 sive
606 2268 794 2350 copulativi,
815 2286 899 2353 opus
918 2287 984 2335 non
1004 2267 1126 2334 habent
1145 2267 1331 2333 reductione
1359 2266 1400 2330 ad
1427 2265 1643 2350 categoricos,

519 2384 555 2439 ut
574 2375 769 2458 probentur,
789 2395 865 2441 cum
880 2378 949 2443 suis
958 2378 1121 2462 gaudeant
1141 2374 1320 2459 principiis,
1334 2373 1420 2439 unde
1436 2372 1646 2438 infallibiliter
1729 2452 1730 2461 ἵ

517 2482 797 2551 demonstrentur.
817 2484 1037 2550 Nihilominus
1059 2493 1199 2568 possunt
1213 2499 1347 2565 quoque
1366 2480 1508 2546 revocari
1527 2480 1570 2544 ad
1591 2498 1646 2544 ca·

518 2590 697 2676 tegoricos,
718 2602 818 2676 atque
833 2593 915 2658 adeo
930 2610 1049 2659 novam
1068 2590 1382 2658 demonstrationem
1397 2588 1555 2672 accipere.

445 2738 459 2767 0
584 2694 823 2785 conjunctivus
842 2720 879 2767 ac
897 2700 1113 2786 disjunctivus
1132 2698 1280 2784 proxime
1299 2707 1492 2764 revocantur
1505 2698 1547 2762 ad
1560 2714 1643 2763 con-

518 2805 724 2886 ditionalem,
745 2810 972 2876 conditionalis
987 2822 1097 2876 autem
1114 2811 1153 2874 ad
1181 2809 1420 2893 categoricum,
1447 2815 1480 2870 et
1505 2805 1552 2871 sic
1570 2815 1645 2871 tan-

516 2915 593 2981 dem
613 2917 722 2982 omnis
740 2917 952 3004 syllogismus
972 2925 1079 3002 potest
1098 2935 1139 2982 ex
1159 2915 1333 3000 categorici
1351 2915 1479 3000 legibus
1498 2933 1534 2978 ac
1554 2914 1646 2998 prin·

516 3020 608 3106 cipiis
627 3026 706 3109 regi.

581 3129 666 3199 Sane
685 3133 863 3218 propositio
886 3137 1070 3220 copulativa
1090 3135 1240 3221 negativa
1259 3153 1317 3201 seu
1345 3131 1553 3218 conjunctiva
1573 3135 1644 3198 evi-

515 3239 631 3307 denter
647 3241 820 3326 aequivalet
838 3244 1066 3322 conditionali,
1086 3245 1179 3329 cujus
1202 3243 1399 3310 antecedens
1418 3243 1468 3308 vel
1494 3241 1642 3309 conditio
1728 3301 1729 3310 .

515 3359 603 3416 esset
617 3367 721 3418 unum
736 3371 754 3416 e
768 3353 926 3418 membris
939 3353 1144 3437 copulativae,
1161 3345 1367 3437 conseouens
1383 3369 1459 3416 vero
1476 3350 1546 3416 sive
1560 3369 1645 3416 con·
1728 3389 1729 3394 .

515 3457 710 3524 ditionatum
729 3471 816 3526 esset
834 3461 974 3526 alterum
994 3461 1182 3527 membrum
1202 3477 1278 3526 cum
1299 3460 1471 3544 negatione
1489 3457 1639 3544 praefixa.

516 3563 558 3632 V.
578 3585 612 3651 g.
633 3566 756 3634 dicere:
776 3570 875 3636 Nemo
890 3572 992 3650 potest
1012 3570 1080 3635 Deo
1096 3569 1216 3635 servire
1237 3587 1275 3634 ac
1292 3585 1492 3648 mammeam·
1506 3568 1643 3652 perinde

514 3680 583 3747 est,
604 3692 640 3739 ac
657 3675 779 3741 dicere:
800 3675 838 3740 Si
854 3677 925 3761 quir
942 3677 1040 3742 seruit
1057 3677 1144 3754 Deo,
1164 3693 1227 3742 nort
1244 3677 1344 3742 servit
1358 3693 1558 3742 mmnwnoe:
1575 3681 1643 3743 vel:

514 3779 553 3846 st
564 3781 635 3866 quis
652 3783 753 3848 servit
765 3801 963 3860 mammone,
984 3804 1047 3850 non
1065 3784 1165 3850 servit
1180 3785 1258 3850 Deo.
1280 3785 1316 3848 Et
1334 3785 1380 3850 sic
1406 3785 1496 3870 argui
1516 3793 1639 3868 potest,

513 3887 598 3954 sicut
624 3891 771 3975 arguitur
798 3889 832 3955 in
859 3889 957 3958 simili
977 3893 1078 3958 modo
1102 3877 1386 3959 conditionalium.
1419 3891 1513 3959 Ratio
1543 3911 1643 3976 porro

514 3998 612 4081 hujus
631 3998 832 4064 reductionis
849 4009 977 4065 constat
998 4019 1039 4066 ex
1058 4000 1233 4084 copulativi
1253 3999 1439 4087 syllogismi
1459 4009 1586 4066 natura.

573 4103 802 4190 -Disjunctivus
825 4125 962 4190 quoque
981 4106 1183 4174 convertitur
1207 4109 1298 4173 facile
1318 4107 1350 4173 in
1369 4105 1638 4188 conditionalem,
1727 4175 1728 4208 ἶ

512 4210 676 4294 siquidem
696 4214 875 4298 propositio
895 4215 1090 4300 disjunctiva
1110 4216 1205 4281 valde
1223 4213 1331 4281 affinis
1350 4225 1399 4281 est
1414 4215 1638 4283 condrtionali.

513 4318 573 4384 Vel
593 4319 681 4386 enim
700 4321 845 4387 continet
864 4322 1119 4408 disjunctionem
1148 4322 1310 4407 propriam
1332 4323 1382 4388 vel
1411 4322 1637 4407 impropriam.

513 4426 547 4492 si
561 4429 738 4512 propriam,
750 4429 929 4526 propositio
940 4432 1043 4515 major
1052 4428 1237 4516 disjunctivi
1250 4431 1444 4516 syllogismi,
1454 4431 1639 4497 secundum

513 4544 687 4618 utramque
712 4535 872 4621 figuram,
902 4539 1042 4604 formam
1070 4539 1323 4606 conditionalem
1353 4539 1487 4604 induere
1511 4547 1638 4623 potest,

510 4650 545 4707 et
558 4642 691 4725 quidem
707 4643 803 4710 variis
818 4644 939 4732 modis,
957 4655 1054 4730 prout
1077 4663 1181 4712 unum
1198 4654 1254 4712 aut
1276 4647 1414 4714 alterum
1436 4667 1454 4714 e
1479 4639 1639 4717 m'embris

510 4749 634 4816 assurm
666 4759 775 4836 potest
801 4770 861 4836 pro
894 4755 1107 4822 antecedente
1124 4754 1359 4822 conditionate
1385 4752 1635 4840 propositionis,
1726 4843 1727 4848 Ἰ
