3492 5525
397 452 513 517 harre.
537 466 588 517 an
620 450 672 517 De
692 468 824 517 suone
844 468 1032 517 rserruouu
1178 448 1238 533 6¹5

196 644 270 715 129,
298 628 504 712 Laterum,
541 630 617 697 licet
651 628 765 695 rationi
792 630 907 695 cedere
933 630 1161 698 auctoritatem
1190 632 1280 717 apud
1328 646 1453 691 aaaron„

148 736 313 822 sapientes
333 756 468 822 aequum
488 745 551 813 est,
574 736 711 803 minime
736 745 849 803 tamen
873 737 1047 805 auctoritas
1069 738 1202 805 etiarna
1226 757 1279 807 sa-
1291 724 1496 844 fflfflss„

149 842 314 929 pientibus
330 845 497 911 contemni
516 844 629 920 debet,
659 844 718 911 sed
745 862 879 929 semper
906 846 939 911 in
967 845 1072 930 pretio
1095 857 1129 914 et
1152 847 1278 914 honore
1310 850 1494 943 aereaere·

150 952 277 1033 haberi;
294 952 466 1037 presertim
485 951 511 1018 si
531 970 641 1019 sermo
655 950 698 1020 sit
716 952 758 1019 de
777 952 925 1019 doctrina
942 954 1067 1038 aliqua,
1087 968 1190 1038 quam
1210 972 1279 1022 non
1352 932 1430 977 ‘'⁰⁶¹¹''

149 1076 236 1126 unus
251 1068 308 1127 aut
322 1061 413 1137 alter,
430 1060 489 1127 sed
499 1061 609 1145 plures
623 1060 736 1145 magni
751 1059 895 1128 nominis
910 1059 1067 1127 Doctores
1079 1060 1277 1139 sustineant,

151 1168 324 1252 multoque
344 1168 449 1254 magis
467 1168 494 1234 si
514 1167 716 1235 diversarum
735 1168 801 1234 sint
827 1166 872 1233 illi
892 1167 1105 1244 scholarum,
1125 1177 1160 1234 et
1184 1169 1212 1237 si
1231 1188 1280 1235 ra·

149 1276 271 1351 tiones,
295 1274 417 1359 quibus
434 1274 509 1359 quis
528 1276 672 1341 maxime
690 1276 723 1341 in
741 1274 942 1341 contrarium
961 1286 1191 1363 permovetur,
1211 1294 1278 1344 non

153 1384 286 1467 penitus
304 1383 366 1449 illis
380 1382 548 1461 latuerint,
566 1382 625 1450 sed
650 1400 804 1467 expensa
824 1382 944 1451 luerint
965 1402 1001 1449 ac
1019 1383 1105 1449 serio
1128 1384 1281 1451 conside-

152 1500 243 1557 ratae.
262 1490 363 1563 Quod
377 1492 404 1557 si
418 1491 607 1557 communis
622 1490 717 1557 luerit
734 1491 839 1574 aliqua
855 1490 1016 1557 sententia
1031 1492 1119 1575 apud
1131 1499 1281 1557 auctores

150 1598 250 1665 etiam
270 1598 472 1665 diversarum
494 1597 704 1674 Scholarum,
719 1598 751 1665 id
770 1598 899 1675 solum,
919 1600 1017 1665 etiam
1038 1597 1171 1683 praecisa
1188 1600 1280 1665 omni

151 1706 291 1789 positiva
305 1717 337 1773 et
356 1706 528 1773 intrinseca
546 1706 687 1782 ratione,
705 1704 853 1773 sufficere
868 1706 998 1772 videtur
1015 1707 1058 1771 ad
1074 1707 1278 1773 fundandum

150 1832 324 1881 assensum
357 1812 569 1899 probabilem.
600 1814 714 1896 Neque
739 1814 831 1879 enim
863 1814 954 1879 facile
979 1812 1048 1879 lieri
1082 1820 1209 1899 potest,
1243 1822 1280 1878 ut

150 1940 271 1989 omnes
285 1921 345 1989 viri
360 1922 446 1989 docti
461 1922 622 1988 variarum
636 1928 788 1998 aetatum,
805 1920 1031 2006 ingeniomm,
1046 1922 1232 1989 studiorum
1246 1929 1281 1987 et

154 2029 344 2107 nationum,
365 2036 421 2096 aut
441 2028 692 2105 hallucinentur,
716 2038 772 2095 aut
791 2027 945 2114 passione
966 2027 1179 2113 abripiantur.
1205 2028 1280 2095 Non
1379 2084 1384 2094 .

152 2156 232 2224 ergo
248 2136 338 2203 lacile
360 2137 579 2203 recedendum
591 2143 641 2202 est
656 2155 674 2201 a
689 2135 922 2203 communibus
935 2135 1129 2202 Scholarum
1148 2143 1281 2202 senten·

117 2238 119 2243 ’
152 2246 224 2323 tiis,
243 2244 304 2310 nisi
319 2246 401 2311 lorte
416 2244 607 2331 gravissima
621 2244 729 2328 aliqua
742 2254 776 2310 et
790 2243 925 2310 evidens
939 2243 1021 2309 ratio
1035 2244 1068 2310 in
1080 2242 1279 2310 contrarium

151 2360 323 2437 suppetat,
344 2352 395 2418 vel
424 2350 484 2418 nisi
504 2370 591 2417 novo
615 2352 725 2434 aliquo
753 2350 889 2417 invento
916 2351 1038 2419 salsitas
1065 2350 1194 2417 illarum
1222 2352 1279 2415 de-

152 2467 365 2527 monstretur.
388 2460 422 2525 ld
440 2459 531 2541 quod
557 2477 598 2524 eo
617 2459 737 2543 aegrius
763 2458 954 2543 tardiusque
982 2459 1086 2525 lacere
1112 2458 1278 2549 convenit,

150 2586 219 2651 quo
251 2566 369 2633 melius
400 2566 584 2632 tristissima
615 2565 813 2649 experientia
839 2567 1059 2632 recentiorum
1090 2575 1279 2651 temporum

152 2675 325 2750 novimus,
345 2692 447 2757 quam
467 2674 509 2741 ¹sit
528 2657 671 2739 humana
696 2692 790 2739 mens
809 2692 957 2739 errorum
977 2673 1279 2758 deceptionumque
1325 2718 1336 2738 .
1435 2682 1441 2692 '

150 2782 297 2849 ludibriis
326 2783 389 2848 sub
415 2781 585 2847 evidentiae
613 2781 723 2866 specie
747 2780 901 2847 obnoxia.
933 2780 1085 2847 Vidimus
1112 2782 1279 2847 enimvero

152 2891 335 2956 novitatum
360 2889 508 2965 libidine,
534 2889 653 2973 partim
677 2889 789 2953 elireni
808 2890 971 2975 cogitandi
995 2887 1140 2978 licentia,
1161 2889 1278 2974 partim

149 2996 350 3063 auctoritatis
365 2995 633 3080 antiquitatisque
653 2997 818 3082 neglectu,
840 2998 958 3080 partim
979 2997 1105 3081 Logicae
1124 3016 1161 3061 ac
1179 2997 1280 3062 Meta-

150 3104 295 3192 physicae
315 3104 479 3170 oblivione
506 3123 543 3168 ac
568 3103 702 3188 proinde
729 3102 917 3187 turpissima
935 3103 1118 3188 ignorantia
1137 3102 1277 3179 elenchi,

147 3213 295 3280 absurda
313 3212 434 3297 passim
454 3209 486 3275 in
506 3211 595 3278 libris
615 3221 647 3277 et
666 3210 793 3296 scriptis
817 3209 985 3276 dominata
1013 3229 1085 3277 esse
1108 3211 1276 3297 dogmata,
1306 3222 1310 3236 ·

153 3329 187 3386 et
215 3315 424 3406 grauissimas
449 3317 611 3402 quasdam
638 3316 801 3385 doctrinas
819 3337 838 3382 a
856 3317 977 3384 scholis
1000 3317 1167 3384 catholicis
1199 3335 1280 3384 exu-

152 3429 254 3504 lasse,
275 3445 350 3510 quae
369 3443 552 3509 numquam
567 3427 698 3492 exulare
717 3426 924 3503 debuissent,
942 3443 1085 3510 quaeque
1097 3426 1140 3491 ab
1154 3425 1280 3510 aliquot

147 3537 220 3621 jam
241 3534 335 3600 annis
355 3553 422 3600 non
441 3533 512 3599 sine
530 3533 655 3618 ingenti
675 3535 785 3600 labore
804 3542 836 3599 et
864 3532 1045 3610 alacritate,
1073 3532 1279 3600 hortantibus

152 3641 312 3708 Romanis
342 3639 572 3724 Pontificibus,
607 3640 838 3725 plaudentibus
870 3640 983 3717 bonis,
1021 3658 1099 3707 cum
1133 3639 1279 3706 maximo

152 3747 338 3816 divinarum
357 3757 457 3831 atque
475 3749 694 3814 humanarum
714 3749 894 3816 litterarum
908 3748 1087 3816 commodo
1105 3749 1279 3814 ethonore

154 3857 300 3942 pristinae
319 3854 467 3941 dignitati
488 3855 614 3924 restitui
628 3865 808 3940 caeperunt.

207 4089 280 4156 ¹³0·
327 4068 570 4138 Conoccnnrun.
591 4070 700 4137 Disces
724 4071 815 4149 hinc,
844 4072 923 4156 quid
946 4071 1153 4138 sentiendum
1177 4069 1220 4138 sit
1236 4070 1278 4137 de
1330 4155 1334 4164 Ι
1362 4101 1422 4159 Qu

153 4179 286 4245 illorum
306 4175 476 4261 opinione,
498 4179 554 4261 qui
579 4185 701 4264 negant
723 4197 796 4246 esse
819 4198 918 4264 posse
937 4175 1280 4264 probabilitatem'ex-
1305 4175 1480 4258 “liudwit

153 4285 331 4352 trinsecam
356 4285 427 4350 sine
454 4285 643 4362 intrinseca,
674 4288 756 4354 tanti
784 4286 884 4386 enim
903 4288 1008 4353 valere
1035 4284 1275 4363 auctoritatem,
1290 4247 1495 4364 mmffif‘bssp

153 4392 269 4478 quanti
288 4393 398 4458 valent
418 4391 578 4471 rationes,
597 4392 717 4477 quibus
740 4394 872 4460 fulcitur
890 4393 1134 4461 testimonium:
1153 4411 1220 4477 qua
1238 4393 1279 4458 de
1325 4391 1459 4438 “tm

155 4521 195 4570 ro
212 4497 358 4566 nonnihil
376 4497 529 4582 superius
544 4499 713 4567 innuimus
724 4498 790 4588 (r).
814 4501 998 4568 Extrinseca
1015 4499 1223 4587 probabilitas
1245 4499 1279 4566 in

154 4671 411 4691 Μ

193 4735 236 4798 (ι)
272 4729 362 4790 Num,
377 4745 422 4802 40·
