3492 5525
520 487 637 551 Anne.
659 493 721 548 ψ
741 485 873 550 Drvrsro
1156 507 1214 574 217

129 594 450 614 ...n—2¹¹·—

127 695 200 743 suae
224 672 439 742 extensionis.
462 671 547 740 Cum
571 669 660 738 eninr
683 671 727 736 de
751 669 899 756 pluribus
924 672 1129 740 interioribus
1152 675 1254 758 possit

129 783 312 869 predicari,
328 782 455 848 nullum
470 798 586 847 eorum
600 779 750 846 exhaurit
763 779 991 847 extensionem
1010 799 1048 848 ac
1066 781 1255 866 praedicabi-

129 894 257 960 litatem
270 890 376 968 illius,
396 889 456 958 sed
480 886 592 954 omnia
617 889 716 955 simul
733 897 886 972 sumpta;
903 889 985 956 sicut
997 897 1106 956 totum
1127 893 1254 958 actuale

126 1011 205 1073 actu
218 1008 327 1084 partes
340 1016 418 1065 suas
429 1005 552 1081 aequat.
572 995 729 1062 Praeterea
742 995 827 1062 sicut
841 995 968 1062 actuale
982 1003 1103 1074 totum,
1120 999 1253 1081 quando

128 1110 161 1173 ln
181 1117 292 1192 partes
310 1124 388 1173 suas
405 1105 575 1181 scinditur,
602 1123 669 1171 non
689 1105 806 1170 retinet
828 1102 862 1170 in
877 1102 941 1170 illis
959 1102 1099 1189 singulis
1113 1105 1253 1172 totalita-
1378 1101 1381 1108 ’

127 1226 198 1280 tem
223 1231 338 1295 suam3
358 1215 402 1288 ila
420 1231 554 1297 quoque
577 1213 650 1278 idea
675 1210 884 1287 universalis,
907 1211 1011 1278 divisa
1033 1214 1065 1278 in
1088 1213 1250 1291 inferiora,

126 1321 349 1398 contrahitur,
369 1321 479 1400 necin
497 1319 559 1387 illis
567 1322 636 1407 jam
656 1321 773 1386 retinet
791 1319 962 1404 pristinam
982 1337 1077 1386 suam
1092 1323 1254 1388 extensio·

128 1449 221 1498 nem.
240 1429 374 1513 Propter
388 1429 446 1495 has
469 1447 548 1513 ergo
564 1427 731 1514 analogias
745 1444 823 1494 cum
837 1435 909 1494 toto
924 1427 1063 1504 actuali,
1074 1429 1165 1495 notio
1184 1429 1253 1496 uni-

126 1537 264 1606 uersalis
274 1535 457 1621 concipitur
468 1535 570 1602 instar
580 1535 682 1605 totius
694 1535 884 1619 cujusdam,
899 1543 933 1600 et
943 1534 1130 1603 nominatur
1139 1543 1254 1622 poten-

125 1647 224 1721 tiale,
241 1654 279 1710 ut
298 1653 486 1711 secernatur
500 1644 541 1708 ab
556 1643 686 1710 actuali.

194 1753 348 1819 lnleriora
365 1770 444 1819 vero
461 1751 615 1819 dicuntur
634 1759 742 1836 partes
753 1752 918 1838 sabjecta,
939 1753 1015 1835 quia
1030 1752 1160 1838 singula
1174 1765 1253 1821 sunt

126 1870 238 1945 partes
252 1859 470 1935 extensionis,
492 1879 550 1926 seu
563 1878 667 1926 unum
682 1876 814 1936 eorum,
826 1857 999 1942 dequibus
1013 1861 1103 1926 notio
1122 1861 1253 1928 univer-

125 1970 203 2035 salis
231 1967 398 2052 praedicari
425 1975 546 2052 potest.
585 1966 618 2033 ln
651 1965 878 2050 praedicatione
915 1984 1060 2050 namque
1101 1969 1250 2047 naturali,

124 2075 412 2161 quemadmodum
431 2076 582 2160 superius
595 2075 784 2151 docuimus,
811 2074 893 2141 ratio
912 2074 1125 2142 universalior
1143 2077 1250 2143 locum

124 2191 219 2251 tenet
247 2183 427 2268 praedicati,
460 2193 494 2250 et
525 2183 636 2250 minus
660 2182 852 2249 universalis
878 2201 937 2249 seu
965 2183 1107 2259 interior,
1141 2185 1250 2252 locum

124 2291 279 2378 subjecti.

196 2399 322 2468 Verum
348 2399 417 2465 haec
437 2399 609 2465 manifesta
627 2409 722 2476 sunt,
743 2399 1028 2482 quemadmodum
1049 2402 1147 2468 etiam
1163 2401 1253 2466 dille

124 2508 242 2575 tentiae
256 2507 344 2573 inter
360 2513 469 2573 totum
490 2493 614 2573 actuale
633 2516 666 2572 et
681 2507 869 2591 potentiale.
891 2507 974 2572 Nam
999 2509 1123 2575 actuale
1142 2520 1252 2593 partes

123 2617 213 2693 illas,
229 2615 263 2681 in
278 2632 362 2699 quas
376 2613 588 2698 dispescitur,
605 2623 678 2682 actu
693 2615 856 2692 continet,
867 2627 967 2698 atque
981 2635 1022 2682 ex
1037 2635 1149 2683 earum
1164 2636 1252 2683 com-

123 2725 225 2810 plexu
257 2722 410 2789 coalescit
441 2722 569 2789 realitas
593 2722 696 2800 illius,
725 2741 821 2790 secus
847 2741 927 2789 vero
951 2723 1144 2808 potentiale:
1175 2725 1251 2791 hinc

121 2833 253 2901 actuale
271 2840 380 2918 partes
394 2830 492 2923 habet
506 2830 689 2926 secundum
704 2849 799 2897 suam
826 2834 1175 2916 comprehensionem,
1196 2852 1252 2918 po-

121 2941 258 3009 tentiale
294 2948 406 3005 autem
437 2939 620 3005 secundum
657 2938 900 3006 extensionem.
931 2941 1088 3006 l’raeterea
1123 2939 1250 3027 integra

120 3047 267 3117 essentia
279 3045 386 3114 totlus
400 3044 585 3131 potentialis
605 3047 750 3112 salvatur
767 3045 799 3111 ln
815 3046 954 3132 singulis
974 3047 1133 3131 partibus;
1154 3067 1251 3115 secus

121 3174 204 3249 vero
218 3154 335 3222 accidit
347 3154 381 3220 in
394 3160 467 3221 toto
484 3152 617 3231 actuali,
635 3172 743 3237 neque
762 3154 850 3232 enirn
870 3174 904 3220 v.
926 3173 961 3239 g.
982 3154 1089 3220 anima
1108 3156 1250 3223 hominis

120 3272 174 3331 est
190 3265 311 3340 homo,
327 3280 387 3327 nec
404 3279 524 3345 corpus
538 3269 588 3327 est
606 3262 723 3328 homo:
744 3280 785 3327 ex
805 3280 873 3346 quo
892 3262 1041 3346 sequitur
1064 3281 1131 3329 non
1151 3282 1250 3347 posse

109 3384 232 3440 'totum
258 3370 383 3437 actuale
400 3369 563 3454 praedicari
591 3369 632 3434 de
654 3368 793 3455 singulis
817 3369 981 3454 partibus,
1003 3380 1113 3454 potest
1135 3380 1247 3437 autem

118 3488 234 3547 totum
251 3472 440 3563 potentiale

189 3586 316 3652 Deinde
333 3594 443 3651 totum
462 3584 589 3651 actuale
606 3584 762 3650 dividitur
779 3603 837 3669 per
855 3585 1016 3673 analysim
1040 3603 1099 3652 seu
1125 3588 1249 3653 resolu-
1325 3620 1329 3631 ·
1368 3618 1372 3629 ·

117 3697 250 3763 tionem
270 3712 308 3758 ac
326 3692 589 3777 segregationem
606 3692 768 3776 partium,
787 3713 806 3757 e
824 3692 986 3759 contrario
1004 3701 1113 3759 totum
1135 3704 1248 3779 poten·
1295 3692 1352 3811 ¹³2¹
1374 3707 1435 3736 ⁰⁰¹¹*

117 3804 197 3869 tiale
229 3819 289 3887 per
318 3800 500 3887 synthesim
519 3809 553 3866 et
574 3800 845 3887 aggregationem
872 3801 1008 3887 alicujus
1028 3812 1136 3878 actus,
1163 3803 1247 3870 sicut

115 3910 277 3978 dividitur
305 3926 412 3994 genus
451 3908 484 3973 in
516 3907 641 3993 species
673 3918 738 3992 ‘per
774 3908 990 3993 adjectionem
1025 3910 1246 3976 diffentiarum

114 4016 366 4104 specificarum,
392 4024 425 4081 et
443 4014 569 4099 species
596 4016 628 4080 in
647 4015 814 4082 individua
832 4036 891 4101 per
908 4015 1148 4100 appositionem
1169 4019 1249 4084 indi-

114 4126 303 4194 vidtralium
313 4121 584 4191 differentiarum.
596 4121 670 4189 ldeo
680 4124 770 4189 notio
779 4124 929 4209 generica
938 4125 1066 4208 proprie
1080 4126 1247 4208 loquendo

115 4254 187 4301 non
210 4230 368 4298 dividitur
390 4229 657 4306 indifferentias,
682 4230 740 4297 sed
760 4238 821 4313 per
842 4230 1039 4298 differentias
1064 4232 1099 4297 in
1122 4233 1246 4316 species

113 4342 242 4422 varias3
258 4339 334 4422 quia
345 4338 423 4404 nilril
432 4337 559 4423 proprie
577 4338 733 4405 dividitur
745 4338 780 4403 in
795 4357 849 4415 ea,
866 4356 942 4422 quae
954 4356 1019 4405 non
1035 4339 1246 4407 continentur

112 4454 146 4517 in
167 4450 246 4533 illo,
266 4445 458 4514 differentiae
475 4455 587 4513 autem
602 4446 779 4512 formaliter
791 4456 936 4530 sumptae
951 4465 1016 4513 non
1034 4446 1247 4515 includuntur

114 4560 147 4627 in
167 4574 312 4644 genere,
332 4554 392 4621 sed
409 4554 451 4620 ab
466 4573 507 4620 eo
522 4556 663 4638 perfecte
675 4554 909 4639 praescindunt.

183 4661 338 4747 Denique
353 4672 466 4731 totum
487 4663 664 4749 potentiale
683 4663 727 4730 ita
744 4663 893 4729 sehabet
913 4663 955 4730 ad
968 4673 1077 4748 partes
1094 4663 1246 4751 subjecti-

111 4794 190 4855 vas,
211 4784 253 4841 ut
276 4775 328 4841 hae
346 4772 506 4839 rationem
527 4772 668 4838 habeant
690 4774 792 4839 totius
821 4772 952 4839 actualis
975 4779 1124 4858 respectu
1143 4773 1245 4858 ipsius

1284 3852 1310 3883 nc
1320 3838 1439 3895 polentiale
