3492 5525
362 459 476 525 Anrrc.
502 474 561 524 au·
581 456 633 523 De
653 478 786 524 vitoni:
807 478 998 525 resrtuourr
1146 458 1205 542 ⁶⁰7

123 647 268 714 medium
289 649 350 713 hoc
369 657 540 715 externum
560 647 797 732 cognoscendi,
818 647 1105 733 quemadmodum
1125 664 1248 730 expen-

121 756 232 821 dimus
250 754 283 820 in
302 753 458 840 superiori
475 754 580 839 capite
603 754 811 823 veracitatem
837 756 1027 822 facultatum
1051 752 1248 839 cognosciti-

122 881 253 928 varum.

190 970 313 1035 Verum
337 968 572 1053 disputandum
602 968 697 1035 nobis
717 987 782 1035 non
806 978 857 1035 est
875 970 916 1034 de
944 969 1046 1035 divini
1067 967 1257 1051 testimonii,
1286 981 1433 1026 sennenn

122 1076 328 1151 auctoritate,
358 1095 458 1159 quam
486 1084 613 1142 constat
640 1094 712 1143 esse
742 1094 877 1161 prorsus
900 1076 1119 1152 infallibilem,
1147 1083 1246 1157 atque
1272 1053 1446 1169 '‘ffifflm

123 1184 208 1249 idem
237 1182 336 1249 etiam
364 1182 540 1248 dicendum
567 1192 616 1249 est
643 1183 684 1248 de
712 1183 903 1249 testimonio
931 1183 1096 1261 Ecclesiae,
1131 1189 1247 1266 utpote

122 1310 198 1374 quae
216 1290 370 1377 Magistra
389 1290 523 1357 humani
542 1292 669 1375 generis
692 1292 869 1357 constituta
887 1312 906 1356 a
925 1290 995 1355 Deo
1020 1302 1072 1358 est
1096 1290 1129 1355 in
1151 1289 1248 1355 rebus

123 1399 164 1464 ad
183 1398 283 1464 fidem
304 1410 478 1481 moresque
503 1398 743 1481 spectantibus,
770 1397 802 1463 in
830 1398 952 1481 quibus
980 1398 1116 1483 proinde
1135 1397 1249 1480 nequit

123 1482 238 1571 errire.
260 1504 303 1571 At
323 1506 472 1571 homines
490 1514 523 1570 et
543 1505 665 1590 decipi,
686 1516 718 1571 et
734 1506 813 1572 alios
828 1516 967 1591 possunt
982 1505 1148 1590 decipere;
1169 1504 1248 1570 etsi

125 1612 357 1698 experientiam
375 1614 604 1689 consulamus,
623 1612 823 1697 reperiemus
838 1614 982 1698 profecto
996 1632 1083 1697 saepe
1098 1632 1159 1680 nos
1173 1612 1251 1679 alio-

125 1738 198 1787 rum
219 1720 408 1786 testimonio
424 1721 575 1786 inductos
590 1719 622 1786 in
639 1739 781 1786 errorem
797 1720 916 1803 fuisse;
932 1732 964 1787 at
979 1740 1067 1805 saepe
1081 1719 1179 1786 etiam
1198 1739 1248 1797 ea,

125 1846 200 1912 quae
227 1842 285 1911 per
312 1809 527 1911 fidem'prius
555 1828 595 1893 ab
614 1827 684 1893 aliis
712 1842 958 1913 acceperamus,
985 1827 1153 1894 verissima
1178 1846 1268 1893 esse.

126 1935 262 2020 propriis
280 1935 382 2001 oculis
400 1934 641 2019 perspeximus.
669 1935 757 2012 Quid
785 1936 885 2023 ergo?
908 1936 1007 2001 Estne
1040 1937 1198 2021 prudens,
1218 1943 1252 1999 et

126 2043 337 2127 quandonam
358 2044 501 2127 prudens
517 2052 582 2119 est,
598 2042 787 2111 testimonio
806 2042 1033 2127 acquiescere?
1053 2044 1117 2112 Aut
1130 2051 1252 2128 quanta

126 2169 198 2217 esse
219 2158 326 2235 potest
349 2148 399 2216 vis
426 2151 605 2217 testimonii
631 2152 671 2218 ad
699 2151 906 2236 gignendum
935 2150 1128 2218 assensum?
1154 2151 1252 2224 Quod

127 2258 270 2344 prudens
293 2258 352 2337 sit,
373 2259 491 2324 saltem
516 2276 619 2344 saepe,
640 2259 831 2325 testimonio
849 2260 1069 2343 acquiescere,
1088 2259 1158 2343 ipsa
1176 2258 1251 2324 fidei

127 2366 317 2441 necessitas,
338 2354 438 2449 quam
462 2366 495 2435 in
518 2366 650 2431 articulo
671 2366 864 2450 praecedenti
888 2366 1151 2452 explanavimus,
1173 2365 1252 2432 satis

125 2490 289 2557 superque
301 2472 458 2539 ostendit.
474 2474 567 2539 Tunc
582 2492 677 2559 porro
693 2474 865 2540 dumtaxat
881 2475 1025 2558 prudens
1037 2475 1096 2541 erit
1108 2473 1250 2548 credere,

126 2579 259 2663 quando
277 2579 363 2647 inest
377 2580 567 2646 testimonio
587 2581 777 2657 auctoritas,
797 2592 867 2647 tota
882 2581 969 2646 enim
989 2580 1070 2647 fides
1085 2581 1125 2646 ab
1142 2588 1253 2647 aucto-

126 2688 218 2753 ritate
237 2687 369 2773 pendet.
390 2686 609 2765 Qrandonam
639 2700 749 2756 autem
774 2688 971 2754 instructum
996 2690 1039 2754 sit
1064 2688 1254 2754 auctoritate

125 2795 368 2873 testimonium,
395 2795 609 2882 judicandum
629 2808 681 2863 est
708 2817 749 2863 ex
777 2797 974 2880 quibusdam
1000 2797 1141 2874 indiciis,
1163 2815 1251 2880 quae,

128 2903 183 2969 ubi
201 2904 338 2980 adsunt,
365 2903 562 2988 persuadent
588 2923 653 2969 non
682 2906 798 2971 deesse
824 2905 965 2971 testibus
992 2903 1162 2971 scientiam
1194 2922 1253 2969 nec

126 3011 350 3086 veracitatem,
371 3010 549 3094 exquibus
567 3013 720 3078 coalescit
739 2993 926 3079 auctoritas.

176 3136 248 3200 124.
297 3117 422 3184 llorum
441 3118 634 3186 indiciorum
650 3118 810 3205 judicium
830 3127 897 3185 stat
922 3137 1023 3203 penes
1044 3128 1149 3185 artem
1168 3117 1255 3185 criti·
1301 3145 1431 3191 aaaron

125 3245 211 3296 cam.
233 3225 289 3292 Est
307 3225 394 3291 enim
416 3244 467 3292 ars
481 3225 587 3292 critica
601 3228 780 3312 generatim
798 3247 850 3292 ars
868 3227 1074 3313 expendendi
1094 3227 1161 3293 vim
1182 3246 1252 3292 mo·

126 3335 283 3409 tivorum,
315 3351 391 3416 quae
423 3335 464 3399 ad
488 3335 701 3419 judicandum
736 3335 928 3420 impellunt;
963 3345 1061 3419 prout
1091 3352 1170 3400 vero
1202 3334 1254 3399 hic
1349 3420 1355 3428 Ι

126 3440 281 3524 accipitur
303 3439 336 3506 in
365 3441 545 3526 angustiori
576 3442 828 3528 significatione,
859 3451 910 3510 est
927 3461 1001 3517 ars,
1021 3461 1095 3526 quae
1121 3460 1253 3508 normas

126 3548 223 3614 tradit
255 3559 340 3615 recte
362 3549 528 3634 judicandi
562 3549 602 3615 de
634 3549 776 3634 pondere
812 3568 941 3635 usuque
972 3550 1249 3618 testimoniorum.

126 3655 250 3721 Verum
281 3656 322 3721 ad
351 3664 438 3723 recte
461 3655 676 3740 judicandum
707 3677 838 3724 necesse
867 3666 918 3725 est
944 3667 1019 3724 ante
1045 3658 1156 3722 omnia
1184 3675 1251 3721 rem

126 3763 250 3847 ipsam,
271 3752 534 3847 quae'narratur,
561 3765 731 3848 respicere.
761 3767 798 3832 Et
822 3765 965 3850 primum
994 3772 1194 3850 praeceptum
1216 3783 1253 3829 ac
1322 3787 1419 3834 numum

126 3869 381 3937 fundamentum
410 3872 486 3937 artis
511 3872 627 3938 criticae
655 3873 753 3939 debet
773 3875 834 3940 hoc
853 3893 946 3950 esse,
967 3883 1004 3938 ut
1266 3869 1404 3978 mm
1417 3858 1470 3903 ‘¹¹¹⁸

194 3986 264 4046 Res
278 3993 417 4046 narrata
434 3985 561 4046 nonsit
574 3985 752 4049 evidenter
770 3988 933 4060 absurda,
949 4003 1014 4048 nec
1030 3994 1160 4066 pugnet
1172 4001 1253 4048 eum
1407 3963 1413 3976 ⁸

126 4092 203 4153 aliia
228 4091 432 4154 veritatibus
450 4102 545 4155 certo
562 4102 621 4155 aut
639 4094 817 4157 evidenter
835 4095 940 4157 notis.
962 4088 1033 4155 Dixi
1052 4107 1117 4154 non
1133 4087 1254 4155 silavi-

125 4195 237 4258 denter
252 4195 389 4260 absurda
411 4195 463 4260 vel
480 4195 689 4276 impossibilis.
715 4195 789 4262 Non
809 4198 897 4262 enim
921 4196 1112 4280 requiritur,
1137 4204 1174 4260 ut
1203 4213 1254 4260 res

128 4308 256 4366 narrata
274 4301 316 4368 sit
335 4301 503 4367 evidenter
521 4301 695 4386 possibilis.
717 4303 749 4368 Si
766 4314 876 4370 autem
896 4303 1064 4369 evidenter
1073 4303 1253 4369 absurdum

125 4409 168 4473 sit
188 4405 322 4492 aliquid,
343 4417 434 4493 patet
453 4408 532 4475 illud
552 4411 674 4476 factum
696 4429 761 4476 non
779 4431 863 4488 esse,
879 4411 1042 4496 siquidem
1057 4430 1076 4477 a
1090 4430 1154 4476 non
1162 4416 1254 4492 possa

124 4519 170 4582 ad
186 4535 251 4581 non
265 4534 329 4582 esse
347 4519 434 4582 valet
448 4516 560 4582 illatio.
578 4515 620 4582 At
635 4535 713 4584 vero
728 4520 869 4604 plurima
882 4527 973 4596 sunt,
985 4536 1128 4602 quorum
1148 4517 1254 4602 possi-

126 4623 288 4690 bilitatem
302 4643 370 4690 non
381 4642 559 4710 possumus
568 4643 767 4711 cognoscere
781 4637 856 4694 ante
871 4628 992 4694 iactum
1005 4635 1037 4692 et
1046 4624 1252 4702 existentiam

125 4749 256 4798 eorum.
273 4730 414 4798 Aliunde
432 4750 510 4798 vero
524 4732 636 4799 abana
648 4733 694 4799 ad
705 4739 796 4816 posse
809 4737 896 4801 valet
906 4714 1021 4801 illatio}
1036 4734 1253 4819 quamobrem
