3492 5525
252 440 370 505 Anne.
387 454 447 505 aa·
460 440 661 505 Externum
675 460 807 505 centra.
825 460 959 506 coum.
972 439 1091 505 Scaea.
1135 438 1196 523 489
1321 478 1324 482 «

178 628 255 707 Obj.
277 634 324 692 2.⁰
342 624 427 691 Nihil
446 634 535 692 certo
565 626 692 695 admitti
711 636 837 711 potest,
866 628 947 711 quin
975 627 1232 694 demonstretur.

112 731 213 815 Atqui
242 731 372 798 aliunde
391 732 469 799 nihil
493 742 602 819 potest
625 753 701 800 vere
724 735 953 802 demonstrari.
972 733 1057 800 Nam
1080 742 1118 800 ut
1138 733 1235 817 quid-

110 858 211 922 quam
230 838 426 907 suilicienter
438 842 729 921 demonstraretur,
745 844 796 909 vel
811 843 1001 909 abeundum
1015 850 1104 909 esset
1115 841 1149 907 in
1163 840 1234 908 infr·

110 944 217 1011 nitum
238 947 271 1013 in
295 948 487 1033 probatione
505 949 765 1035 praemissarum,
786 950 838 1017 vel
862 950 1029 1036 probanda
1049 950 1233 1034 praemissa·

110 1072 185 1119 rum
209 1055 315 1139 aliqua
341 1076 398 1142 per
420 1058 514 1123 aliam
536 1058 811 1144 propositionem,
831 1075 907 1142 quae
927 1056 1069 1123 vicissim
1094 1075 1150 1141 per
1168 1055 1232 1141 pri-

110 1180 200 1228 mam
217 1163 299 1230 ioret
316 1163 587 1243 demonstranda,
608 1168 660 1233 vel
673 1166 855 1232 sistendum
875 1166 1008 1232 tandem
1023 1164 1057 1231 in
1069 1163 1232 1249 aliquibus

109 1267 287 1354 principiis,
318 1291 392 1356 quae
414 1281 583 1357 tamquam
603 1292 679 1340 uera
698 1282 921 1341 assumantur.
946 1273 1093 1339 Primum
1113 1273 1230 1338 horum

111 1372 311 1461 impossibile
329 1390 395 1459 est,
425 1382 561 1448 alterum
584 1381 709 1448 inducit
726 1382 881 1449 vitiosum
905 1380 1077 1455 circulum,
1096 1381 1230 1446 tertium

109 1486 289 1553 absurdum
308 1500 374 1567 est,
395 1508 489 1557 secus
504 1490 591 1556 enim
615 1490 770 1576 principia
788 1490 841 1555 illa
854 1489 925 1557 sine
944 1485 1232 1555 ratione'admitte-

110 1604 234 1661 rentur.
255 1596 339 1682 lirgo
365 1596 575 1683 impossibilis
602 1609 652 1665 est
671 1617 891 1683 quecumque
909 1596 1146 1664 demonstratio
1166 1594 1228 1683 (t).

178 1710 283 1789 Reap.
307 1724 379 1789 neg.
401 1708 514 1791 Major.
536 1714 569 1772 et
593 1709 710 1775 Minor.
733 1706 784 1772 Ad
803 1707 902 1791 hujus
929 1704 1157 1791 probationem
1181 1724 1231 1769 re-

108 1812 258 1897 spondeo
269 1814 479 1881 concedendo
495 1816 652 1900 majorem
664 1822 696 1880 et
713 1814 864 1899 negando
874 1814 1029 1880 ultimum
1043 1812 1230 1879 membrum

108 1920 255 1989 Minoris.
1105 1974 1111 1982 .

176 2028 260 2095 Nihil
286 2037 375 2097 certo
394 2028 520 2096 admitti
539 2030 637 2096 debet
655 2030 778 2115 absque
797 2030 937 2111 ratione3
959 2029 1017 2095 sed
1036 2046 1103 2094 non
1122 2028 1231 2095 omnis
1286 2018 1289 2023 ’

108 2138 191 2204 ratio
210 2138 351 2222 petenda
370 2146 419 2203 est
437 2137 637 2205 extrinsecus
656 2157 697 2203 ex
712 2138 774 2204 alio
797 2138 943 2224 objecto,
962 2136 1021 2203 sed
1040 2135 1121 2202 ratio
1139 2134 1232 2202 suffr·

108 2244 210 2321 ciens,
232 2246 336 2311 immo
356 2246 532 2312 fortissima
546 2244 696 2312 omnium
720 2254 770 2313 est
788 2246 857 2321 illa,
879 2263 953 2328 quae
971 2244 1004 2309 in
1023 2244 1093 2329 ipsa
1118 2263 1168 2319 re,
1188 2244 1229 2310 de

107 2371 176 2436 qua
193 2371 302 2420 sermo
320 2362 387 2431 est,
405 2354 593 2421 immediata
615 2353 787 2419 intuitione
811 2361 910 2436 atque
934 2350 1096 2418 evidentia
1114 2352 1230 2436 depre-

107 2462 274 2529 henditur.
290 2460 343 2528 Sic
361 2461 600 2529 etiamnullum
616 2479 734 2546 corpus
749 2460 875 2527 visibile
886 2468 938 2527 est
951 2460 1075 2543 absque
1089 2460 1227 2537 lumine,

106 2571 166 2635 sed
184 2588 269 2655 opus
288 2588 356 2636 non
374 2578 423 2637 est
441 2587 571 2655 semper
589 2569 718 2636 aliunde
736 2570 942 2635 emendicato
960 2566 1085 2634 lumine
1112 2570 1154 2633 ad
1181 2569 1230 2635 vi·

106 2678 215 2745 denda
233 2696 387 2763 corpora,
408 2685 486 2743 sunt
505 2676 592 2744 enim
616 2678 766 2762 quaedam
787 2676 918 2762 proprio
936 2675 1060 2741 lumine
1077 2676 1226 2743 visibilia.

174 2791 250 2870 Obj.
273 2785 325 2855 ³.⁰
351 2785 404 2852 llla
423 2785 569 2851 doctrina
587 2796 637 2852 est
654 2785 898 2870 amplectenda,
913 2803 987 2868 quae
1008 2783 1159 2850 omnium
1180 2804 1229 2850 re·

107 2893 292 2961 motissima
310 2902 359 2960 est
379 2893 419 2960 ab
438 2893 528 2959 omni
547 2894 673 2959 errandi
699 2893 853 2978 periculo.
879 2891 978 2976 Atqui
998 2894 1062 2957 tale
1084 2900 1133 2958 est
1160 2912 1229 2959 sce·

105 3004 230 3088 pticum
250 3013 409 3090 systema.
430 3001 553 3086 Ergo...

173 3111 211 3176 Et
230 3111 384 3194 probatur
401 3109 518 3175 Minor.
539 3110 622 3174 Nam
642 3128 731 3175 error
746 3117 795 3176 est
814 3111 865 3175 vel
881 3127 1034 3175 assensus
1054 3110 1135 3175 laiso
1147 3128 1229 3194 prae·

103 3217 215 3295 stituS,
228 3218 279 3283 vel
297 3219 466 3284 dissensus
486 3237 503 3282 a
522 3235 611 3284 vero.
625 3217 858 3301 Scepticismus
877 3226 988 3283 autem
1007 3217 1226 3285 cohibendum

102 3345 177 3392 esse
195 3327 227 3392 in
242 3325 398 3391 omnibus
412 3309 581 3391 assensum
601 3326 708 3391 docet.

172 3441 276 3518 Resp.
308 3452 374 3517 neg.
403 3433 455 3498 vel
477 3433 552 3498 dist.
585 3434 661 3519 Maj.
692 3432 968 3518 ¹amplectendum
998 3441 1047 3499 est
1080 3442 1227 3520 systema

102 3541 194 3626 quod
214 3540 247 3606 id
270 3542 379 3607 solum
401 3547 547 3624 praestat,
568 3549 604 3606 ut
625 3558 686 3606 nos
708 3539 749 3605 ab
774 3541 937 3606 erroribus
963 3551 1110 3617 revocet,
1139 3559 1227 3624 nrgq·

102 3650 194 3734 quod
214 3668 280 3716 non
299 3648 399 3714 modo
422 3658 551 3715 revocat
568 3647 608 3712 ab
628 3647 804 3725 erroribus,
825 3648 883 3714 sed
901 3649 1034 3733 insuper
1052 3649 1091 3713 ad
1110 3649 1226 3714 verita·

104 3769 173 3822 tem
194 3757 283 3824 ducit
311 3755 557 3844 cognitionum,
577 3774 665 3822 conc.
694 3755 797 3822 Secus
821 3756 909 3822 enim
937 3756 1017 3841 lapis
1043 3765 1226 3823 versaretur

102 3865 137 3930 in
156 3865 254 3950 longe
273 3863 483 3949 praestantiori
502 3863 687 3930 conditione
707 3873 854 3948 respectu
879 3863 1022 3930 veritatis
1047 3882 1227 3947 assequen-

102 3973 171 4050 dae,
192 3971 270 4057 quia
289 3989 393 4037 errare
413 3973 502 4038 nullo
521 3973 621 4037 modo
640 3979 760 4056 potest.

171 4079 446 4164 Contradisiinguo
474 4077 647 4146 Minorem.
672 4077 905 4163 Scepticismus
929 4080 1018 4146 ducit
1044 4082 1085 4146 ad
1112 4101 1223 4148 veram

102 4207 212 4255 rerum
240 4187 480 4273 cognitionem,
500 4205 567 4270 neg.
594 4187 735 4254 Revocat
757 4189 798 4254 ab
817 4188 994 4265 erroribus,
1016 4188 1162 4283 urbdr'st„
1183 4190 1224 4256 ab

101 4295 284 4380 aliquibus,
316 4295 530 4382 impingendo
553 4295 586 4360 in
612 4295 691 4361 alios
718 4296 816 4382 longe
843 4295 1022 4381 turpiores,
1050 4315 1152 4373 conc„
1182 4298 1224 4363 ab

100 4403 258 4472 omnibus
276 4421 367 4488 nego.
386 4402 600 4470 Miserabilius
620 4403 705 4470 enim
713 4401 862 4488 fallitur,
882 4404 939 4492 qui
958 4422 1120 4490 nunquam
1133 4409 1227 4488 putat

136 4661 178 4724 (r)
213 4653 271 4713 Hic
291 4654 476 4714 continentur
490 4655 550 4714 duo
563 4676 599 4714 ex
617 4654 748 4728 quinque
760 4655 958 4730 argumentis,
971 4655 1081 4728 quibua
1093 4655 1224 4730 Agrippa

96 4745 315 4820 scepticismum
330 4745 529 4805 confirmabat.
