3492 5525
311 457 428 521 hamc.
451 470 510 538 3³⁸
534 454 745 519 Souvuuxun
768 472 1032 519 orerrcucnxses
1139 451 1198 533 (ης

109 648 188 704 sunt
207 640 321 704 eadem
342 637 425 707 inter
442 658 489 705 se.
511 638 610 723 Atqui
630 637 796 705 individua
814 637 944 714 omnia,
964 638 1064 705 etiam
1088 655 1143 711 ea,
1165 650 1240 718 quae

109 746 261 812 dicuntur
274 747 422 831 ejusdem
439 746 571 831 speciei,
588 754 666 813 sunt
677 746 761 813 inter
774 764 846 812 sese
858 744 1092 811 diversissima.
1108 742 1237 828 Ergo...

178 860 282 937 Resp.
296 854 370 921 dist.
388 854 502 940 Major.
519 854 552 919 Si
567 856 855 920 darenturnaturae
866 870 1112 937 communeseo
1124 867 1238 924 sensu,

110 972 148 1031 ut
171 961 350 1027 secundum
375 962 525 1027 eamdem
549 961 717 1047 physicam
742 962 919 1027 realitatem
941 959 1054 1025 multis
1079 959 1236 1032 inessent,

110 1072 227 1143 trans„
248 1069 274 1134 si
294 1088 333 1135 eo
361 1087 461 1135 sensu
479 1086 676 1135 communes
706 1067 788 1152 sint,
818 1068 910 1152 quod
938 1068 1043 1133 multa
1070 1064 1240 1133 individua

110 1176 286 1243 essentiam
306 1178 462 1261 quodque
481 1194 575 1243 suam
595 1176 753 1251 habeant,
774 1193 849 1258 quac
869 1193 937 1241 uno
955 1175 1141 1257 eodemque
1158 1191 1237 1237 con·
1321 1255 1323 1258 Ι

110 1292 207 1369 ceptu
222 1303 258 1349 ac
278 1284 466 1351 definitione
485 1284 588 1368 possit
607 1282 751 1350 exhiberi
770 1302 856 1367 areg„
882 1284 934 1348 uel
957 1282 1107 1361 subdisl.,·
1129 1288 1241 1346 essent

110 1390 248 1456 identica
262 1410 320 1476 per
334 1390 538 1458 identitatem
555 1394 675 1458 realem
694 1392 746 1457 vel
766 1390 955 1477 physicam,
975 1408 1061 1474 neg„
1080 1407 1137 1473 per
1151 1386 1241 1454 iden·
1296 1464 1300 1470 ,

111 1498 240 1564 titatem
261 1498 416 1583 logicam,
436 1519 524 1567 conc.
645 1567 650 1577 ,

177 1606 250 1673 Νοη
264 1606 394 1682 omnia,
404 1624 479 1690 quae
495 1607 810 1690 quomodocumque
824 1602 1065 1672 identificantur
1074 1601 1131 1669 uni
1143 1601 1239 1669 tertio

110 1730 184 1778 esse
209 1712 292 1779 inter
309 1732 344 1779 se
369 1714 524 1792 identica,
550 1712 731 1799 perspicere
757 1714 848 1779 facile
868 1711 990 1797 poteris
1007 1730 1050 1777 ex
1067 1709 1236 1786 omnibus,

111 1821 173 1886 illis
200 1822 415 1908 syllogismis,
441 1822 474 1889 in
494 1822 615 1906 quibus
634 1822 762 1887 medius
780 1821 957 1896 terminus,
977 1820 1096 1886 saltem
1115 1819 1232 1892 semel,

112 1946 179 1994 non
207 1929 426 2005 distribuitur,
456 1948 514 1996 seu
543 1948 609 1997 non
637 1928 780 1996 sumitur
803 1927 985 1995 secundum
1011 1934 1117 1993 totam
1141 1942 1237 1991 suam

112 2034 354 2103 extensionem.

156 2148 305 2227 01)]’.4.ο
350 2142 384 2211 Si
405 2154 519 2211 natura
546 2144 737 2212 universalis
760 2145 909 2219 daretur,
941 2143 994 2209 vei
1012 2141 1239 2208 communica·
1352 2144 1360 2165 ⁴

110 2260 199 2318 retur
211 2260 280 2318 tota
296 2252 433 2337 singulis
448 2252 641 2330 individuis,
658 2254 709 2320 vel
725 2270 799 2337 pars
815 2254 890 2329 uni,
907 2262 940 2317 et
958 2252 1058 2317 altera
1072 2267 1146 2333 pars
1160 2249 1239 2313 alte-

110 2360 148 2425 ri.
169 2358 201 2425 Si
224 2361 367 2445 primum
387 2360 483 2437 dicis,
505 2363 694 2428 transfertur
712 2362 745 2426 in
768 2368 932 2426 creaturas
954 2358 1148 2445 mysterium
1170 2356 1239 2421 Au·

109 2468 310 2553 gustissimae
327 2468 509 2545 Trinitatis,
530 2469 580 2535 sin
600 2470 756 2547 alterum,
779 2468 892 2533 Petrus
911 2486 978 2533 non
1001 2468 1086 2531 toret
1113 2464 1240 2548 integer

109 2576 229 2651 homo,
250 2575 308 2641 sed
328 2594 399 2661 pars
418 2576 578 2652 hominis,
598 2587 632 2643 et
649 2576 796 2642 similiter
822 2576 984 2642 Paulus...
1013 2573 1097 2659 Ergo
1115 2572 1240 2656 impos·

108 2681 201 2748 sibile
218 2694 268 2749 est
287 2682 487 2750 universales
507 2692 638 2751 naturas
653 2683 872 2749 comminisci.

177 2799 281 2875 Reap.
300 2793 376 2858 dist.
397 2793 528 2876 hlajoris
547 2805 618 2860 rum
638 2792 826 2858 membrum
842 2790 1085 2876 disjunctionis3
1103 2790 1154 2856 vel
1170 2798 1239 2855 tota

106 2899 385 2976 communicatur,
403 2901 583 2966 secundum
595 2901 840 2976 extensionem,
856 2917 942 2984 neg„
957 2897 1139 2964 secundum
1149 2913 1238 2961 com-

106 3007 360 3092 prehensionem
374 3027 474 3076 cona:
491 3019 523 3074 et
541 3008 618 3076 dist.
636 3009 734 3081 etiam
751 3019 826 3076 auu
851 3010 1057 3087 membrum3
1083 3006 1135 3071 vel
1150 3021 1240 3069 com·

109 3113 296 3181 municatur
322 3133 396 3199 pars
423 3116 624 3183 extensionis
641 3133 701 3183 seu
721 3116 891 3182 totalitatis
910 3111 1113 3200 potentialis,
1134 3129 1236 3188 conc„

113 3221 433 3307 comprehensionis,
453 3242 521 3309 neg.

177 3329 369 3398 Contracta.
390 3331 535 3398 Minoris.
562 3343 632 3396 rum
656 3330 857 3398 membrum.
879 3330 912 3396 Si
927 3339 997 3396 tota
1012 3329 1239 3396 communica·

107 3445 197 3504 retur
226 3439 409 3505 secundum
442 3439 666 3506 extensionem
698 3458 734 3504 ac
767 3437 1107 3523 multiplicabilitatem
1126 3453 1234 3514 suam,

105 3555 210 3621 conc„
226 3545 253 3611 si
264 3545 445 3612 secundum
460 3547 677 3613 actualitatem
693 3553 822 3612 tantum
838 3565 876 3611 ac
888 3533 1234 3630 comprehensionem,

104 3653 289 3718 secundum
308 3671 407 3736 quarn
430 3655 556 3720 realiter
574 3654 806 3738 multiplicatur
824 3655 857 3720 in
881 3653 1073 3730 individuis,
1093 3671 1165 3737 neg.
1214 3721 1217 3726 ,

177 3759 370 3826 Contradist.
392 3761 509 3846 pariter
527 3761 662 3829 Minoris
682 3774 757 3830 ψ’
782 3762 989 3845 membrum3
1009 3761 1036 3828 si
1053 3779 1127 3846 pars
1140 3760 1239 3827 dum·

105 3877 198 3935 taxat
216 3866 407 3935 actualitatis
426 3877 463 3935 et·
477 3869 779 3955 comprehensionis
793 3869 1106 3946 communicaretur,
1131 3887 1233 3944 conc„

105 3977 134 4042 si
155 3993 230 4060 pars
243 3975 444 4043 extensionis
461 3987 494 4044 et
509 3976 818 4063 multiplicabilitatis
830 3978 930 4044 simul
944 3995 1021 4045 cum
1040 3986 1110 4044 tota
1128 3985 1238 4044 actua·

108 4083 215 4160 litate,
237 4102 308 4168 neg.

177 4193 305 4258 Revoca
338 4191 371 4258 in
399 4201 546 4259 mentem
578 4195 804 4262 extensionem
838 4202 872 4260 et
903 4193 1236 4280 comprehensionem

8 4375 9 4380 ,
103 4299 264 4366 idearum.
285 4301 318 4366 ln
334 4300 472 4386 singulis
486 4300 664 4368 individuis
674 4301 759 4369 inest
773 4301 900 4389 integra
911 4311 1026 4369 natura
1039 4320 1116 4368 cum
1131 4302 1236 4369 omni-

9 4477 11 4494 ‚
104 4409 171 4473 bus
190 4409 292 4484 notis,
313 4425 388 4492 quae
414 4409 475 4474 sub
500 4411 571 4496 ejus
591 4409 662 4476 idea
680 4417 714 4476 et
732 4408 922 4478 delinitione
939 4409 1155 4492 clauduntur;
1175 4399 1241 4477 sed¹

105 4534 176 4582 non
191 4515 236 4582 sic
255 4525 304 4582 est
321 4524 390 4583 tota
408 4525 441 4582 et
459 4516 585 4602 integra
603 4517 636 4582 in
656 4534 739 4594 uno,
757 4525 793 4583 ut
812 4525 954 4602 nequeat
972 4517 1178 4603 multiplicari
1201 4516 1234 4584 in

106 4626 211 4690 altero
233 4635 266 4692 et
290 4625 391 4690 altero
414 4625 486 4690 sine
507 4624 591 4704 fine,
620 4624 663 4692 ita
689 4636 725 4693 ut
748 4624 863 4692 inillis
888 4624 1044 4692 omnibus
1060 4624 1103 4693 sit
1120 4625 1235 4692 similis

9 4725 11 4750 '
105 4741 241 4812 natura,
261 4751 363 4818 capax
387 4733 543 4819 cognosci
571 4733 687 4799 eodem
711 4741 892 4819 conceptu,
917 4743 951 4800 et
974 4733 1100 4803 definiri
1119 4733 1235 4804 eadem
