3492 5525
210 486 331 548 Anrrc.
346 494 408 549 art·
429 486 583 549 Annarro‘
595 504 840 551 uuuaurscrne
851 504 955 552 onnia
970 504 1067 551 eosrr
1106 502 1167 569 959

87 665 288 733 habendam:
311 664 350 754 β)
369 668 410 732 ad
429 666 666 751 reprimendam
687 670 993 753 presumptionem,
1014 687 1089 753 que
1104 676 1209 735 mater

87 774 205 839 erroris
224 782 290 839 est:
310 771 346 866 γ)
369 774 410 838 ad
430 774 587 860 maiorem
607 776 838 860 perfectionem
857 776 1011 843 hominis.
1033 776 1115 855 Qua
1139 776 1208 843 iuse

87 879 249 945 declarata
267 879 340 947 vide
359 882 446 965 apud
465 882 619 949 eumdem
639 882 676 949 S.
692 882 900 969 Ductorem(
925 880 951 971 ).

135 1002 212 1070 277.
259 994 416 1061 secunda
431 1012 513 1073 pars
531 996 773 1075 propositionis
796 996 971 1075 probatur.
994 990 1101 1057 Homo
1120 997 1210 1056 tene·
1241 1008 1406 1059 vomuerant

86 1107 142 1162 tur
156 1096 405 1172 revelationem,
425 1096 452 1163 si
472 1116 572 1182 quam
591 1098 680 1165 Deus
698 1099 823 1174 iecerit,
843 1097 996 1183 amplecti
1022 1096 1210 1165 firmissima
1236 1082 1411 1201 '‘'2²¹¹⁰3,‘,”;¹

88 1201 167 1268 fide.

156 1315 336 1377 Probatur.
367 1310 492 1379 Etenim
522 1312 609 1379 Deus
637 1313 797 1397 loquitur,
822 1321 859 1379 ut
883 1313 1050 1379 hominem
1081 1312 1207 1388 doceat,

88 1434 126 1483 ac
142 1417 276 1500 proinde
294 1419 378 1494 vult,
398 1426 435 1483 ut
452 1419 512 1485 sibi
532 1420 677 1503 loquenti
696 1421 855 1487 credatur.
873 1418 936 1499 Oui
949 1439 1029 1505 ergo
1047 1421 1148 1486 nollet
1162 1438 1211 1485 re-

87 1524 285 1589 velationem
312 1526 509 1591 sufflcienter
523 1527 721 1612 propositam
746 1527 915 1613 amplecti,
932 1528 959 1593 is
977 1529 1122 1611 proiecto
1141 1527 1210 1594 Deo

87 1650 255 1697 summam
284 1633 414 1700 inierret
444 1633 605 1719 injuriam.
633 1634 716 1700 Nam
742 1644 850 1701 stante
879 1636 1048 1701 voluntate
1076 1634 1153 1711 Dei,
1173 1642 1209 1701 ut

86 1740 277 1815 credamus,
294 1759 393 1806 nemo
412 1751 519 1825 potest
538 1760 689 1826 respuere
708 1742 957 1818 revelationem,
976 1740 1035 1809 nisi
1060 1743 1111 1809 vel
1130 1742 1207 1825 quia

88 1864 155 1911 non
185 1846 350 1913 existimat
369 1848 474 1914 Deum
503 1849 568 1915 fide
586 1850 724 1935 dignum
754 1868 844 1928 esse,
870 1851 922 1916 vel
944 1850 1105 1933 quianon
1136 1851 1206 1918 vult

86 1952 291 2036 acquiseoere
300 1956 461 2023 voluntati
475 1956 571 2024 illius:
583 1976 724 2040 quorum
737 1959 875 2024 alterum
890 1958 975 2025 ladit
990 1957 1207 2025 obedientiam

86 2060 231 2128 Summo
248 2061 374 2128 Parenti
402 2062 566 2141 debitam,
594 2067 732 2131 alterum
760 2064 969 2131 veracitatem
995 2064 1130 2131 infinitae
1149 2064 1209 2131 Sa-

85 2167 233 2251 pientiae,
252 2189 325 2253 quae
346 2188 406 2236 nec
424 2170 487 2236 salli
507 2180 615 2255 potest
633 2191 693 2239 nec
712 2173 836 2238 fallere.
981 2154 984 2163 ’

133 2274 238 2342 immo
256 2297 334 2343 vero
354 2276 541 2345 revelationi
559 2279 790 2346 adherendum
806 2288 856 2345 est
871 2298 1006 2347 assensu
1020 2278 1208 2347 firmissimo

85 2392 120 2448 et
139 2385 319 2467 quamlibet
338 2388 517 2453 naturalem
538 2388 765 2454 certitudinem
785 2399 971 2471 superante.
994 2386 1032 2454 Et
1050 2388 1129 2454 ratio
1143 2396 1205 2464 est,

25 2520 29 2534 ·
85 2491 181 2574 quia,
202 2500 239 2557 ut
252 2493 330 2559 alias
348 2493 472 2560 dictum
493 2505 559 2577 est;
581 2496 739 2562 certitudo
759 2494 1001 2580 proportionem
1027 2504 1134 2562 servet
1153 2514 1210 2561 ne·

84 2617 177 2664 cesse
195 2609 246 2665 est
270 2620 346 2666 cum
372 2601 498 2669 motivo
516 2620 682 2671 assensus.
704 2604 804 2686 Atqui
832 2604 1012 2679 motivum¹
1043 2592 1109 2686 quo
1135 2604 1209 2687 quis

86 2707 319 2775 revelationem
339 2710 562 2795 amplectitur,
583 2712 732 2778 omnium
753 2711 979 2779 firmissimum
1001 2721 1067 2788 est,
1089 2729 1207 2796 nempe

84 2817 259 2883 auctoritas
277 2818 404 2895 divina,
429 2838 488 2886 seu
508 2819 632 2886 infinita
660 2820 717 2886 Dei
743 2821 898 2906 sapientia
922 2830 954 2886 et
980 2820 1149 2896 veracitas
1171 2829 1208 2886 ut

84 2925 190 2990 fusius
219 2925 337 2991 docent
364 2925 538 3016 Theologi,
563 2929 604 2994 de
632 2929 824 2995 certitudine
853 2928 928 2994 fidei
954 2927 1207 3012 supernaturalis

84 3031 301 3116 disputantes.
328 3074 332 3087 ·

152 3137 387 3218 Rationalistae,
409 3151 445 3209 ut
464 3144 603 3227 probent
625 3145 751 3211 nullum
778 3161 849 3211 esse
868 3141 1012 3210 officium
1038 3143 1207 3210 revelatio-

85 3265 162 3311 nem
186 3247 419 3331 amplectendi,
440 3247 577 3334 objicere
596 3253 721 3329 solent,
743 3251 896 3339 mysteria
915 3259 1026 3318 contra
1045 3251 1201 3319 rationem

85 3371 174 3430 esse,
194 3374 269 3439 quae
286 3356 436 3441 impietas
454 3358 595 3424 breviter
613 3359 797 3444 repellenda
810 3369 872 3427 est.

307 3516 326 3606 ἓ
346 3519 652 3598 ill-Ourecrroves
669 3521 983 3588 anomnsrmnn.

129 3680 208 3761 278.
255 3683 364 3761 objic.
388 3694 433 3748 1.⁰
478 3679 565 3746 Nihil
591 3690 681 3747 certo
707 3680 911 3766 firmiterque
935 3682 1112 3749 tenendum
1143 3689 1205 3757 est,

85 3785 145 3850 nisi
165 3785 254 3870 quod
273 3787 357 3851 clare
377 3795 410 3852 et
429 3786 578 3854 distincte
597 3788 782 3873 percipitur.
811 3787 912 3874 Atqui
940 3788 1096 3878 mysteria
1122 3790 1207 3855 clare

85 3900 119 3958 et
137 3893 287 3959 distincte
306 3894 427 3978 percipi
447 3905 627 3979 nequeunt.
648 3894 773 3982 Ergo...

151 4007 255 4084 Resp.
275 4001 350 4067 dist.
366 4002 496 4085 Major„
512 4000 545 4068 in
558 4002 748 4070 veritatibus
766 4002 888 4070 ordinis
910 4003 1080 4081 naturalis,
1100 4021 1203 4079 conc„

85 4108 116 4173 in
137 4108 293 4175 omnibus
320 4108 470 4176 absolute
497 4112 734 4195 cujuscumque
758 4111 881 4176 ordinis
906 4109 1111 4188 veritatibus,
1138 4128 1204 4194 neg.

85 4215 137 4281 vel
169 4217 317 4294 subdiri,
338 4217 398 4283 nisi
428 4217 519 4300 quod
536 4219 619 4284 clare
648 4226 681 4283 et
699 4217 850 4286 distincte
878 4217 1068 4303 percipitur,
1088 4217 1205 4284 saltem

85 4333 247 4404 quantum
266 4323 381 4391 attinet
400 4325 440 4389 ad
458 4325 655 4391 evidentiam
670 4325 904 4402 credibilitatis,
918 4343 1020 4402 cona,
1042 4334 1205 4410 quatenus

84 4429 196 4496 omnia
213 4447 255 4496 ex
277 4430 452 4498 intrinseca
470 4431 630 4499 evidentia
643 4442 792 4500 constare
804 4432 900 4500 nobis
914 4433 1072 4510 debeant,
1089 4431 1129 4500 ad
1145 4433 1209 4500 hoc

87 4546 124 4604 ut
141 4547 231 4604 certo
249 4555 387 4605 assensu
404 4547 596 4616 teneantur,
616 4557 685 4624 neg.

119 4769 162 4842 (r)
197 4769 262 4831 Lib.
280 4783 320 4830 ιθ
333 4771 434 4834 Contr.
454 4771 551 4844 Geni,
567 4793 592 4834 e.
609 4790 634 4846 ς,
649 4771 703 4834 Est
716 4773 805 4834 etiem
817 4755 1024 4836 necessarium.
