3492 5525
306 877 354 908 vtro
342 863 467 919 cesoma·

539 451 599 539 738
654 449 778 520 boum
792 441 1022 527 muron-lau.
1040 457 1110 530 ι.“·,
1126 441 1216 516 bren.
1236 457 1282 516 1.⁸
1294 443 1375 516 Cre.
1392 460 1464 533 ιι·

500 868 578 919 vero
600 851 802 924 differentiae.
832 851 926 921 Unde
952 861 1144 938 sequeretur
1169 851 1203 918 in
1231 849 1329 918 rebus
1348 847 1616 917 immaterialibus

502 975 567 1026 non
587 975 659 1027 esse
677 975 785 1047 genus
802 981 839 1026 ac
855 955 1122 1047 differentiamit
1130 957 1155 1049 ).

568 1061 682 1134 Verior
694 1067 859 1135 sententia
873 1077 924 1135 est
942 1065 1137 1136 «materiam
1152 1078 1187 1134 et
1201 1065 1341 1133 formam
1356 1083 1422 1133 non
1435 1064 1617 1132 secundum

502 1175 731 1260 proprietatem
750 1170 939 1263 physicam,
959 1176 1017 1242 sed
1035 1176 1217 1242 secundum
1242 1171 1422 1260 quamdam
1441 1170 1623 1258 proportio-

503 1301 579 1348 nem
597 1286 631 1348 et
649 1283 832 1364 analogiam
851 1299 925 1349 esse
947 1282 1122 1367 principia,
1147 1303 1167 1348 a
1189 1281 1312 1368 quibus
1333 1296 1441 1367 genus
1468 1289 1503 1346 et
1529 1279 1623 1344 dille-

503 1389 604 1454 rentia
622 1399 812 1457 sumuntur.
832 1391 916 1456 Nam
936 1391 1069 1456 materia
1088 1399 1139 1456 est
1157 1391 1261 1474 prima
1280 1398 1314 1456 et
1331 1387 1426 1472 quasi
1440 1383 1622 1453 essurualis

503 1513 562 1562 seu
581 1493 802 1582 substantialis
820 1497 966 1581 potentia
979 1505 1103 1563 naturtc
1121 1495 1361 1574 substantialis,
1384 1496 1426 1562 de
1443 1510 1480 1560 se
1498 1493 1624 1560 indilie

503 1619 579 1669 rens
606 1603 646 1668 acl
673 1603 782 1688 plures
806 1613 938 1670 naturas
965 1619 1022 1670 seu
1050 1613 1158 1687 actus3
1187 1604 1291 1670 forma
1318 1619 1397 1669 vero
1422 1613 1474 1670 est
1500 1601 1623 1687 primus

504 1717 595 1776 actus
625 1709 847 1797 substantialis
881 1709 1106 1779 determinans
1142 1711 1194 1778 trel
1226 1709 1430 1778 constituens
1456 1719 1621 1777 naturam.

504 1817 589 1894 Quia
617 1831 698 1904 ergo
720 1831 828 1904 penus
851 1825 905 1885 est
929 1817 1010 1903 qulrl
1038 1817 1216 1905 potentiale
1238 1828 1271 1885 et
1292 1817 1497 1895 indifferens,
1518 1827 1552 1884 et
1569 1834 1625 1904 per

504 1925 717 1994 diberentiam
733 1922 1177 1997 actuaturetdeterminatur
1194 1925 1234 1993 ru
1249 1937 1379 1994 certum
1401 1924 1543 2013 gradum
1567 1945 1625 1993 seu

505 2034 646 2118 speciem
666 2044 807 2110 naturae,
826 2034 902 2100 ideo
923 2033 1042 2102 dicitur
1059 2046 1166 2121 penus
1183 2034 1272 2102 sumi
1285 2049 1306 2100 ι
1320 2033 1474 2113 materia,
1489 2032 1628 2101 ndille

506 2140 608 2206 tentia
627 2161 646 2206 a
664 2143 785 2220 torma,
806 2141 838 2207 id
859 2153 928 2218 est,
949 2158 1006 2227 per
1028 2141 1275 2227 proportionem
1296 2139 1478 2227 quemdam
1497 2141 1540 2207 nd
1558 2159 1629 2206 nnn-

506 2247 621 2314 teri-tm
639 2257 674 2313 et
692 2251 831 2314 sormam
842 2269 877 2326 ,ι
897 2257 935 2315 ut
952 2244 1063 2314 scribit
1080 2249 1198 2316 Suarez
1212 2247 1277 2338 (ι).

575 2355 829 2440 Complutenses
847 2357 954 2422 adhuc
973 2373 1039 2422 non
1058 2365 1137 2422 sunt
1153 2357 1298 2424 contenti
1322 2359 1381 2424 bac
1397 2353 1626 2443 explicatione,

507 2479 606 2547 quarn
626 2471 744 2548 putant
761 2475 829 2529 non
848 2465 993 2540 solvere,
1009 2464 1067 2530 secl
1084 2465 1228 2550 effligere
1246 2463 1437 2549 questionis
1455 2463 1632 2532 difficulta-

507 2577 575 2638 tent
593 2567 660 2658 (3).
674 2572 785 2654 ltaque
801 2581 941 2638 censent
958 2571 1050 2638 aliter
1066 2589 1139 2638 esse
1158 2573 1360 2656 loquendum
1379 2573 1424 2654 tle
1437 2573 1632 2638 substantiis

504 2679 727 2764 spiritualibus
750 2687 786 2743 et
803 2679 895 2746 aliter
912 2679 953 2744 de
970 2681 1134 2764 corporeis
1154 2677 1222 2769 (ult
1243 2691 1277 2747 et
1295 2681 1328 2745 in
1345 2680 1538 2746 substantiis
1552 2681 1632 2765 qui-
1665 2671 1669 2677 ’

409 2798 415 2811 ·
507 2788 584 2853 dem
603 2786 824 2872 spiritualibus
842 2798 915 2853 tum
933 2804 1040 2872 genus
1058 2796 1129 2854 tum
1148 2788 1363 2855 differentiam
1382 2788 1510 2854 fundari
1529 2806 1632 2873 super

509 2896 658 2961 eamdem
686 2894 869 2979 simplicem
895 2896 1092 2971 essentiam,
1114 2915 1189 2980 quae
1216 2905 1312 2981 prout
1339 2896 1564 2962 consideratur
1594 2906 1632 2962 ut

507 3002 757 3068 indeterminata
780 3002 1052 3087 aperuerimus,
1073 3002 1116 3069 sit
1137 3003 1229 3069 radix
1255 3005 1401 3089 generis,
1427 3012 1525 3087 prout
1550 3024 1632 3069 veto

508 3108 731 3175 consideretur
748 3118 785 3174 ut
806 3110 1021 3176 determinata
1042 3120 1079 3175 et
1104 3111 1262 3195 perlecta,
1287 3112 1329 3177 sit
1352 3110 1536 3177 differentia
1561 3109 1630 3199 (5);

509 3218 542 3283 in
561 3216 752 3283 substantiis
770 3229 880 3285 autem
899 3217 1062 3302 corporeis
1079 3218 1295 3285 differentiam
1312 3219 1449 3303 quidem
1473 3220 1633 3303 procede·

511 3345 543 3391 re
564 3326 740 3395 radicaliter
758 3344 775 3391 a
794 3328 863 3392 sola
882 3328 1003 3402 torma,
1023 3338 1129 3411 genus
1152 3342 1230 3393 vero
1253 3342 1272 3393 ι
1295 3328 1429 3393 materia
1452 3338 1486 3393 et
1509 3329 1629 3402 torma,

508 3434 670 3501 scribente
689 3433 846 3529 Angelico
864 3433 1021 3501 Doctores
1041 3435 1077 3499 ln
1094 3436 1188 3501 retes
1203 3437 1379 3517 compostis
1394 3452 1436 3500 ex
1449 3436 1586 3501 muria
1603 3438 1636 3499 et

501 3540 611 3626 forna
624 3552 723 3625 genas
739 3542 876 3608 mitur
889 3560 912 3607 c
928 3544 1060 3609 aerata
1078 3548 1112 3608 el
1133 3542 1311 3627 differorlie
1336 3560 1357 3609 ι
1378 3544 1502 3628 ybtnra5
1518 3543 1566 3609 ite
1585 3548 1635 3609 ia·

511 3668 580 3715 men
606 3652 689 3734 quod
710 3656 769 3732 per
794 3651 957 3716 matcm'om
986 3670 1049 3719 non
1073 3650 1268 3736 intelligabcr
1291 3653 1424 3718 neoterio
1436 3650 1560 3735 prima,
1580 3654 1636 3716 sed

510 3759 680 3823 ιιιιιιιιίιιιι
690 3760 776 3841 quoa
788 3758 995 3849 perfomram
1007 3758 1119 3841 recepit
1128 3762 1286 3845 quoddam
1296 3766 1362 3826 esse
1374 3760 1587 3845 rirrpersecttna
1605 3764 1638 3826 ei

510 3864 673 3931 materiale
690 3868 829 3948 respectu
846 3884 912 3931 esse
924 3866 1009 3948 speci
1046 3867 1060 3931 i
1068 3918 1075 3943 ,
1090 3868 1250 3934 sr'cutesse
1266 3867 1415 3933 animalis
1430 3872 1479 3933 est
1492 3864 1635 3955 imperse-

511 3976 594 4037 clum
607 3976 639 4037 el
649 3973 808 4039 oralerriclc
822 3976 962 4056 respectu
979 3972 1124 4040 bominis.
1144 3967 1256 4041 Tamen
1270 3975 1353 4042 illud
1363 3978 1481 4059 duplex
1490 3995 1633 4043 essenon

511 4082 565 4155 est¹
581 4082 751 4146 secundum
776 4080 873 4147 alliam
900 4082 1051 4147 cleliam
1069 4082 1230 4167 formam,
1258 4086 1314 4149 scd
1338 4084 1509 4149 secundm
1536 4100 1634 4149 unam

547 4279 588 4341 (ι)
625 4275 700 4333 Vide
711 4276 789 4349 apud
805 4274 930 4345 Suara,
945 4276 1021 4348 disp.
1035 4278 1054 4335 6
1072 4277 1251 4351 metaphys..
1264 4291 1334 4337 sect.
1355 4300 1396 4349 rr,
1412 4298 1443 4337 ιι.
1461 4299 1488 4351 3.

547 4371 587 4431 (a)
625 4363 755 4441 Sueten,¹
766 4365 819 4425 loc.
837 4386 909 4437 nup.
921 4366 985 4437 cit„
1001 4386 1031 4423 ιι.
1045 4386 1073 4439 4.

547 4460 587 4526 (3)
623 4454 741 4529 Lupia,
756 4455 832 4529 disp.
852 4474 884 4529 ς,
899 4469 1003 4526 quoest.
1015 4457 1043 4515 6.
1059 4476 1089 4515 n.
1105 4476 1151 4529 pa.

546 4548 587 4615 (4)
624 4544 686 4603 etr.
703 4544 737 4605 S.
751 4545 857 4605 Thoar.
872 4567 896 4605 r.
907 4567 936 4618 p.
951 4566 982 4618 q.
999 4566 1047 4619 ςο,
1058 4559 1115 4607 nrt.
1131 4566 1147 4606 ι
1161 4547 1198 4607 etl
1215 4558 1286 4617 ι.““;
1298 4548 1348 4609 lib.
1358 4556 1400 4608 ιθ
1410 4549 1522 4609 Contra
1536 4551 1632 4616 Gerr..

511 4652 687 4795 “5995OE
704 4723 737 4783 S.
752 4722 872 4797 Thorn.,
890 4746 914 4785 t.
930 4745 959 4799 p.
970 4746 1001 4800 q.
1017 4746 1063 4801 50,
1073 4740 1130 4789 ort.
1144 4748 1171 4796 ι,
1181 4728 1220 4787 ttd
1231 4737 1291 4788 r.·¹
1300 4728 1413 4801 opuee
1424 4748 1478 4804 ιι,
1490 4752 1556 4805 eep.
1573 4752 1601 4807 ς.
