3492 5525
557 499 615 565 234
736 481 860 547 Loorca
881 479 1130 546 Minore-Distu
1155 490 1198 544 a·
1219 479 1298 546 Cib.
1324 497 1393 544 rum

516 673 587 742 tur,
617 673 655 732 ut
671 665 781 732 videre
800 673 851 732 est
869 665 903 732 in
924 665 1048 742 modis,
1076 663 1279 749 imperativo
1310 674 1343 732 et
1362 666 1525 752 optativo.
1550 665 1647 750 Logic

516 771 605 838 enim
625 792 692 840 non
712 781 819 859 agunt
841 791 882 839 ex
901 791 962 839 suo
981 773 1130 840 instituto
1150 773 1211 839 nisi
1231 774 1271 840 de
1295 774 1422 849 verbis,
1452 781 1549 859 prout
1567 781 1642 858 apta

516 881 654 948 suntad
672 879 906 946 conficiendam
930 879 1186 965 propositionem
1207 899 1323 948 verum
1344 883 1396 948 vel
1412 882 1529 948 falsum
1543 879 1645 966 signi-

516 987 688 1066 ticantem,
709 996 746 1055 ut
764 987 953 1055 notavimus
972 988 1070 1056 etiam
1086 988 1127 1054 de
1146 987 1296 1054 nomine.

585 1097 690 1162 immo
707 1096 796 1163 idem
814 1096 913 1162 docet
936 1094 1118 1162 &Thomas
1136 1113 1213 1162 cum
1234 1095 1409 1163 Aristotele
1428 1097 1469 1162 de
1492 1095 1564 1180 ipso
1590 1093 1645 1160 in-

517 1203 657 1271 dicativo
671 1203 771 1271 modo
786 1213 934 1287 respectu
954 1203 1105 1287 praeteriti
1124 1223 1161 1269 ac
1176 1204 1275 1270 futuri
1293 1201 1470 1288 temporis,
1492 1201 1643 1268 videlicet

517 1309 592 1377 bina
611 1312 679 1376 haec
692 1320 842 1394 tempora
857 1329 924 1377 non
944 1328 1016 1376 esse
1032 1310 1169 1376 verbum
1186 1312 1332 1396 proprie,
1347 1311 1406 1378 sed
1424 1329 1520 1377 casus
1534 1309 1643 1378 verbi.

518 1417 600 1484 Cum
611 1418 696 1484 enim
708 1419 838 1485 verbum
844 1419 974 1502 proprie
986 1417 1039 1494 sit,
1055 1421 1139 1504 quod
1150 1419 1312 1506 signficat
1320 1436 1409 1503 agere
1427 1421 1480 1484 vet
1490 1419 1572 1500 pati,
1588 1418 1643 1483 boc

434 1558 436 1572 ·
516 1529 564 1592 est
569 1525 697 1609 proprie
713 1527 854 1604 verbum,
875 1528 964 1612 quod
979 1525 1235 1611 significatagere
1255 1529 1307 1592 uel
1324 1527 1396 1609 pati
1411 1528 1447 1592 in
1463 1530 1548 1602 artu,
1564 1528 1649 1610 quod

517 1637 565 1699 rst
578 1652 668 1717 agere
679 1635 731 1700 vet
741 1633 812 1716 pao·
827 1634 1022 1717 simpliciter.
1041 1635 1104 1702 Sed
1119 1651 1206 1718 agere
1224 1637 1275 1702 vel
1285 1634 1358 1717 pati
1371 1635 1406 1698 in
1420 1633 1578 1716 preterito
1596 1635 1648 1698 vel

508 1740 636 1826 jutzrro,
656 1745 706 1808 est
718 1743 889 1808 seeundum
911 1739 999 1826 quid.
1022 1741 1182 1808 Dicuntur
1199 1741 1292 1808 etiam
1313 1742 1408 1807 verba
1420 1739 1575 1823 protriti
1596 1743 1651 1806 vel

509 1849 621 1936 subtri
651 1849 795 1931 temporis
824 1849 1056 1928 rationabiliter
1082 1866 1174 1914 casus
1194 1849 1295 1925 verbi,
1324 1851 1408 1934 quod
1432 1848 1652 1934 consignificat

518 1962 634 2039 tempus
642 1963 796 2040 presens,
815 1957 890 2041 puio
912 1957 1117 2038 preteritum,
1142 1958 1193 2023 vet
1206 1957 1357 2042 summm
1380 1957 1500 2024 dicibcr
1515 1961 1575 2038 prr
1596 1975 1648 2022 re-

517 2069 652 2148 spectum
677 2067 721 2130 ad
741 2071 893 2146 presens.
920 2064 1064 2130 Etenim
1078 2065 1284 2148 praeurtmm,
1314 2066 1398 2150 quod
1411 2064 1484 2149 fuit
1493 2070 1645 2147 proesem,

508 2174 659 2260 ficturum
675 2175 779 2238 autem
796 2174 880 2257 quod
896 2171 958 2237 erit
968 2178 1119 2254 presens.
1140 2169 1205 2260 (1).
1226 2171 1264 2238 Et
1283 2182 1334 2241 est
1353 2175 1422 2238 haec
1435 2171 1522 2256 apud
1540 2170 1649 2237 Philo-

406 2356 410 2368 ·
519 2282 643 2365 sophos
661 2279 932 2346 communissima
955 2278 1126 2345 sententia.
1398 2279 1404 2292 '

349 2420 466 2478 Qum
586 2388 670 2454 Hinc
700 2397 810 2454 autem
840 2385 988 2470 sequitur
1006 2403 1142 2452 omnem
1163 2385 1421 2471 propositionem
1441 2404 1517 2451 cum
1546 2385 1649 2452 verbo

306 2494 506 2576 '‘itltffl‘·
520 2498 561 2564 de
577 2496 740 2581 preterito
755 2504 811 2560 aut
821 2495 931 2560 tuturo
946 2494 1049 2579 logice
1062 2495 1291 2560 resolvendam
1303 2512 1376 2560 esse
1391 2493 1424 2559 in
1439 2493 1553 2569 aliam,
1571 2511 1649 2577 quae

318 2563 492 2682 ’ς’ζᾛζὼ
518 2606 672 2689 copulam
691 2603 809 2669 habeat
836 2603 869 2668 in
890 2600 1060 2687 praesenti:
1087 2612 1123 2668 ut
1153 2605 1222 2669 haec
1247 2621 1279 2671 v.
1306 2622 1339 2688 g.
1358 2619 1455 2669 senex
1465 2601 1537 2687 suit
1550 2608 1646 2684 puer,

519 2713 691 2798 aequivalet
705 2711 810 2799 logice
825 2711 911 2777 huic:
925 2727 1021 2777 senex
1034 2713 1083 2777 est
1092 2710 1221 2797 aliquis,
1235 2711 1291 2796 qui
1302 2717 1385 2793 puer
1393 2710 1472 2796 ficit.
1488 2707 1574 2780 Quae
1588 2708 1649 2775 do·

379 2795 458 2899 ‘mnf'
519 2822 622 2890 ctrina
647 2838 714 2905 prae
729 2820 833 2886 oculis
852 2818 1001 2885 habenda
1031 2827 1081 2885 est
1107 2821 1141 2886 in
1171 2818 1306 2885 materia
1324 2819 1364 2884 de
1383 2817 1647 2904 propositionum
1727 2812 1728 2825 ³

519 2927 792 2997 conversionibus:
810 2946 877 3012 qua
895 2927 936 2993 de
955 2946 989 2992 re
1008 2926 1141 2993 interius
1160 2928 1347 3010 loquemur.

570 3052 644 3104 roo.
692 3036 861 3102 Adversus
887 3036 970 3100 hanc
989 3035 1079 3101 verbi
1099 3033 1336 3117 definitionem,
1358 3032 1528 3099 communi
1546 3030 1650 3098 Scho-

521 3147 707 3214 lasticorum
726 3144 852 3211 calculo
868 3142 1097 3227 approbatam,
1115 3142 1210 3227 objici
1228 3144 1385 3209 nonnulla
1402 3150 1555 3225 possent,
1572 3160 1649 3224 quae

521 3252 677 3338 dissipare
695 3259 836 3337 oportet.
858 3250 924 3317 Sed
943 3249 1032 3334 prius
1052 3250 1233 3316 notandum
1258 3257 1320 3326 est,
1341 3248 1479 3316 verbum
1496 3267 1651 3315 commu-

523 3364 606 3430 niter
624 3360 724 3426 dividi
742 3360 775 3425 in
793 3359 1022 3425 substantivum
1039 3366 1072 3423 et
1089 3358 1291 3445 adjectivum.
1726 3422 1727 3435 χ

437 3530 459 3559 m
590 3469 737 3536 Verbum
755 3465 997 3533 substantivum
1017 3473 1067 3531 est
1083 3466 1222 3532 verbum
1239 3484 1325 3542 sum,
1342 3484 1391 3542 es,
1408 3468 1472 3547 cst;
1491 3464 1649 3551 adjectiva

355 3589 382 3631 ἰν·
399 3587 472 3631 turin
522 3598 600 3645 vero
618 3586 697 3644 sunt
715 3576 838 3659 reliqua
855 3574 978 3640 omnia.
1000 3574 1038 3638 Et
1055 3574 1194 3639 verbum
1213 3590 1347 3650 sumes,
1369 3576 1432 3650 est,
1453 3572 1520 3638 duo
1539 3581 1650 3657 potest

309 3658 508 3785 ..immo
522 3684 717 3774 significare.
736 3683 822 3750 Cum
844 3683 932 3748 enim
956 3682 1113 3766 reperitur
1131 3680 1280 3747 absolute
1298 3688 1331 3745 et
1348 3680 1419 3746 sine
1437 3680 1547 3764 aliquo
1566 3698 1651 3765 prae-

523 3795 648 3871 dicato,
673 3792 761 3858 idem
789 3799 885 3857 sonat
913 3798 1012 3873 atque
1037 3787 1183 3855 exr‘stere.
1203 3806 1237 3857 v.
1263 3807 1298 3873 g.
1327 3789 1441 3854 Petrus
1466 3800 1537 3865 est;
1562 3788 1651 3853 Deus

523 3915 590 3979 est,
625 3898 803 3986 significat:
834 3898 922 3964 Deus
948 3902 1081 3975 existit3
1111 3896 1224 3961 Petrus
1258 3902 1388 3963 existit.
1414 3893 1499 3961 Cum
1535 3906 1648 3962 autem

526 4009 624 4075 habet
642 4016 718 4092 post
735 4024 770 4072 se
789 4004 921 4088 aliquod
948 4004 1252 4089 praedicamentum,
1282 4011 1320 4067 ut
1337 4002 1453 4069 accidit
1476 4001 1508 4068 in
1528 4022 1650 4087 propo·

525 4116 717 4192 sidonibus,
738 4132 813 4199 quae
833 4121 993 4179 vocantur
1010 4114 1049 4177 de
1068 4111 1159 4178 tertio
1171 4112 1329 4199 warmic
1341 4108 1410 4199 (a),
1426 4130 1460 4177 v.
1476 4129 1511 4195 g.
1527 4111 1649 4177 Amisa

562 4427 604 4491 (1)
641 4420 673 4480 S.
690 4421 796 4480 Thom.
813 4418 897 4488 thid..
914 4437 1029 4491 paragr.
1046 4438 1070 4475 e.
1098 4414 1160 4475 etr.
1178 4415 1285 4475 Petrus
1298 4416 1425 4485 Fontes,
1440 4416 1513 4474 inst.
1526 4416 1647 4475 dialect.

526 4513 578 4573 lib.
598 4534 626 4583 r,
642 4532 705 4585 cap.
721 4530 769 4585 143
794 4506 1041 4575 Conimbrieens„
1060 4505 1174 4565 Rubius
1196 4505 1369 4573 erloinus,
1383 4506 1421 4563 de
1442 4508 1593 4580 tutemet.
1617 4506 1649 4564 in

527 4624 593 4662 ω.
631 4616 708 4672 ‚ete
1724 4656 1725 4661 ,

562 4624 623 4759 52?
642 4692 785 4763 Quanam
799 4686 860 4747 sint
875 4686 1088 4760 propositiones
1102 4686 1139 4744 de
1153 4687 1239 4745 tertio
1252 4706 1286 4744 ac
1298 4686 1334 4743 de
1346 4687 1473 4745 secundo
1487 4684 1650 4761 adjacente,

528 4782 680 4843 docebitur
692 4780 780 4854 paulo
792 4777 915 4839 inferius
926 4796 957 4837 n.
977 4796 1035 4849 ¹⁰7·
