3492 5525
234 473 953 550 Anne.1.¹¹·Urnunroccssrnronrecrun
966 476 1100 542 loorcn
1123 487 1197 559 ¹¹¹5

1022 581 1234 599 Μ

180 656 226 723 lta
248 654 503 739 Oomplutenses
521 651 586 743 (ι).

179 771 287 848 Reap.
318 763 354 830 S.
384 764 529 831 Thomas
557 762 702 848 loquitur
727 764 762 830 in
789 762 904 849 primis
926 764 967 830 de
999 764 1237 849 significatione

83 889 252 947 vocum,
269 889 343 956 quae
360 882 487 956 spectat
504 871 547 937 ad
571 870 865 939 considerationem
894 872 1037 958 logice,
1067 891 1134 939 non
1158 892 1237 939 vero

83 981 148 1045 de
183 979 374 1048 tractatione
401 998 534 1045 vocum.
563 978 705 1055 Deinde,
735 987 773 1046 ut
798 976 962 1067 colligitur
996 998 1037 1049 ex
1064 987 1234 1059 contextu,

85 1087 142 1153 S.
170 1088 290 1155 Doctor
316 1096 485 1173 comparat
502 1106 604 1155 voces
620 1106 697 1154 cum
724 1088 899 1173 scriptura:
921 1089 1008 1155 unde
1031 1088 1160 1155 videtur
1187 1089 1237 1155 in-,

86 1213 214 1262 nuere
224 1195 361 1269 illarum
380 1193 651 1281 significationem
667 1192 875 1280 principalius
892 1204 1038 1281 spectare
1052 1196 1093 1262 ad
1107 1194 1233 1281 Logicae

86 1304 403 1371 considerationem
412 1316 424 1382 ‚¹
443 1321 542 1387 quam
565 1302 759 1389 significatio
777 1302 973 1381 litterarum,
995 1322 1069 1387 quae
1088 1304 1165 1388 quia
1184 1312 1235 1371 est

88 1412 219 1497 magis
237 1420 363 1477 remota
380 1410 650 1495 conceptionibus
666 1410 862 1488 intellectus,
878 1430 940 1477 non
950 1412 1087 1493 pertinet
1100 1412 1145 1476 ed
1165 1413 1234 1499 rjus

88 1519 402 1595 considerationem,
413 1518 628 1603 sedmagisod
634 1518 910 1586 considerationem
918 1517 1135 1587 Grammatici.
1149 1517 1233 1603 Lege

87 1628 142 1695 S.
161 1628 337 1693 Doctorem
356 1624 421 1715 (2).

151 1740 262 1819 objlc.
294 1742 346 1802 ιο
391 1732 510 1819 logica
527 1733 647 1800 directe
669 1742 703 1800 et
720 1753 761 1800 ex
777 1734 924 1817 professo
954 1740 1070 1800 tractat
1087 1734 1128 1799 de
1146 1733 1233 1799 voci·

89 1842 185 1908 bus
222 1841 309 1926 Sane
344 1841 428 1907 libri
456 1841 705 1907 Peribermenias
733 1859 791 1908 seu
821 1844 860 1908 de
886 1841 1152 1924 interpretatione,
1174 1840 1231 1925 qui

91 1968 186 2015 vere
206 1959 284 2016 sunt
306 1950 428 2034 logici,
448 1947 568 2015 directe
586 1948 627 2014 de
652 1950 789 2016 vocibus
810 1957 929 2033 agunt,
954 1968 1132 2034 earumque
1157 1968 1232 2033 pro-

94 2060 265 2143 prietates
284 2058 524 2131 demonstrant.
545 2056 589 2122 lbi
604 2056 646 2122 de
663 2058 783 2135 verbo,
803 2057 844 2123 dc
863 2057 1013 2131 nomine,
1029 2058 1071 2123 de
1084 2056 1231 2124 oratione

94 2184 221 2233 sermo
240 2174 303 2247 est;
323 2178 357 2232 et
374 2164 478 2230 oratio
496 2163 616 2239 vocalis
640 2164 841 2230 enuntiativa
864 2164 1031 2249 praesentis
1056 2183 1128 2232 esse
1152 2185 1230 2233 con-

98 2273 337 2358 templationis
364 2271 482 2338 dicitur
497 2270 539 2337 ab
558 2270 732 2337 Aristotele
749 2268 813 2360 (3).
834 2272 941 2348 Adde,
962 2273 1052 2357 quod
1070 2274 1228 2343 terminus

97 2380 237 2467 logicus
255 2380 411 2447 dividitur
428 2377 461 2445 in
478 2379 655 2445 mentalem
674 2386 707 2444 ct
724 2380 846 2445 oralem
863 2376 930 2467 (4).

174 2495 280 2573 Resp.
305 2505 379 2570 neg.
408 2494 581 2554 assertum.
611 2485 664 2552 Ad
691 2485 919 2570 probationem
946 2505 1024 2553 vero
1052 2487 1226 2561 dicendum

96 2608 160 2665 est
177 2597 277 2665 libros
296 2594 562 2671 Periierrnenias,
583 2612 649 2660 non
668 2613 763 2679 agere
781 2594 824 2661 de
842 2594 978 2663 vocibus
997 2602 1167 2680 tamquam
1186 2598 1227 2663 de
1318 2616 1323 2627 ¹

95 2707 234 2792 objecto
263 2702 409 2790 proprio,
437 2702 494 2770 sed
512 2711 684 2786 tamquam
711 2703 754 2770 de
781 2702 885 2788 signis
912 2711 1149 2789 conceptuum,
1171 2723 1228 2790 per

95 2835 180 2900 quae
206 2814 324 2881 melius
343 2811 564 2897 intelligantur
590 2812 711 2896 regulae
738 2810 821 2877 circa
847 2812 930 2878 illos.
961 2813 1054 2878 Unde
1083 2813 1153 2879 libri
1182 2813 1226 2879 illi

96 2932 269 3007 quatenus
287 2922 365 2990 talia
378 2928 516 2986 tractant
532 2937 599 2985 non
614 2918 767 2986 videntur
777 2919 903 3003 proprie
919 2919 1028 3004 logici,
1041 2921 1099 2987 sed
1117 2922 1225 2988 solum

98 3031 259 3097 indirecte
280 3037 314 3094 et
335 3027 516 3102 reductive,
533 3045 592 3092 nec
616 3027 726 3110 scripti
745 3038 764 3090 a
782 3025 978 3110 Philosopho
997 3037 1165 3111 tamquam
1184 3029 1226 3095 de

98 3137 236 3224 proprio
246 3135 371 3221 Logicae
385 3135 525 3221 objecto.
545 3135 654 3212 «Quia
672 3135 759 3201 enim
775 3134 939 3216 objectum
956 3133 1097 3220 Logicae,
1112 3143 1226 3221 utpote

98 3249 136 3314 in
157 3254 270 3311 mente
298 3246 418 3319 latens,
450 3243 581 3310 videbat
603 3241 793 3308 Aristoteles
817 3241 905 3307 haud
930 3242 1017 3308 facile
1036 3252 1223 3327 perceptum

97 3355 138 3422 iri
158 3375 178 3419 a
206 3353 379 3440 tyronibus
405 3352 439 3417 in
456 3348 652 3435 semetipso,
673 3349 733 3416 nisi
753 3349 842 3434 prius
859 3357 1059 3434 spectaretur
1077 3351 1108 3418 in
1129 3349 1224 3436 signo

97 3461 253 3528 exteriori
272 3468 305 3526 et
318 3457 479 3543 sensibili,
496 3458 612 3524 idcirco
626 3457 824 3524 discentium
839 3458 1017 3525 commodo
1035 3459 1227 3538 consulens,

98 3571 204 3636 libros
222 3567 473 3636 Perilrermenios
495 3567 676 3650 eorumque
694 3568 823 3652 regulas
841 3567 967 3650 scripsit
989 3585 1143 3651 expresse
1161 3580 1225 3635 ter-

98 3679 243 3744 minatas
261 3676 301 3742 ad
319 3674 488 3741 artificium
508 3675 637 3751 vocale,
661 3683 831 3759 tamquam
851 3675 894 3741 ad
911 3674 1043 3760 signum
1063 3682 1096 3740 et
1114 3694 1223 3742 exem·

99 3789 173 3870 plar
191 3795 364 3852 externum
383 3781 631 3848 intellectualis»
651 3779 715 3870 (5).

170 3890 292 3961 Divisio
308 3908 386 3958 vero
403 3888 457 3956 illa
483 3889 613 3957 termini
641 3888 747 3974 logici
768 3889 801 3956 in
832 3890 1009 3956 mentalem
1038 3898 1071 3957 et
1099 3892 1221 3958 oralem

100 4001 243 4069 univoca
262 4017 329 4065 non
357 4005 424 4074 est,
445 3998 504 4063 sed
532 3998 685 4082 analoga,
715 3995 879 4081 siquidem
909 3997 1070 4066 terminus
1097 3997 1222 4084 logicus

99 4108 231 4194 proprie
250 4107 402 4173 mentalis
420 4112 486 4183 est,
502 4116 539 4172 ut
557 4113 684 4173 constat
702 4123 744 4170 ex
760 4103 854 4172 dictis
871 4101 936 4191 (6).

136 4328 177 4390 (ι)
215 4321 471 4394 Loc.cit.,n.31'.=‘

135 4418 178 4482 (a)
214 4411 278 4472 Cir.
291 4407 430 4478 imnodi,
446 4409 534 4484 paulo
546 4407 632 4468 aliter
643 4408 834 4483 respondeus,
844 4409 898 4469 loc.
912 4406 974 4481 cit,
987 4429 1017 4469 n.
1035 4410 1077 4470 18.

135 4503 177 4573 (3)
213 4500 389 4570 Pcriberrn„
404 4497 455 4560 lib.
474 4520 498 4570 r,
513 4519 576 4573 cap.
591 4518 619 4575 4.

134 4594 176 4665 (4)
213 4587 542 4663 Lossadaibid.,n.19.

135 4686 177 4754 (5)
214 4679 354 4750 Loesada,
366 4680 420 4740 loe.
431 4677 498 4751 cit„
509 4700 540 4739 n.
558 4680 602 4752 163
616 4679 683 4740 vide
696 4679 791 4754 plura,
803 4699 834 4740 n.
853 4701 894 4755 17,
914 4680 955 4742 18.
971 4680 1033 4742 Csr.
1045 4679 1082 4742 ib.
1095 4699 1124 4742 n.
1133 4702 1162 4756 9,
1177 4701 1218 4743 ro.

137 4772 178 4837 (6)
215 4767 277 4831 cn.
295 4769 434 4841 Lossada,
450 4768 530 4831 iun.
546 4788 582 4830 ao
