3492 5525
287 418 290 426 Ι
320 335 432 397 Anne.
456 348 516 396 am
530 334 579 397 Au
594 352 657 397 nas
670 352 745 397 surr
758 351 931 408 cursorum
947 332 1083 397 Locrcrs
1144 350 1222 413 rrrq

135 514 179 580 sit
199 516 285 582 utilis
304 515 345 581 ad
363 516 513 600 expedite
530 515 771 595 definiendum,
791 517 1006 584 dividendum
1032 526 1064 583 et
1084 533 1262 601 argumen-

135 622 288 689 tandum.
317 622 417 705 Atqui
442 622 557 709 Logica
583 625 689 691 multo
708 622 814 709 magis
832 624 960 692 cavebit
982 641 1126 699 errores,
1148 624 1175 689 si
1205 642 1262 706 pe-

137 728 287 799 nitiorem
307 748 413 795 rerum
434 732 549 798 habeat
569 732 735 809 notitiam,
752 749 851 814 quam
872 731 1027 800 sisoium
1042 748 1098 797 eas
1121 731 1208 796 norit
1226 731 1259 796 in

135 836 325 915 communi,
341 836 487 922 itemque
506 836 688 921 expeditior
704 840 848 923 proiecto
867 839 927 906 erit
945 839 985 904 ad
999 838 1258 905 ratiocinandum

135 944 177 1009 de
197 944 311 1018 rebus,
333 964 364 1011 ν.
386 963 420 1028 g.
442 945 483 1010 de
503 944 588 1021 Deo,
608 946 649 1010 de
669 945 802 1011 bomine
829 955 908 1021 etc„
928 944 955 1011 si
974 948 1034 1012 has
1058 944 1260 1011 substantias

135 1052 168 1117 in
190 1042 369 1135 particulari
389 1060 576 1136 pertractet,
597 1069 697 1135 quam
725 1052 752 1119 si
777 1054 885 1119 solum
913 1053 1129 1119 substantiam
1149 1050 1182 1117 in
1201 1073 1260 1136 ge·

136 1176 228 1224 nere.
247 1158 330 1243 Ergo
347 1156 412 1247 (r).

204 1266 319 1350 Logica
337 1266 447 1350 itaque
465 1267 561 1333 docet
587 1284 716 1332 errores
733 1284 864 1344 cavere,
886 1277 919 1333 et
946 1266 1133 1350 expeditum
1154 1265 1259 1336 reddit

134 1374 176 1439 ad
195 1372 435 1451 definiendum,
456 1373 685 1451 dividendum,
703 1376 1021 1459 argumentandum,
1039 1393 1105 1440 non
1125 1374 1259 1441 investi·

132 1480 244 1566 gando
264 1489 395 1547 naturas
424 1500 550 1557 rerum,
575 1481 635 1547 sed
663 1480 882 1566 precipiendo
901 1484 1031 1567 regulas
1059 1482 1255 1565 modosque,

134 1587 256 1671 quibus
274 1588 306 1653 in
321 1588 437 1673 quavis
458 1575 589 1655 materia
609 1598 704 1657 rectae
722 1588 946 1666 definitionem
967 1588 1144 1655 divisiones
1162 1608 1258 1673 argu-

133 1696 418 1779 mentationesque
445 1695 542 1763 irunt.
563 1696 653 1762 Sicut
680 1695 827 1762 Oratoria
853 1698 944 1782 leges
968 1696 1161 1781 praescribit,
1183 1713 1258 1762 nor·
1373 1770 1377 1779 ,

134 1824 273 1889 masque
292 1806 460 1891 generales
479 1804 648 1890 proponit,
669 1805 852 1873 secundum
867 1823 952 1889 quas
968 1805 1115 1890 apposite
1130 1804 1172 1870 ad
1186 1823 1259 1889 per·

133 1905 340 1979 suadendum
371 1912 444 1997 quis
483 1913 647 1995 loquatur.
688 1911 854 1977 Materiam
885 1930 964 1978 vero
997 1910 1152 1996 loquendi
1187 1912 1257 1978 aliis
1309 1913 1314 1921 “

132 2019 276 2087 scientiis
296 2020 463 2105 relinquit,
481 2021 532 2086 vei
548 2038 588 2085 ex
606 2020 722 2085 iisdem
737 2026 924 2095 mutuatur,
944 2019 1119 2103 siquando
1137 2018 1258 2085 exerci-

131 2126 272 2193 tationes
290 2128 437 2194 oratoriae
455 2127 487 2193 in
507 2126 627 2194 scholis
646 2125 802 2193 habendae
820 2136 911 2194 sunt.

179 2306 256 2374 343.
305 2288 496 2356 Pnoeosmo
532 2297 581 2357 2.⁸
626 2297 697 2360 Res
731 2294 923 2358 secundum
958 2310 1037 2355 esse
1070 2291 1253 2374 physicum

132 2410 297 2480 spectatae
314 2412 460 2481 possunt
479 2402 546 2465 dici
561 2403 731 2481 objectum
745 2403 922 2464 materiale
942 2402 1064 2463 saltem
1081 2411 1253 2463 remotum

131 2510 189 2571 vel
207 2508 411 2583 mediatum,
433 2511 489 2572 vel
507 2510 671 2572 indirecte
690 2526 751 2571 seu
769 2509 813 2572 de
826 2509 963 2588 obliquo
980 2517 1157 2570 attactum.

198 2666 281 2731 Nam
301 2665 380 2731 iliud
399 2665 459 2730 dici
479 2674 587 2749 potest
609 2666 774 2752 objectum
794 2664 958 2731 materiale
982 2675 1164 2741 remotum,
1184 2684 1254 2730 me-

130 2775 276 2849 diatum,
297 2775 349 2840 vei
369 2773 524 2840 indirecte
542 2793 600 2840 seu
620 2776 660 2840 de
679 2774 814 2859 obliquo
833 2782 1008 2848 attactum,
1028 2773 1118 2856 quod
1136 2773 1252 2838 saitem
1343 2791 1385 2856 ¹¹⁶¹

131 2879 295 2947 mediante
323 2881 401 2958 aiio,
431 2882 521 2965 quod
550 2881 737 2968 proximum
765 2881 932 2966 obiectum
967 2891 1034 2958 est,
1069 2879 1249 2965 attingitur.
1306 2859 1423 2964 22:22¹ss

130 2989 233 3071 Atqui
251 2991 332 3056 tales
350 2999 428 3055 sunt
448 3007 498 3055 res
517 3008 574 3075 per
593 2998 775 3074 respectum
795 2990 836 3055 ad
855 2988 1019 3074 Logicam.

198 3095 282 3160 Nam
312 3095 428 3180 Logica
453 3095 519 3181 agit
537 3099 578 3164 de
604 3097 847 3181 operationibus
867 3097 1067 3172 intellectus,
1087 3102 1251 3179 quatenus
1355 3114 1359 3119 ⁴

129 3212 216 3268 recte
244 3203 433 3270 ordinantur
452 3205 492 3269 ad
520 3205 759 3270 assecutionem
786 3204 941 3272 veritatis.
973 3204 1073 3289 Atqui
1093 3221 1144 3269 res
1171 3215 1250 3270 sunt

128 3313 296 3396 objectum
317 3313 432 3377 harum
451 3313 692 3396 operationum.

196 3419 274 3484 item
295 3419 412 3503 Logica
430 3421 496 3503 agit
514 3420 555 3484 de
583 3420 775 3506 generibus,
797 3419 969 3504 speciebus
986 3428 1050 3486 etc.
1075 3417 1176 3502 Atqui
1194 3436 1252 3502 ge-

128 3544 206 3592 nera
225 3537 257 3592 et
271 3526 397 3610 species
412 3535 489 3592 sunt
509 3537 632 3594 naturae
648 3528 748 3594 reales
762 3537 849 3593 certo
864 3529 1008 3613 quodam
1025 3526 1124 3592 modo
1137 3525 1253 3609 cogni·

126 3645 183 3700 tae.
205 3633 332 3719 Ergo...
750 3651 755 3660 ·

195 3740 275 3806 item
302 3739 456 3806 indirecte
483 3742 571 3807 etin
602 3741 737 3827 obliquo
765 3760 853 3826 saepe
880 3741 1086 3828 attinguntur
1114 3759 1183 3818 res,
1215 3751 1251 3808 ut

125 3867 202 3915 curn
227 3847 324 3914 dicis:
353 3847 502 3935 Definitio
526 3852 575 3915 est
594 3848 693 3915 oratio
715 3851 878 3916 essentiam
906 3850 954 3914 rei
979 3849 1155 3932 explicans,
1176 3867 1251 3932 quae

126 3954 290 4031 definitio,
311 3956 351 4021 ad
370 3955 495 4040 Logicae
509 3958 675 4043 objectum
695 3966 781 4023 certe
795 3968 948 4039 spectans
962 3957 1111 4042 attingit,
1132 3957 1249 4022 saitem

125 4065 160 4130 in
181 4063 332 4148 obliquo,
353 4081 419 4128 rem
438 4071 471 4130 et
488 4065 654 4130 essentiam
672 4063 686 4150 (
711 4063 736 4151 ).
1136 4057 1140 4066 ’

163 4443 203 4504 (r)
241 4437 303 4497 Cir.
319 4435 463 4508 Lossada‚
479 4437 522 4496 loc
547 4437 608 4508 cit,
625 4458 653 4497 n.
668 4458 696 4512 4.

162 4529 202 4599 (2)
240 4526 301 4585 Cfr.
318 4527 461 4597 Loseada,
486 4527 538 4586 loc.
554 4525 613 4597 cit..
638 4547 667 4586 n.
687 4547 728 4600 15;
754 4527 852 4596 Uiioa‚
877 4527 953 4603 Log.
977 4528 1100 4598 Minor„
1121 4529 1198 4602 disp.
1222 4550 1249 4603 3,

123 4637 189 4693 cop.
212 4637 234 4675 r.
