3492 5525
407 483 522 547 Antio.
548 497 593 547 ru·
613 481 703 561 Quin
723 501 777 549 sir
795 503 950 560 Jumcruu
1138 499 1195 571 ²²5

113 664 196 730 illud
209 665 419 748 consequitur
431 667 606 735 essentiam
622 669 732 753 judicii
747 670 919 754 compleri,
940 678 973 736 et
987 669 1102 736 ultimo
1120 672 1237 736 consti·

111 771 178 848 tui,
205 791 264 856 per
287 776 437 857 oopulam
465 794 524 842 seu
550 777 706 843 unionem
724 778 958 855 terminorum,
987 777 1058 845 sine
1075 797 1141 862 qua
1168 796 1234 844 non

111 887 224 962 potest
239 881 347 946 haberi
358 883 533 966 judicium,
549 883 676 950 etiamsi
690 894 809 969 praesto
823 885 890 952 sint
902 886 1050 963 termini,
1067 885 1122 970 qui
1137 895 1236 950 mate-

112 987 195 1052 riam
214 988 385 1055 dumtaxat
405 991 559 1057 exhibent
575 991 675 1059 illius.

180 1093 287 1161 Dices.
304 1095 338 1162 ln
353 1097 574 1181 propositione
601 1101 753 1187 negativa
775 1103 894 1185 copula
908 1105 1061 1185 negatur,
1083 1119 1117 1167 ν.
1141 1121 1175 1185 g.
1208 1101 1234 1167 si

109 1201 218 1268 dicas:
238 1204 351 1270 Petrus
373 1223 438 1270 non
459 1209 509 1271 est
522 1208 581 1274 Iao.
602 1208 686 1292 Ergo
700 1208 733 1274 in
758 1208 982 1293 propositione
1001 1207 1153 1294 negativa
1167 1225 1234 1275 non

110 1308 205 1377 adest
218 1312 350 1395 copula.
365 1311 475 1382 Quare
488 1316 516 1381 si
528 1316 646 1399 copula
661 1325 711 1382 est
720 1317 973 1384 constitutivum
989 1316 1232 1401 propositionis,

106 1416 292 1501 propositio
310 1420 462 1505 negativa
480 1432 612 1489 nonest
632 1423 823 1508 propositio.
850 1424 1049 1508 Respondeo
1067 1423 1100 1490 in
1119 1443 1236 1509 propo

108 1523 230 1591 sitione
244 1527 395 1612 negativa
414 1549 448 1594 v.
472 1549 508 1616 g,
531 1548 627 1596 «cum
651 1531 783 1598 dicitur:
803 1533 918 1598 Petrus
935 1549 999 1597 non
1017 1534 1065 1598 ast
1084 1533 1146 1609 Iao,
1166 1550 1236 1616 par·

107 1631 209 1698 ticula
243 1653 308 1699 non
340 1636 449 1702 solum
487 1647 585 1724 negat
619 1639 782 1725 objetim
806 1627 1071 1722 omnpontionam,
1104 1639 1137 1704 id
1169 1647 1232 1716 est,

106 1739 314 1807 identitatem
333 1760 394 1809 seu
412 1745 676 1812 convenientiam
696 1747 917 1834 objectorum,
940 1765 1015 1830 quae
1033 1746 1234 1830 quandoque
1347 1806 1350 1818 .

106 1846 227 1914 dicitur
242 1851 353 1932 copula
373 1819 627 1947 om'ectivaffion
645 1865 760 1921 tamen
779 1865 879 1941 negat
899 1856 1041 1937 copulam
1050 1855 1230 1938 jeruralem,
1272 1915 1293 1975 φ

104 1955 166 2020 sed
197 1956 286 2021 illam
299 1957 409 2042 potius
428 1959 599 2028 constituit
623 1959 721 2027 simul
749 1979 825 2027 cum
842 1961 968 2039 verbo,
988 1971 1026 2028 ut
1050 1960 1234 2048 consignisr-
1272 1997 1280 2022 ,

105 2070 231 2128 cante»
250 2049 338 2174 (1)]

151 2173 209 2255 89.
252 2171 363 2238 Unum
374 2171 488 2242 tamen
500 2175 601 2259 probe
613 2183 702 2242 nota:
714 2172 749 2264 α)
759 2193 817 2262 per
826 2185 936 2243 actum
944 2175 1055 2263 judicii
1067 2193 1133 2242 non
1144 2175 1233 2259 ipsos
1286 2233 1405 2293 himma

93 2277 256 2360 smnus
267 2290 448 2365 conceptus
462 2283 597 2370 subjecti
611 2291 644 2348 et
656 2282 818 2368 praedicati
838 2283 924 2349 inter
940 2303 976 2351 se
994 2283 1152 2367 copulari,
1174 2283 1232 2348 sed
1268 2307 1425 2354 introimus·

101 2388 270 2468 conceptio
288 2387 464 2474 abjectivos.
484 2389 665 2475 Nimirum,
687 2409 764 2456 cum
790 2390 880 2456 dico:
909 2392 1022 2458 Petrus
1046 2395 1093 2456 est
1109 2393 1229 2467 dociles,
1259 2378 1432 2505 oessss‘ffiffd

102 2493 175 2557 vel:
195 2493 345 2560 laomoest
357 2498 539 2575 rationalis,
560 2516 677 2564 sensus
696 2507 847 2574 nonest,
871 2500 962 2582 quod
986 2508 1078 2564 actus
1096 2497 1229 2574 mentis,
1278 2523 1417 2577 apruna..
1519 2507 1522 2516 '

101 2619 174 2683 quo
191 2603 402 2686 cognoscitur
420 2605 533 2671 Petrus
549 2614 606 2672 aut
625 2606 711 2672 bomo
734 2615 784 2671 est
802 2617 911 2683 actus,
935 2624 1003 2690 quo
1024 2605 1232 2690 cognoscitur

100 2707 224 2775 doctus
245 2717 303 2776 aut
324 2711 508 2794 rationalem
528 2713 586 2780 sed
604 2713 734 2781 acolitus
751 2713 821 2799 ipsa
844 2732 920 2799 quae
942 2713 1152 2799 cognoscitur
1175 2731 1233 2799 per

100 2826 215 2882 actum
231 2817 351 2884 mentis
363 2828 649 2903 representantem
664 2822 792 2888 Petrum
805 2832 862 2889 aut
871 2822 1041 2900 hominem,
1058 2838 1130 2887 esse
1142 2820 1233 2886 reali-

100 2934 221 3001 tatem,
234 2944 308 3008 quae
321 2926 529 3010 cognoscitur
542 2947 600 3014 per
613 2939 723 2996 actum
738 2928 860 2997 mentis
876 2937 1162 3013 repraesentantem
1176 2930 1242 2993 do-'

97 3036 251 3098 ciumaut
259 3034 456 3101 rationalem.
466 3034 567 3105 Secus
575 3036 663 3102 enim
676 3037 788 3103 omnia
793 3036 913 3123 judicia
922 3036 1117 3103 affirmativa
1125 3036 1230 3102 forent

99 3143 198 3217 ialsa,
217 3154 250 3206 et
268 3141 377 3208 solum
391 3143 543 3229 negativa
561 3154 698 3229 possent
716 3163 790 3211 esse
809 3162 898 3213 vera.
918 3144 957 3210 Et
975 3144 1055 3211 ratio
1064 3152 1132 3220 est,
1153 3143 1230 3226 quia

96 3249 236 3332 copula,
253 3266 328 3332 quae
340 3251 509 3319 constituit
527 3252 636 3335 ipsum
651 3263 762 3320 actum
778 3253 948 3318 iormalem
959 3251 1070 3337 iudicii
1086 3300 1095 3328 ‚
1116 3249 1230 3317 asserit

96 3356 308 3422 identitatem
322 3356 459 3443 subjecti
472 3367 507 3425 et
525 3361 700 3444 praedicati.
723 3359 795 3439 Jam
816 3379 894 3426 vero
911 3367 1093 3444 conceptus
1111 3360 1231 3424 forma-

96 3466 148 3530 les
178 3462 316 3548 subjecti
344 3472 377 3530 et
413 3466 575 3550 praedicati
608 3486 674 3534 non
692 3476 771 3535 sunt
797 3466 945 3544 identici,
972 3485 1048 3534 cum
1075 3465 1141 3532 sint
1163 3466 1230 3531 duo

95 3584 196 3640 actus
213 3570 373 3639 distincti:
396 3590 456 3639 nec
474 3574 613 3642 intentio
632 3574 786 3642 naturalis
806 3574 1024 3661 judicantium
1045 3583 1111 3651 est,
1139 3572 1230 3639 iden·

93 3680 232 3745 titatem
259 3680 312 3745 vel
340 3678 590 3767 discrepantiam
618 3684 732 3749 talium
757 3691 890 3749 actuum
917 3682 1147 3766 pronuntiare,
1171 3680 1230 3747 sed

94 3786 267 3855 rationum
290 3787 434 3871 ipsarum
453 3789 707 3873 objectivarum,
723 3808 798 3875 quae
811 3808 869 3876 per
882 3790 955 3857 illos
973 3799 1066 3857 actus
1079 3807 1138 3856 seu
1153 3806 1231 3855 con-

93 3905 218 3981 ceptus
235 3894 388 3961 formales
410 3914 428 3961 a
449 3896 542 3963 nobis
555 3897 793 3983 intelliguntur.
809 3898 848 3964 Et
870 3898 946 3965 inde
970 3906 1038 3977 est,
1063 3896 1154 3981 quod
1172 3915 1230 3963 ve·

92 4005 178 4071 ritas
191 4012 250 4069 aut
264 4002 385 4068 falsitas
394 4002 608 4088 judiciorum,
624 4024 666 4072 ex
679 4005 751 4089 ipso
767 4014 890 4072 naturae
907 4004 1079 4083 instinctu,
1096 4002 1229 4075 desinia-

91 4122 152 4177 tur
165 4128 209 4179 ex
228 4128 269 4175 eo
288 4110 379 4193 quod
397 4128 448 4177 res
466 4110 510 4178 ita
523 4130 560 4178 se
578 4111 698 4179 lrabeat
715 4112 750 4179 in
769 4131 807 4181 se
820 4114 908 4198 ipsa,
929 4121 1026 4199 prout
1040 4130 1098 4197 per
1116 4120 1227 4177 actum

87 4218 208 4306 judicii
234 4216 440 4302 exprimitur.
461 4218 494 4284 ld
513 4220 604 4303 quod
621 4218 737 4287 clarius
760 4217 956 4305 perspicitur
977 4220 1009 4285 in
1037 4216 1228 4304 propositio-

92 4328 198 4393 nibus
228 4324 390 4407 oralibus,
411 4324 585 4410 inquibus
606 4345 705 4394 nemo
728 4327 881 4413 inteiligit
903 4328 1001 4395 asseri
1024 4326 1227 4394 identitatem

92 4506 299 4580 primiformia
318 4510 452 4578 respectu
471 4503 607 4579 subjecta}
625 4506 794 4581 compositio
808 4524 876 4564 uero
890 4514 932 4565 est
942 4512 1043 4577 forma
1061 4504 1226 4577 utraiesque.

94 4594 137 4653 lla
152 4590 187 4653 S.
208 4590 353 4663 Thomas,
366 4588 412 4651 vel
432 4592 610 4666 quicumque
628 4594 667 4654 sit
680 4610 790 4655 auctor.
805 4593 919 4656 Summ.
932 4594 1021 4666 ,totius
1035 4592 1112 4672 Log-
1128 4592 1225 4653 Arist.

92 4683 193 4745 Tract.
208 4682 250 4742 de
256 4680 415 4758 interpret.
430 4702 482 4741 seu
494 4682 724 4755 Enuntiatione„
738 4705 802 4759 cap.
820 4704 861 4743 12.

128 4780 173 4846 (r)
208 4770 514 4847 Lommsicmnat„
527 4773 604 4849 disp.
618 4774 647 4845 ⁶,
662 4794 725 4849 cap.
739 4793 774 4848 4,
788 4794 818 4835 n.
835 4794 879 4835 ra.
920 4826 924 4833 .

1155 4884 1189 4955 ¹5
