3492 5525
555 419 629 485 1092
681 402 805 467 Looica
820 402 1049 477 MxJon—Lre.
1067 402 1246 479 2.¹¹¹,D1si=.
1266 416 1308 484 5.·
1322 401 1401 465 Can.
1421 417 1490 464 ram

512 585 545 649 in
564 584 769 672 verificando,
786 596 951 670 quatenus
964 586 1097 652 scientia
1110 586 1155 651 ita
1168 586 1266 651 debet
1281 584 1438 669 respicere
1450 586 1622 670 objectum,

513 702 562 768 ut,
583 692 653 758 sive
671 692 750 759 illud
764 672 903 771 existat,
933 694 1003 760 sive
1021 712 1104 768 non,
1125 711 1257 777 semper
1283 691 1425 759 verificet
1454 692 1624 757 necessario

513 799 770 877 conclusionem,
796 820 861 885 qua
879 801 1135 867 demonstrative
1153 800 1373 885 cognoscitur.
1393 800 1487 865 Unde
1504 801 1626 865 conclu-

514 908 562 987 sio
581 907 653 975 ista:
676 908 826 994 Definitio
848 910 937 975 debet
962 927 1027 975 essa
1045 908 1165 973 clarior
1180 908 1319 993 definito,
1340 919 1388 973 est
1406 917 1538 973 aeternae
1557 907 1628 972 veri·

513 1015 604 1090 tatis,
625 1024 658 1079 et
684 1018 723 1080 de
744 1036 776 1080 re
807 1017 986 1083 necessaria
1011 1016 1044 1081 in
1073 1015 1286 1093 verificando,
1316 1016 1392 1099 quia
1417 1016 1521 1081 reddit
1551 1017 1627 1080 hunc
1713 1021 1715 1024 ’

514 1140 662 1189 sensum:
692 1122 980 1208 Quandocumque
1007 1124 1125 1189 existat
1156 1122 1321 1199 definitio,
1351 1133 1438 1188 recta
1465 1142 1532 1188 non
1564 1122 1626 1195 erit,

515 1230 575 1295 nisi
603 1229 749 1297 definitio
777 1230 819 1298 sit
845 1232 972 1298 clarior:
1001 1229 1057 1314 qui
1086 1249 1205 1296 sensus
1234 1231 1412 1295 necessario
1440 1242 1491 1296 est
1526 1250 1626 1297 verus.

514 1338 641 1403 etiarnsi
681 1338 826 1405 definitio
863 1342 913 1404 vel
947 1340 1133 1405 nullatenus
1165 1340 1215 1403 vel
1245 1338 1473 1422 contingenter
1498 1339 1625 1403 existat.

515 1444 577 1509 Ars
595 1454 705 1511 autem
724 1454 773 1512 est
793 1447 832 1511 de
851 1445 1136 1531 contingentibuS,
1167 1465 1233 1511 non
1264 1446 1372 1529 quoad
1391 1444 1628 1529 aerfflotionem

453 1630 454 1633 Ἴ
513 1555 711 1635 regularum,
732 1571 806 1636 quae
827 1563 966 1638 possunt
984 1572 1058 1620 esse
1073 1552 1261 1619 necessariae
1275 1552 1434 1629 veritatis,
1452 1554 1510 1618 sed
1528 1554 1630 1635 quoad
1713 1573 1715 1636 g

456 1688 458 1697 ·
514 1660 723 1753 executionem
756 1661 859 1745 ipsius
890 1660 1021 1744 objecti,
1050 1661 1139 1744 quod
1175 1660 1274 1730 debet
1305 1678 1377 1725 esse
1404 1661 1436 1724 in
1466 1660 1631 1726 existendo

514 1767 724 1853 contingens,
746 1777 779 1833 et
797 1771 838 1833 ab
862 1768 991 1834 artificis
1019 1767 1150 1833 arbitrio
1168 1768 1327 1852 pendens:
1349 1766 1493 1850 alioquin
1525 1787 1633 1851 super·

514 1874 580 1940 tlua
605 1876 687 1941 loret
705 1894 768 1942 ars.
791 1874 884 1942 Unde
902 1886 1081 1959 conceptus
1106 1875 1183 1940 artis
1210 1888 1245 1941 et
1270 1875 1412 1962 scientiae
1442 1894 1508 1939 non
1533 1892 1632 1959 oppo

516 1992 650 2063 nuntur;
671 1981 748 2048 narn
762 1984 1002 2068 contingentia,
1019 2002 1121 2067 quarn
1135 1982 1213 2067 petit
1228 2000 1292 2058 ars,
1309 1983 1392 2047 bene
1406 1982 1550 2047 cohaeret
1563 2002 1633 2046 curn

517 2090 723 2165 necessitate,
755 2109 854 2174 quam
886 2092 1020 2156 scientia
1047 2091 1163 2175 poscit.
1193 2088 1371 2164 Quomodo
1404 2100 1514 2155 autem
1551 2098 1636 2155 actus

515 2196 716 2272 intellectus,
738 2198 828 2280 quod
847 2207 896 2263 est
914 2199 1080 2279 objectum
1097 2196 1235 2282 Logicae,
1258 2196 1360 2282 possit
1378 2198 1462 2262 bene
1481 2199 1534 2262 vel
1556 2197 1635 2261 male

515 2304 601 2380 lieri,
622 2304 861 2389 explicabitur»
880 2304 1016 2370 articulo
1034 2303 1219 2389 sequenti(
1245 2302 1270 2391 ).

584 2412 635 2477 nd
652 2410 694 2504 γ)
714 2411 879 2478 «scientia
897 2425 946 2479 est
962 2413 1003 2477 de
1024 2410 1276 2488 universalibus
1294 2412 1370 2494 quia
1385 2409 1544 2476 rationem
1565 2430 1639 2475 con-

516 2518 636 2585 siderat
653 2537 867 2585 communem
896 2520 1058 2605 pluribus;
1080 2520 1138 2585 sed
1162 2520 1224 2584 lroc
1241 2519 1329 2585 idem
1350 2519 1448 2584 habet
1467 2538 1541 2596 ars,
1563 2538 1638 2583 cum
1713 2555 1715 2560 ·

517 2627 645 2711 regulas
664 2628 850 2712 praescribat
869 2630 1038 2713 generales
1062 2627 1209 2712 pluribus
1228 2627 1402 2693 artelactis.
1430 2626 1525 2692 Unde
1554 2626 1640 2709 quod
1713 2613 1715 2644 ³

516 2753 567 2801 ars
586 2735 684 2803 etiam
702 2735 745 2802 sit
762 2737 803 2802 de
823 2735 1076 2812 universalibus,
1096 2744 1129 2800 et
1154 2735 1187 2800 in
1211 2736 1273 2800 hoc
1292 2734 1333 2801 ab
1353 2736 1555 2820 experientia
1586 2735 1643 2799 dit·
1713 2731 1715 2756 '

517 2843 612 2918 serat,
632 2861 786 2928 expresse
805 2844 924 2910 docent
939 2854 971 2910 et
990 2843 1154 2909 inculcant
1172 2842 1364 2909 Aristoteles
1378 2841 1430 2929 (2)
1449 2851 1482 2907 et
1499 2842 1541 2909 D.
1559 2844 1644 2908 'llio

516 2969 587 3015 mas
605 2948 669 3037 (3).
688 2952 750 3018 Ars
769 2970 848 3037 ergo
863 2952 943 3017 circa
962 2950 1136 3036 singularia
1155 2960 1303 3016 versatur
1321 2951 1435 3016 nonin
1453 2969 1643 3034 cognoscen—
1713 2970 1715 2997 r

514 3060 571 3134 do,
591 3061 646 3122 sed
659 3059 694 3122 in
707 3061 844 3142 agendo,
865 3067 1029 3142 quatenus
1048 3059 1129 3124 dum
1150 3059 1191 3122 ad
1210 3058 1370 3124 actionem
1386 3057 1454 3124 sive
1473 3057 1643 3124 executio

515 3183 591 3230 nem
608 3166 753 3242 venitur,
770 3167 962 3231 artesactum
981 3166 1014 3231 in
1033 3165 1188 3251 singulari
1202 3165 1271 3231 neri
1287 3166 1385 3231 debet
1399 3167 1441 3232 ab
1454 3166 1583 3232 artifice
1603 3168 1645 3230 fa·
1713 3150 1715 3233 f

514 3274 633 3338 cillime
648 3273 829 3357 applicante
850 3276 996 3358 regulam
1012 3275 1089 3339 artis
1108 3275 1311 3358 generalem:
1332 3286 1473 3357 quaeest
1492 3273 1644 3341 doctrina
1713 3348 1715 3359 Ι

514 3381 550 3446 S.
568 3381 702 3446 Thomae
720 3379 784 3468 (4).
814 3381 852 3444 Et
872 3382 989 3447 eodem
1008 3400 1108 3446 sensu
1127 3382 1235 3447 omnis
1254 3379 1386 3447 scientia
1406 3381 1551 3466 practica
1570 3400 1647 3446 ver·
1713 3422 1715 3471 ἔ

513 3497 604 3554 satur
622 3487 703 3553 circa
721 3487 924 3574 singularia»
944 3488 1010 3575 (5).
1713 3480 1715 3491 ’

582 3595 633 3660 Ad
651 3589 685 3681 δ)
701 3595 776 3662 dist.
804 3603 1020 3681 1.⁸‘⁰partem
1043 3594 1138 3681 primi
1159 3594 1313 3672 membri,
1334 3595 1468 3662 scientia
1494 3599 1646 3680 specula

514 3702 597 3780 tiva,
618 3722 721 3778 conc„
738 3705 897 3787 practica,
913 3723 984 3788 neg.
1713 3696 1715 3707 '

581 3811 632 3877 Ad
651 3809 685 3897 ε)
712 3811 831 3877 «Artes
852 3812 1063 3886 mechanicae,
1095 3822 1190 3895 prout
1214 3810 1434 3880 communiter
1463 3811 1645 3878 traduntur
1713 3886 1715 3899 Ι

515 3926 547 3983 et
566 3918 787 3996 addiscuntur,
810 3939 877 3985 non
897 3931 973 3986 sunt
990 3918 1149 3995 scientiae,
1170 3919 1247 4003 quia
1261 3920 1333 3984 licet
1348 3936 1458 3983 earum
1474 3919 1648 4004 pleraeque
1713 3910 1715 3993 ἶ

511 4025 631 4127 judicia
661 4044 719 4092 seu
752 4029 881 4112 regulas
906 4027 1025 4092 habent
1049 4044 1145 4093 exse
1171 4025 1461 4108 demonstrabiles;
1492 4027 1538 4092 de
1566 4031 1650 4094 tacto
1713 4064 1715 4097 ι

523 4183 790 4196 a—-n-n—n—

552 4247 592 4309 (ι)
631 4240 843 4310 Lossadn,loc.
861 4238 922 4307 cit,
938 4258 968 4297 n.
983 4260 1010 4312 9.
1027 4237 1090 4297 Clr.
1110 4235 1248 4313 Semmy,
1267 4237 1320 4299 loc.
1341 4238 1404 4310 cit„
1418 4252 1476 4297 art.
1498 4259 1529 4313 4,
1556 4239 1591 4300 in
1604 4261 1652 4299 re·
1713 4224 1715 4277 ἓ

515 4330 670 4404 sponsione
683 4329 718 4388 ad
734 4326 906 4387 instantiam
923 4341 988 4399 post
1002 4329 1106 4400 object.
1120 4327 1174 4386 ult.
1713 4330 1715 4355 ¹

550 4426 590 4488 (2)
627 4418 689 4478 Lib.
713 4419 887 4491 rMetoplr„
900 4437 963 4489 cap.
982 4438 1006 4474 r.

551 4515 590 4581 (3)
628 4508 661 4568 S.
675 4509 791 4577 Thom.‚
808 4507 857 4565 lib.
877 4515 923 4573 i.⁰,
940 4507 1083 4582 Metapa,
1100 4505 1164 4565 lect.
1185 4514 1232 4578 ιθ,
1248 4525 1363 4580 paragr.
1381 4508 1411 4577 l,
1424 4525 1509 4580 seqq.

551 4605 591 4761 ἓξ
627 4599 771 4760 ῗοιξέαάα,
786 4685 841 4748 loc.
855 4685 906 4746 cit.
922 4707 953 4746 n.
972 4707 1014 4746 12.
