3492 5525
304 429 322 510 5
343 426 394 491 111.
419 428 658 507 annosorum
677 447 787 513 carno,
802 448 844 495 ar
865 452 1078 498 naoonnssus
1179 452 1217 516 39

123 612 308 697 principem
334 630 428 679 suam
456 614 569 679 sedem
598 613 752 681 stabilivit
779 617 849 681 haec
879 617 1130 702 philosophandi
1160 616 1253 682 ratio.

122 720 213 786 Licet
238 722 327 787 enim
344 720 526 787 Hadrianus
551 732 583 786 et
606 722 735 788 Marcus
752 724 903 791 Aurelius
920 724 952 791 in
977 726 1037 791 hac
1051 724 1132 791 urbe
1157 725 1256 790 sectis
1370 795 1372 798 ,

122 828 283 898 omnibus
296 830 424 895 scholas
445 838 655 913 aperuerant,
672 848 785 913 eaeque
799 831 987 914 aliquandiu
1011 849 1090 898 suas
1113 849 1255 915 quaeque

121 936 300 1001 doctrinas¹
310 936 520 1011 tradiderant,
535 954 615 1001 mox
636 946 748 1003 tamen
762 937 1025 1023 Synenetismus,
1042 924 1255 1023 qui'Alexan·

121 1044 228 1109 driam
254 1052 486 1127 occupaverat,
505 1045 652 1110 Athenas
668 1063 803 1127 quoque
823 1045 866 1111 ob
886 1047 1020 1111 easdem
1035 1065 1149 1113 causas
1164 1047 1255 1111 inva-
1313 1105 1315 1108 .

121 1150 178 1215 sit.
195 1152 309 1235 ltaque
329 1152 533 1229 Plutarchus,
555 1150 693 1217 Nestorii
707 1152 811 1229 tilius,
836 1154 1047 1220 Atheniensis
1061 1151 1174 1241 (natus
1198 1173 1252 1220 an.

122 1257 328 1344 350-1-450)
343 1259 453 1324 docuit
468 1260 594 1342 primus
618 1259 651 1325 in
670 1261 771 1343 patria
790 1278 848 1326 sua
869 1261 1058 1345 liturgicum
1078 1262 1256 1327 Eclecticis-

122 1385 234 1433 mum.
270 1366 382 1433 Eidem
418 1368 575 1433 successit
608 1366 787 1450 discipulus
825 1369 984 1451 syrianus
1016 1367 1256 1433 Alexandrinus

120 1472 323 1559 (35o430),
338 1474 389 1540 cui
405 1475 492 1540 varia
505 1475 695 1541 tribuuntur
708 1493 823 1559 opera,
849 1478 891 1541 de
910 1476 1077 1559 Republica
1098 1476 1253 1553 Platonis,

120 1582 162 1645 de
197 1580 363 1664 Theologr'a
388 1580 520 1664 Orphei,
538 1582 578 1646 de
597 1581 671 1647 Diis
688 1582 831 1659 Homeri,
858 1583 961 1648 aede
986 1583 1149 1648 Causansu
1174 1582 1265 1646 iuler‘

122 1688 300 1771 Orpheum,
317 1688 523 1771 Pulbagoram
544 1692 577 1753 at
592 1668 767 1755 Platonem.
785 1688 911 1756 Verum
931 1690 1082 1775 princeps
1100 1688 1256 1755 Atenien·

119 1798 166 1861 sis
188 1794 455 1879 Neoplatonismi
472 1796 532 1861 luit

166 1921 226 1987 44,
274 1904 407 1968 Praclus
422 1902 676 1987 cognominatus
688 1894 880 1969 Dradocbus.
899 1903 957 1969 Hic
972 1913 1069 1969 natus
1084 1904 1189 1989 Lyciae
1204 1906 1256 1970 vel
1346 1918 1405 1948 ¹⁰⁶³

119 2009 269 2095 Byzantii
281 2028 368 2075 anno
377 2028 453 2093 412,
467 2008 722 2094 litterisoperam
731 2009 819 2076 dedit
828 2009 972 2094 primum
983 2011 1187 2077 Alexandriae
1194 2011 1257 2076 sub

119 2118 383 2203 Olympiodoro,
396 2116 614 2193 mamonae,
627 2136 663 2182 ac
674 2117 811 2195 demum
823 2118 973 2193 Athenis,
987 2117 1043 2183 ubi
1053 2117 1257 2183 audiritPlu·

118 2226 293 2300 tarchum,
309 2226 379 2310 ejus
392 2223 492 2289 tiliam
508 2225 758 2318 Asclepigaaiam
771 2232 804 2287 et
825 2224 1015 2305 Syrianam,
1036 2244 1054 2288 a
1076 2243 1143 2308 quo
1158 2224 1256 2291 etiam

118 2334 250 2397 electus
265 2333 343 2407 luit,
361 2340 397 2397 ut
409 2314 676 2421 sibisuccederet
696 2332 729 2395 in
746 2330 927 2415 principatu
946 2332 1121 2397 Platonicae
1135 2332 1257 2397 scholae

119 2440 344 2505 Athenarum.
360 2440 467 2505 Nemo
482 2439 543 2505 luit
563 2440 621 2503 illo
638 2420 743 2523 aptior
761 2438 801 2503 ad
825 2438 1031 2503 ecclecticam
1051 2440 1254 2505 diversarum

118 2557 287 2613 sectarum
303 2546 562 2612 conciliationem
580 2544 831 2630 perficiendam,
849 2564 949 2610 nemo
967 2546 1256 2628 superstitionibus

116 2654 385 2739 Neoplatonismi
400 2652 508 2739 magis
522 2653 683 2719 addictus.
700 2652 793 2718 Plura
815 2653 944 2737 scripsit
968 2671 1084 2736 opera,
1111 2672 1254 2737 quorum

119 2763 282 2828 nonnulla
305 2760 440 2846 periere,
466 2762 524 2827 sed
548 2763 746 2846 praecipuam
767 2769 936 2826 merentur
960 2760 1155 2827 memoriam
1175 2768 1256 2827 cam·

119 2871 311 2936 montorium
323 2869 355 2934 in
371 2869 571 2935 Alcibiadem
585 2869 745 2944 Platonis,
762 2870 855 2952 cujus
875 2868 949 2934 duae
964 2878 1072 2952 partes
1087 2870 1135 2934 Da
1148 2870 1255 2936 anima

119 2999 157 3043 ae
181 2980 335 3044 Danaam
364 2988 396 3043 et
419 2979 457 3041 cla
475 2976 649 3062 Saarrficiis
668 2984 701 3041 et
718 2976 827 3060 Magia
852 2976 951 3040 latine
975 2975 1007 3040 in
1033 2976 1140 3041 lucem
1161 2977 1256 3042 editae

119 3096 235 3151 sunta
255 3086 399 3150 Marsilio
414 3081 539 3160 Ficino,
560 3083 592 3147 in
612 3081 800 3166 Theologiam
817 3084 981 3160 Platonis,
1001 3084 1256 3149 commentarium

119 3195 153 3258 in
179 3193 326 3258 Platonis
344 3191 491 3257 Tlrnuum
515 3200 579 3256 etc.
607 3192 726 3256 Proclo·
740 3191 837 3256 etiam
858 3189 1011 3256 tribuitur
1032 3211 1049 3255 a
1067 3191 1104 3256 S.
1126 3192 1256 3257 Thoma

120 3299 317 3368 notissimus
336 3299 417 3364 liber
429 3301 467 3364 de
486 3299 617 3376 Cauris,
634 3300 691 3381 qui
705 3297 787 3364 tanti
802 3300 907 3364 lactus
922 3307 973 3364 est
993 3299 1027 3364 in
1043 3298 1152 3364 medio
1166 3319 1254 3375 aevo,

119 3419 153 3473 et
185 3407 465 3492 prestantissimis
488 3405 732 3473 commentariis
751 3405 903 3471 illustrari
930 3407 1050 3472 meruit
1078 3406 1119 3471 ab
1135 3409 1253 3474 eodem

121 3515 286 3602 Angelico
296 3513 437 3580 Doctore
456 3515 591 3596 aliisque
605 3511 691 3582 illius
705 3514 810 3606 aetatis
825 3511 1052 3596 scriptoribus.
1260 3499 1265 3509 ’

189 3622 276 3688 lnter
295 3621 396 3687 Procli
416 3620 593 3706 discipulos
608 3629 641 3685 et
659 3621 798 3686 asseclas
823 3621 1015 3689 recensendi
1037 3631 1115 3688 sunt
1141 3632 1258 3705 praeter

123 3729 296 3806 loeminaS,
308 3729 584 3812 lipporumque
599 3727 728 3812 publice
741 3709 852 3794 docuit
861 3727 1104 3812 Philosophiam
1116 3729 1259 3796 Alexan.

122 3839 201 3903 driae
223 3855 347 3922 magno
367 3855 443 3902 cum
464 3838 598 3920 plausu,
621 3835 813 3918 Sosipatram
837 3844 870 3901 et
885 3836 1068 3913 AEdesiam,
1092 3837 1255 3914 Marinus,

129 3947 185 4030 qui
210 3945 314 4011 vitam
343 3944 469 4028 scripsit
492 3943 639 4028 magistri
665 3944 731 4018 sui,
759 3944 890 4028 plenam
914 3943 1054 4020 fabellis,
1083 3945 1258 4029 eidemque

125 4053 284 4128 succesit,
306 4059 339 4115 et
357 4051 495 4116 isidorus
521 4049 694 4126 GazensiS,
714 4049 901 4115 Heliodorus
916 4058 948 4113 et
971 4052 1175 4129 Ammonius,
1201 4053 1256 4118 tilii
1305 4054 1443 4099 nmmum.

128 4160 288 4234 Hermiae,
312 4175 454 4242 quorum
485 4168 674 4241 postremus
696 4157 905 4222 Aristotelem
936 4167 1183 4225 commentatus
1207 4170 1257 4226 est

126 4265 220 4354 (saec.
246 4263 328 4354 V.),
353 4267 556 4343 Danuuius,
580 4265 706 4331 auditor
728 4265 860 4339 Marini,
884 4263 992 4330 Isidori
1017 4275 1049 4330 et
1072 4265 1254 4344 Ammonii,

129 4387 163 4440 et
180 4373 362 4455 §impluius
377 4393 394 4438 e
410 4372 519 4440 Cilicia
542 4371 641 4460 (circa
665 4391 742 4437 saec.
765 4369 820 4458 Vl)
843 4372 1013 4437 Ammonii
1034 4393 1071 4438 ac
1096 4373 1257 4442 Damaseii
1308 4372 1444 4430 Siml’i‘iuss·

130 4483 328 4565 discipulus,
354 4493 453 4565 atque
480 4480 663 4546 Aristotelis
686 4487 944 4544 commentator.
965 4473 1049 4546 Cum
1070 4481 1260 4550 Damascius

129 4590 261 4654 doceret
277 4589 434 4666 Athenis,
455 4589 627 4670 lastiniani
642 4587 848 4671 imperatoris
864 4587 970 4653 edicto
984 4590 1093 4654 clausa
1117 4601 1166 4657 cst
1185 4589 1256 4677 (an.

132 4697 208 4782 529)
227 4697 337 4770 schola
348 4697 583 4780 Neoplatonica
604 4694 689 4760 illius
704 4694 809 4769 urbis,
830 4693 903 4777 ipso
929 4693 1116 4773 Damascio‚
1137 4697 1259 4765 lsidoro
