3492 5525
346 2 427 58 erse.
465 6 494 59 ‚⁸
513 1 728 63 tumsrronns
741 13 891 71 Qunonn
909 14 1112 77 enoeurnues
1170 8 1244 77 1005

163 186 277 245 contra
305 179 519 247 Academicos
543 176 609 267 (t).
638 180 722 265 Ergo
749 180 777 247 si
804 178 969 249 Cartesius
997 181 1284 267 reprehendendus

164 296 231 363 est,
253 287 508 371 reprehendatur
527 286 624 354 etiam
645 287 680 353 S.
702 287 920 373 Augustinus.

230 402 335 479 Reep.
356 414 422 480 neg.
442 414 577 479 conseq.
597 397 681 462 Nam
708 405 877 480 peccatum
906 396 1038 465 Cartesii
1065 416 1131 464 non
1157 404 1222 464 stat
1249 396 1283 462 in

164 520 220 579 eo,
249 503 340 585 quod
358 522 400 569 ex
416 505 614 589 cogitatione
636 514 736 588 atque
763 503 860 570 etiam
890 525 930 571 ex
958 506 1148 590 deceptione
1168 505 1283 571 inierat

164 610 326 694 propriam
343 610 567 688 existentiam,
588 612 695 699 sedin
715 630 772 688 eo,
787 613 877 695 quod
890 615 972 680 hanc
989 615 1093 679 solam
1113 610 1282 679 veritatem

162 720 328 795 admittat,
362 718 494 803 reliquis
521 720 677 785 omnibus
705 720 738 784 in
768 718 905 786 dubium
934 721 1108 796 revocatis,
1133 730 1167 786 et
1192 722 1283 803 quod

164 828 310 893 nondum
332 828 499 912 explorata
518 846 577 894 nec
596 826 737 893 admissa
754 829 927 893 veracitate
946 829 1136 895 facultatum
1160 841 1283 914 cogno-

162 933 367 1010 scitivarum,
387 934 502 1001 iisdem
523 935 602 1001 fidat
621 935 654 1002 in
673 935 785 1001 multis
808 927 1164 1022 argumentationibus,
1186 947 1283 1018 prout

162 1043 379 1138 necessarium
407 1043 466 1109 sibi
491 1062 564 1109 esse
590 1045 716 1127 putavit
742 1043 982 1109 infelicissimus
1009 1044 1060 1108 ille
1088 1042 1282 1111 architectus

163 1151 284 1217 ruinosi
303 1151 441 1217 aedihcii.
462 1150 496 1216 ld
516 1168 612 1235 porro
632 1168 697 1216 non
721 1150 795 1217 lecit
819 1150 855 1216 S.
884 1149 1106 1237 Augustinus,
1127 1151 1186 1216 sed
1203 1169 1282 1216 con·

161 1260 295 1324 trarium
325 1277 459 1342 prorsus
487 1257 607 1325 diserte
634 1258 761 1324 monuit
791 1276 857 1323 non
888 1277 954 1326 uno
978 1259 1010 1325 in
1040 1259 1111 1325 loco
1137 1278 1177 1325 ex
1206 1258 1281 1323 alle·

159 1364 276 1453 gatis(
300 1363 325 1455 ).

359 1791 812 1907 DISPUTATIO
850 1779 1123 1926 suurn„

601 2016 828 2091 APPEme,

231 2161 273 2217 nu
305 2160 392 2231 Qua
421 2160 741 2220 euucnnnnrun
767 2160 904 2217 varum
933 2159 1210 2230 Qurssrronus

447 2279 730 2362 onoffiumues
751 2304 804 2360 nn
822 2302 989 2361 noeros.

225 2550 386 2618 Doctrinae
404 2551 486 2616 ordo
509 2550 722 2634 postulasset,
751 2557 787 2615 ut
805 2566 882 2631 quae
901 2548 952 2614 hic
970 2549 1068 2616 instar
1093 2550 1280 2635 appendicis

157 2660 198 2725 ad
225 2659 481 2744 disputationem
501 2660 687 2743 generalem
710 2658 752 2723 de
777 2655 911 2723 scientia
929 2666 1125 2734 tractamus,
1155 2658 1188 2725 in
1207 2659 1279 2744 ipso

156 2767 268 2834 limine
303 2767 429 2854 logicae
460 2768 725 2839 enuclearentur:
768 2765 867 2847 idque
905 2783 1014 2831 revera
1058 2767 1279 2850 prestiterunt

158 2876 265 2958 plures
281 2875 465 2942 Aristotelis
482 2881 777 2950 commentatores,
796 2871 917 2957 aliique
935 2871 1114 2958 sapientes,
1135 2873 1191 2958 qui
1205 2895 1278 2942 cur·

156 3001 214 3050 sus
233 2982 450 3068 Philosophiae
469 2981 610 3049 edidere.
625 2980 759 3066 Egoqui
774 2979 974 3067 experientia
986 2982 1062 3048 novi
1077 2982 1277 3065 quaestiones

155 3091 234 3157 istas
261 3111 280 3156 a
305 3088 484 3166 tironibus,
512 3090 620 3156 studia
656 3090 790 3174 logices
821 3089 964 3176 primurn
993 3090 1275 3176 aggredientibus.

156 3197 290 3282 intelligi
309 3199 446 3279 minime
465 3216 579 3282 posse,
601 3199 780 3263 naturalem
800 3215 907 3263 rerum
928 3197 1168 3264 tractandarum
1193 3197 1279 3267 ordi-

86 3293 90 3300 ’
146 3326 234 3373 ,nem
252 3306 430 3372 commodo
457 3305 661 3372 studentium
681 3304 943 3388 posthabendum
963 3305 1122 3394 judicavi,
1143 3307 1278 3392 illasque

155 3415 196 3480 ad
227 3433 304 3480 eum
337 3415 446 3481 locum
475 3413 732 3490 transferendas,
765 3413 798 3479 in
824 3431 892 3496 quo
918 3412 1037 3479 minori
1059 3413 1129 3500 capi
1149 3416 1277 3482 valeant

154 3521 356 3589 difficultate.

190 3833 230 3895 (ι)
267 3827 343 3887 Vide
364 3826 618 3900 S.nugusr.‚1ib.
637 3844 666 3898 15
682 3828 716 3884 de
739 3827 858 3896 Trahit„
878 3846 941 3899 cap.
962 3829 1072 3897 123De
1094 3827 1171 3886 Vero
1190 3829 1277 3888 Reli-

152 3922 257 3995 ga'one,
272 3940 335 3990 cap.
352 3919 402 3992 36,
419 3938 449 3976 n.
464 3935 516 3992 753
539 3917 574 3975 de
586 3917 720 3976 Ciuitate·
730 3916 800 3986 Dei,
814 3917 865 3975 lib.
882 3937 915 3988 2,
930 3937 993 3990 cap.
1007 3919 1057 3988 264
1073 3917 1184 3976 Contra
1197 3919 1277 3977 Aco-

153 4012 293 4078 demr'cos,
304 4009 356 4068 lib.
373 4027 475 4078 raeap.
493 4028 543 4075 ιι,
561 4027 608 4073 ra,
626 4027 674 4078 ¹33
693 4005 744 4062 lib.
763 4018 804 4062 a·
817 4009 853 4064 de
866 4007 971 4065 Libero
986 4007 1117 4074 arbitrio,
1129 4027 1191 4079 cap.
1204 4027 1230 4076 a,
1247 4029 1273 4080 3.

188 4104 229 4165 (a)
266 4098 342 4156 Vide
356 4097 407 4155 lib.
427 4116 475 4169 15,
497 4097 532 4154 de
554 4093 672 4162 Yrr'rrit„
687 4117 749 4167 cap.
771 4115 816 4165 ¹23
831 4097 866 4154 de
882 4097 974 4154 Liber.
987 4097 1127 4167 arbitrio,
1143 4097 1195 4155 loc.
1211 4095 1274 4166 cit.;

153 4202 183 4247 et
198 4189 307 4249 Contra
321 4189 526 4255 Academicos,
541 4185 591 4244 lib.
608 4207 639 4256 3,
654 4205 717 4256 cap.
733 4184 782 4243 cit.
