3492 5525
328 473 441 538 Anne.
466 483 525 556 3³³
548 470 755 540 Suuvuurun
777 494 1048 543 pterxcuunxres.
1152 473 1210 559 085

125 663 193 726 est:
210 660 285 745 quia
298 665 462 745 utrumque
474 666 522 727 est
532 667 621 728 extra
635 662 822 728 intellectum
839 662 1061 739 humanitatis,
1083 667 1117 729 el
1131 667 1253 730 utrum-

125 784 187 849 que
207 770 308 849 potest
331 768 392 834 siai
417 769 568 835 accidere.
598 767 636 837 Si
661 768 744 835 enim
768 771 940 851 pluralitas
964 774 1044 835 esset
1067 774 1105 835 de
1133 771 1254 836 ratione

126 877 212 961 ejm,
232 894 392 959 nunquam
405 879 512 957 posset
526 894 590 942 esse
606 894 689 954 una,
709 896 779 943 eum
797 880 899 942 tanren
917 895 982 943 una
1005 877 1065 955 sit,
1085 878 1254 942 seeundum

127 983 213 1065 qaod
229 982 325 1046 estin
343 982 480 1049 Socrate.
498 983 651 1049 Similiter
667 984 697 1048 si
712 984 818 1049 unitas
836 988 916 1049 esset
926 985 964 1049 de
983 984 1139 1049 intellectu
1155 988 1188 1049 et
1203 1002 1257 1049 ra-

129 1087 212 1153 tione
225 1091 311 1175 ejas,
333 1092 407 1155 tunc
420 1093 573 1155 essetuna
591 1092 757 1175 eademque
768 1094 885 1157 aalma
903 1090 1041 1158 Socratis
1055 1094 1087 1155 el
1097 1091 1252 1167 Platonis,
1364 1081 1368 1099 '

129 1214 187 1261 nec
200 1199 306 1278 posset
322 1196 356 1260 in
370 1196 516 1278 pluribus
529 1197 714 1283 plurr'firari
731 1196 743 1285 (
769 1197 794 1283 ).

177 1308 284 1385 Objic.
316 1309 363 1371 5.⁰
409 1302 595 1370 Universale
634 1306 825 1388 praedicatur
859 1305 900 1372 de
927 1303 1113 1371 individuis.
1155 1303 1256 1387 Atqui

130 1410 246 1493 nequit
275 1409 439 1494 praedicari
465 1411 505 1476 de
535 1410 723 1495 individuiS,
756 1412 844 1496 quod
863 1411 1038 1479 individuis
1067 1430 1132 1478 non
1157 1413 1254 1478 inest.

129 1516 215 1602 Ergo
230 1518 411 1583 universale
427 1518 536 1584 existit
551 1517 583 1583 in
603 1538 712 1584 rerum
729 1529 855 1587 natura.

199 1632 303 1708 Resp.
336 1626 412 1692 dist.
443 1625 518 1709 Maj.
549 1626 736 1692 Universale
769 1627 975 1693 materialiter
1001 1626 1256 1702 consideratum,

129 1749 192 1797 seu
221 1743 335 1797 natura
360 1732 447 1817 ipsa,
476 1751 549 1817 quae
578 1734 767 1801 universalis
794 1734 1036 1811 denominatur,
1065 1753 1165 1810 conc„
1192 1732 1261 1800 uni·

129 1840 256 1905 versale
290 1840 466 1905 formaliter
490 1840 750 1917 consideratum,
790 1860 848 1908 seu
880 1842 1059 1908 universale
1091 1860 1167 1907 cum
1200 1858 1260 1906 sua

131 1946 386 2025 universalitate,
404 1966 476 2032 neg.

202 2054 239 2119 Et
256 2074 398 2121 cmrcessa
417 2056 549 2135 Minori,
569 2058 646 2123 dist.
668 2057 783 2123 eodem
804 2057 906 2122 modo
923 2075 1059 2139 conseq.
1080 2056 1157 2121 l=laee
1180 2054 1261 2120 inle-

132 2161 202 2229 rius
220 2164 290 2229 fuse
305 2163 496 2230 declaranda
515 2176 591 2233 sunt
610 2162 623 2253 (
649 2162 674 2252 ).

307 2306 519 2413 §tu-em
538 2342 719 2393 untvenseu
739 2345 797 2395 eea
817 2341 1088 2395 xuutrmaeunnm.

137 2460 140 2471 ¹
187 2483 258 2553 166.
306 2492 415 2569 objic.
435 2494 480 2551 1.⁹
495 2486 528 2552 Si
544 2505 608 2552 una
622 2495 749 2553 tanturn
765 2495 905 2571 ponatur
919 2498 1045 2562 natura,
1065 2506 1097 2552 v.
1117 2505 1153 2569 g.
1170 2485 1259 2559 solie,

133 2594 280 2659 existens
307 2602 432 2677 aparte
452 2594 508 2669 rei,
534 2613 572 2658 ea
601 2606 652 2660 est
682 2604 767 2661 certe
795 2593 1060 2678 multiplicabilis.
1095 2592 1262 2657 Habemus

133 2720 215 2787 ergo
252 2710 400 2768 naturam
432 2702 557 2768 realiter
586 2721 686 2769 unam
717 2710 750 2767 et
781 2700 1072 2786 multiplicabilem,
1107 2699 1261 2766 nimirum
1379 2695 1382 2701 ’

135 2810 318 2876 universale
337 2829 355 2874 a
375 2817 465 2893 parte
485 2809 528 2874 rei
548 2810 705 2876 existens.

205 2925 310 3000 Resp.
322 2917 397 2982 aar.
409 2928 531 2993 antec„
545 2916 812 3002 multiplicabilis,
827 2927 990 3000 quatenus
1001 2917 1069 3001 ipsa
1081 2916 1263 2982 secundum

135 3041 233 3092 suam
263 3025 438 3090 realitatem
466 3026 508 3090 sit
536 3024 703 3092 divisibilis
735 3025 767 3091 in
796 3027 919 3091 multos
950 3024 1137 3091 individuos
1164 3025 1263 3099 soles,

135 3151 228 3216 nego,
250 3132 515 3216 multiplicabilis,
535 3141 697 3216 quatenus
713 3152 779 3198 non
799 3133 943 3199 excludit
968 3131 1176 3198 existentiam
1191 3130 1268 3195 alia-

137 3259 214 3306 rum
234 3250 422 3306 naturarum
442 3238 616 3317 similium,
639 3251 671 3305 et
691 3242 761 3307 solo
786 3259 925 3306 numero
943 3239 1162 3305 differentium
1178 3257 1264 3303 carm.

202 3347 271 3427 Jam
295 3345 450 3431 superius
477 3348 673 3434 explicatum
697 3355 747 3414 est
774 3348 990 3432 aptitudinem
1019 3347 1059 3411 ad
1086 3347 1178 3430 plura
1210 3363 1268 3410 seu

138 3455 479 3540 multiplicabilitatem
504 3454 638 3540 intelligi
663 3455 808 3520 bilariam
836 3472 946 3538 posse,
972 3453 1079 3538 primo
1104 3452 1267 3536 negative,

138 3581 200 3648 per
230 3581 353 3627 meram
385 3580 450 3628 non
477 3563 746 3647 repugnantiam,
768 3572 805 3630 ut
825 3561 952 3647 possint
970 3579 1041 3627 esse
1066 3559 1126 3625 alia
1153 3559 1270 3624 similia

138 3669 318 3738 individua:
340 3679 372 3735 et
392 3669 539 3752 aptitudo
556 3668 602 3735 sic
621 3669 782 3736 intellecta
802 3688 868 3735 non
887 3667 1010 3735 sufficit
1028 3668 1070 3733 ad
1088 3667 1270 3733 universale

137 3777 423 3853 constituendum,
444 3777 565 3861 quippe
587 3795 663 3859 quae
682 3796 748 3843 non
769 3775 880 3842 minus
899 3775 1052 3842 convenit
1072 3774 1170 3840 etiam
1191 3773 1271 3857 ipsis

138 3883 329 3951 individuis.
351 3884 419 3950 Hoc
437 3885 525 3948 enim
546 3902 644 3950 sensu
663 3887 731 3950 sola
751 3893 865 3950 natura
884 3884 993 3950 divina
1008 3879 1273 3966 inmultiplicabi-

139 3991 184 4058 lis
206 4001 266 4068 est,
289 3992 366 4076 quia
383 3990 595 4057 essentialiter
621 3991 727 4058 unica.
749 3990 909 4074 aptitudo
935 4011 1013 4056 vero
1038 4009 1096 4056 seu
1115 3987 1273 4071 multipli-

138 4099 287 4166 cabilitas
315 4099 443 4184 propria
473 4107 596 4165 nature
625 4098 816 4165 universalis
835 4098 976 4184 positiva
1003 4106 1064 4174 est,
1090 4095 1271 4180 exigitque,

139 4225 211 4273 non
230 4217 266 4274 ut
286 4207 345 4272 alia
365 4203 482 4272 similia
500 4205 565 4272 sint
579 4215 772 4290 utcumque,
789 4207 846 4271 sed
869 4214 906 4271 ut
925 4205 976 4270 illa
990 4207 1059 4290 ipsa
1078 4222 1143 4270 una
1156 4210 1272 4268 natura

142 4315 395 4399 multiplicetur,
418 4333 454 4378 ac
472 4314 634 4381 dividatur
650 4314 683 4380 in
703 4316 806 4398 plura,
835 4313 1005 4398 inquibus
1024 4313 1200 4398 reperiatur
1224 4326 1274 4373 se·

144 4422 295 4489 cundum
314 4429 418 4489 totam
439 4440 532 4488 suam
553 4421 773 4488 actualitatem
793 4419 857 4508 (3).

186 4588 226 4650 (ι)
263 4582 296 4642 S.
312 4581 430 4652 Thom,
447 4581 556 4654 opusc.
574 4582 610 4639 de
625 4581 698 4639 Ente
713 4587 740 4640 el
755 4580 956 4650 essentiapap.
971 4599 1000 4652 4.

189 4679 230 4740 (a)
266 4672 386 4731 Viden.
405 4673 464 4748 167,
485 4673 544 4744 169.
634 4714 639 4728 .
919 4716 922 4722 .

183 4766 224 4836 (3)
261 4761 337 4821 Vide
349 4759 448 4833 Susa,
458 4760 534 4834 disp.
550 4759 723 4835 6Melaplr.,
745 4771 814 4821 sect.
829 4778 859 4849 43
873 4778 905 4818 n.
930 4778 974 4818 ιο.
