3492 5525
292 482 410 547 Anrrc.
436 476 1004 565 3.'=¹·Quoru1>1.sxnenonsmno
1107 483 1169 566 869

267 608 271 636 Ι

86 662 294 741 alternantis,
328 670 442 749 utpote
478 665 568 748 quod
611 664 724 750 nequit
754 666 816 733 dici
848 666 979 752 penitus
1015 676 1207 735 extraneum

86 770 228 836 scientiae
246 771 439 838 subalternae
459 766 524 859 (r).

155 876 278 945 Deinde
291 878 366 943 licet
376 878 494 944 dentur
508 876 670 946 axiomata
685 879 832 965 pluribus
846 881 989 949 scientiis
1003 880 1208 961 communia,

87 994 199 1051 tamen
226 986 347 1057 debent
373 984 471 1053 etiam
499 984 635 1072 singulis
663 988 769 1056 inesse
797 987 953 1074 principia
974 999 1009 1056 et
1026 990 1210 1074 praemissas

88 1093 250 1177 proprias,
271 1092 385 1159 saltem
405 1094 438 1159 in
456 1093 791 1161 demonstrationibus
810 1106 944 1180 propter
961 1096 1054 1179 quid.
1078 1094 1164 1173 Quia
1182 1095 1209 1164 si

88 1200 130 1265 ad
160 1218 227 1265 rem
256 1200 456 1285 probandam
483 1201 658 1267 atterantur
684 1221 734 1279 ea,
755 1221 830 1286 quae
849 1203 919 1268 aliis
938 1221 1072 1288 quoque
1089 1221 1228 1297 conve·
1285 1262 1288 1269 .

89 1308 197 1385 niunt,
214 1307 327 1392 nequit
345 1308 433 1373 reddi
446 1308 539 1395 ratio,
554 1326 612 1375 cur
626 1308 679 1375 iiia
698 1327 748 1375 res
761 1311 834 1377 talis
852 1310 896 1376 sit
908 1306 974 1398 (2).
989 1310 1128 1377 Proinde
1143 1329 1210 1379 non

88 1422 198 1501 potest
214 1415 283 1483 rieri
298 1416 485 1502 hujusmodi
501 1416 738 1484 demonstratio
754 1436 795 1483 ex
809 1418 1058 1485 communibus.

457 1626 758 1704 ARTICULUS
780 1626 845 1701 111.

302 1777 572 1858 Quotuplex
594 1778 654 1842 sit
676 1774 1006 1843 demonstratio

137 1971 214 2039 ²39·
262 1952 369 2021 Primo
388 1951 489 2021 dividi
509 1963 617 2039 potest
635 1956 668 2020 in
687 1953 1003 2022 demonstrationem
1020 1972 1042 2021 a
1059 1954 1165 2037 priori
1182 1962 1215 2020 et
1241 1964 1411 2047 ,θεωρικῷ

90 2080 111 2125 a
127 2060 304 2141 posteriori.
326 2062 434 2128 Prima
447 2061 586 2129 assumit
598 2081 656 2148 pro
676 2062 785 2129 medio
804 2080 934 2129 causam
952 2062 995 2126 rei
1013 2061 1082 2128 sive
1091 2060 1218 2147 sorma-
1288 2049 1380 2092 ’Μ’

92 2171 152 2233 lem
167 2176 222 2235 aut
238 2168 423 2255 physicam,
443 2171 513 2236 sive
532 2170 701 2237 virtualem
714 2179 770 2237 aut
794 2169 1066 2255 metaphysicam,
1086 2168 1128 2234 ad
1142 2187 1217 2253 pro·

92 2276 239 2342 bandum
259 2278 411 2343 effectum
432 2280 482 2343 vei
502 2278 746 2362 proprietatem.
767 2278 809 2345 Ut
828 2276 854 2343 si
873 2276 992 2360 probes
1010 2275 1217 2342 risibilitatem

91 2383 236 2450 hominis
253 2403 294 2449 ex
310 2384 515 2462 admirativa,
532 2386 584 2451 vel
598 2384 823 2463 admirativum
836 2402 877 2449 ex
894 2382 1057 2452 rationali.
1073 2382 1217 2449 Demon-
1242 2384 1264 2421 ‘¹
1274 2388 1287 2420 ⁸
1298 2375 1421 2459 ΝΜ

91 2490 204 2557 stratio
222 2511 242 2555 a
260 2492 447 2575 posteriori,
466 2510 540 2575 quae
568 2491 664 2557 etiam
683 2512 704 2557 a
726 2492 813 2575 signo
831 2487 947 2557 dicitur
972 2484 1041 2576 (3),
1070 2498 1120 2556 est
1147 2490 1212 2567 iila,
1237 2455 1416 2573 ,xiiiia

91 2617 167 2681 quae
185 2599 321 2665 assumit
340 2617 406 2683 pro.
418 2600 526 2668 medio
540 2600 691 2665 effectum
707 2609 762 2667 aut
778 2598 1008 2684 proprietatem
1024 2596 1066 2663 ad
1079 2615 1213 2665 causam

92 2707 143 2771 vei
162 2707 338 2773 essentiam
358 2707 402 2773 rei
422 2707 725 2776 demonstrandam.

162 2813 267 2878 Atiam
283 2815 423 2899 speciem
438 2815 571 2904 quidem
585 2817 783 2882 interserunt
797 2813 949 2882 internas
962 2816 1044 2882 duas
1057 2813 1213 2891 mediam,
1246 2820 1409 2902 amnestia

90 2921 404 2989 demonstrationem
424 2921 578 2988 nimirum
604 2941 625 2988 a
651 2921 894 2999 concomitante,
914 2921 949 2988 in
967 2940 1033 3007 qua
1061 2940 1112 2988 res
1141 2905 1243 3006 pro-¹
1259 2899 1428 2938 ‘mmm'

92 3029 188 3094 batur
214 3046 271 3111 per
290 3029 453 3105 medium,
483 3029 588 3113 quod,
615 3030 689 3095 licet
716 3048 776 3096 nec
798 3047 894 3096 causa
922 3030 965 3095 sit
993 3047 1053 3094 nee
1081 3029 1216 3095 erfectus

91 3135 194 3211 iliius,
216 3133 366 3202 intimam
393 3145 505 3202 tamen
531 3137 652 3204 habent
670 3154 746 3202 cum
772 3156 810 3202 ea
829 3134 1086 3202 connexionem:
1116 3143 1153 3201 ut
1182 3135 1210 3202 si

92 3242 263 3307 bominem
282 3241 431 3308 risibilem
449 3261 521 3309 esse
539 3241 761 3319 demonstres,
791 3263 832 3309 ex
851 3260 891 3308 eo
910 3244 1001 3327 quod
1024 3242 1067 3308 sit
1082 3241 1215 3326 flebilis,

92 3349 144 3414 vei
165 3349 191 3415 si
211 3368 251 3414 ex
270 3349 440 3416 duratione
461 3349 503 3416 rei
523 3351 557 3416 in
572 3354 704 3434 tempore
717 3351 893 3417 concludas
911 3349 1116 3416 existentiam
1132 3349 1218 3435 ejus·

92 3457 170 3522 dem
189 3455 225 3521 in
244 3457 309 3522 loco
327 3452 390 3544 (4).

129 3784 169 3845 (ι)
205 3779 282 3836 Vide
295 3777 405 3838 Summ.
417 3777 504 3836 totius
514 3777 632 3851 Logicoe
645 3777 828 3846 Aristotelis,
845 3787 930 3835 tract.
944 3795 982 3850 9,
995 3797 1058 3850 cap.
1072 3777 1101 3836 6.

128 3872 168 3936 (ε)
206 3867 280 3926 Vide
288 3866 501 3940 Complutens„
512 3867 626 3942 topic..
637 3865 713 3938 disp.
727 3867 772 3934 18,
786 3877 890 3938 quaest.
902 3885 929 3926 a.
941 3885 1056 3941 paragr.
1067 3888 1093 3938 33
1106 3878 1137 3926 et
1144 3865 1218 3927 aiios

90 3959 205 4033 priseos
218 3969 360 4016 auctores.

129 4047 170 4118 (η)
206 4047 282 4105 Vide
296 4045 330 4104 S.
341 4045 410 4115 Th..
424 4043 544 4116 4.⁰dist.
562 4055 609 4112 r.·,
627 4063 656 4115 q.
670 4064 693 4114 r,
705 4064 732 4102 a.
745 4063 770 4111 r,
785 4044 924 4103 solution.
941 4065 966 4105 r.
979 4045 1017 4104 ad
1031 4055 1090 4118 ς.“·
1105 4045 1219 4105 Nihilo-

92 4138 194 4196 minus
208 4155 267 4194 non
282 4131 398 4207 penitus
412 4134 487 4191 idem
499 4153 562 4192 esse
573 4132 689 4192 videtur
702 4133 911 4192 demonstratio
923 4155 938 4191 a
952 4133 1039 4208 cigno
1057 4147 1086 4192 et
1099 4135 1220 4193 demon-

90 4217 198 4286 stratio
212 4226 249 4282 ab
261 4223 374 4294 effeetu;
389 4223 464 4282 sicut
478 4243 537 4282 non
551 4222 627 4281 idern
641 4236 686 4281 est
701 4223 817 4296 signum
829 4235 918 4294 atque
931 4223 1059 4294 effeetus,
1074 4223 1219 4295 siquidem

92 4316 182 4376 iatius
196 4326 274 4387 petet
287 4313 418 4391 signum,
429 4332 517 4384 quam
532 4311 660 4371 effectus.
672 4311 746 4370 Nam
761 4322 832 4370 sunt
845 4312 944 4386 signa,
959 4331 1026 4384 quae
1039 4313 1156 4386 proprie
1167 4333 1220 4371 nee

90 4425 182 4466 causa
196 4417 267 4462 sunt
281 4423 334 4462 nee
346 4403 463 4464 effeetus
476 4398 517 4460 rei
529 4401 714 4475 significem,
726 4415 759 4460 ut
768 4422 796 4459 v.
811 4421 841 4473 g.
857 4403 902 4459 lae
920 4402 1026 4460 habere
1042 4422 1158 4461 vaccam
1174 4404 1221 4462 vel

92 4515 221 4568 capram,
237 4493 356 4567 signum
371 4491 509 4563 estquod
531 4489 655 4564 peperit,
671 4489 862 4550 nihilominus
875 4503 977 4564 partus
997 4511 1051 4551 neo
1069 4509 1157 4550 causa
1176 4503 1222 4552 est

94 4605 148 4644 nee
162 4583 281 4641 effectus
295 4581 387 4641 lactis.

129 4672 172 4746 (4)
209 4671 285 4729 Vide
301 4670 446 4742 Lossada‚
461 4671 576 4746 Logia..
598 4669 729 4739 tracto,
750 4667 826 4741 disp.
848 4689 881 4739 a,
896 4689 958 4741 eap.
983 4689 1013 4737 1,
1037 4689 1068 4728 n.
1085 4688 1111 4742 ς.
1134 4667 1222 4730 Forte

94 4778 193 4822 tamen
208 4761 271 4819 istae
285 4759 548 4822 demonstrationes
561 4777 620 4819 noa
635 4772 706 4818 sunt
718 4759 843 4829 ultimae,
860 4779 928 4824 narn
943 4757 1002 4818 iere
1014 4758 1221 4819 demonstrau-
