3492 5525
484 506 601 571 Anno.
625 520 684 589 3³¹·
705 506 799 585 Quin
819 526 881 573 nas
1147 522 1206 588 907

1032 611 1243 625 ψ

124 680 276 763 practica,
297 682 356 747 sed
374 681 588 766 speculativa,
610 692 782 767 propterea
799 685 890 769 quod
909 702 1007 770 opera
1029 703 1104 768 quae
1123 686 1244 774 dirigit.

123 805 243 873 nempe
261 797 353 855 actus
370 789 573 867 intellectus,
594 798 673 856 sunt
690 792 915 873 speculationes
932 788 997 881 (ι).

167 900 271 965 Dices
289 895 343 966 3.ο
390 895 426 964 S.
446 895 591 964 Thomas
609 897 653 963 ita
671 897 798 965 scribit:
817 899 1019 981 operativum
1033 897 1110 988 (seu
1131 902 1246 987 practi-

122 1000 219 1092 cum)
245 1006 329 1089 quot
352 1003 509 1071 dnrditur
536 1008 647 1071 contra
676 1007 915 1089 spenrlotivum,
935 1008 1071 1075 sumitur
1096 1009 1137 1076 ob
1157 1000 1246 1093 opere

120 1110 272 1177 exteriori
283 1108 349 1200 (α).
371 1111 471 1199 Atqui
495 1112 640 1198 operatio
663 1113 848 1181 intellectus
872 1134 938 1181 non
963 1125 1014 1183 est
1041 1135 1126 1203 opus
1152 1127 1243 1185 exte-

123 1221 202 1286 rius.
221 1220 348 1305 Ergo...
869 1308 873 1315 Ι

189 1332 294 1411 Resp.
323 1327 385 1395 el).
416 1325 568 1395 Thomas
588 1330 721 1395 nomine
756 1329 864 1414 operis
894 1329 1058 1397 exterioris
1086 1330 1239 1417 intelligit

121 1453 206 1520 opus
222 1434 392 1519 quodlibet
410 1454 451 1502 ex
469 1436 626 1503 electione
640 1436 818 1504 voluntatis
832 1435 900 1502 fieri
924 1446 1054 1521 potens,
1084 1448 1120 1505 ut
1138 1458 1240 1524 expo-

122 1542 171 1607 nit
197 1541 441 1609 'lhomistarunr
469 1543 619 1628 princeps
646 1544 824 1628 Capreolus
841 1541 906 1632 (3),
927 1553 1080 1629 patetque
1110 1546 1144 1612 in
1167 1554 1242 1614 actu

121 1648 213 1724 ndei,
238 1650 319 1715 durn
348 1658 399 1716 est
426 1650 533 1735 praxis
557 1650 750 1735 prudentiae.
781 1652 850 1718 Hoc
878 1660 988 1719 autern
1017 1670 1115 1719 sensu
1144 1654 1242 1721 etiam

123 1765 216 1823 actus
232 1757 431 1833 intellectus,
450 1777 470 1823 a
488 1757 604 1843 Logica
623 1761 805 1844 regulatus,
825 1768 876 1831 est
894 1777 979 1843 opus
997 1761 1161 1828 exterius»
1176 1758 1240 1851 (4).

191 1863 252 1930 Vel
269 1864 296 1931 si
316 1864 421 1932 rnavis
438 1864 491 1932 dic
507 1884 583 1932 cum
602 1866 759 1951 Magistro
777 1866 925 1933 Sanchez
949 1884 990 1933 ex
1006 1866 1104 1933 Sacro
1127 1870 1244 1935 Praedi·

120 1980 267 2039 catorum
287 1973 416 2051 ordine,
433 1973 469 2039 S.
485 1974 647 2041 Tllornarn
667 1992 734 2039 non
752 1974 842 2059 loqui
861 1974 912 2040 hic
931 1975 971 2039 de
990 1976 1081 2042 omni
1100 1976 1241 2060 practico

121 2100 196 2145 vere
214 2081 287 2156 tali,
306 2082 365 2149 sed
383 2082 425 2149 de
443 2083 514 2149 solo
534 2083 673 2166 practico
693 2082 883 2148 mechanico
901 2079 964 2170 (5).

188 2194 276 2274 Quae
293 2212 375 2257 cum
393 2197 441 2257 ita
458 2196 546 2270 sint,
567 2197 674 2274 patet,
699 2190 779 2274 quid
799 2190 975 2256 dicendum
1003 2190 1045 2257 sit
1068 2191 1109 2257 de
1136 2192 1241 2275 prima

121 2296 276 2381 particula
301 2298 472 2363 scotisticae
491 2297 707 2376 delinitionis,
727 2316 793 2381 qua
815 2298 924 2381 praxis
946 2298 1063 2365 dicitur
1082 2302 1171 2365 octies
1193 2302 1242 2367 al-

122 2405 220 2470 terius
231 2404 377 2487 pannio
393 2406 435 2471 et
451 2406 620 2473 intellectu.
1220 2464 1229 2482 ,

189 2511 296 2578 «ntiae
327 2513 491 2597 particulae
513 2512 711 2579 delinitionis
743 2513 784 2579 ab
813 2511 912 2578 Scoto
941 2512 1072 2597 positae,
1093 2516 1144 2581 vel
1174 2534 1240 2582 non

120 2638 238 2686 omnes
258 2619 447 2687 necessarie
464 2629 559 2699 sunt,
576 2621 628 2687 vel
638 2622 732 2706 juxta
745 2640 798 2698 ea,
815 2640 890 2704 quae
909 2622 1065 2688 hactenns
1083 2622 1238 2701 diximus,

118 2735 200 2794 sunt
216 2728 478 2813 interpretandae.
497 2726 598 2805 Quod
615 2728 703 2794 enirn
722 2727 766 2796 ait
779 2728 910 2812 protom
931 2730 1039 2797 debere
1056 2748 1121 2797 esse
1137 2734 1241 2798 actum

118 2835 309 2902 naturaliter
320 2837 521 2919 posteriorem
537 2837 760 2912 intellectione,
780 2837 970 2921 simpliciter
990 2856 1104 2903 verum
1130 2848 1181 2905 est
1199 2833 1240 2904 d'e

119 2944 211 3008 ornni
230 2945 330 3028 praxi,
351 2962 425 3030 quae
444 2953 494 3010 est
511 2953 601 3009 extra
611 2944 831 3020 intellectum,
848 2962 924 3009 narn
940 2945 981 3012 de
996 2945 1118 3012 ratione
1131 2948 1239 3031 praxis

118 3061 186 3129 est,
207 3052 297 3136 quod
314 3050 356 3119 sit
374 3061 468 3119 actus
486 3052 669 3138 regulabilis
688 3071 746 3137 per
763 3052 964 3119 intellectum
989 3053 1185 3138 practicum3
1207 3064 1239 3121 et

118 3159 192 3225 ideo
210 3160 317 3244 praxis
336 3167 373 3225 ut
390 3159 436 3226 sic
454 3168 569 3227 natura
591 3177 651 3226 sua
678 3159 835 3246 supponit
859 3161 1112 3228 intellectionem
1135 3163 1236 3240 illam,

118 3285 193 3352 quae
210 3276 261 3334 est
278 3268 349 3353 ejus
368 3268 491 3353 regula.
511 3267 555 3334 At
573 3286 650 3333 vero
668 3267 695 3334 si
719 3267 835 3352 aliquis
859 3275 952 3335 actus
978 3268 1164 3337 intellectus
1188 3279 1239 3337 est

119 3375 238 3458 praxis,
259 3393 323 3441 non
340 3383 480 3459 oportet,
497 3385 534 3442 ut
548 3375 590 3441 sit
605 3375 764 3459 posterior
782 3394 992 3459 quacumque
1020 3375 1237 3444 intellectione

118 3484 169 3546 vel
198 3481 261 3548 sub
288 3501 498 3566 quacumque
522 3481 657 3560 ratione,
685 3483 743 3549 sed
772 3492 846 3548 curn
863 3483 1090 3568 proportione,
1118 3486 1239 3552 scilieet

119 3590 210 3674 quod
230 3600 392 3674 quatenus
420 3601 470 3657 est
496 3597 589 3656 actus
615 3589 785 3656 artificiose
811 3592 938 3668 iactus,
959 3591 999 3660 sit
1024 3593 1184 3678 posterior
1200 3613 1239 3659 ea

118 3697 351 3774 intellectione,
372 3717 430 3783 per
454 3717 553 3782 quarn
578 3697 755 3783 applicatur
773 3699 883 3783 regula
902 3700 974 3764 talis
992 3699 1148 3767 artificis»
1171 3697 1234 3790 (6).

183 3805 355 3890 «Denique
374 3806 464 3890 quod
483 3807 600 3873 ultimo
610 3808 682 3872 loco
695 3805 814 3872 Scotus
832 3805 893 3882 ait,
908 3807 1040 3888 pranm
1051 3807 1160 3874 debere
1172 3827 1237 3874 esse

115 3918 221 3982 aetum
236 3915 424 3996 conformem
440 3914 561 3980 rotroni
571 3917 681 3992 recta,
702 3914 845 3998 primum
865 3933 931 3980 non
951 3913 1140 4000 simpliciter
1157 3934 1237 3982 con·

116 4023 205 4090 venit
223 4023 315 4089 omni
333 4020 440 4106 praxi,
461 4021 518 4089 sed
537 4021 627 4106 praxi
645 4021 757 4098 bona,
779 4039 854 4087 narn
873 4022 973 4088 etiarn
987 4024 1072 4088 mala
1090 4023 1236 4108 operatio

151 4353 192 4415 (1)
230 4345 323 4406 Sotus
337 4343 406 4404 ibid.
420 4343 507 4418 paulo
521 4341 651 4415 inferius,
663 4364 791 4419 paragr„
806 4344 855 4403 At
867 4347 1048 4420 quaestionem
1060 4367 1143 4425 ergo.

151 4443 192 4504 (a)
230 4436 263 4496 S.
280 4436 387 4495 Thom.
403 4456 428 4493 1.
444 4454 470 4493 a.
487 4454 516 4506 q.
533 4453 616 4509 57.a.
634 4455 659 4492 1.

150 4535 190 4604 (3)
227 4527 361 4600 Protea,
376 4537 480 4598 quaest.
496 4544 523 4583 a.
538 4525 630 4584 conci.
645 4544 673 4597 4.

150 4623 192 4693 (4)
228 4615 444 4686 Lossada,100.
460 4613 509 4673 eit.
522 4633 576 4686 cap
593 4634 626 4672 ro
637 4634 667 4673 n.
687 4634 728 4674 ιο.

149 4709 192 4782 (ς)
227 4706 314 4778 Apud
329 4703 473 4774 Lossade,
488 4704 543 4762 loe.
559 4723 631 4776 nup.
646 4703 694 4762 cit.

149 4801 190 4868 (6)
227 4795 358 4863 Suarez„
375 4794 547 4867 Metopiys„
563 4792 640 4866 disp.
653 4813 701 4868 44,
713 4807 781 4856 sect
801 4815 842 4870 ¹3·
858 4815 889 4855 n.
905 4816 949 4872 ap.
