3492 5525
200 444 314 509 Amic.
329 458 392 509 2³¹⁸
404 444 455 508 Au
471 461 571 509 norro
582 461 720 510 nunnus
734 460 830 509 scinu
846 463 949 511 orrum
965 464 1077 511 russin
1109 460 1168 530 955

146 632 297 717 Disting.
318 632 416 698 etiam
435 632 573 701 alterum
593 632 780 701 membrum
800 632 942 720 Maj0r1s3
964 650 1078 699 verum
1093 631 1210 699 dicitur

66 741 255 827 objectum
267 739 453 822 intellectus
464 738 498 807 in
511 741 572 809 hoc
589 757 702 816 sensu,
717 740 807 824 quod
819 739 1002 809 intellectus
1013 756 1208 827 cognoscere

69 849 191 932 possit
209 867 309 914 omne
321 866 450 925 verum,
465 866 553 932 neg„
569 847 601 913 in
612 850 673 917 hoc
684 865 798 925 sensu,
814 848 904 931 quod
919 845 1000 915 ratio
1014 846 1079 913 veri
1092 848 1134 913 sil
1144 849 1209 915 lor·

70 958 170 1023 male
186 956 355 1042 objectum
370 955 434 1022 sub
454 974 522 1038 quo
541 956 725 1022 intellectus
740 955 851 1021 omnia
873 955 1098 1040 apprehendit,
1117 970 1206 1023 conec.

129 1064 310 1131 ¹Concedo
328 1064 467 1129 alterum
488 1063 675 1129 membrum
694 1062 840 1138 Minoris,
862 1081 981 1147 nempe
1005 1063 1095 1146 quod
1120 1063 1208 1129 nulla

70 1171 119 1238 sit
139 1171 244 1248 ratio,
264 1188 340 1255 quae
358 1188 425 1237 non
442 1170 486 1237 sit
503 1171 637 1256 aliquod
656 1188 785 1238 verum.
806 1170 845 1235 Et
861 1188 930 1253 neg.
950 1186 1071 1256 conseq.

120 1285 234 1347 Dices
249 1286 299 1347 2.⁰
343 1278 510 1361 Quidquid
524 1288 574 1346 est
586 1277 726 1354 bonum,
741 1284 849 1362 potest
863 1275 971 1362 appeti
986 1296 1004 1341 a
1022 1278 1204 1345 voluntate.

72 1388 167 1473 Ergo
187 1386 348 1471 quidquid
367 1394 418 1453 est
435 1404 550 1453 verum
571 1392 679 1471 potest
697 1386 814 1470 pariter
830 1403 904 1453 esse
927 1384 1091 1471 objectum
1112 1382 1208 1453 intel·

74 1495 203 1561 lectus.

147 1609 258 1685 Reep.
277 1602 352 1668 dist.
374 1608 457 1679 ant,
477 1601 505 1669 si
529 1597 728 1669 sufficienter
755 1606 955 1686 proponatur
973 1618 1032 1685 per
1048 1598 1207 1685 cognitio-

75 1728 159 1775 nem
181 1707 354 1795 praeviam,
373 1727 476 1785 conec„
490 1726 584 1775 secus
600 1726 671 1795 neg.

148 1816 190 1883 Et
203 1816 350 1883 similiter
368 1816 524 1901 distingui
541 1824 650 1901 potest
667 1832 789 1900 conseq.
810 1812 845 1880 Si
864 1814 1029 1901 objectum
1050 1812 1108 1879 rite
1133 1830 1208 1897 pro·

76 1933 227 2009 ponatur
257 1922 431 1991 intellectui
458 1923 742 2011 cognoscendum,
773 1924 890 1997 trans„
919 1921 1009 1987 aliter
1035 1938 1103 2005 neg.
1123 1920 1208 2001 Sunt

78 2045 197 2101 autem
228 2034 335 2117 plura,
364 2050 439 2114 quae
468 2029 644 2097 intellectui
675 2029 918 2116 proportionata
948 2046 1015 2095 non
1043 2038 1138 2104 sunt,
1167 2046 1204 2095 ac

80 2138 221 2225 proinde
240 2138 427 2205 naturaliter
445 2146 614 2224 nequeunt
626 2138 687 2223 ipsi
705 2136 904 2204 sufficienter
919 2135 1070 2221 proponi.

126 2298 413 2390 §rt-annono
431 2311 699 2367 eossrnrnnoers
711 2312 866 2365 cosnosci
879 2312 1047 2366 vementes
1061 2312 1160 2363 suem
1194 2332 1201 2347 ·

484 2423 647 2474 maronem
671 2421 803 2471 eostre.

129 2588 171 2655 27
177 2590 208 2656 5.
256 2570 450 2639 Pnoeosrno
482 2567 537 2635 2.⁸
582 2574 757 2637 veritates
778 2582 917 2653 captum
937 2573 1081 2637 rationis
1107 2590 1216 2639 exce-2

82 2684 206 2747 dentes
223 2691 399 2764 nequeunt
419 2700 440 2745 a
459 2681 560 2746 nobie
577 2682 736 2762 cognosci
758 2679 828 2745 nisi
844 2696 908 2760 ope
926 2680 1055 2743 divinae
1075 2682 1204 2743 revela·

82 2793 201 2866 tionis3
225 2810 306 2871 quae
327 2791 386 2853 ubi
408 2790 600 2869 eontigerit,
625 2791 798 2870 integrum
818 2790 952 2852 hoanini
970 2807 1040 2852 non
1061 2797 1116 2853 est
1132 2807 1204 2852 sm-

83 2901 186 2979 plecti
202 2901 260 2962 vel
277 2915 440 2978 respuere
464 2898 629 2961 veritates
647 2899 694 2960 ita
712 2897 959 2971 manifestatas,
985 2896 1046 2960 sed
1063 2897 1204 2960 eredere

86 3007 186 3070 debet
199 3007 276 3070 illas
293 3006 496 3070 firmissima
508 3005 587 3067 fide.

152 3115 267 3176 Prima
294 3131 375 3192 pars
407 3107 523 3174 diserte
553 3107 689 3173 docetur
713 3127 731 3171 a
760 3104 903 3172 Concilio
930 3105 1087 3173 Vaticano
1114 3107 1202 3174 hisce

86 3216 205 3283 verbis.
225 3216 345 3281 Praeter
371 3234 423 3291 ea,
438 3217 482 3280 ad
504 3233 574 3299 quae
600 3214 756 3280 naturalis
783 3213 866 3279 ratio
888 3213 1062 3297 pertingere
1083 3218 1199 3301 potest,

84 3326 236 3390 credenda
248 3322 336 3389 nodr's
348 3325 569 3408 proponuntur
585 3320 734 3404 mysteria
752 3321 788 3386 in
804 3323 871 3388 Dco
889 3321 1087 3399 absondita,
1117 3341 1197 3410 quc,

86 3429 155 3500 uisi
170 3438 319 3502 revelem
335 3437 519 3519 divinitus,
538 3437 734 3500 innotescrc
751 3450 822 3497 non
838 3442 986 3514 possunt
1002 3425 1066 3518 (ι).

153 3537 193 3604 llt
202 3557 279 3605 vero
290 3539 443 3624 probetur
457 3535 635 3622 propositio
650 3537 789 3614 ratione,
805 3536 873 3606 duo
887 3536 1091 3604 ostendenda
1105 3545 1196 3604 sunt:
1263 3559 1365 3619 nmen

84 3647 234 3729 primun,
253 3646 417 3732 mysterio,
437 3647 504 3712 Deo
521 3647 674 3712 reuelante
688 3645 832 3728 cognosci
849 3651 951 3728 posse·
970 3646 1118 3722 alarum,
1133 3665 1201 3730 my
1249 3633 1379 3716 '‘¹²¹¹“0'3‘

88 3755 179 3821 steria
194 3755 283 3821 nullo
298 3754 363 3822 air'o
380 3756 470 3820 modo
487 3753 675 3820 innotescere
691 3752 779 3819 nodis
786 3759 889 3836 posse.
1258 3719 1363 3832 m?

154 3867 306 3930 Primum
323 3870 450 3929 horum
475 3869 577 3946 patet
597 3859 683 3940 Quia
700 3879 806 3946 neque
825 3869 876 3927 est
894 3860 958 3927 ulla
989 3861 1200 3946 repugnantia

91 3990 132 4038 ex
149 3980 232 4054 pane
250 3968 325 4051 Dei;
345 3969 507 4053 siquidem
527 3968 615 4036 Deus
633 3977 667 4036 et
680 3967 772 4036 novit
785 3969 913 4046 omnia,
935 3976 968 4035 et
981 3968 1079 4034 habet
1091 3969 1124 4034 in
1139 3987 1199 4036 sua

92 4078 238 4164 sapientia
257 4079 364 4162 plures
382 4078 517 4153 modos,
537 4075 658 4161 quibus
671 4076 830 4143 illustrare
850 4087 996 4144 mentem
1016 4079 1197 4143 humanam

95 4186 199 4272 possit.
219 4183 303 4251 Sane
322 4185 349 4251 si
375 4185 476 4250 homo
497 4165 623 4251 homini
641 4186 771 4270 loquela
788 4185 924 4269 aliisque
942 4184 1044 4269 signis
1064 4184 1199 4251 manile·

94 4301 153 4361 stat
168 4292 279 4359 intima
296 4310 356 4359 sua
373 4291 485 4360 sensa?
506 4291 667 4368 Quisnam
686 4302 755 4358 tam
783 4311 895 4360 veoors
918 4291 1111 4378 luerit,¹qui
1129 4292 1197 4359 Deo

95 4403 275 4488 denegatam
291 4401 368 4467 velit
386 4401 571 4467 facultatem
587 4399 775 4468 hominibus
793 4400 955 4468 revelandi
978 4417 1037 4467 sua
1061 4400 1198 4467 secreta?

128 4657 164 4719 (ι)
196 4651 308 4713 Concil.
323 4652 431 4722 Varie,
454 4651 554 4712 Consi.
578 4652 745 4728 dogmatico
766 4655 802 4711 de
820 4653 902 4723 Fide.
917 4671 980 4727 eap.
999 4669 1029 4726 4.
1044 4653 1086 4711 lle
1090 4651 1156 4727 fide
1168 4661 1197 4712 ci

96 4745 204 4804 ratione.
