3492 5525
545 450 584 537 38
954 456 1183 522 inraooucrro

504 633 609 711 tonis,
627 644 658 701 et
673 634 950 702 introductionem
970 655 1029 703 seu
1048 634 1207 729 Ισαγώγην
1229 637 1263 703 in
1279 636 1461 705 Aristotelis
1476 639 1626 708 Dialecti-

504 746 579 809 cam'
586 796 593 821 ,
611 744 738 828 aliaque
754 747 858 814 multa
872 765 972 831 opera
987 765 1062 831 quae
1077 742 1228 833 periere(
1253 745 1278 832 ).

365 876 378 907 ο
412 874 439 906 ur
548 871 604 934 42.
653 852 799 921 Plotinus
817 854 973 942 Lycopoli
999 856 1032 921 in
1051 854 1201 942 AEgypto
1220 863 1317 921 natus
1335 852 1403 942 (an.
1425 854 1625 945 205f†270)

505 968 554 1025 est
570 978 656 1026 unus
676 981 694 1026 e
713 961 930 1028 celeberrimis
944 962 1149 1047 Philosophis
1169 963 1266 1045 hujus
1285 961 1406 1038 aetatis,
1431 973 1463 1029 et
1476 964 1626 1049 princeps

504 1069 625 1135 scholae
647 1070 903 1153 Neoplatonicae.
920 1070 1037 1136 Docuit
1057 1071 1187 1146 Romae,
1204 1069 1384 1153 habuitque
1406 1069 1562 1153 plurimos
1576 1072 1627 1136 di·

504 1175 663 1260 scipulos,
687 1178 743 1261 qui
758 1176 905 1259 undique
923 1178 963 1243 ad
981 1177 1073 1243 illum
1090 1177 1289 1243 audiendum
1308 1177 1529 1244 confluebant.
1543 1179 1626 1244 Tota

475 1367 479 1375 ,
505 1284 621 1350 Plotini
634 1283 779 1371 doctrina
795 1284 943 1351 innititur
962 1284 1171 1351 Pantheismo
1198 1284 1272 1349 reali
1294 1283 1508 1351 emanationis
1528 1286 1626 1351 simul

504 1400 537 1455 et
552 1390 658 1459 ideali.
679 1392 755 1475 Ejus
773 1391 892 1477 scripta
917 1393 1052 1477 digessit
1074 1392 1261 1458 carissimus
1283 1392 1462 1476 discipulus
1483 1402 1515 1457 et
1533 1394 1628 1458 iami-

485 1570 489 1577 ,
504 1497 589 1565 liaris
609 1499 822 1587 Porphyrius,
836 1509 935 1584 atque
954 1502 986 1567 in
1003 1519 1061 1567 sex
1075 1502 1235 1566 Enneades
1255 1519 1314 1566 seu
1333 1509 1489 1567 tractatus
1503 1501 1625 1577 divisit,

504 1625 645 1690 quorum
658 1607 777 1692 singuli
796 1608 894 1674 libros
903 1609 1073 1675 continent
1085 1628 1205 1674 novem
1219 1606 1281 1695 (2):
1294 1608 1477 1691 eademque
1492 1628 1628 1694 egraeco

505 1716 673 1782 transtulit
691 1717 723 1781 in
739 1716 877 1781 latinum
890 1736 966 1782 saec.
983 1715 1042 1781 XV
1058 1716 1218 1782 Marsilius
1232 1716 1370 1782 Ficinus

550 1839 605 1908 43.
655 1823 746 1889 Alter
759 1843 800 1888 ex
815 1825 986 1907 praecipuis
999 1823 1242 1907 Neoplatonicis
1255 1824 1314 1889 luit
1332 1824 1517 1906 Jamllicus,
1531 1830 1629 1888 natus

508 1930 661 1996 Chalcide
674 1930 706 1995 in
723 1930 907 2017 Caelesyria,
921 1931 1099 2016 discipulus
1108 1931 1293 2017 Porphyrii,
1309 1932 1502 1997 acerrrimus
1515 1929 1630 2014 etipse

507 2040 615 2131 hostis·
634 2036 816 2104 christianae
838 2039 1019 2124 religionis,
1046 2057 1165 2125 quarn,
1192 2041 1382 2123 exemplum
1406 2050 1542 2105 secutus-
1559 2058 1631 2103 ma·

507 2145 599 2231 gistri
614 2136 677 2223 sui,
699 2146 991 2230 impudentissimis
1007 2147 1184 2212 mendaciis
1197 2153 1238 2212 et'
1249 2146 1420 2213 calumniis
1438 2147 1628 2231 exagitavit.

509 2253 643 2337 Scripsit
656 2255 760 2329 ¹vitam
782 2253 994 2340 Pythagorae,
1011 2272 1112 2337 quem
1129 2263 1299 2337 tamquam
1315 2264 1463 2321 sanctum
1481 2273 1517 2319 ac
1533 2254 1632 2319 mira-

508 2363 657 2427 culorum
674 2369 871 2445 patratorem
888 2361 1049 2437 venditat,
1076 2363 1180 2427 immo
1194 2371 1227 2426 et
1245 2364 1322 2443 lesu
1340 2361 1469 2427 Christo
1488 2361 1631 2427 Domino

509 2478 638 2546 nostro,
654 2488 821 2554 opponere
833 2487 933 2535 ausus
944 2478 1009 2535 est:
1027 2470 1172 2553 itemque
1182 2471 1224 2535 de
1237 2471 1398 2551 Mysteriis
1413 2470 1630 2553 egiptiomm,

507 2580 546 2641 de
565 2576 716 2643 Generali
733 2576 955 2642 Mathemalum
973 2576 1119 2654 scientia,
1145 2582 1179 2643 et
1193 2578 1455 2643 Adhortationem‘
1468 2579 1512 2640 ad
1524 2576 1634 2641 Philo·

507 2684 658 2768 sophiam.
684 2681 838 2771 inhujus
860 2685 920 2750 viri
946 2684 1100 2770 operibus
1122 2686 1308 2750 continetur
1327 2686 1394 2768 jam
1419 2685 1474 2749 diu
1499 2684 1634 2768 praesor-

511 2805 598 2858 mata
612 2794 758 2859 doctrina
770 2794 986 2858 recentiorum
1002 2792 1245 2874 Spiritisiarum.
1263 2794 1389 2858 Mortus
1400 2801 1451 2858 est
1463 2810 1549 2857 anno
1563 2809 1629 2876 ῃ)

511 2899 622 2968 multis
637 2910 712 2984 post
726 2919 762 2966 se
786 2900 904 2966 relictis
922 2900 1089 2985 discipulis
1112 2909 1145 2965 et
1163 2901 1306 2978 asseclis,
1332 2901 1364 2966 in
1384 2901 1505 2984 quibus
1524 2899 1631 2963 nomi-

511 3009 608 3074 nandi
623 3008 784 3092 praecipue
798 3006 877 3075 sun't
889 3007 1039 3076 AEdasius
1048 3006 1240 3092 Cappadox,
1253 3009 1324 3093 ejus
1338 3025 1524 3082 successor,
1536 3009 1632 3092 cujus

510 3134 589 3182 mox
612 3117 720 3182 locum
749 3117 855 3182 tenuit
878 3115 1059 3191 Emtatbus,
1084 3115 1253 3197 Sosipater,
1287 3115 1452 3198 hujusque
1481 3130 1563 3179 uxor
1598 3123 1631 3177 et

509 3223 596 3290 tilius
610 3223 787 3300 Antonius,
803 3223 966 3290 Maximus
979 3222 1179 3306 Ephesinus,
1196 3234 1228 3289 et
1248 3223 1318 3306 ejus
1331 3222 1510 3305 discipulus
1525 3221 1633 3304 Julia-

510 3349 570 3396 nus
588 3332 737 3412 Aenean
757 3327 919 3418 (†365),
932 3330 1114 3406 Sallustius,
1138 3330 1353 3412 Chrysanthus
1371 3340 1403 3394 et
1419 3331 1565 3411 Eunapus
1578 3325 1632 3416 (3)

393 3446 429 3477 ²⁸
511 3437 722 3524 Sardicensis,
751 3437 926 3515 Hierocles,
957 3437 1207 3518 olympiodorus,
1247 3435 1429 3502 Themistius
1451 3434 1634 3520 Paphlago-

511 3543 647 3622 niensis,
660 3542 750 3633 (saec.
763 3542 823 3633 Ν)
837 3545 1020 3610 Aristotelis
1031 3552 1290 3620 commentator,
1305 3543 1501 3620 Macrobius,
1518 3553 1632 3608 auctor
1730 3538 1731 3609 J

509 3653 726 3720 Saturnalium
738 3651 856 3736 aliique
873 3649 938 3738 (4).
958 3651 996 3716 lii
1018 3660 1168 3717 auctores
1187 3653 1491 3736 Neoplatonismum
1511 3651 1634 3716 docue-

510 3769 582 3827 rant
604 3760 720 3826 Romae
747 3770 780 3827 et
805 3760 1027 3841 Alexandriae3
1043 3760 1101 3825 sed
1127 3759 1221 3826 tinito
1238 3759 1312 3828 lV.⁰
1333 3761 1471 3836 saeculo,
1494 3758 1634 3825 Athenis

544 4035 584 4097 (ι)
621 4029 697 4086 Vide
718 4029 803 4100 plura
824 4027 903 4100 apud
923 4024 1190 4095 ttonimbricenses,
1214 4046 1261 4097 op.
1279 4026 1328 4085 cit.
1348 4025 1517 4094 Dialectica,
1541 4024 1634 4083 Corn-
1729 4008 1730 4097 l

508 4121 649 4178 rnentarr'i
674 4119 705 4174 a'n
732 4120 881 4194 isagogen
902 4117 1080 4191 Porphyrii,
1104 4117 1236 4182 Prooem,
1270 4117 1404 4174 Toletum
1437 4115 1468 4174 in
1499 4116 1632 4172 Procnen.
1729 4124 1730 4203 j

510 4209 540 4268 in
559 4209 721 4284 Porphyrii
748 4206 885 4286 Quinque
912 4206 1138 4274 praedicabilem
1153 4205 1295 4276 Bouvicr,
1311 4206 1364 4264 loc.
1386 4205 1448 4276 cit.;
1470 4205 1631 4272 Gonzalez,
1728 4238 1729 4241 =

508 4319 658 4460 maluhi.
680 4387 797 4445 Cuevas
819 4387 873 4444 loc.
894 4385 962 4455 cit.;
985 4384 1144 4455 Gonzalez‚
1169 4405 1231 4457 par.
1255 4405 1319 4458 115,
1345 4386 1409 4452 1163
1428 4385 1631 4451 Tennemnnn,
1728 4366 1729 4431 l

508 4501 569 4552 par.
583 4498 649 4549 203,
667 4477 733 4546 2163
748 4475 888 4544 Bourier,
903 4477 989 4546 chap.
1000 4475 1078 4532 xlll.

543 4570 582 4640 (a)
621 4565 744 4638 Scripsit
760 4567 846 4624 Vitas
858 4565 1104 4638 Philosophorum
1115 4575 1143 4622 et
1155 4565 1363 4640 sophistarum.

542 4659 582 4730 (a)
621 4656 779 4722 Gonzalez,
797 4673 858 4726 par.
878 4654 942 4721 1183
957 4654 1163 4723 Tennemann,
1186 4674 1247 4726 par.
1269 4655 1336 4723 2183
1351 4654 1490 4724 Bouvier,
1513 4656 1566 4714 loc.
1583 4655 1631 4712 eit.

1712 5201 1728 5483 ᾧ
