<?xml version="1.0" encoding="UTF-8"?>
<!DOCTYPE html PUBLIC "-//W3C//DTD XHTML 1.0 Transitional//EN"
    "http://www.w3.org/TR/xhtml1/DTD/xhtml1-transitional.dtd">
<html xmlns="http://www.w3.org/1999/xhtml" xml:lang="en" lang="en">
 <head>
  <title>
</title>
<meta http-equiv="Content-Type" content="text/html;charset=utf-8" />
  <meta name='ocr-system' content='tesseract 3.04.00' />
  <meta name='ocr-capabilities' content='ocr_page ocr_carea ocr_par ocr_line ocrx_word'/>
</head>
<body>
  <div class='ocr_page' id='page_1' title='image "./institutionesph00urrgoog/institutionesph00urrgoog_0042.png"; bbox 0 0 3492 5525; ppageno 0'>
   <div class='ocr_carea' id='block_1_1' title="bbox 550 422 1184 491">
    <p class='ocr_par' dir='ltr' id='par_1_1' title="bbox 550 422 1184 491">
     <span class='ocr_line' id='line_1_1' title="bbox 550 422 1184 491; baseline 0.003 -2"><span class='ocrx_word' id='word_1_1' title='bbox 550 433 589 481; x_wconf 80' lang='lat'><strong>20</strong></span> <span class='ocrx_word' id='word_1_2' title='bbox 955 422 1184 491; x_wconf 75' lang='lat' dir='ltr'><strong>lnrnouucsro</strong></span> 
     </span>
    </p>
   </div>
   <div class='ocr_carea' id='block_1_2' title="bbox 304 598 1741 4116">
    <p class='ocr_par' dir='ltr' id='par_1_2' title="bbox 304 598 1741 4116">
     <span class='ocr_line' id='line_1_2' title="bbox 510 598 1631 690; baseline 0.006 -24"><span class='ocrx_word' id='word_1_3' title='bbox 510 598 561 666; x_wconf 87' lang='lat' dir='ltr'><strong>alii</strong></span> <span class='ocrx_word' id='word_1_4' title='bbox 575 606 735 685; x_wconf 87' lang='lat' dir='ltr'><strong>praecepta</strong></span> <span class='ocrx_word' id='word_1_5' title='bbox 750 602 970 687; x_wconf 85' lang='lat' dir='ltr'><strong>gubernandi,</strong></span> <span class='ocrx_word' id='word_1_6' title='bbox 996 604 1046 671; x_wconf 91' lang='lat' dir='ltr'><strong>alii</strong></span> <span class='ocrx_word' id='word_1_7' title='bbox 1059 598 1227 673; x_wconf 84' lang='lat' dir='ltr'><strong>scientiam</strong></span> <span class='ocrx_word' id='word_1_8' title='bbox 1249 616 1449 690; x_wconf 72' lang='lat' dir='ltr'><strong>quererent,</strong></span> <span class='ocrx_word' id='word_1_9' title='bbox 1466 626 1531 673; x_wconf 90' lang='lat' dir='ltr'><strong>non</strong></span> <span class='ocrx_word' id='word_1_10' title='bbox 1552 609 1631 673; x_wconf 90' lang='lat' dir='ltr'><strong>lucri</strong></span> 
     </span>
     <span class='ocr_line' id='line_1_3' title="bbox 509 702 1632 799; baseline 0.006 -26"><span class='ocrx_word' id='word_1_11' title='bbox 509 708 700 795; x_wconf 89' lang='lat' dir='ltr'><strong>cupiditate,</strong></span> <span class='ocrx_word' id='word_1_12' title='bbox 726 702 784 776; x_wconf 89' lang='lat' dir='ltr'><strong>sed</strong></span> <span class='ocrx_word' id='word_1_13' title='bbox 803 712 880 779; x_wconf 90' lang='lat' dir='ltr'><strong>boni</strong></span> <span class='ocrx_word' id='word_1_14' title='bbox 899 729 1028 791; x_wconf 87' lang='lat' dir='ltr'><strong>amore,</strong></span> <span class='ocrx_word' id='word_1_15' title='bbox 1049 714 1130 780; x_wconf 90' lang='lat' dir='ltr'><strong>scite</strong></span> <span class='ocrx_word' id='word_1_16' title='bbox 1148 713 1210 780; x_wconf 91' lang='lat' dir='ltr'><strong>illis</strong></span> <span class='ocrx_word' id='word_1_17' title='bbox 1224 726 1323 797; x_wconf 86' lang='lat' dir='ltr'><strong>atque</strong></span> <span class='ocrx_word' id='word_1_18' title='bbox 1342 714 1489 799; x_wconf 88' lang='lat' dir='ltr'><strong>apposite</strong></span> <span class='ocrx_word' id='word_1_19' title='bbox 1507 716 1548 780; x_wconf 86' lang='lat' dir='ltr'><strong>ad</strong></span> <span class='ocrx_word' id='word_1_20' title='bbox 1573 735 1632 780; x_wconf 92' lang='lat' dir='ltr'><strong>cu·</strong></span> 
     </span>
     <span class='ocr_line' id='line_1_4' title="bbox 509 816 1630 900; baseline 0.005 -20"><span class='ocrx_word' id='word_1_21' title='bbox 509 817 627 900; x_wconf 86' lang='lat' dir='ltr'><strong>jusque</strong></span> <span class='ocrx_word' id='word_1_22' title='bbox 647 816 869 884; x_wconf 89' lang='lat' dir='ltr'><strong>conditionem</strong></span> <span class='ocrx_word' id='word_1_23' title='bbox 886 820 1067 885; x_wconf 82' lang='lat' dir='ltr'><strong>doctrinam</strong></span> <span class='ocrx_word' id='word_1_24' title='bbox 1086 821 1248 887; x_wconf 81' lang='lat' dir='ltr'><strong>tradebat.</strong></span> <span class='ocrx_word' id='word_1_25' title='bbox 1275 822 1355 887; x_wconf 86' lang='lat' dir='ltr'><strong>Hinc</strong></span> <span class='ocrx_word' id='word_1_26' title='bbox 1379 824 1412 888; x_wconf 90' lang='lat' dir='ltr'><strong>in</strong></span> <span class='ocrx_word' id='word_1_27' title='bbox 1434 822 1538 887; x_wconf 85' lang='lat' dir='ltr'><strong>varias</strong></span> <span class='ocrx_word' id='word_1_28' title='bbox 1558 841 1630 889; x_wconf 89' lang='lat' dir='ltr'><strong>sese</strong></span> 
     </span>
     <span class='ocr_line' id='line_1_5' title="bbox 498 923 1631 1015; baseline 0.005 -29"><span class='ocrx_word' id='word_1_29' title='bbox 498 923 636 989; x_wconf 88' lang='lat' dir='ltr'><strong>&#39;scholas</strong></span> <span class='ocrx_word' id='word_1_30' title='bbox 659 924 744 990; x_wconf 90' lang='lat' dir='ltr'><strong>illius</strong></span> <span class='ocrx_word' id='word_1_31' title='bbox 772 926 937 993; x_wconf 83' lang='lat' dir='ltr'><strong>auditores</strong></span> <span class='ocrx_word' id='word_1_32' title='bbox 963 925 1171 1005; x_wconf 88' lang='lat' dir='ltr'><strong>scinderunt,</strong></span> <span class='ocrx_word' id='word_1_33' title='bbox 1201 930 1403 995; x_wconf 81' lang='lat' dir='ltr'><strong>Antisthenes</strong></span> <span class='ocrx_word' id='word_1_34' title='bbox 1426 930 1514 994; x_wconf 88' lang='lat' dir='ltr'><strong>enim</strong></span> <span class='ocrx_word' id='word_1_35' title='bbox 1543 926 1631 1015; x_wconf 74' lang='lat'>(3⁸0</span> 
     </span>
     <span class='ocr_line' id='line_1_6' title="bbox 508 1027 1630 1122; baseline 0.005 -29"><span class='ocrx_word' id='word_1_36' title='bbox 508 1048 539 1096; x_wconf 90' lang='lat' dir='ltr'><strong>a.</strong></span> <span class='ocrx_word' id='word_1_37' title='bbox 563 1027 618 1117; x_wconf 86' lang='lat' dir='ltr'><strong>C.)</strong></span> <span class='ocrx_word' id='word_1_38' title='bbox 632 1029 802 1112; x_wconf 64' lang='lat' dir='ltr'><strong>Cynicam</strong></span> <span class='ocrx_word' id='word_1_39' title='bbox 823 1033 1005 1115; x_wconf 73' lang='lat' dir='ltr'><strong>Aristippus</strong></span> <span class='ocrx_word' id='word_1_40' title='bbox 1024 1031 1110 1121; x_wconf 73' lang='lat'>(380</span> <span class='ocrx_word' id='word_1_41' title='bbox 1129 1054 1160 1102; x_wconf 92' lang='lat' dir='ltr'><strong>a.</strong></span> <span class='ocrx_word' id='word_1_42' title='bbox 1176 1032 1233 1122; x_wconf 80' lang='lat' dir='ltr'><strong>C.)</strong></span> <span class='ocrx_word' id='word_1_43' title='bbox 1248 1035 1473 1117; x_wconf 63' lang='lat' dir='ltr'><strong>Cyrenaicum</strong></span> <span class='ocrx_word' id='word_1_44' title='bbox 1488 1036 1630 1120; x_wconf 83' lang='lat' dir='ltr'><strong>Megari-</strong></span> 
     </span>
     <span class='ocr_line' id='line_1_7' title="bbox 507 1136 1630 1222; baseline 0.007 -23"><span class='ocrx_word' id='word_1_45' title='bbox 507 1154 575 1199; x_wconf 87' lang='lat' dir='ltr'><strong>cam</strong></span> <span class='ocrx_word' id='word_1_46' title='bbox 604 1136 764 1215; x_wconf 75' lang='lat' dir='ltr'><em>Euclides,</em></span> <span class='ocrx_word' id='word_1_47' title='bbox 794 1139 933 1205; x_wconf 81' lang='lat' dir='ltr'><strong>Pleoedon</strong></span> <span class='ocrx_word' id='word_1_48' title='bbox 958 1141 1152 1222; x_wconf 61' lang='lat' dir='ltr'><strong>Hiemem,-</strong></span> <span class='ocrx_word' id='word_1_49' title='bbox 1179 1142 1378 1208; x_wconf 83' lang='lat' dir='ltr'><strong>Menedemur</strong></span> <span class='ocrx_word' id='word_1_50' title='bbox 1411 1143 1630 1221; x_wconf 85' lang='lat' dir='ltr'><strong>Eritr·iensem;</strong></span> 
     </span>
     <span class='ocr_line' id='line_1_8' title="bbox 506 1242 1627 1332; baseline 0.002 -23"><span class='ocrx_word' id='word_1_51' title='bbox 506 1243 598 1313; x_wconf 79' lang='lat' dir='ltr'><strong>Plato</strong></span> <span class='ocrx_word' id='word_1_52' title='bbox 625 1244 760 1311; x_wconf 91' lang='lat' dir='ltr'><strong>demum</strong></span> <span class='ocrx_word' id='word_1_53' title='bbox 785 1246 988 1312; x_wconf 73' lang='lat' dir='ltr'><strong>Academiam</strong></span> <span class='ocrx_word' id='word_1_54' title='bbox 1006 1242 1172 1313; x_wconf 80' lang='lat' dir='ltr'><strong>fundavit.</strong></span> <span class='ocrx_word' id='word_1_55' title='bbox 1201 1250 1262 1314; x_wconf 92' lang='lat' dir='ltr'><strong>Alii</strong></span> <span class='ocrx_word' id='word_1_56' title='bbox 1285 1269 1363 1315; x_wconf 91' lang='lat' dir='ltr'><strong>vero</strong></span> <span class='ocrx_word' id='word_1_57' title='bbox 1389 1258 1426 1314; x_wconf 94' lang='lat' dir='ltr'><strong>ut</strong></span> <span class='ocrx_word' id='word_1_58' title='bbox 1449 1249 1627 1332; x_wconf 85' lang='lat' dir='ltr'><strong>Xenophon,</strong></span> 
     </span>
     <span class='ocr_line' id='line_1_9' title="bbox 507 1350 1628 1443; baseline 0.005 -29"><span class='ocrx_word' id='word_1_59' title='bbox 507 1350 690 1429; x_wconf 81' lang='lat' dir='ltr'><em>Aeschines,</em></span> <span class='ocrx_word' id='word_1_60' title='bbox 728 1353 853 1429; x_wconf 84' lang='lat' dir='ltr'><strong><em>Simon,</em></strong></span> <span class='ocrx_word' id='word_1_61' title='bbox 884 1353 980 1420; x_wconf 80' lang='lat' dir='ltr'><em>Cebes</em></span> <span class='ocrx_word' id='word_1_62' title='bbox 1011 1354 1188 1421; x_wconf 87' lang='lat' dir='ltr'><strong>Thebanus</strong></span> <span class='ocrx_word' id='word_1_63' title='bbox 1215 1354 1267 1443; x_wconf 88' lang='lat' dir='ltr'><strong>(r)</strong></span> <span class='ocrx_word' id='word_1_64' title='bbox 1293 1367 1358 1432; x_wconf 90' lang='lat' dir='ltr'><strong>etc,</strong></span> <span class='ocrx_word' id='word_1_65' title='bbox 1389 1356 1463 1422; x_wconf 73' lang='lat' dir='ltr'><strong>v&#39;itae</strong></span> <span class='ocrx_word' id='word_1_66' title='bbox 1491 1359 1628 1421; x_wconf 82' lang='lat' dir='ltr'><strong>sormam</strong></span> 
     </span>
     <span class='ocr_line' id='line_1_10' title="bbox 508 1444 1449 1552; baseline 0.007 -30"><span class='ocrx_word' id='word_1_67' title='bbox 508 1459 676 1543; x_wconf 80' lang='lat' dir='ltr'><strong>praeceptis</strong></span> <span class='ocrx_word' id='word_1_68' title='bbox 690 1458 831 1526; x_wconf 88' lang='lat' dir='ltr'><strong>Socratis</strong></span> <span class='ocrx_word' id='word_1_69' title='bbox 845 1461 1050 1527; x_wconf 79' lang='lat' dir='ltr'><strong>conformem</strong></span> <span class='ocrx_word' id='word_1_70' title='bbox 1066 1463 1175 1529; x_wconf 90' lang='lat' dir='ltr'><strong>iniisse</strong></span> <span class='ocrx_word' id='word_1_71' title='bbox 1190 1463 1345 1529; x_wconf 89' lang='lat' dir='ltr'><strong>dicuntur</strong></span> <span class='ocrx_word' id='word_1_72' title='bbox 1365 1465 1378 1547; x_wconf 88' lang='grc'>(</span> <span class='ocrx_word' id='word_1_73' title='bbox 1403 1462 1428 1552; x_wconf 89' lang='grc'><strong>).</strong></span> <span class='ocrx_word' id='word_1_74' title='bbox 1444 1444 1449 1451; x_wconf 57' lang='grc'>’</span> 
     </span>
     <span class='ocr_line' id='line_1_11' title="bbox 304 1550 1627 1657; baseline 0.003 -29"><span class='ocrx_word' id='word_1_75' title='bbox 304 1569 386 1628; x_wconf 63' lang='lat' dir='ltr'><strong>cruia·</strong></span> <span class='ocrx_word' id='word_1_76' title='bbox 397 1568 481 1622; x_wconf 65' lang='lat' dir='ltr'><strong>whole·</strong></span> <span class='ocrx_word' id='word_1_77' title='bbox 524 1582 606 1657; x_wconf 64' lang='lat'><strong>,¹9·</strong></span> <span class='ocrx_word' id='word_1_78' title='bbox 657 1550 1627 1657; x_wconf 77' lang='lat' dir='ltr'><strong>CynicascholanomensortitusestvelexlocoKynosargo,</strong></span> 
     </span>
     <span class='ocr_line' id='line_1_12' title="bbox 506 1666 1629 1761; baseline 0.002 -24"><span class='ocrx_word' id='word_1_79' title='bbox 506 1672 561 1737; x_wconf 90' lang='lat' dir='ltr'><strong>ubi</strong></span> <span class='ocrx_word' id='word_1_80' title='bbox 586 1666 798 1739; x_wconf 81' lang='lat' dir='ltr'><strong>Antisthenes</strong></span> <span class='ocrx_word' id='word_1_81' title='bbox 818 1673 970 1750; x_wconf 91' lang='lat' dir='ltr'><strong>docebat,</strong></span> <span class='ocrx_word' id='word_1_82' title='bbox 994 1675 1045 1740; x_wconf 90' lang='lat' dir='ltr'><strong>vel</strong></span> <span class='ocrx_word' id='word_1_83' title='bbox 1061 1696 1103 1742; x_wconf 82' lang='lat' dir='ltr'><strong>ex</strong></span> <span class='ocrx_word' id='word_1_84' title='bbox 1123 1695 1255 1742; x_wconf 91' lang='lat' dir='ltr'><strong>morum</strong></span> <span class='ocrx_word' id='word_1_85' title='bbox 1273 1676 1435 1760; x_wconf 84' lang='lat' dir='ltr'><strong>vitaeque,</strong></span> <span class='ocrx_word' id='word_1_86' title='bbox 1455 1695 1556 1761; x_wconf 89' lang='lat' dir='ltr'><strong>quam</strong></span> <span class='ocrx_word' id='word_1_87' title='bbox 1576 1675 1629 1740; x_wconf 89' lang='lat' dir='ltr'><strong>ille</strong></span> 
     </span>
     <span class='ocr_line' id='line_1_13' title="bbox 500 1778 1626 1864; baseline 0.004 -21"><span class='ocrx_word' id='word_1_88' title='bbox 500 1778 729 1863; x_wconf 83' lang='lat' dir='ltr'><strong>profitebatur,</strong></span> <span class='ocrx_word' id='word_1_89' title='bbox 754 1779 926 1864; x_wconf 84' lang='lat' dir='ltr'><strong>asperitate</strong></span> <span class='ocrx_word' id='word_1_90' title='bbox 940 1802 977 1848; x_wconf 91' lang='lat' dir='ltr'><strong>ac</strong></span> <span class='ocrx_word' id='word_1_91' title='bbox 993 1782 1140 1848; x_wconf 88' lang='lat' dir='ltr'><strong>libertate</strong></span> <span class='ocrx_word' id='word_1_92' title='bbox 1155 1802 1266 1849; x_wconf 89' lang='lat' dir='ltr'><strong>mores</strong></span> <span class='ocrx_word' id='word_1_93' title='bbox 1287 1785 1424 1849; x_wconf 90' lang='lat' dir='ltr'><strong>aliorum</strong></span> <span class='ocrx_word' id='word_1_94' title='bbox 1441 1782 1626 1857; x_wconf 88' lang='lat' dir='ltr'><strong>mordendi,</strong></span> 
     </span>
     <span class='ocr_line' id='line_1_14' title="bbox 504 1886 1631 1975; baseline 0.004 -24"><span class='ocrx_word' id='word_1_95' title='bbox 504 1895 537 1951; x_wconf 89' lang='lat' dir='ltr'><strong>et</strong></span> <span class='ocrx_word' id='word_1_96' title='bbox 552 1886 709 1971; x_wconf 89' lang='lat' dir='ltr'><strong>improbis</strong></span> <span class='ocrx_word' id='word_1_97' title='bbox 723 1888 903 1953; x_wconf 86' lang='lat' dir='ltr'><strong>allatrandi.</strong></span> <span class='ocrx_word' id='word_1_98' title='bbox 921 1889 1035 1975; x_wconf 87' lang='lat' dir='ltr'><strong>Cynici</strong></span> <span class='ocrx_word' id='word_1_99' title='bbox 1050 1888 1138 1955; x_wconf 91' lang='lat' dir='ltr'><strong>enim</strong></span> <span class='ocrx_word' id='word_1_100' title='bbox 1154 1891 1314 1957; x_wconf 84' lang='lat' dir='ltr'><strong>moralem</strong></span> <span class='ocrx_word' id='word_1_101' title='bbox 1331 1891 1502 1957; x_wconf 85' lang='lat' dir='ltr'><strong>dumtaxat</strong></span> <span class='ocrx_word' id='word_1_102' title='bbox 1516 1889 1631 1955; x_wconf 87' lang='lat' dir='ltr'><strong>Socra-</strong></span> 
     </span>
     <span class='ocr_line' id='line_1_15' title="bbox 504 1993 1628 2080; baseline 0.002 -22"><span class='ocrx_word' id='word_1_103' title='bbox 504 1994 546 2059; x_wconf 88' lang='lat' dir='ltr'><strong>tis</strong></span> <span class='ocrx_word' id='word_1_104' title='bbox 561 1993 743 2059; x_wconf 86' lang='lat' dir='ltr'><strong>doctrinam</strong></span> <span class='ocrx_word' id='word_1_105' title='bbox 762 1995 922 2077; x_wconf 83' lang='lat' dir='ltr'><strong>amplexi,</strong></span> <span class='ocrx_word' id='word_1_106' title='bbox 949 1996 1088 2080; x_wconf 86' lang='lat' dir='ltr'><strong>reliquas</strong></span> <span class='ocrx_word' id='word_1_107' title='bbox 1116 1996 1267 2064; x_wconf 85' lang='lat' dir='ltr'><strong>scientias</strong></span> <span class='ocrx_word' id='word_1_108' title='bbox 1292 1997 1567 2073; x_wconf 86' lang='lat' dir='ltr'><strong>contemnebant,</strong></span> <span class='ocrx_word' id='word_1_109' title='bbox 1590 2015 1628 2061; x_wconf 92' lang='lat' dir='ltr'><strong>ac</strong></span> 
     </span>
     <span class='ocr_line' id='line_1_16' title="bbox 503 2100 1629 2187; baseline 0.002 -22"><span class='ocrx_word' id='word_1_110' title='bbox 503 2100 700 2165; x_wconf 86' lang='lat' dir='ltr'><strong>severiorem</strong></span> <span class='ocrx_word' id='word_1_111' title='bbox 721 2101 850 2173; x_wconf 85' lang='lat' dir='ltr'><strong>vivendi</strong></span> <span class='ocrx_word' id='word_1_112' title='bbox 872 2102 1030 2169; x_wconf 88' lang='lat' dir='ltr'><strong>rationem</strong></span> <span class='ocrx_word' id='word_1_113' title='bbox 1051 2104 1272 2180; x_wconf 90' lang='lat' dir='ltr'><strong>sectabantur,</strong></span> <span class='ocrx_word' id='word_1_114' title='bbox 1301 2106 1448 2187; x_wconf 88' lang='lat' dir='ltr'><strong>aliosque</strong></span> <span class='ocrx_word' id='word_1_115' title='bbox 1468 2114 1505 2170; x_wconf 91' lang='lat' dir='ltr'><strong>ut</strong></span> <span class='ocrx_word' id='word_1_116' title='bbox 1523 2113 1629 2170; x_wconf 87' lang='lat' dir='ltr'><strong>secta·</strong></span> 
     </span>
     <span class='ocr_line' id='line_1_17' title="bbox 504 2206 1741 2289; baseline 0.002 -17"><span class='ocrx_word' id='word_1_117' title='bbox 504 2216 632 2285; x_wconf 86' lang='lat' dir='ltr'><strong>rentur,</strong></span> <span class='ocrx_word' id='word_1_118' title='bbox 650 2206 838 2275; x_wconf 87' lang='lat' dir='ltr'><strong>incitabant.</strong></span> <span class='ocrx_word' id='word_1_119' title='bbox 854 2208 1086 2275; x_wconf 90' lang='lat' dir='ltr'><strong>Antisthenem</strong></span> <span class='ocrx_word' id='word_1_120' title='bbox 1115 2211 1218 2278; x_wconf 91' lang='lat' dir='ltr'><strong>secuti</strong></span> <span class='ocrx_word' id='word_1_121' title='bbox 1245 2220 1341 2289; x_wconf 91' lang='lat' dir='ltr'><strong>sunt,</strong></span> <span class='ocrx_word' id='word_1_122' title='bbox 1369 2218 1408 2279; x_wconf 90' lang='lat' dir='ltr'><strong>ut</strong></span> <span class='ocrx_word' id='word_1_123' title='bbox 1436 2210 1629 2276; x_wconf 85' lang='lat' dir='ltr'><strong>celebriores</strong></span> <span class='ocrx_word' id='word_1_124' title='bbox 1739 2209 1741 2231; x_wconf 93' lang='lat'>&#39;</span> 
     </span>
     <span class='ocr_line' id='line_1_18' title="bbox 386 2315 1628 2405; baseline 0 -25"><span class='ocrx_word' id='word_1_125' title='bbox 386 2336 390 2342; x_wconf 93' lang='lat'>·</span> <span class='ocrx_word' id='word_1_126' title='bbox 421 2362 430 2385; x_wconf 91' lang='lat'><strong>.</strong></span> <span class='ocrx_word' id='word_1_127' title='bbox 503 2324 632 2381; x_wconf 91' lang='lat' dir='ltr'><strong>tantum</strong></span> <span class='ocrx_word' id='word_1_128' title='bbox 657 2316 847 2392; x_wconf 89' lang='lat' dir='ltr'><strong>nominem,</strong></span> <span class='ocrx_word' id='word_1_129' title='bbox 872 2316 1025 2399; x_wconf 81' lang='lat' dir='ltr'><strong>Diogenes</strong></span> <span class='ocrx_word' id='word_1_130' title='bbox 1052 2318 1104 2383; x_wconf 85' lang='lat' dir='ltr'><strong>ille</strong></span> <span class='ocrx_word' id='word_1_131' title='bbox 1131 2318 1323 2403; x_wconf 88' lang='lat' dir='ltr'><strong>Sinopensis</strong></span> <span class='ocrx_word' id='word_1_132' title='bbox 1350 2316 1432 2405; x_wconf 83' lang='lat'>(4¹4</span> <span class='ocrx_word' id='word_1_133' title='bbox 1451 2337 1480 2383; x_wconf 88' lang='lat' dir='ltr'><strong>a.</strong></span> <span class='ocrx_word' id='word_1_134' title='bbox 1500 2315 1557 2405; x_wconf 89' lang='lat' dir='ltr'><strong>C.)</strong></span> <span class='ocrx_word' id='word_1_135' title='bbox 1579 2317 1628 2381; x_wconf 90' lang='lat' dir='ltr'><strong>vir</strong></span> 
     </span>
     <span class='ocr_line' id='line_1_19' title="bbox 503 2421 1628 2505; baseline 0.003 -20"><span class='ocrx_word' id='word_1_136' title='bbox 503 2421 826 2504; x_wconf 88' lang='lat' dir='ltr'><strong>impudentissimus,</strong></span> <span class='ocrx_word' id='word_1_137' title='bbox 845 2422 902 2505; x_wconf 86' lang='lat' dir='ltr'><strong>qui</strong></span> <span class='ocrx_word' id='word_1_138' title='bbox 923 2424 955 2488; x_wconf 94' lang='lat' dir='ltr'><strong>in</strong></span> <span class='ocrx_word' id='word_1_139' title='bbox 977 2442 1080 2489; x_wconf 89' lang='lat' dir='ltr'><strong>vacuo</strong></span> <span class='ocrx_word' id='word_1_140' title='bbox 1102 2425 1189 2491; x_wconf 92' lang='lat' dir='ltr'><strong>dolio</strong></span> <span class='ocrx_word' id='word_1_141' title='bbox 1209 2426 1387 2491; x_wconf 86' lang='lat' dir='ltr'><strong>habitabat.</strong></span> <span class='ocrx_word' id='word_1_142' title='bbox 1409 2425 1520 2489; x_wconf 87' lang='lat' dir='ltr'><strong>Crates</strong></span> <span class='ocrx_word' id='word_1_143' title='bbox 1543 2424 1628 2488; x_wconf 85' lang='lat' dir='ltr'><strong>The-</strong></span> 
     </span>
     <span class='ocr_line' id='line_1_20' title="bbox 503 2529 1627 2615; baseline 0.002 -22"><span class='ocrx_word' id='word_1_144' title='bbox 503 2529 625 2606; x_wconf 90' lang='lat' dir='ltr'><strong>banus,</strong></span> <span class='ocrx_word' id='word_1_145' title='bbox 656 2530 726 2613; x_wconf 88' lang='lat' dir='ltr'><strong>ejus</strong></span> <span class='ocrx_word' id='word_1_146' title='bbox 753 2529 949 2614; x_wconf 90' lang='lat' dir='ltr'><strong>discipulus,</strong></span> <span class='ocrx_word' id='word_1_147' title='bbox 972 2541 1005 2597; x_wconf 92' lang='lat' dir='ltr'><strong>et</strong></span> <span class='ocrx_word' id='word_1_148' title='bbox 1028 2551 1111 2597; x_wconf 89' lang='lat' dir='ltr'><strong>uxor</strong></span> <span class='ocrx_word' id='word_1_149' title='bbox 1133 2533 1354 2615; x_wconf 66' lang='lat' dir='ltr'><strong>Hipparchus.</strong></span> <span class='ocrx_word' id='word_1_150' title='bbox 1378 2530 1490 2596; x_wconf 81' lang='lat' dir='ltr'><strong>Finem</strong></span> <span class='ocrx_word' id='word_1_151' title='bbox 1515 2531 1627 2597; x_wconf 89' lang='lat' dir='ltr'><strong>habuit</strong></span> 
     </span>
     <span class='ocr_line' id='line_1_21' title="bbox 503 2635 1628 2721; baseline 0.001 -21"><span class='ocrx_word' id='word_1_152' title='bbox 503 2637 571 2702; x_wconf 87' lang='lat' dir='ltr'><strong>haec</strong></span> <span class='ocrx_word' id='word_1_153' title='bbox 586 2638 696 2701; x_wconf 90' lang='lat' dir='ltr'><strong>schola</strong></span> <span class='ocrx_word' id='word_1_154' title='bbox 719 2636 750 2700; x_wconf 92' lang='lat' dir='ltr'><strong>in</strong></span> <span class='ocrx_word' id='word_1_155' title='bbox 774 2635 922 2713; x_wconf 85' lang='lat' dir='ltr'><strong>Zenone,</strong></span> <span class='ocrx_word' id='word_1_156' title='bbox 948 2637 1004 2719; x_wconf 90' lang='lat' dir='ltr'><strong>qui</strong></span> <span class='ocrx_word' id='word_1_157' title='bbox 1030 2638 1169 2704; x_wconf 88' lang='lat' dir='ltr'><strong>Cratetis</strong></span> <span class='ocrx_word' id='word_1_158' title='bbox 1193 2640 1323 2704; x_wconf 91' lang='lat' dir='ltr'><strong>auditor</strong></span> <span class='ocrx_word' id='word_1_159' title='bbox 1342 2638 1403 2704; x_wconf 90' lang='lat' dir='ltr'><strong>luit</strong></span> <span class='ocrx_word' id='word_1_160' title='bbox 1426 2646 1459 2702; x_wconf 90' lang='lat' dir='ltr'><strong>et</strong></span> <span class='ocrx_word' id='word_1_161' title='bbox 1478 2636 1628 2721; x_wconf 86' lang='lat' dir='ltr'><strong>princeps</strong></span> 
     </span>
     <span class='ocr_line' id='line_1_22' title="bbox 424 2730 1106 2830; baseline 0 -22"><span class='ocrx_word' id='word_1_162' title='bbox 424 2740 427 2747; x_wconf 80' lang='grc'><strong>“</strong></span> <span class='ocrx_word' id='word_1_163' title='bbox 501 2743 612 2809; x_wconf 86' lang='lat' dir='ltr'><strong>stoicae</strong></span> <span class='ocrx_word' id='word_1_164' title='bbox 631 2743 752 2809; x_wconf 84' lang='lat' dir='ltr'><strong>scholae</strong></span> <span class='ocrx_word' id='word_1_165' title='bbox 766 2740 829 2830; x_wconf 80' lang='lat'>(3).</span> <span class='ocrx_word' id='word_1_166' title='bbox 1103 2730 1106 2735; x_wconf 61' lang='grc'><strong>’</strong></span> 
     </span>
     <span class='ocr_line' id='line_1_23' title="bbox 322 2850 1624 2940; baseline 0.004 -29"><span class='ocrx_word' id='word_1_167' title='bbox 322 2865 450 2926; x_wconf 72' lang='lat' dir='ltr'><strong>cyrenaica,</strong></span> <span class='ocrx_word' id='word_1_168' title='bbox 547 2867 601 2914; x_wconf 88' lang='lat'><strong>20.</strong></span> <span class='ocrx_word' id='word_1_169' title='bbox 652 2850 862 2936; x_wconf 76' lang='lat' dir='ltr'><strong>cyrenaicam</strong></span> <span class='ocrx_word' id='word_1_170' title='bbox 891 2852 1039 2918; x_wconf 83' lang='lat' dir='ltr'><strong>fundavit</strong></span> <span class='ocrx_word' id='word_1_171' title='bbox 1067 2853 1205 2940; x_wconf 89' lang='lat' dir='ltr'><strong>Cyrenis</strong></span> <span class='ocrx_word' id='word_1_172' title='bbox 1232 2855 1264 2919; x_wconf 95' lang='lat' dir='ltr'><strong>in</strong></span> <span class='ocrx_word' id='word_1_173' title='bbox 1292 2851 1397 2919; x_wconf 76' lang='lat' dir='ltr'><strong>Africa</strong></span> <span class='ocrx_word' id='word_1_174' title='bbox 1424 2852 1624 2936; x_wconf 85' lang='lat' dir='ltr'><strong>Aristippus,</strong></span> 
     </span>
     <span class='ocr_line' id='line_1_24' title="bbox 501 2956 1628 3044; baseline 0.002 -24"><span class='ocrx_word' id='word_1_175' title='bbox 501 2957 557 3039; x_wconf 90' lang='lat' dir='ltr'><strong>qui</strong></span> <span class='ocrx_word' id='word_1_176' title='bbox 573 2957 757 3023; x_wconf 79' lang='lat' dir='ltr'><strong>felicitatem</strong></span> <span class='ocrx_word' id='word_1_177' title='bbox 773 2956 916 3023; x_wconf 89' lang='lat' dir='ltr'><strong>hominis</strong></span> <span class='ocrx_word' id='word_1_178' title='bbox 935 2959 1165 3043; x_wconf 83' lang='lat' dir='ltr'><strong>inuoluptate,</strong></span> <span class='ocrx_word' id='word_1_179' title='bbox 1186 2978 1263 3025; x_wconf 92' lang='lat' dir='ltr'><strong>cum</strong></span> <span class='ocrx_word' id='word_1_180' title='bbox 1285 2977 1440 3044; x_wconf 86' lang='lat' dir='ltr'><strong>corporea</strong></span> <span class='ocrx_word' id='word_1_181' title='bbox 1463 2968 1536 3024; x_wconf 93' lang='lat' dir='ltr'><strong>tum</strong></span> <span class='ocrx_word' id='word_1_182' title='bbox 1560 2958 1628 3042; x_wconf 92' lang='lat' dir='ltr'><strong>spi·</strong></span> 
     </span>
     <span class='ocr_line' id='line_1_25' title="bbox 501 3064 1626 3150; baseline 0.003 -22"><span class='ocrx_word' id='word_1_183' title='bbox 501 3064 621 3141; x_wconf 83' lang='lat' dir='ltr'><strong>rituali,</strong></span> <span class='ocrx_word' id='word_1_184' title='bbox 638 3064 793 3148; x_wconf 88' lang='lat' dir='ltr'><strong>reposuit.</strong></span> <span class='ocrx_word' id='word_1_185' title='bbox 816 3064 970 3130; x_wconf 87' lang='lat' dir='ltr'><strong>Eamdem</strong></span> <span class='ocrx_word' id='word_1_186' title='bbox 993 3065 1176 3132; x_wconf 87' lang='lat' dir='ltr'><strong>doctrinam</strong></span> <span class='ocrx_word' id='word_1_187' title='bbox 1201 3069 1353 3150; x_wconf 89' lang='lat' dir='ltr'><strong>amplexa</strong></span> <span class='ocrx_word' id='word_1_188' title='bbox 1372 3075 1421 3131; x_wconf 91' lang='lat' dir='ltr'><strong>est</strong></span> <span class='ocrx_word' id='word_1_189' title='bbox 1436 3084 1520 3132; x_wconf 90' lang='lat' dir='ltr'><strong>uxor</strong></span> <span class='ocrx_word' id='word_1_190' title='bbox 1541 3066 1626 3131; x_wconf 90' lang='lat' dir='ltr'><strong>illius</strong></span> 
     </span>
     <span class='ocr_line' id='line_1_26' title="bbox 503 3169 1741 3258; baseline 0.002 -24"><span class='ocrx_word' id='word_1_191' title='bbox 503 3173 634 3246; x_wconf 87' lang='lat' dir='ltr'><strong>Aretea,</strong></span> <span class='ocrx_word' id='word_1_192' title='bbox 672 3173 766 3256; x_wconf 85' lang='lat' dir='ltr'><strong>cujus</strong></span> <span class='ocrx_word' id='word_1_193' title='bbox 799 3171 885 3237; x_wconf 89' lang='lat' dir='ltr'><strong>tilius</strong></span> <span class='ocrx_word' id='word_1_194' title='bbox 916 3171 1101 3257; x_wconf 84' lang='lat' dir='ltr'><strong>Aristippus</strong></span> <span class='ocrx_word' id='word_1_195' title='bbox 1131 3174 1330 3258; x_wconf 84' lang='lat' dir='ltr'><strong>cognomine</strong></span> <span class='ocrx_word' id='word_1_196' title='bbox 1369 3172 1621 3248; x_wconf 80' lang='lat' dir='ltr'><strong>Metrodidaetos,</strong></span> <span class='ocrx_word' id='word_1_197' title='bbox 1652 3169 1674 3210; x_wconf 80' lang='lat'><em>⁰</em></span> <span class='ocrx_word' id='word_1_198' title='bbox 1739 3173 1741 3178; x_wconf 83' lang='grc'><strong>’</strong></span> 
     </span>
     <span class='ocr_line' id='line_1_27' title="bbox 499 3278 1627 3363; baseline -0.001 -19"><span class='ocrx_word' id='word_1_199' title='bbox 499 3279 577 3363; x_wconf 89' lang='lat' dir='ltr'><strong>quia</strong></span> <span class='ocrx_word' id='word_1_200' title='bbox 600 3287 735 3344; x_wconf 89' lang='lat' dir='ltr'><strong>amatre</strong></span> <span class='ocrx_word' id='word_1_201' title='bbox 759 3278 896 3344; x_wconf 91' lang='lat' dir='ltr'><strong>edoctus</strong></span> <span class='ocrx_word' id='word_1_202' title='bbox 910 3279 1027 3355; x_wconf 87' lang='lat' dir='ltr'><strong>iuerat,</strong></span> <span class='ocrx_word' id='word_1_203' title='bbox 1052 3279 1102 3344; x_wconf 91' lang='lat' dir='ltr'><strong>avi</strong></span> <span class='ocrx_word' id='word_1_204' title='bbox 1122 3281 1173 3346; x_wconf 92' lang='lat' dir='ltr'><strong>sui</strong></span> <span class='ocrx_word' id='word_1_205' title='bbox 1192 3281 1403 3346; x_wconf 83' lang='lat' dir='ltr'><strong>hedom&#39;smum</strong></span> <span class='ocrx_word' id='word_1_206' title='bbox 1417 3297 1475 3345; x_wconf 89' lang='lat' dir='ltr'><strong>seu</strong></span> <span class='ocrx_word' id='word_1_207' title='bbox 1491 3297 1627 3345; x_wconf 90' lang='lat' dir='ltr'><strong>sensua-</strong></span> 
     </span>
     <span class='ocr_line' id='line_1_28' title="bbox 499 3386 1623 3470; baseline 0.002 -22"><span class='ocrx_word' id='word_1_208' title='bbox 499 3387 632 3451; x_wconf 91' lang='lat' dir='ltr'><strong>lismum</strong></span> <span class='ocrx_word' id='word_1_209' title='bbox 662 3386 834 3468; x_wconf 83' lang='lat' dir='ltr'><strong>amplexus</strong></span> <span class='ocrx_word' id='word_1_210' title='bbox 864 3395 914 3450; x_wconf 90' lang='lat' dir='ltr'><strong>est</strong></span> <span class='ocrx_word' id='word_1_211' title='bbox 938 3387 1190 3470; x_wconf 88' lang='lat' dir='ltr'><strong>superavitque,</strong></span> <span class='ocrx_word' id='word_1_212' title='bbox 1220 3387 1419 3453; x_wconf 86' lang='lat' dir='ltr'><strong>atheismum</strong></span> <span class='ocrx_word' id='word_1_213' title='bbox 1446 3387 1623 3470; x_wconf 83' lang='lat' dir='ltr'><strong>protessus,</strong></span> 
     </span>
     <span class='ocr_line' id='line_1_29' title="bbox 498 3475 1626 3561; baseline -0.001 -3"><span class='ocrx_word' id='word_1_214' title='bbox 498 3475 633 3558; x_wconf 81' lang='lat' dir='ltr'><strong>omnem</strong></span> <span class='ocrx_word' id='word_1_215' title='bbox 668 3493 829 3560; x_wconf 84' lang='lat' dir='ltr'><strong>inficiatus</strong></span> <span class='ocrx_word' id='word_1_216' title='bbox 852 3494 1083 3561; x_wconf 91' lang='lat' dir='ltr'><strong>moralitatem.</strong></span> <span class='ocrx_word' id='word_1_217' title='bbox 1115 3494 1378 3560; x_wconf 81' lang='lat' dir='ltr'><strong>Metrodidectum</strong></span> <span class='ocrx_word' id='word_1_218' title='bbox 1407 3492 1524 3559; x_wconf 90' lang='lat' dir='ltr'><strong>imitati</strong></span> <span class='ocrx_word' id='word_1_219' title='bbox 1546 3503 1626 3559; x_wconf 90' lang='lat' dir='ltr'><strong>sunt</strong></span> 
     </span>
     <span class='ocr_line' id='line_1_30' title="bbox 502 3599 1627 3687; baseline 0 -23"><span class='ocrx_word' id='word_1_220' title='bbox 502 3599 677 3666; x_wconf 78' lang='lat' dir='ltr'><strong>Theodorus</strong></span> <span class='ocrx_word' id='word_1_221' title='bbox 693 3599 907 3687; x_wconf 86' lang='lat' dir='ltr'><strong>Cyrenensis,</strong></span> <span class='ocrx_word' id='word_1_222' title='bbox 923 3601 1178 3685; x_wconf 84' lang='lat' dir='ltr'><strong>cognominatus</strong></span> <span class='ocrx_word' id='word_1_223' title='bbox 1197 3601 1328 3678; x_wconf 83' lang='lat' dir='ltr'><strong>Atheus,</strong></span> <span class='ocrx_word' id='word_1_224' title='bbox 1349 3601 1429 3666; x_wconf 78' lang='lat' dir='ltr'><strong>Bion</strong></span> <span class='ocrx_word' id='word_1_225' title='bbox 1453 3601 1627 3687; x_wconf 88' lang='lat' dir='ltr'><strong>Borysthe-</strong></span> 
     </span>
     <span class='ocr_line' id='line_1_31' title="bbox 499 3707 1301 3796; baseline -0.006 -20"><span class='ocrx_word' id='word_1_226' title='bbox 499 3711 581 3788; x_wconf 88' lang='lat' dir='ltr'><strong>nita,</strong></span> <span class='ocrx_word' id='word_1_227' title='bbox 596 3710 795 3775; x_wconf 84' lang='lat' dir='ltr'><strong>Evehemerur</strong></span> <span class='ocrx_word' id='word_1_228' title='bbox 808 3711 928 3792; x_wconf 85' lang='lat' dir='ltr'><strong>aliique</strong></span> <span class='ocrx_word' id='word_1_229' title='bbox 947 3707 1013 3796; x_wconf 86' lang='grc'>(4).</span> <span class='ocrx_word' id='word_1_230' title='bbox 1296 3780 1301 3790; x_wconf 31' lang='lat'><strong>¹</strong></span> 
     </span>
     <span class='ocr_line' id='line_1_32' title="bbox 322 3813 1625 3900; baseline -0.005 -14"><span class='ocrx_word' id='word_1_231' title='bbox 322 3841 437 3898; x_wconf 57' lang='lat' dir='ltr'><strong>negano,</strong></span> <span class='ocrx_word' id='word_1_232' title='bbox 542 3835 596 3882; x_wconf 87' lang='lat'><strong>21.</strong></span> <span class='ocrx_word' id='word_1_233' title='bbox 645 3816 763 3883; x_wconf 89' lang='lat' dir='ltr'><strong>Schola</strong></span> <span class='ocrx_word' id='word_1_234' title='bbox 778 3818 938 3900; x_wconf 80' lang='lat' dir='ltr'><strong>Megarica</strong></span> <span class='ocrx_word' id='word_1_235' title='bbox 952 3817 1037 3880; x_wconf 89' lang='lat' dir='ltr'><strong>dicta</strong></span> <span class='ocrx_word' id='word_1_236' title='bbox 1058 3817 1119 3882; x_wconf 91' lang='lat' dir='ltr'><strong>luit</strong></span> <span class='ocrx_word' id='word_1_237' title='bbox 1138 3815 1235 3882; x_wconf 85' lang='lat' dir='ltr'><strong>etiam</strong></span> <span class='ocrx_word' id='word_1_238' title='bbox 1258 3816 1385 3881; x_wconf 85' lang='lat' dir='ltr'><strong>eristiea</strong></span> <span class='ocrx_word' id='word_1_239' title='bbox 1404 3815 1448 3880; x_wconf 93' lang='lat' dir='ltr'><strong>ob</strong></span> <span class='ocrx_word' id='word_1_240' title='bbox 1467 3813 1625 3880; x_wconf 89' lang='lat' dir='ltr'><strong>ardentis-</strong></span> 
     </span>
     <span class='ocr_line' id='line_1_33' title="bbox 496 3921 1625 4008; baseline -0.004 -17"><span class='ocrx_word' id='word_1_241' title='bbox 496 3926 635 4006; x_wconf 84' lang='lat' dir='ltr'><strong>simum,</strong></span> <span class='ocrx_word' id='word_1_242' title='bbox 654 3942 721 4008; x_wconf 91' lang='lat' dir='ltr'><strong>quo</strong></span> <span class='ocrx_word' id='word_1_243' title='bbox 735 3924 819 3989; x_wconf 90' lang='lat' dir='ltr'><strong>illius</strong></span> <span class='ocrx_word' id='word_1_244' title='bbox 843 3923 967 3988; x_wconf 87' lang='lat' dir='ltr'><strong>alumni</strong></span> <span class='ocrx_word' id='word_1_245' title='bbox 987 3923 1199 4001; x_wconf 88' lang='lat' dir='ltr'><strong>tenebantur,</strong></span> <span class='ocrx_word' id='word_1_246' title='bbox 1216 3921 1363 3988; x_wconf 90' lang='lat' dir='ltr'><strong>studium</strong></span> <span class='ocrx_word' id='word_1_247' title='bbox 1380 3922 1625 3988; x_wconf 90' lang='lat' dir='ltr'><strong>dialecticarum</strong></span> 
     </span>
     <span class='ocr_line' id='line_1_34' title="bbox 496 4011 1627 4116; baseline -0.004 -18"><span class='ocrx_word' id='word_1_248' title='bbox 496 4031 768 4116; x_wconf 89' lang='lat' dir='ltr'><strong>disputationum.</strong></span> <span class='ocrx_word' id='word_1_249' title='bbox 807 4029 928 4096; x_wconf 88' lang='lat' dir='ltr'><strong>Ductor</strong></span> <span class='ocrx_word' id='word_1_250' title='bbox 956 4031 1053 4115; x_wconf 88' lang='lat' dir='ltr'><strong>hujus</strong></span> <span class='ocrx_word' id='word_1_251' title='bbox 1085 4039 1183 4096; x_wconf 87' lang='lat' dir='ltr'><strong>sectae</strong></span> <span class='ocrx_word' id='word_1_252' title='bbox 1220 4030 1281 4096; x_wconf 90' lang='lat' dir='ltr'><strong>luit</strong></span> <span class='ocrx_word' id='word_1_253' title='bbox 1308 4011 1452 4095; x_wconf 64' lang='lat' dir='ltr'><strong>Eraclides</strong></span> <span class='ocrx_word' id='word_1_254' title='bbox 1484 4030 1627 4113; x_wconf 80' lang='lat' dir='ltr'><strong>Megarae</strong></span> 
     </span>
    </p>
   </div>
   <div class='ocr_carea' id='block_1_3' title="bbox 531 4237 1586 4314">
    <p class='ocr_par' dir='ltr' id='par_1_3' title="bbox 531 4237 1586 4314">
     <span class='ocr_line' id='line_1_35' title="bbox 531 4237 1586 4314; baseline -0.004 -13"><span class='ocrx_word' id='word_1_255' title='bbox 531 4244 571 4314; x_wconf 81' lang='grc' dir='ltr'><strong>(ι)</strong></span> <span class='ocrx_word' id='word_1_256' title='bbox 609 4242 663 4300; x_wconf 88' lang='lat' dir='ltr'><strong>Hic</strong></span> <span class='ocrx_word' id='word_1_257' title='bbox 681 4256 784 4300; x_wconf 85' lang='lat' dir='ltr'><strong>auctor</strong></span> <span class='ocrx_word' id='word_1_258' title='bbox 798 4261 860 4300; x_wconf 83' lang='lat' dir='ltr'><strong>esse</strong></span> <span class='ocrx_word' id='word_1_259' title='bbox 875 4255 1010 4300; x_wconf 85' lang='lat' dir='ltr'><strong>censetur</strong></span> <span class='ocrx_word' id='word_1_260' title='bbox 1024 4240 1134 4313; x_wconf 87' lang='lat' dir='ltr'><strong>operis,</strong></span> <span class='ocrx_word' id='word_1_261' title='bbox 1150 4241 1198 4298; x_wconf 88' lang='lat' dir='ltr'><strong>cui</strong></span> <span class='ocrx_word' id='word_1_262' title='bbox 1212 4240 1318 4299; x_wconf 84' lang='lat' dir='ltr'><strong>titulus</strong></span> <span class='ocrx_word' id='word_1_263' title='bbox 1333 4239 1445 4298; x_wconf 79' lang='lat' dir='ltr'><strong>Tabula</strong></span> <span class='ocrx_word' id='word_1_264' title='bbox 1461 4237 1586 4299; x_wconf 79' lang='lat' dir='ltr'><strong>Cebetis.</strong></span> 
     </span>
    </p>
   </div>
   <div class='ocr_carea' id='block_1_4' title="bbox 531 4327 1624 4404">
    <p class='ocr_par' dir='ltr' id='par_1_4' title="bbox 531 4327 1624 4404">
     <span class='ocr_line' id='line_1_36' title="bbox 531 4327 1624 4404; baseline -0.003 -15"><span class='ocrx_word' id='word_1_265' title='bbox 531 4337 571 4399; x_wconf 87' lang='lat' dir='ltr'><strong>(a)</strong></span> <span class='ocrx_word' id='word_1_266' title='bbox 607 4332 798 4391; x_wconf 75' lang='lat' dir='ltr'><strong>Tennemann</strong></span> <span class='ocrx_word' id='word_1_267' title='bbox 812 4351 928 4404; x_wconf 73' lang='lat' dir='ltr'><strong>paragr,</strong></span> <span class='ocrx_word' id='word_1_268' title='bbox 942 4331 1159 4401; x_wconf 75' lang='lat' dir='ltr'><strong>1183Gonzalez</strong></span> <span class='ocrx_word' id='word_1_269' title='bbox 1168 4350 1283 4403; x_wconf 77' lang='lat' dir='ltr'><strong>paragr.</strong></span> <span class='ocrx_word' id='word_1_270' title='bbox 1301 4349 1349 4403; x_wconf 73' lang='lat'><strong>573</strong></span> <span class='ocrx_word' id='word_1_271' title='bbox 1366 4327 1493 4388; x_wconf 77' lang='lat' dir='ltr'><strong>Bouvier</strong></span> <span class='ocrx_word' id='word_1_272' title='bbox 1506 4329 1559 4388; x_wconf 85' lang='lat' dir='ltr'><strong>loc.</strong></span> <span class='ocrx_word' id='word_1_273' title='bbox 1571 4329 1624 4400; x_wconf 86' lang='lat' dir='ltr'><strong>cit,</strong></span> 
     </span>
    </p>
   </div>
   <div class='ocr_carea' id='block_1_5' title="bbox 499 4422 1622 4584">
    <p class='ocr_par' dir='ltr' id='par_1_5' title="bbox 499 4422 1622 4584">
     <span class='ocr_line' id='line_1_37' title="bbox 578 4422 627 4480; baseline 0 0"><span class='ocrx_word' id='word_1_274' title='bbox 578 4467 584 4480; x_wconf 93' lang='lat'><em>.</em></span> <span class='ocrx_word' id='word_1_275' title='bbox 599 4422 627 4480; x_wconf 90' lang='lat'><strong>8.</strong></span> 
     </span>
     <span class='ocr_line' id='line_1_38' title="bbox 499 4423 1622 4584; baseline -0.01 -7"><span class='ocrx_word' id='word_1_276' title='bbox 499 4423 574 4580; x_wconf 44' lang='lat' dir='ltr'><strong>ebal:</strong></span> <span class='ocrx_word' id='word_1_277' title='bbox 607 4511 795 4570; x_wconf 83' lang='lat' dir='ltr'><strong>Tennemann</strong></span> <span class='ocrx_word' id='word_1_278' title='bbox 816 4530 915 4584; x_wconf 77' lang='lat' dir='ltr'><strong>parag.</strong></span> <span class='ocrx_word' id='word_1_279' title='bbox 934 4530 998 4580; x_wconf 72' lang='lat'>1203</span> <span class='ocrx_word' id='word_1_280' title='bbox 1015 4509 1162 4568; x_wconf 86' lang='lat' dir='ltr'><strong>Gonzalez</strong></span> <span class='ocrx_word' id='word_1_281' title='bbox 1177 4529 1279 4581; x_wconf 81' lang='lat' dir='ltr'><strong>parag.</strong></span> <span class='ocrx_word' id='word_1_282' title='bbox 1294 4510 1345 4580; x_wconf 73' lang='lat'><strong>603</strong></span> <span class='ocrx_word' id='word_1_283' title='bbox 1361 4506 1488 4567; x_wconf 84' lang='lat' dir='ltr'><strong>Bouvier</strong></span> <span class='ocrx_word' id='word_1_284' title='bbox 1501 4509 1556 4568; x_wconf 89' lang='lat' dir='ltr'><strong>loc.</strong></span> <span class='ocrx_word' id='word_1_285' title='bbox 1572 4507 1622 4568; x_wconf 87' lang='lat' dir='ltr'><strong>cit.</strong></span> 
     </span>
    </p>
   </div>
   <div class='ocr_carea' id='block_1_6' title="bbox 499 4603 1621 4763">
    <p class='ocr_par' dir='ltr' id='par_1_6' title="bbox 499 4603 1621 4763">
     <span class='ocr_line' id='line_1_39' title="bbox 499 4603 1621 4763; baseline -0.005 -14"><span class='ocrx_word' id='word_1_286' title='bbox 499 4603 584 4763; x_wconf 56' lang='grc' dir='ltr'>Ἣ</span> <span class='ocrx_word' id='word_1_287' title='bbox 599 4623 797 4750; x_wconf 67' lang='lat' dir='ltr'><strong>9lennemuun</strong></span> <span class='ocrx_word' id='word_1_288' title='bbox 813 4708 876 4762; x_wconf 76' lang='lat' dir='ltr'><strong>per.</strong></span> <span class='ocrx_word' id='word_1_289' title='bbox 890 4709 956 4760; x_wconf 77' lang='lat'>1²23</span> <span class='ocrx_word' id='word_1_290' title='bbox 970 4688 1112 4748; x_wconf 83' lang='lat' dir='ltr'><strong>Gonaalez</strong></span> <span class='ocrx_word' id='word_1_291' title='bbox 1125 4706 1188 4760; x_wconf 85' lang='lat' dir='ltr'><strong>par.</strong></span> <span class='ocrx_word' id='word_1_292' title='bbox 1201 4688 1251 4761; x_wconf 73' lang='lat'><strong>583</strong></span> <span class='ocrx_word' id='word_1_293' title='bbox 1261 4685 1448 4752; x_wconf 78' lang='lat' dir='ltr'><strong>Bourierloc.</strong></span> <span class='ocrx_word' id='word_1_294' title='bbox 1463 4706 1558 4759; x_wconf 85' lang='lat' dir='ltr'><strong>nuper</strong></span> <span class='ocrx_word' id='word_1_295' title='bbox 1570 4687 1621 4747; x_wconf 87' lang='lat' dir='ltr'><strong>cit.</strong></span> 
     </span>
    </p>
   </div>
   <div class='ocr_carea' id='block_1_7' title="bbox 0 0 1750 5525">
    <p class='ocr_par' dir='ltr' id='par_1_7' title="bbox 0 0 1750 5525">
     <span class='ocr_line' id='line_1_40' title="bbox 0 0 1750 5525; baseline 0 5"><span class='ocrx_word' id='word_1_296' title='bbox 0 0 1750 5525; x_wconf 95' lang='lat' dir='ltr'><strong> </strong></span> 
     </span>
    </p>
   </div>
  </div>
 </body>
</html>
