3492 5525
565 444 622 510 714
678 425 801 491 Lourcn
816 426 1048 501 blason-Lis.
1065 441 1134 491 2³¹⁸.
1152 426 1244 491 Drss.
1264 425 1399 507 1.·Cnr³.
1418 440 1488 507 (ιιι

526 612 619 676 dreas
630 610 766 699 Semery
784 608 852 700 (ι),
870 609 1036 677 Antonius
1050 612 1143 697 Mayr
1159 608 1222 699 (a),
1240 609 1424 677 ludovicus
1435 610 1568 677 Lessada
1579 606 1622 696 (³)

526 716 644 801 aliique
670 717 779 785 Nostri
805 719 885 784 satis
907 716 1139 794 communiter,
1169 727 1202 782 et
1219 718 1352 801 quidam
1371 717 1547 783 themista
1569 714 1621 802 (4).
1701 709 1702 754 4

524 824 562 890 Et
588 844 645 911 pro
674 828 732 893 hac
758 826 920 893 sententia
949 826 1156 892 adducuntur
1174 826 1266 909 plura
1291 825 1478 893 testimonia
1494 823 1625 891 Doctom

526 932 683 1017 Angelici.
1702 985 1703 1014 ,

592 1039 653 1107 Alii
677 1049 793 1125 putant
813 1041 1045 1116 abstractione,
1065 1039 1190 1107 etiamsi
1205 1061 1242 1107 ea
1257 1041 1299 1107 sit
1312 1041 1495 1107 intellectus
1506 1038 1629 1123 possibi-

492 1156 494 1161 '
526 1149 576 1225 lis,
594 1148 676 1214 effici
693 1166 757 1214 non
774 1166 869 1233 posse
890 1147 949 1213 nisi
964 1148 1145 1215 universale
1159 1150 1438 1235 metaphysicum,
1455 1147 1545 1231 quod
1558 1165 1629 1212 non·
1703 1159 1704 1234 ἦ

525 1257 605 1323 dum
621 1255 662 1321 sit
681 1256 861 1323 universale
885 1256 918 1321 in
944 1264 1034 1331 actu,
1055 1258 1187 1323 formale
1214 1266 1245 1323 et
1265 1256 1485 1339 completum,
1514 1255 1569 1320 sod
1585 1272 1631 1319 so
1703 1239 1704 1242 ¹

525 1366 594 1429 lum
610 1360 897 1430 fundamentale'et
907 1362 940 1428 in
953 1363 1096 1447 potentia
1112 1362 1269 1448 proxima:
1284 1364 1392 1446 itaque
1407 1364 1448 1429 ad
1460 1362 1630 1429 universale

526 1472 659 1538 formale
680 1470 864 1537 habendum
893 1472 1106 1537 necessariam
1126 1490 1196 1537 esse
1214 1468 1493 1554 comparationem
1520 1469 1632 1553 simpli-

525 1598 609 1645 cem.
632 1579 706 1644 llaec
726 1586 775 1644 est
790 1578 950 1643 sententia
965 1577 1052 1643 Scoti
1071 1576 1139 1665 (5),
1155 1586 1187 1642 et
1201 1576 1416 1643 Scotistarum
1431 1574 1496 1665 (6),
1513 1578 1633 1642 eadem·

524 1707 589 1771 que
607 1687 809 1769 frequentius
828 1694 958 1751 tenetur
976 1706 993 1751 a
1012 1684 1190 1751 Thomistis
1212 1682 1280 1773 (7);
1302 1685 1384 1751 inter
1407 1684 1548 1752 Nostros
1564 1701 1629 1749 vero

526 1794 622 1861 aPP.
650 1793 793 1859 Antonio
812 1792 919 1859 Rubio
941 1790 1005 1880 (8),
1032 1792 1258 1859 bartholomeo
1274 1794 1387 1859 Amico
1412 1791 1474 1880 (9),
1500 1790 1628 1859 Antonio

526 1903 682 1969 bernaldo
701 1903 743 1967 de
761 1899 882 1977 Quiros
899 1898 973 1989 (ιο)
991 1910 1024 1965 et
1048 1900 1170 1967 Cosmo
1190 1901 1383 1967 Alamannio
1406 1898 1437 1989 (ι
1450 1900 1494 1986 ι).
1520 1898 1630 1981 Aliqui·

524 2011 587 2076 bus
617 2008 714 2075 etiarn
744 2008 954 2075 innominatis
982 2008 1191 2093 scriptoribus
1219 2007 1371 2075 tribuitur
1397 2028 1425 2094 a
1443 2007 1628 2092 quibusdam

526 2116 634 2201 opinio
659 2116 826 2200 requirens
845 2115 1121 2201 comparationem
1149 2116 1364 2201 compositam
1393 2116 1434 2181 ad
1462 2114 1630 2181 universale

525 2224 803 2291 constituendum.

346 2372 475 2418 „mei
593 2330 716 2396 Verum
746 2329 828 2395 inter
857 2332 914 2396 has
944 2331 1121 2397 sententias
1151 2330 1319 2415 praecipuae
1337 2339 1414 2397 sunt
1444 2332 1583 2399 secunda
1603 2342 1631 2397 et

334 2462 347 2489 ι
388 2459 438 2490 nco*
455 2444 474 2488 ¹³
526 2441 635 2515 tertia,
657 2457 738 2522 quas
757 2446 793 2504 ut
812 2438 843 2503 in
869 2437 1074 2503 concordiam
1100 2446 1280 2515 revocaret,
1306 2438 1446 2504 mediam
1466 2440 1632 2523 quamdam

360 2530 471 2631 '52⁶³ssss
526 2546 721 2631 excogitavit
738 2540 872 2621 Suarez,
898 2545 1021 2629 duplex
1048 2545 1255 2631 distinguens
1284 2547 1482 2622 universale,
1503 2550 1632 2614 alterum

525 2656 729 2732 absolutum,
759 2656 898 2719 alterum
928 2653 1115 2735 relativum;
1147 2673 1221 2719 nam
1250 2654 1322 2720 licet
1350 2675 1368 2719 a
1399 2655 1495 2722 nobis
1522 2658 1632 2741 passim

469 2781 470 2786 ’
526 2748 639 2830 natura
667 2763 857 2836 universalis
888 2762 1103 2846 concipiatur,
1136 2769 1231 2847 prout
1259 2760 1448 2829 relationem
1483 2767 1632 2832 actualem

526 2871 706 2954 importans
725 2871 765 2935 ad
781 2869 945 2946 inferiora,
967 2888 1032 2934 non
1059 2878 1172 2934 tamen
1190 2870 1264 2938 ideo
1290 2888 1423 2937 necesse
1440 2890 1515 2938 esse
1536 2871 1634 2938 dicen·

526 2979 606 3044 dum
627 2988 693 3053 est,
723 2997 822 3044 omne
842 2977 1023 3043 universale
1041 2977 1251 3043 essentialiter
1270 2977 1440 3044 relativum
1460 2998 1544 3056 esse,
1563 2979 1632 3063 quin

526 3083 629 3168 possit
654 3085 720 3150 dari
749 3084 931 3151 universale
949 3085 982 3149 in
1006 3084 1146 3151 essendo
1171 3083 1372 3150 absolutum.
1402 3085 1538 3152 Certum
1557 3087 1632 3152 enim

526 3201 591 3268 est,
623 3194 812 3259 relationem
839 3191 945 3268 illam,
968 3211 1067 3275 quam
1087 3193 1119 3258 in
1139 3191 1312 3258 universali
1334 3191 1540 3259 considerare
1562 3196 1634 3260 sole

528 3319 618 3377 mus,
641 3318 706 3366 non
732 3301 849 3365 realem
876 3317 964 3374 esse,
985 3299 1044 3364 sed
1063 3297 1208 3366 rationis.
1234 3297 1324 3374 Quot
1347 3309 1459 3366 autem
1483 3314 1561 3369 sunt
1579 3319 1631 3374 res,

526 3425 609 3490 quas
629 3417 799 3492 tamquam
820 3406 969 3472 relativas
988 3424 1048 3472 nos
1066 3405 1265 3492 cogitamus,
1291 3425 1367 3472 cum
1393 3415 1504 3473 tamen
1532 3425 1633 3474 secun·

559 3637 600 3709 (ι)
640 3637 755 3696 Trr'enn.
768 3638 889 3711 philos„
906 3650 928 3695 t.
946 3659 974 3706 ι,
990 3636 1066 3709 disp.
1079 3656 1110 3703 a,
1126 3655 1156 3708 q.
1171 3637 1203 3706 6,
1219 3649 1273 3696 srt.
1292 3657 1315 3694 ι.

561 3733 601 3794 (a)
639 3727 749 3786 Philus.
767 3728 871 3802 ῥινῷ,
883 3739 957 3799 psrt.
976 3748 1002 3794 ι,
1020 3727 1095 3798 disp.
1113 3747 1147 3798 3,
1162 3745 1192 3797 q.
1212 3739 1305 3794 1,urt.
1318 3747 1344 3798 3.

561 3823 600 3889 (3)
637 3820 753 3892 logio,
767 3830 851 3875 tract.
865 3837 894 3884 2,
907 3817 982 3889 disp.
998 3838 1029 3886 2,
1044 3836 1107 3887 cap.
1122 3815 1149 3872 6.

561 3914 606 3982 (4)
642 3907 728 3978 npud
744 3906 876 3976 Lossad.,
892 3908 945 3965 loc.
967 3926 1038 3977 nup.
1054 3905 1113 3974 cit,
1129 3919 1157 3964 et
1171 3911 1234 3978 esp.
1247 3926 1281 3978 9,
1295 3925 1324 3964 n.
1338 3925 1367 3980 4.

560 4000 602 4070 (5)
639 3997 703 4054 Lib.
720 4017 747 4068 7.
767 3997 997 4070 Metaplsysicor,
1015 4014 1044 4066 q.
1063 4016 1105 4052 11.

561 4085 598 4160 (6)
635 4085 710 4143 Vide
724 4085 788 4144 illos
802 4087 882 4158 opud
898 4083 997 4154 Suam,
1012 4083 1090 4156 disp,
1105 4085 1233 4159 Metaplt.
1244 4085 1271 4152 6,
1284 4097 1351 4143 sect.
1366 4085 1393 4153 6,
1406 4106 1436 4144 ιι.
1454 4108 1481 4161 ς;
1493 4088 1632 4149 Mastrium

527 4177 556 4234 in
571 4177 711 4252 Orgonon
731 4178 837 4246 Arist,
852 4175 928 4246 disp.
948 4196 982 4247 4,
997 4195 1025 4245 q.
1047 4194 1079 4245 33
1103 4174 1257 4244 Pontium,
1280 4175 1395 4252 Logia,
1414 4175 1492 4250 disp.
1516 4203 1547 4254 3,
1565 4199 1592 4251 q.
1610 4177 1633 4244 6(

527 4266 725 4338 Dupssquier,
741 4267 854 4342 Legis..
867 4265 942 4335 disp.
960 4286 989 4338 3,
1003 4284 1032 4334 q.
1047 4263 1074 4320 6.

504 4396 510 4418 r
562 4362 602 4429 (7)
638 4356 724 4427 npud
735 4354 974 4426 Complutenses‚
989 4355 1104 4428 Logia,
1119 4352 1196 4425 disp.
1212 4374 1241 4425 3,
1258 4353 1329 4426 qo,
1347 4375 1376 4414 n.
1394 4373 1437 4428 54.

561 4447 602 4514 (8)
638 4447 742 4520 Logr’c.
757 4448 802 4504 De
819 4445 1000 4512 Universal,
1014 4463 1044 4514 q.
1062 4462 1074 4516 5
1090 4455 1120 4501 ct
1133 4443 1160 4501 6.

562 4542 601 4610 (9)
637 4537 750 4612 Logic„
767 4547 848 4594 tract.
859 4553 892 4607 4,
908 4533 978 4590 dub.
993 4534 1025 4603 6,
1037 4545 1093 4590 nrt.
1107 4553 1133 4603 3.

562 4630 619 4693 (ro)
658 4625 742 4684 Curs.
756 4625 865 4698 philos.
882 4637 964 4682 tract.
978 4643 1009 4692 a,
1025 4641 1102 4695 pars.
1118 4633 1171 4692 ιθ,
1187 4621 1263 4694 disp.
1280 4641 1329 4689 ao,
1343 4638 1412 4683 sect.
1428 4646 1456 4686 a.

562 4715 621 4787 (ιι)
656 4713 764 4774 Sumne.
776 4714 894 4788 philos„
912 4712 998 4785 prim.
1013 4725 1101 4785 part„
1116 4725 1219 4783 quaest.
1230 4731 1262 4781 2,
1281 4726 1337 4772 art.
1355 4732 1380 4788 5.
