3492 5525
530 442 590 509 608
643 445 765 510 Locroa
781 446 1013 523 Maron-ran.
1033 446 1202 521 1.¹²¹,Drsn.
1218 458 1264 526 4·
1278 444 1358 506 Cae.
1374 458 1447 505 aum

492 646 556 693 non
572 637 621 693 est
634 647 765 693 necesse
778 637 814 693 ut
825 636 953 694 constet
965 626 1130 692 evidenter
1143 624 1338 709 possibilitas
1347 624 1438 700 facti,
1449 625 1508 689 sed
1523 624 1621 691 suffi-

489 735 544 811 cit,
565 743 603 801 ut
617 753 682 801 non
694 734 736 800 sit
745 736 911 801 evidenter
920 733 1139 819 impossibile,
1152 734 1193 798 ad
1205 733 1267 798 hoc
1277 741 1314 797 ut
1323 732 1493 798 existentia
1506 731 1620 817 ipsius

328 878 387 934 Quid
398 876 416 921 ,i
489 842 616 927 admitti
635 851 749 926 queat,
766 843 936 929 supposita
954 840 1131 909 testimonii
1150 842 1353 907 auctoritate.
1374 838 1447 915 Qta
1461 839 1494 904 in
1516 859 1550 903 re
1572 858 1619 903 ne

305 962 445 1044 „arrange
488 948 561 1033 quis
579 950 772 1034 decipiatur,
794 950 1000 1017 recolendum
1020 951 1131 1015 animo
1158 957 1225 1023 est,
1245 948 1405 1031 triplicem
1424 964 1496 1013 esse
1515 946 1619 1011 certi-

297 1024 452 1080 m‘¹⁸¹'¹¹'⁸¹⁰⁶'
488 1058 634 1123 tudinem
650 1065 749 1141 atque
767 1057 1079 1143 impossibilitatem,
1097 1054 1372 1141 metaphysicam,
1390 1055 1557 1139 physicam
1581 1063 1619 1117 et

488 1166 658 1231 moralem.
680 1165 719 1231 Et
737 1166 892 1249 quoniam
917 1165 1076 1233 certitudo
1097 1163 1321 1249 metaphysica
1339 1180 1473 1245 prorsus
1490 1170 1545 1226 est
1562 1160 1621 1226 in·

489 1272 637 1349 fallibilis,
659 1272 806 1356 itemque
826 1272 1070 1357 impossibilitas
1089 1270 1313 1357 metaphysica
1332 1289 1388 1353 per
1408 1270 1532 1333 nullam
1552 1287 1621 1352 po·

487 1379 623 1445 tentiam
652 1390 839 1464 superatur;
861 1382 996 1465 planum
1021 1388 1087 1455 est,
1112 1376 1273 1461 quidquid
1292 1384 1453 1453 narretur,
1472 1385 1531 1441 aut
1549 1375 1621 1441 im-

487 1487 640 1571 possibile
669 1489 893 1574 metaphysice
924 1497 980 1553 aut
1010 1485 1200 1571 oppositum
1227 1482 1354 1551 veritati
1385 1482 1619 1569 metaphysice
1737 1560 1739 1570 y

487 1606 597 1671 certae,
618 1614 657 1660 eo
681 1596 751 1678 ipso
770 1596 916 1662 falsitatis
935 1594 1102 1661 evidenter
1122 1592 1271 1678 coargui,
1291 1601 1389 1675 atque
1411 1591 1493 1656 adeo
1512 1609 1619 1675 repu·
1737 1583 1739 1632 {

487 1702 644 1768 diandum
661 1702 745 1769 illico
764 1721 849 1769 esse.

298 1848 335 1915 va,
346 1845 443 1905 physice,
555 1811 619 1876 Res
633 1829 711 1877 vero
730 1812 864 1897 physice
883 1809 1100 1894 impossibiles
1118 1818 1152 1875 et
1163 1807 1269 1873 cursui
1289 1806 1424 1874 naturali
1439 1807 1618 1871 contrariae
1737 1830 1739 1843 ·

485 1926 554 1983 'non
580 1918 624 1984 ob
647 1917 680 1984 id
699 1918 911 1984 solummodo
940 1917 1117 2001 rejiciendae
1141 1926 1236 1996 sunt;
1257 1922 1385 1980 constat
1410 1914 1499 1980 enirn
1518 1914 1619 1997 leges

487 2032 609 2092 naturae
628 2024 694 2109 pati
713 2024 938 2108 exceptionem
962 2042 1060 2107 posse
1080 2042 1137 2107 per
1160 2023 1352 2088 miraculum
1373 2020 1617 2104 omniponten-

377 2212 379 2215 .
484 2132 538 2199 tiae
557 2132 688 2201 divinae.
716 2131 783 2197 Sed
802 2131 958 2215 quoniam
989 2150 1060 2198 raro
1085 2130 1241 2196 mirac'ula
1265 2138 1445 2213 patrantur,
1474 2137 1508 2193 et
1537 2127 1620 2194 faci-

486 2238 547 2305 lius
558 2251 625 2317 est,
636 2250 735 2306 testes
750 2250 806 2305 aut
816 2238 925 2323 decipi·
936 2247 993 2304 aut
1008 2238 1151 2313 mentiri,
1164 2236 1367 2321 ubicumque
1378 2235 1614 2302 testimonium

485 2348 674 2432 hujusmodi
693 2356 856 2423 occurrat,
886 2347 1061 2430 exploratis
1090 2356 1213 2411 naturae
1242 2345 1368 2430 legibus
1394 2344 1615 2420 contrarium,

485 2454 639 2540 dispicere
669 2455 839 2541 diligenter
868 2463 1014 2538 oportet,
1045 2454 1246 2536 solerterque
1277 2452 1496 2528 considerare,
1527 2470 1616 2516 num
1737 2505 1738 2508 ,

485 2582 586 2628 omne
600 2562 685 2629 absit
702 2563 861 2628 illusionis
881 2561 1044 2627 fraudisve
1062 2560 1254 2645 periculum.

295 2706 444 2753 relmoralirer

296 2781 446 2836 immortuo.
483 2778 589 2856 tione,
621 2797 695 2861 quae
728 2778 904 2843 moralibus
932 2776 1060 2861 legibus
1091 2778 1299 2860 reclutantur.
1333 2774 1431 2850 Quod
1460 2774 1548 2840 enim
1577 2774 1615 2839 in

552 2671 599 2735 Ac
621 2670 716 2736 simili
736 2670 837 2735 modo
854 2668 1065 2753 judicandum
1086 2676 1135 2734 est
1154 2669 1194 2732 de
1218 2667 1343 2733 illarum
1368 2685 1476 2731 rerum
1501 2683 1618 2730 narra·

484 2905 552 2953 uno
570 2894 626 2952 aut
641 2888 741 2951 altero
757 2885 890 2950 homine
903 2884 1068 2951 interdum
1083 2903 1140 2968 per
1153 2884 1345 2948 abnormem
1362 2881 1517 2947 libertatis
1530 2883 1617 2948 abu·
1737 2900 1738 2917 r

482 3013 556 3060 sum
586 2996 675 3078 leges
708 2993 895 3078 hujusmodi
929 2992 1139 3058 violationem
1171 3010 1275 3075 passae
1302 2989 1440 3066 fuerint,
1479 2989 1615 3054 admitti

483 3111 591 3188 potest
611 3102 730 3167 idoneo
756 3099 964 3181 testimonio;
986 3101 1075 3184 quod
1104 3119 1181 3164 vero
1207 3099 1293 3163 idem
1323 3099 1431 3163 locum
1459 3097 1615 3162 habuerit

483 3211 515 3275 in
535 3208 744 3275 multitudine
764 3208 891 3291 aliqua,
911 3207 1063 3273 credibile
1083 3204 1224 3273 nonest.

550 3317 607 3382 llis
626 3325 735 3382 autem
755 3316 796 3381 de
821 3335 854 3380 re
877 3316 947 3398 ipsa
967 3326 1092 3382 narrata
1118 3314 1250 3390 notatis
1272 3312 1449 3379 videndum
1465 3313 1535 3396 jam
1559 3322 1615 3379 est

532 3442 605 3508 125.
653 3428 833 3509 Quomodo
850 3427 997 3505 iudicari
1018 3427 1129 3504 possit
1150 3426 1194 3488 de
1211 3425 1355 3488 scientia
1370 3425 1526 3498 testium,
1549 3439 1612 3487 seu

483 3531 522 3596 de
542 3531 745 3616 cognitione,
766 3549 865 3613 quam
886 3529 1043 3606 habeant,
1065 3529 1109 3594 rei
1129 3527 1285 3593 narratae?

305 3657 433 3715 tentata
533 3639 581 3706 r.⁰
628 3638 823 3723 Suppossita
841 3638 978 3704 naturali
996 3637 1187 3703 facultatum
1206 3635 1501 3720 cognoscitivarum
1517 3655 1614 3702 vera·

267 3729 468 3850 ffinffluffi·
483 3747 595 3823 citate,
613 3749 782 3828 poterunt
791 3756 878 3812 certe
897 3763 1030 3810 noscere
1042 3753 1143 3811 testes
1161 3764 1211 3822 ea,
1233 3763 1308 3828 quae
1323 3731 1466 3810 nar'rant.
1483 3743 1517 3809 Si
1527 3763 1611 3829 ergo

484 3857 573 3921 nulla
598 3863 745 3920 occurrat
763 3853 903 3938 positiva
927 3851 1067 3937 suspicio
1087 3855 1137 3917 vel
1159 3853 1201 3918 de
1219 3853 1459 3937 impedimento
1480 3853 1606 3937 aliquo,

483 3965 570 4030 unde
589 3962 653 4028 falli
675 3963 874 4046 quandoque
901 3961 1060 4044 contingit
1078 3980 1135 4044 per
1153 3960 1302 4026 accidens
1325 3979 1462 4037 sensus,
1484 3960 1536 4026 vel
1565 3961 1610 4025 de

482 4070 652 4137 oscitantia
671 4069 933 4155 negligentiaque
947 4067 1081 4134 testium
1101 4067 1283 4134 inveritate
1299 4067 1509 4152 inquirenda,
1525 4087 1607 4152 prae-

482 4179 628 4263 sumptio
646 4196 777 4262 semper
795 4178 887 4242 adest
902 4176 934 4241 in
949 4178 1094 4241 favorem
1113 4175 1256 4242 illorum.

527 4285 581 4354 2.⁰
628 4285 751 4352 Crescit
779 4283 1004 4370 praesumptio,
1029 4282 1055 4350 si
1080 4301 1147 4362 res,
1168 4303 1243 4366 quae
1270 4291 1432 4360 narratur,
1463 4284 1538 4351 talis
1563 4285 1608 4353 sit

482 4393 694 4470 conditionis,
715 4404 751 4459 ut
771 4392 826 4458 vix
845 4390 947 4477 possit
966 4391 1081 4457 cadere
1098 4391 1184 4457 circa
1202 4391 1290 4457 illam
1310 4392 1459 4476 deceptio
1478 4391 1512 4457 in
1530 4411 1608 4458 sen-

482 4521 539 4567 sus
558 4503 598 4568 ad
617 4510 750 4568 caeteras
769 4501 935 4566 facultates
953 4497 1211 4583 cognoscitivas,
1225 4499 1508 4580 quemadmodum
1522 4501 1608 4565 foret

483 4633 516 4678 v.
536 4633 571 4698 g.
599 4611 720 4684 facturn
746 4606 883 4694 insignis
907 4607 1042 4691 alicujus
1072 4603 1188 4690 praelii,
1217 4605 1270 4671 cui
1292 4605 1387 4673 testis
1408 4606 1604 4684 interfuerit,

483 4721 535 4790 vel
550 4717 652 4793 urbis,
666 4734 768 4800 quam
783 4715 898 4783 viderit
915 4724 996 4780 etc:
1014 4714 1065 4779 vel
1080 4713 1107 4780 si
1123 4731 1174 4780 res
1187 4731 1228 4779 ex
1242 4711 1304 4779 illis
1316 4723 1382 4789 est,
1398 4732 1474 4798 quae
1486 4732 1608 4781 acuere
