3492 5525
447 479 562 544 Anne.
588 495 647 564 3³¹⁸
667 480 719 544 De
739 480 861 545 Venno
1086 425 1098 452 ·
1119 499 1178 564 239
1205 503 1211 516 ·

96 664 143 724 est
156 659 371 754 anpnidpnon
398 661 609 744 compositum,
629 662 790 729 terminus
813 663 937 749 quippe
963 662 1089 730 medius
1118 661 1222 730 totius

96 767 277 854 syllogismi
296 777 346 836 est
358 787 413 834 cns
431 788 494 835 non
511 769 722 852 compositum.

163 875 210 943 lta
226 875 374 942 sentiunt
390 875 673 943 conimbricenses
691 873 992 966 (1),Toletus(a)‚
1012 875 1139 944 Rubius
1155 872 1222 964 (3),

98 981 241 1048 lossada
259 979 311 1070 (4)
338 991 372 1048 et
398 984 462 1050 alii.
481 984 521 1050 Et
540 984 630 1050 idem
656 984 784 1050 suaderi
811 1003 908 1068 posse
937 984 1064 1051 videtur
1091 1003 1133 1050 ex
1151 983 1223 1068 ipso

11 1087 12 1090 ’
98 1088 313 1176 philosopho,
340 1091 396 1174 qui
425 1093 487 1157 hoc
515 1093 608 1157 affert
635 1093 825 1175 exemplum
852 1077 1142 1158 demonstrationis
1166 1107 1224 1174 per

11 1234 12 1273 r
97 1199 265 1264 eflectum:
283 1198 427 1264 Censen
437 1207 584 1282 corpora,
600 1223 682 1284 quae
695 1214 768 1268 non
781 1205 985 1278 scintillant,
998 1206 1093 1282 prope
1107 1203 1224 1264 terram

11 1306 12 1372 ζ
97 1309 183 1373 sunt.
199 1305 300 1390 Atqui
310 1308 441 1387 planete
450 1329 520 1374 non
532 1313 731 1374 scintillant.
747 1309 830 1392 Ergo
836 1313 932 1389 prope
946 1311 1062 1373 terram
1073 1302 1220 1392 sunt(5).

11 1406 12 1435 l
99 1412 160 1477 Ubi
180 1413 288 1479 minor
316 1424 451 1480 nonest
479 1415 646 1500 negativa,
661 1424 713 1480 ut
735 1424 841 1499 patet,
862 1415 959 1482 etiam
987 1433 1028 1480 ex
1052 1423 1220 1490 contextu,

98 1522 157 1585 sed
176 1521 286 1604 potius
304 1522 401 1588 habet
426 1538 563 1587 sensum
591 1521 768 1588 infinitum.
789 1521 891 1589 Secus
919 1522 1005 1587 enim
1027 1539 1092 1588 non
1113 1528 1224 1606 posset

98 1629 191 1710 sequi
211 1629 377 1695 conclusio
395 1629 607 1707 affirmativa,
629 1631 655 1696 si
675 1629 783 1695 minor
803 1631 886 1695 foret
905 1621 1071 1715 negativa}
1093 1637 1224 1712 praeter-

98 1737 292 1820 quamquod
320 1739 432 1821 nequit
461 1745 546 1803 recte
581 1738 775 1804 concludere
812 1737 1027 1823 syllogismus
1062 1737 1094 1802 in
1121 1737 1224 1821 prima

98 1843 221 1928 ligura,
244 1846 348 1928 qualis
366 1853 417 1911 est
435 1845 503 1922 hic,
524 1865 600 1912 cum
620 1844 739 1912 minori
760 1853 912 1930 negante.

165 1951 323 2035 Equidem
346 1952 535 2018 crediderim
558 1952 812 2018 controversiam
840 1971 907 2018 non
927 1952 1037 2036 magni
1061 1969 1133 2018 esse
1158 1969 1225 2016 mo·

100 2060 222 2140 menti;
242 2077 359 2143 resque
377 2067 447 2124 tota
464 2060 592 2126 videtur
610 2060 750 2144 pendere
768 2079 809 2124 ex
828 2067 939 2129 mente
957 2045 1132 2142 loquentis.

167 2167 207 2232 Et
225 2168 294 2233 haec
311 2166 473 2233 sufficiant
490 2168 531 2233 de
554 2167 700 2250 partibus
724 2166 866 2253 physicis
889 2167 1136 2251 propositionis3
1156 2167 1225 2251 qui·

98 2275 163 2340 bus
182 2274 355 2358 expositis,
371 2277 441 2359 jam
472 2274 719 2350 adorationem
748 2282 846 2357 atque
869 2273 1125 2341 enuntiationem
1153 2292 1225 2358 pro

97 2383 315 2468 grediendum
335 2391 396 2453 est,
418 2383 452 2448 Si
471 2383 545 2465 quis
563 2391 672 2448 autem
691 2389 827 2464 quaerat,
847 2401 905 2447 cur
923 2382 1001 2448 alias
1027 2391 1133 2466 partes
1153 2401 1224 2466 pro·
1259 2409 1304 2454 cu,
1323 2409 1416 2464 marcus
1442 2361 1449 2378 Ι

100 2491 284 2574 positionis,
315 2509 397 2572 quas
425 2488 633 2568 Grammatici
661 2489 884 2565 considerant,
915 2489 1112 2574 Philosophi,
1142 2491 1223 2555 duce
1273 2489 1403 2595 ”⁰”“¹⁶¹⁶J

99 2599 294 2676 Aristotele,
319 2597 566 2681 praetermittant
573 2637 584 2672 ,
604 2597 772 2680 responsio
790 2596 823 2663 in
838 2606 993 2681 promptu
1016 2606 1077 2662 est:
1103 2596 1221 2680 primo,
1245 2565 1425 2681 ..ffifflss

99 2706 177 2791 quia
196 2708 248 2772 hae
265 2706 344 2772 solae
362 2715 440 2772 sunt
463 2714 571 2790 partes
589 2705 794 2781 essentiales,
808 2723 883 2788 quae
893 2703 1059 2773 sufficiunt
1069 2704 1110 2771 ad
1125 2723 1224 2771 enun·
1257 2694 1421 2765 9¹¹¹⁰ffl⁸⁸¹⁶¹¹⁸

99 2815 270 2881 tiationem
282 2814 502 2889 efficiendam,
517 2813 632 2880 etsine
645 2814 765 2897 quibus
777 2815 866 2879 nulla
882 2812 1025 2880 construi
1045 2812 1224 2879 enuntiatio
1256 2768 1424 2823 ⁰⁰⁰¹⁶m⁹¹⁸m¹'

101 2932 229 3007 potest,
241 2922 374 2999 deinde,
387 2923 463 3006 quia
477 2924 528 2988 hae
547 2931 624 2988 sunt
642 2930 750 3006 partes
769 2920 960 3005 principales
975 2920 1146 2996 orationis,
1162 2922 1224 2987 sub

100 3031 223 3113 quibus
252 3030 382 3114 reliquae
410 3030 742 3113 comprehenduntur.
774 3029 808 3094 ld
836 3028 925 3112 quod
944 3031 1094 3113 praeclare
1117 3027 1227 3095 docuit

91 3139 263 3222 Aquinas:
271 3137 573 3214 Potest...dutinri‚
583 3156 680 3222 quare
686 3136 905 3219 pretermissis
913 3136 988 3201 aliis
995 3134 1145 3203 orationis
1149 3144 1227 3220 par-

100 3248 196 3324 hicn,
212 3248 251 3311 de
264 3248 330 3312 solo
346 3246 471 3311 nornine
482 3250 515 3311 et
524 3247 616 3311 verbo
629 3244 818 3311 determinat
826 3242 1060 3331 (Aristoteles).
1075 3244 1132 3317 Ad
1144 3246 1228 3330 quod

100 3356 271 3439 timendum
287 3356 344 3430 est,
371 3356 456 3437 qnod
471 3353 547 3438 qnia
563 3356 603 3417 de
626 3352 761 3435 simplici
784 3351 925 3417 oratione
952 3352 1158 3419 determinare
1177 3352 1227 3417 in-

100 3462 219 3538 tendit,
232 3459 356 3543 mfficit,
371 3465 410 3526 nt
422 3462 508 3526 solas
516 3464 623 3542 partes
633 3458 858 3525 enuntiatione
865 3462 1047 3541 pertractet,
1064 3459 1227 3545 exquibus

99 3590 141 3635 cx
158 3568 338 3634 nmsntale
361 3568 493 3650 simplex
509 3566 610 3633 oratio
625 3571 759 3633 constat.
778 3567 884 3631 Potest
907 3570 1009 3632 aulem
1033 3586 1075 3633 ex
1090 3569 1156 3633 solo
1172 3586 1235 3633 nor

98 3678 185 3741 mine
203 3680 238 3742 et
250 3676 343 3741 verbo
360 3676 491 3757 simplex
507 3674 681 3741 enuntiatio
689 3674 780 3759 fleri,
799 3692 863 3741 non
889 3678 992 3740 autem
1008 3692 1047 3740 ex
1065 3675 1139 3742 aliis
1156 3693 1229 3741 ora-

100 3784 197 3851 nnsis
213 3782 359 3867 partibus
374 3782 444 3848 sine
461 3782 524 3848 bis:
540 3785 573 3847 et
586 3782 656 3849 dieo
673 3780 828 3866 sufficiens
843 3782 875 3849 ei
887 3780 973 3865 snit,
993 3785 1030 3847 de
1044 3782 1092 3849 his
1106 3784 1230 3849 duodus

98 3888 321 3958 neminen.

170 4000 231 4065 Vel
240 4001 345 4081 potest
356 3996 439 4074 dici,
458 4000 544 4083 qnod
557 4000 625 4065 sola
643 3998 770 4065 nomina
791 4001 824 4064 er
837 4000 934 4066 verba
950 4002 1027 4065 sunt
1037 3999 1229 4083 principales

97 4106 255 4176 orah'onis
275 4110 395 4189 partes.
422 4106 490 4172 sud
507 4106 685 4172 nominibus
702 4106 786 4173 enim
801 4108 1102 4190 comprehenduntur
1114 4114 1230 4190 prono-

97 4218 202 4294 nn'nn,
222 4232 306 4301 qun,
323 4214 383 4279 etri
398 4232 462 4281 non
479 4214 647 4292 nonnnanl
659 4211 819 4294 natinam,
834 4222 1002 4297 personam
1016 4219 1118 4283 tamen
1130 4218 1230 4283 denr-

134 4415 179 4479 (r)
216 4410 287 4470 Loc.
301 4427 397 4482 nuper
409 4408 458 4467 cit.
472 4423 529 4468 art.
548 4428 582 4483 4,
598 4422 669 4469 sect.
687 4430 711 4468 1.

133 4503 180 4574 (ι)
216 4502 261 4559 De
275 4499 443 4575 interpret,
457 4519 522 4572 cap.
538 4522 572 4573 3,
585 4515 691 4573 quaeat.
710 4522 735 4559 r.

133 4597 179 4660 (3)
215 4588 288 4649 leid
301 4592 694 4663 cep.3,quaest.3,n.e6.

134 4684 180 4754 (4)
215 4680 288 4737 Loe.
305 4678 356 4737 cit.

134 4774 180 4843 (5)
214 4768 294 4827 Vide
307 4767 441 4841 Ariston,
455 4767 521 4829 Lib.
540 4777 579 4827 1.·
591 4769 755 4833 Posterior.
770 4768 949 4841 nuthlon,
966 4789 1026 4847 cap.
1044 4788 1086 4845 ¹3·
