3492 5525
567 460 624 537 560
679 458 804 522 Loorcn
818 456 1052 531 Maron-Lm.
1072 470 1140 534 ψ,
1157 457 1245 521 Drsn.
1262 470 1306 539 4.··
1321 459 1401 522 Cae.
1422 474 1490 522 nm

524 640 691 726 gnitionis.
708 641 816 723 ipsum
837 642 972 725 proinde
991 641 1155 725 objectum
1170 642 1304 707 evidens
1318 659 1384 708 non
1400 652 1607 708 mensuratur
1624 660 1645 704 a

524 748 726 834 cognitione,
747 736 804 815 seri
824 749 933 834 potius
951 769 968 813 e
987 767 1145 815 converso
1164 758 1332 815 mensurat
1344 749 1446 815 iiiam.

568 861 677 939 objic.
703 864 755 939 4.⁰
800 856 834 923 Si
848 855 1009 922 evidentia
1024 855 1167 922 veritatis
1179 855 1342 923 criterium
1355 860 1454 924 soret:
1469 852 1509 944 e)
1523 856 1646 923 veritas

525 981 632 1028 rerum
648 964 689 1029 ab
702 964 862 1030 evidentia
876 964 1049 1047 penderet;
1070 960 1109 1051 β)
1127 964 1287 1047 quidquid
1296 982 1410 1030 verum
1425 974 1492 1042 est,
1508 962 1647 1029 evidens

523 1079 626 1151 esset;
647 1068 687 1162 γ)
702 1079 759 1137 aut
777 1072 895 1137 saltem
910 1070 1068 1154 quidquid
1078 1081 1204 1138 certum
1218 1081 1284 1147 est,
1305 1080 1436 1155 propter
1445 1070 1644 1136 evidentiam

523 1187 647 1243 certum
667 1179 766 1257 foret,
782 1198 858 1244 cum
883 1188 995 1244 tamen
1023 1180 1125 1245 multa
1153 1180 1218 1245 sint
1240 1188 1343 1254 certa,
1377 1196 1452 1262 quae
1481 1179 1646 1244 evidentia

524 1304 590 1351 non
610 1294 699 1352 sunt.

589 1400 693 1478 Reep.
713 1399 757 1461 ad
774 1385 814 1480 α)
831 1394 924 1460 dist:
943 1393 1060 1459 veritas
1079 1411 1186 1459 rerum
1206 1393 1247 1459 ab
1265 1393 1423 1460 evidentia
1439 1394 1593 1478 penderet
1606 1392 1645 1459 in

522 1500 644 1585 seipsa,
664 1520 753 1585 neg.,·
772 1501 882 1585 quoad
899 1500 1124 1568 certitudinem
1144 1502 1184 1566 de
1212 1501 1273 1567 illis
1292 1522 1311 1567 a
1329 1502 1424 1567 nobis
1442 1501 1644 1578 habendam,

521 1626 608 1673 conc.

587 1721 643 1783 Ad
669 1713 711 1804 β)
729 1735 800 1800 neg.
821 1715 923 1783 assert
950 1717 1052 1791 Nam,
1072 1736 1171 1783 exeo
1197 1718 1303 1801 quod,
1324 1717 1484 1802 quidquid
1507 1718 1647 1783 evidens

522 1831 589 1899 est,
611 1824 652 1889 sit
671 1841 803 1900 verum,
826 1820 938 1890 vetant
957 1826 1077 1910 regulae
1095 1825 1315 1892 conversionis
1330 1826 1462 1902 inferre,
1478 1824 1644 1909 quidquid

523 1940 572 1997 est
585 1949 719 2007 verum,
741 1950 813 1998 esse
832 1951 964 2016 quoque
982 1931 1128 1999 evidens.

588 2045 644 2105 Ad
664 2036 704 2129 γ)
722 2040 797 2106 dist.
819 2042 932 2125 Major.
955 2038 1120 2123 Quidquid
1136 2048 1261 2107 certum
1279 2049 1345 2120 est,
1367 2049 1498 2125 propter
1510 2040 1648 2105 eviden-

524 2147 602 2213 tiam
619 2156 744 2211 certum
764 2157 814 2214 est
827 2148 859 2215 in
879 2148 992 2214 ordine
1011 2148 1204 2214 naturalium
1219 2149 1462 2233 cognitionum,
1480 2166 1585 2227 conc.,·
1607 2148 1644 2212 in

525 2254 617 2320 omni
635 2254 738 2320 ordini
758 2255 1003 2340 cognitionum,
1022 2256 1120 2319 etiam
1139 2256 1452 2339 supernaturalium,
1475 2274 1568 2339 neg..
1588 2258 1643 2320 vei

521 2362 670 2444 subdist.;
690 2362 848 2445 quidquid
862 2372 988 2429 certum
1008 2370 1057 2428 est
1075 2373 1206 2447 propter
1223 2363 1419 2430 evidentiam
1439 2366 1556 2431 saltem
1574 2381 1647 2428 cre-

519 2468 702 2547 uirilitatis,
718 2487 822 2551 conc.;
841 2480 973 2556 propter
990 2470 1184 2536 evidentiam
1201 2472 1332 2554 praecise
1347 2472 1506 2549 veritatis,
1522 2490 1595 2553 neg.

588 2575 625 2642 Et
644 2596 758 2644 revoca
776 2578 809 2643 in
830 2588 974 2643 mentem
994 2578 1145 2662 superius
1163 2578 1278 2667 dicta(
1301 2582 1329 2665 ).

668 3021 1119 3136 DISPUTATIO
1157 3021 1484 3152 QUARTA.

590 3281 649 3336 DE
694 3280 870 3338 MEDIIS
912 3281 1247 3352 ASSEQUENDAE
1289 3280 1571 3338 VERITATIS.

454 3589 494 3620 m,
565 3561 621 3630 99.
668 3541 774 3608 Media
792 3544 1031 3629 cognoscenda
1054 3542 1198 3612 veritatis
1216 3543 1276 3608 alia
1295 3551 1374 3609 sunt
1400 3543 1559 3626 cujusque
1583 3545 1644 3610 ho

341 3645 415 3728 ‘⁶⁰¹2‘
446 3645 467 3689 ¹⁸
522 3650 620 3717 minis
638 3651 783 3735 propria,
800 3651 859 3716 alia
874 3669 952 3717 vero
965 3659 1099 3718 externa
1113 3660 1147 3716 et
1163 3649 1276 3719 aliena
1291 3649 1421 3735 Propria
1435 3650 1643 3717 facultatibus

328 3731 371 3762 ’ω’
390 3731 483 3770 '⁰⁸¹⁰'
520 3777 558 3824 ac
585 3757 739 3843 potentiis
764 3757 993 3843 cognoscitivis
1022 3759 1247 3835 continentur,
1275 3777 1332 3842 per
1349 3776 1448 3842 quas,
1469 3757 1559 3824 velut
1585 3777 1645 3842 per

402 3861 429 3905 ἱ·
520 3865 657 3932 totidem
685 3863 901 3933 instrumenta
918 3876 950 3934 et
968 3866 1176 3932 fidelissimos
1200 3865 1348 3942 nuntios,
1369 3885 1476 3932 rerum
1491 3864 1642 3931 omnium
1687 3870 1692 3879 '

522 3991 616 4039 mens
635 3973 748 4040 notitia
766 3975 900 4057 potitur.
920 3973 1058 4040 Externa
1077 3982 1271 4040 revocantur
1287 3973 1328 4038 ad
1346 3973 1580 4038 auctoritatem·
1593 3983 1645 4037 te-

519 4080 636 4156 stium,
651 4081 708 4164 qui
723 4083 822 4158 iacta,
839 4083 936 4148 etiam
948 4081 980 4146 in
988 4080 1203 4147 dissitissimis
1216 4081 1294 4147 locis
1303 4080 1550 4164 temporibusve
1563 4098 1644 4146 con·

518 4187 695 4273 tingentia,
720 4189 814 4256 nobis
827 4207 956 4267 coram,
973 4199 1010 4255 ut
1023 4206 1221 4274 cognoscere
1235 4189 1419 4272 possimus,
1440 4201 1641 4272 proponunt.

520 4295 558 4360 Et
577 4314 780 4379 quamquam
799 4294 977 4382 disputatio
996 4296 1036 4362 de
1056 4297 1261 4362 facultatibus
1274 4295 1522 4382 cognoscitivis,
1538 4314 1645 4378 quan·
1727 4354 1728 4365 2

520 4414 592 4471 tum
612 4423 724 4470 earum
741 4412 907 4482 naturam,
924 4404 1061 4473 modum
1077 4405 1250 4488 operandi,
1266 4401 1409 4488 aliasque
1427 4404 1644 4472 abstrusiores

520 4511 721 4595 questiones
747 4512 880 4590 attinet,
910 4513 952 4578 ad
978 4521 1154 4578 tractatum
1177 4513 1219 4578 de
1242 4512 1377 4591 Anima,
1403 4522 1575 4596 tamquam
1601 4513 1643 4578 ad

553 4743 594 4818 (r)
630 4741 719 4803 Num.
733 4762 770 4818 94
779 4756 808 4805 et
818 4761 848 4803 n.
861 4763 907 4817 73.
918 4742 995 4804 Vide
1002 4742 1091 4804 etiem
1099 4742 1268 4818 Tongiorgi,
1281 4745 1403 4820 Lugio,
1413 4744 1600 4818 udonem.
