3492 5525
238 466 352 530 sinric.
370 481 430 549 4⁰·
445 465 496 529 Dr:
510 484 771 542 burencoursrrrs
785 486 827 530 ao
843 486 1138 531 omonsrnnunuu
1159 464 1218 550 877

134 651 293 716 ctoribus:
311 648 423 715 «Licet
438 650 527 717 totali
542 650 683 719 scientiae
699 651 922 718 demonstrare
937 672 955 716 a
975 648 1144 736 posteriori
1158 666 1256 717 suunt

135 758 319 844 subjectum
339 774 426 840 esse3
449 758 547 841 idque
566 766 717 841 praestare
735 759 850 835 debet,
871 759 1005 843 quando
1024 758 1105 824 illud
1126 764 1260 825 nonest

135 876 192 931 aut
209 884 307 931 sensu
326 877 382 931 aut
400 884 442 931 ex
459 864 606 932 terminis
625 877 757 948 notum;
778 866 929 950 quamvis
957 886 996 931 ea
1020 864 1258 933 demonstratio

136 984 193 1040 aut
211 992 229 1037 a
247 974 317 1039 sola
336 973 572 1059 Metapltysica,
597 982 652 1039 aut
671 992 737 1039 non
755 974 825 1039 sine
843 976 915 1059 ejus
931 973 1090 1040 beneficio
1110 972 1257 1039 construi

137 1078 297 1167 possiti(
321 1077 346 1168 ).

183 1206 261 1273 245.
307 1194 375 1255 Sed
390 1192 462 1271 jam
481 1192 662 1259 veniamus
680 1192 723 1255 ad
747 1194 961 1271 passionem,
983 1188 1024 1253 de
1051 1205 1116 1272 qua
1135 1204 1262 1271 praeno-
1347 1197 1406 1254 Quid

138 1295 297 1361 scendum
317 1302 367 1360 est
389 1302 463 1361 ante
481 1295 592 1360 omnia
609 1294 686 1379 quid
711 1294 864 1373 nominis,
887 1306 925 1361 ut
954 1293 1167 1361 manifestum
1196 1302 1258 1361 est.
1274 1270 1472 1399 ffffifffsse,

138 1403 212 1469 Non
228 1412 338 1469 tamen
357 1402 515 1486 praenosci
534 1403 631 1468 debet
645 1403 685 1467 de
704 1402 768 1478 illa,
790 1422 833 1468 an
852 1402 914 1479 sit,
930 1404 982 1467 vel
995 1403 1074 1487 quia
1090 1403 1136 1467 sit
1153 1420 1264 1467 secun·
1308 1418 1447 1474 prosum.

138 1512 214 1575 dum
230 1528 311 1576 rem.
334 1510 377 1575 Ut
395 1510 539 1593 primurn
559 1511 675 1575 borum
705 1510 879 1594 probetur,
901 1498 998 1586 nota,
1023 1511 1112 1592 quod
1140 1508 1193 1574 hic
1215 1509 1263 1574 lo-

140 1618 272 1702 quimur
287 1617 463 1682 formaliter
481 1618 521 1681 de
537 1619 699 1701 passione,
716 1630 879 1700 quatenus
895 1617 1002 1702 passio
1021 1625 1086 1692 est,
1104 1636 1169 1682 non
1185 1633 1263 1682 vero

141 1735 302 1810 quatenus
319 1724 468 1790 accidens
487 1734 554 1801 est,
575 1726 626 1790 vel
646 1726 827 1790 secundum
848 1724 944 1789 aliam
962 1726 1147 1808 generalem
1167 1722 1263 1788 ratio-

141 1852 232 1898 nem.
253 1834 364 1899 Potest
382 1831 469 1895 enim
490 1832 563 1914 quis
591 1832 673 1897 scire
691 1830 906 1899 risibilitatem
930 1830 1089 1907 hominis,
1115 1830 1264 1914 ignorare

140 1954 252 2007 tamen
271 1958 312 2003 an
331 1939 373 2004 sit
388 1939 495 2025 passio
508 1940 595 2024 ejus;
607 1950 640 2005 ct
654 1947 745 2016 tunc,
764 1938 837 2009 licet
855 1946 1029 2023 cognoscat
1046 1957 1090 2003 an
1102 1938 1148 2003 sit
1162 1936 1265 2003 risibi-

142 2046 232 2123 litas,
264 2046 446 2112 secundum
470 2047 559 2129 quod
576 2049 624 2111 est
644 2066 716 2124 ens,
736 2056 792 2111 aut
810 2046 965 2122 accidens,
988 2064 1053 2111 non
1078 2054 1189 2111 tamen
1208 2062 1265 2109 co-

141 2152 271 2239 gnoscit
287 2172 331 2218 an
343 2154 386 2219 sit
402 2151 506 2231 illius,
527 2154 713 2219 secundum
728 2154 817 2237 quod
835 2162 887 2219 est
905 2154 1033 2238 propria
1051 2153 1172 2236 passio.
1195 2150 1264 2215 lloc

143 2279 221 2345 ergo
239 2250 362 2345 posito,
384 2260 537 2344 probatur
556 2261 719 2327 conclusio
738 2261 846 2345 quoad
865 2260 1003 2345 priorem
1024 2269 1167 2344 partem,
1185 2258 1263 2342 quia

141 2386 184 2433 arr
202 2368 245 2433 sit
262 2367 437 2451 passionis,
458 2367 640 2433 ostenditur
657 2386 714 2451 per
731 2367 1062 2434 demonstrationem:
1093 2385 1173 2451 ergo
1194 2384 1261 2432 non

142 2474 417 2559 praecognoscitur
435 2482 508 2539 ante
536 2475 637 2542 illam.
657 2474 813 2541 Probatur
829 2475 1036 2552 antecedens,
1057 2474 1134 2558 quia
1149 2492 1194 2539 an
1220 2474 1268 2539 sit

142 2600 201 2648 seu
227 2598 299 2647 esse
325 2582 492 2665 proprium
519 2581 677 2666 passionis
702 2592 752 2647 est
782 2582 888 2649 inesse
917 2582 1082 2666 subjecto;
1114 2581 1172 2647 sed
1198 2581 1261 2645 hoc

141 2689 396 2757 demonstratur.
416 2690 541 2775 Ergo...
563 2688 739 2755 «Secunda
758 2708 830 2774 pars
850 2690 947 2757 etiam
965 2696 1063 2775 patet.
1084 2689 1168 2755 Nam
1186 2688 1265 2772 quid

143 2797 191 2862 rei
214 2796 372 2880 passionis
396 2798 516 2880 pendet
544 2817 584 2863 ex
611 2797 741 2882 proprio
768 2798 932 2884 subjecto,
963 2816 1020 2881 per
1046 2798 1136 2881 quod
1166 2797 1265 2862 debet

143 2902 280 2969 deliniri.
303 2903 368 2969 Sed
387 2919 445 2988 per
458 2904 771 2972 demonstrationem
790 2905 1010 2988 cognoscitur,
1032 2905 1200 2987 quodnam
1220 2904 1264 2969 sit
1283 2979 1286 2987 Ι

145 3009 305 3095 passionis
331 3011 528 3096 subjectum.
559 3011 642 3096 Ergo
670 3031 735 3076 non
769 3011 828 3077 luit
860 3011 1113 3096 praecogniturn,
1147 3019 1181 3076 et
1210 3029 1266 3095 per

145 3136 350 3202 consequens
365 3137 470 3201 neque
487 3117 565 3203 quid
578 3119 627 3184 rei
641 3117 742 3203 ipsius
757 3117 939 3203 passionis»
956 3115 968 3206 (
993 3116 1021 3204 ).

190 3221 267 3306 246.
313 3233 367 3292 De
378 3231 545 3310 principio
561 3244 626 3292 non
641 3226 793 3311 cognosci
808 3226 906 3292 debet
919 3225 997 3309 quid
1010 3226 1069 3302 sit,
1085 3226 1144 3292 sed
1157 3225 1267 3292 solum
1354 3257 1414 3314 (μὴ,

143 3351 187 3398 an
204 3331 297 3398 sitin
316 3350 389 3398 esse
407 3332 491 3408 veri,
513 3351 632 3418 nempe
651 3351 692 3398 an
705 3333 746 3400 sit
766 3350 894 3398 verum.
912 3332 1057 3398 Primum
1070 3341 1175 3416 patet,
1191 3332 1266 3416 quia
1288 3331 1472 3416 Qeetilm
1542 3420 1545 3424 A

145 3439 224 3524 quid
243 3441 285 3504 sit
310 3459 377 3516 res,
398 3441 606 3525 cognoscitur
625 3459 680 3525 per
700 3439 944 3522 definitionem3
974 3449 1007 3506 at
1030 3441 1176 3508 definitio
1201 3458 1267 3505 non
1302 3404 1462 3460 ⁶⁶⁹“¹²‘¹¹'¹¹''

144 3547 231 3612 cadit
244 3548 276 3613 in
289 3548 545 3632 propositiones,
561 3555 673 3632 utpote
688 3564 762 3631 quae
780 3556 857 3614 sunt
869 3549 1080 3632 complexum
1096 3546 1265 3632 quiddam,

146 3653 203 3719 sed
222 3654 255 3720 in
274 3655 445 3722 terminos.
466 3655 549 3739 Ergo
569 3673 634 3721 non
649 3663 700 3721 est
719 3656 886 3739 proprium
907 3655 1069 3739 principii,
1091 3664 1127 3720 ut
1145 3672 1270 3740 cogno·

145 3771 253 3827 scatur
272 3761 524 3846 praecognitione
542 3763 620 3846 quid
635 3763 690 3830 sit.
712 3763 861 3829 Alterum
881 3764 980 3830 etiam
1001 3763 1171 3847 probatur,
1192 3763 1270 3847 quia

146 3871 179 3934 in
209 3869 486 3935 demonstratione
516 3878 590 3935 ante
609 3888 779 3936 assensum
802 3869 1020 3936 conclusionis
1044 3888 1176 3937 necesse
1203 3881 1267 3946 est,

147 3985 183 4041 ut
202 3976 363 4060 precedat
379 3978 804 4061 assensumpraemissarum
823 3997 883 4044 seu
903 3977 1146 4062 principiorum;
1167 3996 1269 4062 quare

142 4085 212 4168 jam
242 4085 640 4170 haecpraesupponuntur,
670 4105 707 4151 ac
735 4085 856 4152 debent
883 4085 1090 4170 praesupponi
1116 4103 1211 4162 vera,
1233 4097 1270 4152 ut

147 4191 250 4274 possit
265 4191 430 4258 conclusio
449 4191 551 4276 sequi.

182 4389 223 4458 (ι)
259 4385 449 4456 Conimbrie.,
472 4387 510 4446 ib.
526 4406 555 4457 q.
572 4409 602 4460 3,
624 4399 679 4448 art.
703 4409 733 4461 3,
753 4388 842 4446 sectio
856 4388 988 4457 articuli,
1003 4388 1150 4447 conclusio
1170 4397 1266 4458 sexta,

146 4497 235 4548 quam
243 4477 353 4536 videab
362 4477 466 4536 iisdem
478 4477 638 4548 probatam.
651 4477 714 4536 Cir.
728 4476 847 4548 Suarez,
862 4477 938 4549 disp.
950 4477 1081 4552 Metaplr.
1097 4484 1141 4547 1.',
1154 4491 1224 4538 teet.
1237 4498 1267 4552 4,

149 4587 180 4624 n.
200 4587 210 4623 ι
236 4609 243 4626 .

183 4584 233 4728 (a)4
259 4654 493 4728 Complutenses,
509 4655 564 4714 loe.
580 4655 639 4726 cit,
655 4675 683 4728 q.
697 4675 724 4726 2,
740 4667 773 4714 n.
786 4673 831 4730 25.
854 4655 916 4715 Cir.
932 4654 966 4715 S.
982 4656 1125 4717 Thomam
1143 4663 1180 4715 r.·
1198 4657 1272 4716 Pos-

148 4747 261 4815 terior„
276 4744 341 4806 leet.
358 4765 385 4817 23
400 4759 429 4805 et
445 4743 710 4817 Conimbricenses,
726 4745 796 4807 ibid.
811 4757 867 4808 art.
879 4766 912 4820 4,
933 4744 983 4805 ubi
997 4745 1071 4807 fuse.
