3492 5525
293 410 312 491 5
332 408 382 473 iii.
398 410 641 475 Puruosonmn:
662 428 765 475 onroo
780 431 823 477 er
843 430 1058 491 raoonessus
1116 432 1157 495 43

109 596 178 661 salsi
198 594 345 661 nominis
364 605 420 661 aut
444 596 603 663 haereticis
626 598 713 664 viros
736 598 895 682 sapientia
915 598 1079 665 maximos
1105 597 1236 674 obiecit,

110 704 165 787 qui
177 704 396 769 revelatarum
407 704 580 771 veritatum
595 706 805 782 thesaurum,
821 707 920 772 etiam
936 705 1068 772 rationis
1083 708 1237 771 humanae

111 810 265 894 praesidio
283 820 465 877 tuerentur.
483 812 594 896 ltaque
609 813 651 879 ab
665 811 744 897 ipsis
759 812 909 887 Ecclesiae
928 813 1111 897 primordiis
1125 814 1238 880 catho-

110 920 169 983 lica
185 920 334 985 doctrina
347 936 406 985 eos
421 930 512 985 nacta
527 929 577 985 est
590 920 789 986 adversarios
801 918 909 987 multo
919 921 1169 997 infensissimos,
1180 919 1237 1003 qui

108 1027 364 1094 christianorum
376 1028 531 1111 dogmata
546 1035 578 1091 et
592 1026 739 1093 instituta
751 1028 937 1103 irridentes,
950 1028 1117 1111 ponebant
1128 1028 1237 1112 piures

110 1154 183 1201 esse
205 1134 300 1212 deos,
325 1135 439 1201 mundi
463 1133 631 1199 materiam
648 1134 805 1219 principio
825 1152 988 1221 causaque
1007 1135 1164 1209 caruisse,
1188 1154 1239 1200 re-

111 1261 254 1326 rumque
264 1261 397 1309 cursum
410 1261 494 1308 caeca
511 1244 652 1325 quadam
667 1244 698 1307 vi
713 1252 746 1307 et
760 1240 845 1308 fatali
861 1241 1019 1308 contineri
1031 1243 1235 1318 necessitate,

110 1369 177 1415 non
198 1349 320 1417 divinae
336 1349 549 1434 providentiae
573 1348 709 1416 consilio
730 1348 957 1419 administrari.
971 1351 1040 1431 lam
1063 1368 1141 1415 vero
1159 1368 1236 1415 cum

108 1457 158 1524 his
180 1456 373 1524 insanientis
391 1456 548 1524 doctrinae
569 1456 733 1542 magistris
752 1466 880 1523 mature
903 1458 1072 1543 congressi
1090 1465 1169 1524 sunt
1188 1476 1237 1523 sa·

109 1566 240 1651 pientes
256 1566 331 1643 viri,
347 1585 433 1650 quos
452 1566 652 1650 Apologetas
672 1564 901 1641 nominamus,
917 1564 992 1647 qui,
1008 1565 1074 1631 irde
1088 1583 1236 1648 praeeun-
1252 1634 1255 1641 ,

109 1686 154 1750 te,
192 1676 235 1739 ab
262 1678 408 1741 humana
441 1691 575 1759 quoque
602 1672 760 1757 sapientia
787 1681 982 1759 argumenta
1006 1681 1234 1757 sumpserunt,

108 1782 234 1865 quibus
243 1783 497 1859 constituerent,
515 1799 620 1847 unum
637 1780 760 1857 Deum,
778 1782 870 1846 om‘ni
886 1782 1121 1866 perfectionum
1136 1800 1237 1865 gene·

110 1910 142 1954 re
158 1891 469 1975 praestantissimum
484 1908 555 1955 esse
569 1890 761 1971 colendum;
780 1908 830 1955 res
845 1897 961 1955 omnes
977 1910 995 1953 e
1010 1888 1110 1955 nihilo
1130 1890 1237 1953 omni-

110 1996 241 2081 potenti
263 1998 382 2063 virtute
403 1998 593 2082 productas,
611 1996 696 2062 iliius
710 1998 868 2080 sapientia
883 1997 1010 2083 vigere,
1024 1997 1236 2081 singulasque

109 2107 151 2171 ad
167 2104 319 2191 proprios
330 2106 414 2171 fines
430 2104 522 2191 dirigi
537 2125 573 2171 ac
593 2106 730 2171 moveri.
741 2104 971 2189 -Principem
991 2104 1160 2170 interillos
1176 2102 1235 2170 sibi

110 2215 224 2279 locum
241 2212 382 2279 vindicat
400 2214 435 2279 S.
444 2212 589 2295 Justinus
612 2224 750 2301 martyr,
768 2214 824 2297 qui
840 2223 1054 2297 posteaquam
1070 2212 1237 2277 celeberri-

110 2340 184 2386 mas
203 2337 386 2405 graecorum
403 2319 611 2396 Academias,
627 2320 719 2403 quasi
738 2320 952 2404 experiendo,
969 2320 1152 2394 lustrasset,
1170 2319 1235 2402 ple-

111 2448 225 2511 noque
239 2446 295 2493 ore
311 2428 439 2495 nonnisi
451 2447 492 2493 ex
512 2428 660 2494 revelatis
676 2427 847 2511 doctrinis,
864 2438 901 2495 ut
916 2426 1003 2491 idem
1015 2427 1085 2511 ipse
1104 2428 1234 2501 fatetur,

111 2536 284 2603 veritatem
313 2535 430 2600 hauriri
456 2552 552 2619 posse
579 2534 786 2618 pervidisset,
810 2535 879 2599 ilias
901 2544 973 2601 toto
1001 2532 1099 2599 animi
1123 2533 1237 2599 ardore

111 2644 325 2728 complexus,
342 2641 514 2708 calumniis
525 2642 692 2727 purgavit,
705 2661 806 2726 penes
821 2644 1045 2709 Romanorum
1061 2641 1238 2724 imperato·

113 2773 163 2818 res
178 2750 293 2818 acriter
306 2751 504 2835 copioseque
519 2748 674 2826 defendit,
690 2760 722 2816 et
734 2769 799 2816 non
820 2770 922 2835 pauca
931 2756 1117 2836 'graecorum
1133 2748 1238 2834 philo·

112 2863 294 2945 sophorum
319 2859 403 2924 dicta
426 2877 503 2924 cum
524 2859 570 2924 eis
588 2859 785 2942 composuit.
813 2857 913 2934 Qrod
936 2869 968 2924 et
995 2859 1183 2940 watreias
1204 2867 1237 2923 et

113 2969 288 3043 Aristides,
322 2969 469 3033 Hermias
492 2975 524 3032 et
548 2966 758 3049 Athermgoras
777 2985 835 3050 per
852 2966 931 3031 iliud
953 2977 1086 3049 tempus
1106 2967 1237 3050 egregie

115 3073 518 3159 praestiterunt.-Neque
533 3075 693 3139 minorem
709 3073 741 3139 in
762 3074 876 3138 eadem
893 3091 990 3139 causa
1011 3053 1146 3158 gloriam
1163 3073 1238 3138 ade-

114 3195 190 3268 ptus
204 3191 256 3248 est
276 3182 424 3246 irenaeus
439 3191 562 3267 martyr
576 3181 733 3256 invictus,
750 3181 898 3245 Ecclesiae
912 3179 1140 3264 Lugdunensis
1154 3180 1237 3245 Pon·

114 3293 206 3356 tifex:
228 3287 376 3373 quicum
395 3295 527 3353 strenue
548 3288 699 3354 refutaret
709 3307 878 3372 perversas
890 3288 1093 3353 orientalium
1111 3287 1239 3371 opinio·

117 3417 188 3474 neS,
206 3395 440 3464 Gnosticorum
452 3413 550 3480 opera
561 3395 711 3480 perfines
722 3396 846 3460 romani
857 3395 985 3480 imperii
994 3395 1235 3474 disseminatas,

116 3505 257 3590 origines
288 3505 457 3569 haereseon
477 3503 680 3587 singularum
709 3503 854 3591 (auctore
880 3500 1114 3591 Hieronymo),
1141 3514 1237 3570 etex

117 3614 235 3696 quibus
254 3611 526 3696 philosophorum
542 3611 687 3676 tontibus
707 3610 887 3676 emanarint
892 3658 959 3677 .....
977 3609 1185 3698 explicavit(
1208 3609 1235 3698 ).

118 3721 221 3786 Nemo
238 3727 348 3785 autern
369 3736 435 3783 non
456 3717 548 3783 novit
566 3717 731 3783 Clementis
753 3717 973 3784 Alexandrini
984 3717 1234 3802 disputationes,

119 3847 197 3911 quas
224 3827 311 3892 idem
341 3825 561 3911 Hieronymus
585 3826 651 3901 sic,
681 3825 813 3891 honoris
845 3842 958 3901 causa,
984 3836 1235 3892 commemorat:

124 3935 228 4018 eraid
241 3935 275 3999 in
304 3933 371 3999 iilis
388 3932 568 3998 indocilem?
585 3933 646 3998 imo
666 3933 744 4017 quid
765 3953 828 3998 non
854 3935 894 3998 de
920 3933 1021 3998 media
1046 3934 1238 4018 philosophia

120 4045 206 4108 esti»
222 4039 285 4131 (2).
302 4041 403 4106 Multa
419 4042 488 4124 ipse
507 4041 640 4124 quidem
660 4041 836 4107 incredibili
855 4039 1009 4107 varietate
1027 4041 1178 4108 disseruit
1196 4043 1237 4108 ad

124 4151 321 4215 condendam
339 4134 551 4234 philosophiae
573 4149 752 4220 historiam,
775 4148 815 4214 ad
834 4161 936 4215 artem
956 4149 1156 4216 dialecticam
1177 4151 1237 4218 rite
1348 4177 1352 4184 ·

124 4259 347 4334 exercendam,
373 4257 413 4321 ad
439 4255 645 4322 concordiam
666 4255 797 4322 rationis
819 4275 896 4323 cum
916 4257 982 4322 fide
1000 4258 1234 4324 conciliandam

125 4365 299 4432 utilissima.
319 4365 415 4430 liunc
430 4373 563 4432 secutus
580 4361 731 4450 Origenes
745 4364 864 4430 schoiae
888 4364 1115 4431 Alexandrinae
1131 4366 1237 4450 magi·

154 4603 192 4664 (a)
228 4597 489 4672 EpistadMagn.

154 4691 193 4751 (a)
229 4685 297 4745 Loe.
312 4685 361 4744 cit.
