3492 5525
557 403 633 485 1138
668 406 795 471 Lomca
809 404 1052 480 Maron-Lm..
1070 419 1127 482 πω,
1141 404 1237 469 Drsn.
1250 404 1298 467 6.·
1312 405 1392 469 Cre.
1409 420 1481 470 ψ

514 589 597 675 Ergo
620 590 647 657 si
665 589 779 677 logica
798 590 975 657 formaliter
994 592 1167 675 respiceret
1184 590 1351 677 objectum
1379 592 1513 675 aliquod
1538 592 1629 668 reale,
1712 659 1714 670 ,

514 716 580 765 non
600 707 711 783 posset
728 699 770 765 ab
788 699 858 766 aliis
876 700 1019 767 scientiis
1036 699 1207 786 distingui.
1228 699 1273 765 lta
1298 697 1588 785 complutenses(
1608 696 1631 785 ).

559 812 661 876 Prob.
695 814 745 891 4.·
788 806 824 873 ln
854 807 998 893 qualibet
1027 809 1163 875 scientia
1189 808 1311 875 dantur
1335 807 1490 893 principia
1520 808 1631 892 prima,

514 913 631 999 objecti
649 914 735 985 illius
753 914 896 982 scientiae
918 916 1064 1001 proptia,
1084 936 1127 982 ex
1144 914 1267 1000 quibus
1284 916 1430 1001 procedit
1448 916 1490 981 ad
1508 916 1634 981 conclu·

514 1020 675 1088 clusiones
703 1022 746 1088 de
768 1022 897 1109 objecto
916 1023 972 1090 illo
997 1024 1283 1091 demonstrandas.
1309 1024 1394 1108 Ergo
1416 1023 1444 1089 si
1471 1023 1633 1107 objectum
1712 1031 1714 1110 ξ

513 1128 656 1196 scientie
674 1132 759 1195 reale
777 1138 844 1209 est,
866 1130 1022 1216 principia
1040 1150 1175 1215 quoque
1188 1132 1275 1198 illius
1294 1132 1391 1197 realia
1408 1131 1475 1197 sint
1494 1140 1632 1214 oportet.
1712 1113 1714 1210 Ξ

515 1237 616 1320 Atqui
644 1237 761 1323 Logica
790 1228 983 1305 nonhabet
1010 1240 1118 1323 aliqua
1144 1239 1248 1323 prima
1273 1240 1427 1323 principia
1455 1240 1569 1313 realia,
1598 1258 1635 1301 ex

513 1344 634 1427 quibus
651 1346 804 1429 procedat
822 1346 863 1411 ad
882 1364 958 1413 suas
976 1348 1205 1414 conclusiones
1222 1347 1264 1412 de
1282 1348 1411 1432 objecto
1429 1347 1562 1431 proprio
1584 1348 1636 1410 de·
1712 1379 1714 1416 ι

515 1454 757 1519 monstrandas.
779 1452 862 1518 Nam
881 1463 951 1520 tota
968 1474 1021 1520 ars
1038 1454 1236 1540 syllogistica
1255 1456 1405 1521 innititur
1421 1456 1454 1520 in
1474 1454 1635 1538 principiis
1712 1457 1714 1514 i

513 1558 590 1625 Dici
604 1563 642 1625 de
658 1560 746 1625 omni
763 1568 795 1625 et
812 1562 890 1627 Dici
905 1564 944 1626 de
961 1564 1050 1627 nullo
1065 1571 1099 1628 et
1117 1562 1150 1628 in
1170 1562 1325 1647 principio
1339 1562 1528 1627 identitatis.
1544 1561 1636 1626 Simi-

513 1668 586 1733 liter
603 1686 655 1733 ars
673 1668 849 1734 deliniendi
877 1678 910 1734 et
928 1669 1093 1736 dividendi
1112 1668 1259 1735 innititur
1283 1669 1521 1735 intentionibus
1539 1688 1636 1753 gene-

514 1776 574 1852 ris,
603 1774 809 1853 differentiae,
838 1776 973 1860 speciei,
1004 1788 1037 1843 et
1067 1777 1246 1843 similibus:
1275 1795 1351 1860 quae
1375 1777 1487 1842 omnia
1509 1786 1636 1841 constat

515 1901 587 1950 esse
596 1883 682 1949 entia
700 1883 845 1950 rationis.
867 1884 951 1969 Ergo
970 1885 1141 1969 principia,
1157 1904 1199 1951 ex
1216 1885 1338 1968 quibus
1357 1884 1501 1968 procedit
1519 1884 1636 1967 Logica
1712 1959 1714 1976 Ι

514 1998 591 2057 sunt
610 1990 808 2057 intentiones
832 1991 966 2058 rationis
993 2010 1031 2057 ac
1050 1992 1185 2077 proinde
1211 1992 1277 2058 tale
1304 2011 1440 2076 quoque
1462 1993 1524 2057 erit
1550 1992 1637 2076 obje
1712 1995 1714 2062 i

514 2108 604 2164 ctum
621 2101 703 2185 ejus.
725 2100 770 2165 lta
788 2086 907 2164 iterum
929 2098 1212 2186 Complutenses(
1237 2099 1264 2187 ).

348 2230 386 2277 ut
419 2244 440 2273 r.
454 2227 481 2273 ro.
560 2212 661 2274 Prob.
683 2212 732 2275 5.·
776 2205 1002 2273 Consideratio
1020 2207 1154 2275 rationis
1172 2226 1208 2273 se
1227 2208 1374 2274 extendit
1388 2208 1429 2273 ad
1446 2206 1577 2282 omnia,
1596 2206 1636 2271 de

515 2313 636 2397 quibus
672 2332 731 2379 ens
767 2317 852 2379 reale
885 2314 1093 2399 predicatur,
1130 2316 1268 2381 docente
1305 2316 1480 2381 Aristotele
1516 2312 1571 2401 (3)
1607 2327 1638 2377 et

514 2420 548 2489 S.
569 2420 696 2487 Thoma
710 2420 774 2510 (4),
791 2429 824 2488 et
838 2424 884 2489 sic
898 2422 1095 2489 assimilatur
1112 2423 1354 2509 Metaphysicae.
1375 2423 1479 2488 Debet
1491 2441 1573 2507 ergo
1587 2424 1638 2487 illa

514 2530 716 2596 considerare
736 2531 798 2598 sub
822 2532 930 2614 aliqua
948 2530 1073 2597 ratione
1091 2533 1235 2608 formali,
1256 2550 1332 2615 quae
1349 2532 1384 2596 in
1402 2530 1563 2616 omnibus
1580 2532 1639 2595 illis

515 2638 642 2721 reperiri
670 2638 785 2721 possit.
822 2638 922 2721 Atqui
950 2640 1034 2704 ultra
1061 2640 1234 2722 praedicata
1261 2657 1319 2705 seu
1351 2640 1494 2705 rationes
1520 2640 1637 2708 reales.

514 2745 611 2813 rebus
627 2745 783 2814 omnibus
797 2765 1009 2822 communes,
1025 2766 1102 2831 quae
1115 2756 1195 2813 sunt
1208 2747 1373 2833 objectum
1391 2747 1637 2834 Metaplrysicae.

514 2855 613 2920 nullae
626 2855 697 2919 aliae
710 2855 828 2920 dantur
847 2854 1001 2930 rationes,
1018 2874 1093 2937 quae
1107 2855 1303 2921 conveniant
1318 2855 1475 2920 omnibus
1493 2856 1638 2927 entibus,

514 2961 574 3028 nisi
588 2962 740 3028 secundae
758 2963 956 3029 intentiones
975 2980 1032 3027 seu
1056 2963 1228 3046 praedicata
1253 2962 1398 3030 rationis.
1415 2963 1502 3047 Ergo
1515 2963 1640 3026 ratione

512 3070 639 3136 illarum
658 3069 842 3136 considerat
861 3069 977 3154 logica
995 3071 1109 3134 omnia
1126 3071 1230 3148 entia,
1246 3090 1283 3136 ac
1298 3071 1435 3155 proinde
1448 3071 1530 3154 ipsae
1544 3084 1640 3136 erunt

512 3177 677 3262 objectum
696 3179 831 3244 formale
845 3180 928 3262 ejus.

580 3284 648 3350 Hoc
666 3304 799 3368 quoque
825 3299 1058 3370 argumentum
1078 3287 1198 3353 iaciunt
1226 3285 1481 3370 Complutenses
1505 3283 1579 3372 (5),
1600 3286 1638 3348 de

512 3411 580 3476 quo
599 3393 698 3458 videri
718 3403 827 3477 potest
846 3395 988 3460 Lossada
1007 3393 1070 3483 (6).
1087 3397 1181 3461 Plura
1199 3395 1324 3460 dabunt
1338 3395 1390 3459 alii
1405 3396 1586 3466 ductores,
1603 3413 1639 3456 ae

514 3499 705 3566 nominatim
725 3500 865 3567 Lossada
892 3503 926 3567 in
953 3502 1207 3581 obiectionibus,
1227 3521 1312 3584 quas
1338 3503 1400 3568 sibi
1428 3503 1585 3585 proponit
1603 3521 1639 3564 ac

512 3608 611 3674 solvit
633 3605 697 3695 (7).
719 3607 923 3674 Sententiam
953 3629 1031 3675 vero
1056 3612 1141 3675 hanc
1163 3610 1236 3676 fuse
1264 3609 1494 3694 impugnatam
1513 3609 1590 3673 vide
1613 3609 1640 3672 si

513 3727 622 3792 vacat,
643 3717 731 3801 apud
746 3713 889 3783 Lossada
902 3715 968 3805 (8).

1712 3020 1714 3049 Ι

1712 3120 1714 3157 l

548 3952 588 4011 (ι)
625 3947 808 4016 Loe.cit.‚n.
826 3968 859 4020 ¹9
872 3961 902 4005 et
918 3947 965 4013 18,
984 3947 1640 4023 Confirmoturprimo.Dehoeultimoargu·

512 4049 611 4096 mento
621 4036 688 4094 ride
701 4036 841 4106 [οεειιάι1
856 4037 910 4096 loe.
925 4037 987 4104 eit..
1001 4058 1064 4110 cap.
1081 4057 1108 4110 5,
1121 4057 1152 4097 n.
1166 4057 1196 4112 7,
1203 4039 1233 4096 8.
1712 4036 1714 4105 l

547 4130 589 4192 (a)
625 4125 862 4196 Loeeit.,n.ao.

547 4220 589 4288 (ς)
625 4215 728 4286 Arist..
744 4216 824 4289 lib.4
838 4217 980 4290 Metoplr„
995 4238 1058 4290 eap.
1071 4237 1100 4287 23
1114 4231 1145 4275 et
1153 4217 1204 4276 tib.
1218 4238 1231 4276 ι
1248 4217 1376 4289 Foster„
1388 4239 1452 4293 cap.
1462 4218 1492 4277 8.

548 4311 589 4380 (4)
625 4304 660 4363 S.
674 4306 792 4378 Thon„
803 4307 853 4366 lib.
864 4327 883 4381 4
894 4307 1074 4382 Metnplys.¹
1085 4307 1150 4367 lect.
1163 4327 1193 4381 4

550 4399 590 4462 (ς)
628 4393 821 4468 laudm.
839 4397 882 4456 18.

548 4485 589 4549 (ό)
625 4484 696 4544 Loe.
708 4485 771 4556 eit..
787 4505 852 4557 car·
869 4504 896 4559 ς,
910 4506 943 4546 n.
956 4507 985 4560 o

547 4576 589 4646 (7)
625 4573 694 4633 1.oe-
708 4575 772 4644 eit..
783 4587 846 4636 toto
857 4595 921 4649 esp.
938 4593 965 4648 5.

545 4661 588 4730 (8)
624 4661 1290 4739 Loe.eit.‚esp.4‚a.n¹5,adfinemusque.
