3492 5525
560 466 620 531 97⁰
674 449 800 512 Locren
816 412 1045 521 Maron-lara.
1065 461 1135 525 rut,
1152 446 1243 511 Drse.
1261 458 1305 529 4.·
1321 444 1399 511 Cre.
1418 460 1491 529 3³¹¹

523 650 588 699 non
616 641 695 699 sunt
722 633 853 716 penitus
881 630 1057 705 absolute,
1078 628 1137 695 sed
1164 626 1351 695 imbibitum
1380 630 1504 695 babent
1533 630 1568 694 in
1589 648 1643 695 sua

520 741 661 806 essentia
678 739 826 806 ordinem
846 749 879 807 et
900 736 1259 805 commensurationem
1286 737 1326 802 ad
1353 737 1476 820 aliquid
1502 736 1644 802 aliud:a

521 866 588 931 quo
616 846 751 932 proinde
778 845 840 912 dici
867 847 974 913 solent
1003 846 1146 928 speciem
1177 862 1325 919 sumere,
1354 862 1421 910 non
1450 845 1547 928 quod
1579 844 1645 928 ipse

520 956 680 1021 terminus
707 962 879 1029 externus,
907 972 1007 1037 quem
1037 953 1079 1018 ita
1109 952 1299 1036 respiciunt,
1320 954 1500 1017 essentiam
1532 970 1644 1017 eorum

519 1063 713 1138 constituat,
735 1062 794 1128 sed
821 1061 898 1145 quia
929 1060 1110 1126 secundum
1134 1059 1354 1127 diversitatem
1384 1059 1471 1125 illius
1500 1060 1644 1133 termini,

519 1189 596 1236 cum
614 1189 682 1253 quo
701 1168 911 1235 intrinsecam
932 1186 969 1234 ac
989 1166 1202 1233 necessariam
1223 1158 1469 1251 proportionem
1496 1178 1534 1232 et
1558 1186 1648 1231 corn

522 1258 798 1343 mensurationem
819 1278 959 1362 babent,
981 1276 1122 1342 variatur
1144 1275 1213 1359 ipsa
1241 1274 1283 1340 rei
1307 1275 1484 1351 habitudo,
1513 1283 1549 1339 et
1572 1294 1648 1340 con

520 1399 695 1468 sequenter
721 1383 862 1450 essentia
887 1384 986 1449 talem
1013 1382 1226 1449 necessariam
1254 1382 1481 1448 habitudinem
1508 1382 1645 1452 habens,

409 1583 412 1589 Ι
447 1475 452 1483 ’
522 1501 635 1558 natura
650 1492 737 1557 enim
753 1512 829 1557 curn
844 1491 1085 1585 ordinatissime
1101 1500 1270 1575 operetur,
1287 1492 1349 1555 tale
1365 1508 1436 1555 esse
1450 1510 1488 1556 ac
1503 1489 1645 1574 speciem

352 2704 461 2759 Querirur

378 2793 438 2823 nunc

318 2850 489 2904 specificatirum

327 2921 481 2967 extrinsecum.

523 1599 619 1666 rebus
638 1599 828 1684 hujusmodi
856 1598 987 1674 tribuit,
1010 1598 1140 1680 qualern
1161 1598 1305 1681 postulat
1331 1598 1496 1665 terminus
1517 1597 1590 1671 ille,
1611 1596 1646 1659 ad

519 1726 618 1792 quem
639 1690 850 1773 essentialiter
865 1704 1074 1773 ordinantur.
1092 1704 1180 1771 Sicut
1198 1705 1295 1771 etiam
1311 1724 1378 1781 ars,
1397 1724 1479 1787 quae
1495 1716 1644 1769 naturam

519 1818 603 1882 solet
615 1814 756 1898 imitari,
778 1814 905 1879 diversa
924 1822 1016 1897 parat
1042 1814 1257 1878 instrumenta
1280 1833 1313 1876 v.
1340 1833 1374 1897 g.
1402 1830 1549 1887 serram,
1572 1816 1645 1875 rnal-

520 1925 621 1997 leum,
644 1921 873 2005 pennicillum,
896 1921 1052 1996 securim,
1075 1938 1132 2003 pro
1153 1919 1337 1985 diversitate
1364 1919 1457 1994 linis,
1480 1921 1524 1983 ad
1549 1937 1644 2002 quem

520 2028 726 2097 destinantur
743 2027 807 2117 (r).
825 2029 895 2095 iloc
911 2029 1012 2093 modo
1034 2028 1187 2111 potentiae
1210 2027 1362 2093 dicuntur
1384 2026 1570 2112 specificati
1593 2046 1647 2111 per

520 2147 625 2214 actus,
642 2147 673 2203 et
693 2136 777 2203 actio
797 2156 854 2221 per
872 2138 1071 2211 terminum,
1093 2146 1129 2203 ut
1149 2154 1209 2201 suo
1229 2136 1298 2201 loco
1313 2136 1502 2210 docebitur,
1529 2155 1646 2219 nempe

519 2256 690 2330 tamquam
721 2264 778 2329 per
805 2254 979 2311 externum
1001 2243 1273 2328 specificativum,
1293 2242 1370 2325 quia
1386 2261 1467 2309 cum
1493 2244 1648 2309 essentia

519 2356 583 2419 lem
604 2354 711 2424 dicant
739 2352 887 2419 ordinem
909 2350 1061 2435 potentiae
1085 2351 1125 2416 ad
1152 2358 1281 2425 actum,
1302 2358 1334 2415 et
1360 2351 1442 2415 actio
1474 2352 1517 2415 ad
1537 2352 1646 2415 termi-

521 2480 615 2538 num,
631 2461 726 2545 plane
744 2459 892 2542 sequitur
912 2477 970 2542 pro
989 2456 1174 2524 diversitate
1192 2466 1285 2524 actus
1299 2456 1445 2523 eliciendi
1462 2477 1500 2523 ac
1515 2458 1645 2522 termini

519 2568 686 2635 obtinendi
707 2567 739 2632 in
758 2568 853 2632 variis
871 2574 904 2630 et
923 2565 1012 2649 ipsas
1030 2565 1200 2649 speciebus
1218 2564 1383 2631 constitui.

584 2675 629 2740 lta
642 2693 721 2759 ergo
735 2692 823 2740 nunc
839 2674 1017 2756 quaerimus
1034 2671 1285 2757 specificativum
1302 2672 1527 2738 extrinsecum
1544 2675 1645 2737 scien-

517 2785 655 2864 tiarum;
685 2802 760 2848 nam
789 2783 999 2849 intrinsecum
1023 2781 1171 2848 consistit
1198 2782 1230 2846 in
1252 2781 1415 2846 essentiali
1444 2782 1643 2864 perfectione

518 2893 739 2978 singularum,
769 2909 868 2973 quam
890 2889 998 2954 rimari
1019 2889 1219 2954 intendimus
1248 2907 1305 2972 per
1325 2889 1553 2954 extrinsecum
1574 2908 1644 2974 spe-

518 2999 730 3073 cificativum,
751 3006 922 3080 tamquam
943 3015 999 3080 per
1018 2996 1322 3062 manifestissimum
1342 2996 1491 3081 signum.

563 3163 641 3246 283.
689 3161 884 3226 Pnoeosnio
909 3164 955 3222 1.⁸
999 3162 1160 3223 scientiae
1175 3163 1396 3240 speculativae
1415 3173 1510 3224 reete
1526 3165 1644 3225 dicun·

519 3283 576 3334 tur
602 3271 790 3350 specificati
816 3287 878 3347 per
904 3269 1049 3346 obiecta,
1079 3286 1149 3330 non
1176 3269 1316 3347 quidem
1342 3270 1552 3344 materialia,
1585 3272 1643 3332 sed

519 3381 691 3451 formalia,
720 3378 768 3439 ita
798 3387 837 3440 ut
869 3377 1125 3448 conclusiones,
1155 3376 1293 3438 diversa
1324 3378 1481 3439 formalia
1513 3380 1644 3456 objecta

521 3489 703 3560 habentes,
724 3486 881 3564 specifice
898 3485 988 3546 inter
1006 3501 1044 3545 se
1062 3483 1330 3560 distinguantur.

565 3648 668 3710 Prob.
686 3651 735 3708 1.⁰
780 3642 822 3706 Ea
837 3659 911 3724 quae
925 3645 1044 3725 suapte'
1057 3648 1171 3706 natura
1185 3639 1376 3706 ordinantur
1394 3641 1435 3706 ad
1449 3642 1556 3718 aliud,
1573 3661 1646 3728 spe·

521 3748 604 3815 ciem
624 3768 717 3817 suam
730 3749 772 3813 ab
790 3749 845 3814 illo
864 3749 1056 3824 desumunt,
1074 3757 1111 3814 ut
1130 3747 1230 3813 modo
1244 3748 1443 3814 declaratum
1463 3760 1528 3816 est.
1544 3751 1643 3835 Atqui

522 3855 654 3923 scientia
668 3865 753 3932 tota,
781 3865 904 3939 quanta
931 3856 1042 3932 est,ad
1068 3855 1233 3940 objectum
1262 3857 1445 3934 ordinatur,
1475 3868 1529 3924 est
1557 3861 1643 3925 enim

524 3965 737 4032 essentialiter
757 3963 977 4030 intentionalis
997 3963 1105 4046 imago
1124 3963 1290 4048 ejusdem,
1310 3981 1386 4029 cum
1412 3983 1481 4047 quo
1501 3943 1644 4050 proinde

524 4089 658 4138 necesse
672 4081 739 4147 est,
761 4069 877 4135 habeat
893 4069 1081 4134 relationem
1101 4070 1429 4136 transcendentalem.
1457 4072 1545 4157 Ergo
1564 4076 1643 4140 sicut

525 4179 637 4264 imago
653 4179 774 4242 variam
795 4177 900 4244 induit
916 4178 1072 4242 rationem
1088 4195 1148 4261 pro
1162 4177 1316 4244 varietate
1326 4177 1461 4263 objecti,
1486 4181 1579 4263 quod
1600 4203 1644 4246 re·

525 4285 716 4370 praesentat,
738 4285 780 4350 ita
796 4285 893 4350 etiam
914 4284 1045 4351 scientia
1063 4283 1266 4368 specificatur
1285 4285 1325 4351 ab
1341 4287 1480 4370 objecto.

571 4400 673 4461 Prob.
689 4402 739 4460 2.⁰
785 4392 922 4458 Scientia
945 4393 1066 4477 paritur
1079 4411 1120 4457 ex
1136 4391 1290 4477 principio
1304 4394 1468 4470 efficienti,
1486 4397 1578 4481 quod
1598 4407 1643 4464 est

525 4503 720 4577 intellectus
733 4511 814 4565 etex
824 4499 965 4583 objecto,
977 4500 1094 4584 quibus
1104 4497 1238 4584 proinde
1247 4501 1344 4567 debet
1354 4521 1447 4568 suam
1458 4505 1642 4588 specificam

524 4675 802 4702 ,,..............

503 4787 507 4794 .
559 4734 601 4806 (ι)
637 4730 699 4791 Csr.
716 4730 816 4800 Suae,
832 4733 868 4787 rie
882 4732 991 4802 Arnim,
1008 4731 1057 4791 lib.
1074 4752 1105 4802 a,
1119 4713 1182 4804 cap.
1200 4751 1231 4803 a,
1252 4752 1282 4791 n.
1298 4751 1374 4806 τω.
