<?xml version="1.0" encoding="UTF-8"?>
<!DOCTYPE html PUBLIC "-//W3C//DTD XHTML 1.0 Transitional//EN"
    "http://www.w3.org/TR/xhtml1/DTD/xhtml1-transitional.dtd">
<html xmlns="http://www.w3.org/1999/xhtml" xml:lang="en" lang="en">
 <head>
  <title>
</title>
<meta http-equiv="Content-Type" content="text/html;charset=utf-8" />
  <meta name='ocr-system' content='tesseract 3.04.00' />
  <meta name='ocr-capabilities' content='ocr_page ocr_carea ocr_par ocr_line ocrx_word'/>
</head>
<body>
  <div class='ocr_page' id='page_1' title='image "./institutionesph00urrgoog/institutionesph00urrgoog_0281.png"; bbox 0 0 3492 5525; ppageno 0'>
   <div class='ocr_carea' id='block_1_1' title="bbox 327 431 1194 515">
    <p class='ocr_par' dir='ltr' id='par_1_1' title="bbox 327 431 1194 515">
     <span class='ocr_line' id='line_1_1' title="bbox 327 431 1194 515; baseline -0.014 -18"><span class='ocrx_word' id='word_1_1' title='bbox 327 433 444 501; x_wconf 75' lang='lat' dir='ltr'>Anarc.</span> <span class='ocrx_word' id='word_1_2' title='bbox 470 446 528 515; x_wconf 57' lang='grc' dir='ltr'>μ’</span> <span class='ocrx_word' id='word_1_3' title='bbox 553 431 604 494; x_wconf 76' lang='lat' dir='ltr'>De</span> <span class='ocrx_word' id='word_1_4' title='bbox 624 447 866 494; x_wconf 72' lang='lat' dir='ltr'>eaooosrrronx</span> <span class='ocrx_word' id='word_1_5' title='bbox 887 445 1011 494; x_wconf 77' lang='lat' dir='ltr'>nooxrx</span> <span class='ocrx_word' id='word_1_6' title='bbox 1136 437 1194 507; x_wconf 78' lang='lat'>257</span> 
     </span>
    </p>
   </div>
   <div class='ocr_carea' id='block_1_2' title="bbox 11 591 1241 1022">
    <p class='ocr_par' dir='ltr' id='par_1_2' title="bbox 11 591 1241 912">
     <span class='ocr_line' id='line_1_2' title="bbox 11 591 1241 701; baseline -0.011 -16"><span class='ocrx_word' id='word_1_7' title='bbox 11 672 12 675; x_wconf 63' lang='lat'>,</span> <span class='ocrx_word' id='word_1_8' title='bbox 110 636 224 684; x_wconf 87' lang='lat' dir='ltr'>cursus</span> <span class='ocrx_word' id='word_1_9' title='bbox 242 619 328 684; x_wconf 89' lang='lat' dir='ltr'>inest</span> <span class='ocrx_word' id='word_1_10' title='bbox 341 619 455 694; x_wconf 87' lang='lat' dir='ltr'>Petro,</span> <span class='ocrx_word' id='word_1_11' title='bbox 475 615 533 682; x_wconf 90' lang='lat' dir='ltr'>sed</span> <span class='ocrx_word' id='word_1_12' title='bbox 558 591 667 701; x_wconf 81' lang='lat' dir='ltr'>solum</span> <span class='ocrx_word' id='word_1_13' title='bbox 686 611 787 680; x_wconf 82' lang='lat' dir='ltr'>afficit</span> <span class='ocrx_word' id='word_1_14' title='bbox 803 613 1033 696; x_wconf 86' lang='lat' dir='ltr'>praedicat&#39;um,</span> <span class='ocrx_word' id='word_1_15' title='bbox 1054 615 1168 694; x_wconf 79' lang='lat' dir='ltr'>utpote</span> <span class='ocrx_word' id='word_1_16' title='bbox 1180 607 1241 690; x_wconf 89' lang='lat' dir='ltr'>qui</span> 
     </span>
     <span class='ocr_line' id='line_1_3' title="bbox 11 714 1237 808; baseline -0.011 -14"><span class='ocrx_word' id='word_1_17' title='bbox 11 734 12 745; x_wconf 59' lang='lat'>¹</span> <span class='ocrx_word' id='word_1_18' title='bbox 110 725 306 793; x_wconf 82' lang='lat' dir='ltr'>determinat</span> <span class='ocrx_word' id='word_1_19' title='bbox 323 725 459 790; x_wconf 90' lang='lat' dir='ltr'>modum</span> <span class='ocrx_word' id='word_1_20' title='bbox 482 714 615 804; x_wconf 87' lang='lat' dir='ltr'>cursus,</span> <span class='ocrx_word' id='word_1_21' title='bbox 636 719 693 808; x_wconf 91' lang='lat' dir='ltr'>qui</span> <span class='ocrx_word' id='word_1_22' title='bbox 719 722 814 787; x_wconf 88' lang='lat' dir='ltr'>Petro</span> <span class='ocrx_word' id='word_1_23' title='bbox 835 719 1002 787; x_wconf 88' lang='lat' dir='ltr'>convenit.</span> <span class='ocrx_word' id='word_1_24' title='bbox 1029 718 1052 783; x_wconf 89' lang='lat' dir='ltr'>E</span> <span class='ocrx_word' id='word_1_25' title='bbox 1078 733 1237 797; x_wconf 82' lang='lat' dir='ltr'>converso</span> 
     </span>
     <span class='ocr_line' id='line_1_4' title="bbox 11 824 1238 912; baseline -0.009 -13"><span class='ocrx_word' id='word_1_26' title='bbox 11 864 12 867; x_wconf 38' lang='lat'>¹</span> <span class='ocrx_word' id='word_1_27' title='bbox 111 831 249 898; x_wconf 90' lang='lat' dir='ltr'>modalis</span> <span class='ocrx_word' id='word_1_28' title='bbox 267 841 318 898; x_wconf 91' lang='lat' dir='ltr'>est</span> <span class='ocrx_word' id='word_1_29' title='bbox 336 834 422 898; x_wconf 80' lang='lat' dir='ltr'>hac:</span> <span class='ocrx_word' id='word_1_30' title='bbox 447 831 547 897; x_wconf 84' lang='lat' dir='ltr'><em>Homo</em></span> <span class='ocrx_word' id='word_1_31' title='bbox 563 834 609 895; x_wconf 85' lang='lat' dir='ltr'>cst</span> <span class='ocrx_word' id='word_1_32' title='bbox 625 829 799 906; x_wconf 81' lang='lat' dir='ltr'>necessario</span> <span class='ocrx_word' id='word_1_33' title='bbox 815 829 955 912; x_wconf 86' lang='lat' dir='ltr'>animal,</span> <span class='ocrx_word' id='word_1_34' title='bbox 981 826 1059 910; x_wconf 91' lang='lat' dir='ltr'>quia</span> <span class='ocrx_word' id='word_1_35' title='bbox 1085 824 1238 910; x_wconf 83' lang='lat' dir='ltr'>exprimit</span> 
     </span>
    </p>

    <p class='ocr_par' dir='ltr' id='par_1_3' title="bbox 110 933 1238 1022">
     <span class='ocr_line' id='line_1_5' title="bbox 110 933 1238 1022; baseline -0.009 -15"><span class='ocrx_word' id='word_1_36' title='bbox 110 942 268 1019; x_wconf 90' lang='lat' dir='ltr'>modum,</span> <span class='ocrx_word' id='word_1_37' title='bbox 288 940 470 1006; x_wconf 91' lang='lat' dir='ltr'>secundum</span> <span class='ocrx_word' id='word_1_38' title='bbox 488 957 589 1022; x_wconf 92' lang='lat' dir='ltr'>quem</span> <span class='ocrx_word' id='word_1_39' title='bbox 608 936 792 1003; x_wconf 78' lang='lat' dir='ltr'>anImalitas</span> <span class='ocrx_word' id='word_1_40' title='bbox 813 936 1019 1021; x_wconf 82' lang='lat' dir='ltr'>praedicanda</span> <span class='ocrx_word' id='word_1_41' title='bbox 1044 935 1087 1000; x_wconf 90' lang='lat' dir='ltr'>de</span> <span class='ocrx_word' id='word_1_42' title='bbox 1105 933 1238 998; x_wconf 90' lang='lat' dir='ltr'>homine</span> 
     </span>
    </p>
   </div>
   <div class='ocr_carea' id='block_1_3' title="bbox 11 1041 1462 4261">
    <p class='ocr_par' dir='ltr' id='par_1_4' title="bbox 110 1041 1242 1136">
     <span class='ocr_line' id='line_1_6' title="bbox 110 1041 1242 1136; baseline -0.006 -23"><span class='ocrx_word' id='word_1_43' title='bbox 110 1057 160 1114; x_wconf 88' lang='lat' dir='ltr'>est</span> <span class='ocrx_word' id='word_1_44' title='bbox 180 1043 244 1136; x_wconf 85' lang='lat' dir='ltr'>(r).</span> <span class='ocrx_word' id='word_1_45' title='bbox 266 1048 300 1112; x_wconf 94' lang='lat' dir='ltr'>ln</span> <span class='ocrx_word' id='word_1_46' title='bbox 317 1047 481 1132; x_wconf 90' lang='lat' dir='ltr'>ejusmodi</span> <span class='ocrx_word' id='word_1_47' title='bbox 503 1047 639 1131; x_wconf 85' lang='lat' dir='ltr'>proinde</span> <span class='ocrx_word' id='word_1_48' title='bbox 660 1044 885 1111; x_wconf 85' lang='lat' dir='ltr'>enuntiatione</span> <span class='ocrx_word' id='word_1_49' title='bbox 904 1044 979 1108; x_wconf 86' lang='lat' dir='ltr'>duae</span> <span class='ocrx_word' id='word_1_50' title='bbox 998 1050 1107 1127; x_wconf 89' lang='lat' dir='ltr'>partes</span> <span class='ocrx_word' id='word_1_51' title='bbox 1124 1041 1242 1107; x_wconf 82' lang='lat' dir='ltr'>distin-</span> 
     </span>
    </p>

    <p class='ocr_par' dir='ltr' id='par_1_5' title="bbox 109 1147 1380 1241">
     <span class='ocr_line' id='line_1_7' title="bbox 109 1147 1380 1241; baseline -0.006 -21"><span class='ocrx_word' id='word_1_52' title='bbox 109 1174 209 1241; x_wconf 86' lang='lat' dir='ltr'>guere</span> <span class='ocrx_word' id='word_1_53' title='bbox 222 1163 370 1240; x_wconf 84' lang='lat' dir='ltr'>oportet,</span> <span class='ocrx_word' id='word_1_54' title='bbox 390 1157 531 1230; x_wconf 83' lang='lat' dir='ltr'>modum,</span> <span class='ocrx_word' id='word_1_55' title='bbox 547 1164 580 1218; x_wconf 90' lang='lat' dir='ltr'>et</span> <span class='ocrx_word' id='word_1_56' title='bbox 597 1153 779 1219; x_wconf 88' lang='lat' dir='ltr'>orationem</span> <span class='ocrx_word' id='word_1_57' title='bbox 794 1153 918 1236; x_wconf 86' lang='lat' dir='ltr'>ipsam,</span> <span class='ocrx_word' id='word_1_58' title='bbox 935 1169 1010 1234; x_wconf 90' lang='lat' dir='ltr'>quae</span> <span class='ocrx_word' id='word_1_59' title='bbox 1027 1149 1127 1216; x_wconf 91' lang='lat' dir='ltr'>modo</span> <span class='ocrx_word' id='word_1_60' title='bbox 1141 1147 1241 1215; x_wconf 85' lang='lat' dir='ltr'>affici-</span> <span class='ocrx_word' id='word_1_61' title='bbox 1343 1231 1347 1240; x_wconf 33' lang='grc' dir='ltr'>Ι</span> <span class='ocrx_word' id='word_1_62' title='bbox 1368 1175 1380 1202; x_wconf 81' lang='lat' dir='ltr'>u</span> 
     </span>
    </p>

    <p class='ocr_par' dir='ltr' id='par_1_6' title="bbox 11 1243 1419 1670">
     <span class='ocr_line' id='line_1_8' title="bbox 111 1243 1407 1340; baseline -0.004 -11"><span class='ocrx_word' id='word_1_63' title='bbox 111 1274 181 1340; x_wconf 90' lang='lat' dir='ltr'>tur,</span> <span class='ocrx_word' id='word_1_64' title='bbox 196 1273 232 1328; x_wconf 87' lang='lat' dir='ltr'>et</span> <span class='ocrx_word' id='word_1_65' title='bbox 247 1273 383 1329; x_wconf 86' lang='lat' dir='ltr'>vocatur</span> <span class='ocrx_word' id='word_1_66' title='bbox 400 1264 531 1328; x_wconf 88' lang='lat' dir='ltr'>dictum.</span> <span class='ocrx_word' id='word_1_67' title='bbox 1290 1244 1302 1274; x_wconf 74' lang='lat'><strong><em>⁶</em></strong></span> <span class='ocrx_word' id='word_1_68' title='bbox 1342 1243 1407 1275; x_wconf 70' lang='lat'>&#39;⁰¹¹⁰&#39;</span> 
     </span>
     <span class='ocr_line' id='line_1_9' title="bbox 11 1365 1419 1463; baseline -0.001 -24"><span class='ocrx_word' id='word_1_69' title='bbox 11 1454 12 1463; x_wconf 8' lang='grc' dir='ltr'>ἵ</span> <span class='ocrx_word' id='word_1_70' title='bbox 177 1372 268 1438; x_wconf 86' lang='lat' dir='ltr'>Modi</span> <span class='ocrx_word' id='word_1_71' title='bbox 298 1371 393 1456; x_wconf 84' lang='lat' dir='ltr'>logici</span> <span class='ocrx_word' id='word_1_72' title='bbox 421 1370 579 1438; x_wconf 88' lang='lat' dir='ltr'>rationem</span> <span class='ocrx_word' id='word_1_73' title='bbox 603 1367 852 1453; x_wconf 86' lang='lat' dir='ltr'>compositionis</span> <span class='ocrx_word' id='word_1_74' title='bbox 878 1367 1042 1452; x_wconf 87' lang='lat' dir='ltr'>praedicati</span> <span class='ocrx_word' id='word_1_75' title='bbox 1067 1385 1143 1432; x_wconf 91' lang='lat' dir='ltr'>cum</span> <span class='ocrx_word' id='word_1_76' title='bbox 1164 1365 1243 1431; x_wconf 86' lang='lat' dir='ltr'>sub·</span> <span class='ocrx_word' id='word_1_77' title='bbox 1316 1407 1368 1436; x_wconf 71' lang='lat' dir='ltr'>uou</span> <span class='ocrx_word' id='word_1_78' title='bbox 1393 1406 1419 1436; x_wconf 66' lang='lat' dir='ltr'>a</span> 
     </span>
     <span class='ocr_line' id='line_1_10' title="bbox 11 1475 1388 1563; baseline -0.004 -18"><span class='ocrx_word' id='word_1_79' title='bbox 11 1476 12 1537; x_wconf 66' lang='grc' dir='ltr'>ἒ</span> <span class='ocrx_word' id='word_1_80' title='bbox 110 1481 194 1562; x_wconf 87' lang='lat' dir='ltr'>jecto</span> <span class='ocrx_word' id='word_1_81' title='bbox 212 1479 485 1557; x_wconf 83' lang='lat' dir='ltr'>determinantes,</span> <span class='ocrx_word' id='word_1_82' title='bbox 507 1484 643 1563; x_wconf 85' lang='lat' dir='ltr'>possent</span> <span class='ocrx_word' id='word_1_83' title='bbox 660 1496 720 1546; x_wconf 90' lang='lat' dir='ltr'>sex</span> <span class='ocrx_word' id='word_1_84' title='bbox 738 1477 876 1543; x_wconf 91' lang='lat' dir='ltr'>omnino</span> <span class='ocrx_word' id='word_1_85' title='bbox 896 1475 1075 1554; x_wconf 86' lang='lat' dir='ltr'>numerari,</span> <span class='ocrx_word' id='word_1_86' title='bbox 1101 1492 1242 1542; x_wconf 85' lang='lat' dir='ltr'>necessa·</span> <span class='ocrx_word' id='word_1_87' title='bbox 1308 1477 1330 1506; x_wconf 83' lang='lat'>¹¹¹</span> <span class='ocrx_word' id='word_1_88' title='bbox 1382 1478 1388 1506; x_wconf 89' lang='lat'>¹</span> 
     </span>
     <span class='ocr_line' id='line_1_11' title="bbox 11 1562 1239 1670; baseline -0.007 -15"><span class='ocrx_word' id='word_1_89' title='bbox 11 1562 12 1589; x_wconf 46' lang='lat'>¹</span> <span class='ocrx_word' id='word_1_90' title='bbox 110 1589 176 1666; x_wconf 83' lang='lat' dir='ltr'>rio,</span> <span class='ocrx_word' id='word_1_91' title='bbox 190 1587 437 1670; x_wconf 79' lang='lat' dir='ltr'>inpossioititcr,</span> <span class='ocrx_word' id='word_1_92' title='bbox 452 1585 643 1669; x_wconf 79' lang='lat' dir='ltr'>possibiliter</span> <span class='ocrx_word' id='word_1_93' title='bbox 658 1585 884 1669; x_wconf 71' lang='lat' dir='ltr'>contingenter,</span> <span class='ocrx_word' id='word_1_94' title='bbox 910 1601 981 1652; x_wconf 82' lang='lat' dir='ltr'>uere</span> <span class='ocrx_word' id='word_1_95' title='bbox 1010 1587 1042 1650; x_wconf 88' lang='lat' dir='ltr'>et</span> <span class='ocrx_word' id='word_1_96' title='bbox 1057 1585 1147 1669; x_wconf 85' lang='lat' dir='ltr'>saiso</span> <span class='ocrx_word' id='word_1_97' title='bbox 1174 1580 1188 1667; x_wconf 96' lang='lat'>(</span> <span class='ocrx_word' id='word_1_98' title='bbox 1214 1579 1239 1669; x_wconf 92' lang='lat'>).</span> 
     </span>
    </p>

    <p class='ocr_par' dir='ltr' id='par_1_7' title="bbox 112 1689 1241 1778">
     <span class='ocr_line' id='line_1_12' title="bbox 112 1689 1241 1778; baseline -0.005 -18"><span class='ocrx_word' id='word_1_99' title='bbox 112 1696 237 1760; x_wconf 87' lang='lat' dir='ltr'>Verum</span> <span class='ocrx_word' id='word_1_100' title='bbox 252 1695 320 1760; x_wconf 92' lang='lat' dir='ltr'>duo</span> <span class='ocrx_word' id='word_1_101' title='bbox 338 1693 445 1760; x_wconf 89' lang='lat' dir='ltr'>ultimi</span> <span class='ocrx_word' id='word_1_102' title='bbox 464 1693 553 1759; x_wconf 90' lang='lat' dir='ltr'>modi</span> <span class='ocrx_word' id='word_1_103' title='bbox 568 1694 601 1758; x_wconf 92' lang='lat' dir='ltr'>in</span> <span class='ocrx_word' id='word_1_104' title='bbox 621 1690 734 1778; x_wconf 90' lang='lat' dir='ltr'>primis</span> <span class='ocrx_word' id='word_1_105' title='bbox 752 1711 819 1758; x_wconf 93' lang='lat' dir='ltr'>non</span> <span class='ocrx_word' id='word_1_106' title='bbox 838 1692 963 1758; x_wconf 86' lang='lat' dir='ltr'>variant</span> <span class='ocrx_word' id='word_1_107' title='bbox 976 1689 1241 1776; x_wconf 87' lang='lat' dir='ltr'>propositionem</span> 
     </span>
    </p>

    <p class='ocr_par' dir='ltr' id='par_1_8' title="bbox 111 1797 1278 1886">
     <span class='ocr_line' id='line_1_13' title="bbox 111 1797 1278 1886; baseline -0.006 -17"><span class='ocrx_word' id='word_1_108' title='bbox 111 1813 275 1886; x_wconf 89' lang='lat' dir='ltr'>quantum</span> <span class='ocrx_word' id='word_1_109' title='bbox 296 1802 337 1868; x_wconf 90' lang='lat' dir='ltr'>ad</span> <span class='ocrx_word' id='word_1_110' title='bbox 355 1803 457 1886; x_wconf 92' lang='lat' dir='ltr'>ipsius</span> <span class='ocrx_word' id='word_1_111' title='bbox 480 1802 709 1885; x_wconf 86' lang='lat' dir='ltr'>proprietates,</span> <span class='ocrx_word' id='word_1_112' title='bbox 730 1820 768 1866; x_wconf 90' lang='lat' dir='ltr'>ac</span> <span class='ocrx_word' id='word_1_113' title='bbox 788 1799 906 1866; x_wconf 90' lang='lat' dir='ltr'>deinde</span> <span class='ocrx_word' id='word_1_114' title='bbox 931 1797 1088 1884; x_wconf 90' lang='lat' dir='ltr'>implicite</span> <span class='ocrx_word' id='word_1_115' title='bbox 1112 1797 1242 1882; x_wconf 82' lang='lat' dir='ltr'>reperiri</span> <span class='ocrx_word' id='word_1_116' title='bbox 1275 1801 1278 1806; x_wconf 85' lang='lat'>&#39;</span> 
     </span>
    </p>

    <p class='ocr_par' dir='ltr' id='par_1_9' title="bbox 112 1906 1245 1996">
     <span class='ocr_line' id='line_1_14' title="bbox 112 1906 1245 1996; baseline -0.007 -18"><span class='ocrx_word' id='word_1_117' title='bbox 112 1919 255 1996; x_wconf 90' lang='lat' dir='ltr'>possunt</span> <span class='ocrx_word' id='word_1_118' title='bbox 272 1911 307 1975; x_wconf 94' lang='lat' dir='ltr'>in</span> <span class='ocrx_word' id='word_1_119' title='bbox 327 1928 536 1993; x_wconf 89' lang='lat' dir='ltr'>quacumque</span> <span class='ocrx_word' id='word_1_120' title='bbox 556 1909 794 1994; x_wconf 89' lang='lat' dir='ltr'>propositione,</span> <span class='ocrx_word' id='word_1_121' title='bbox 814 1908 884 1974; x_wconf 89' lang='lat' dir='ltr'>sive</span> <span class='ocrx_word' id='word_1_122' title='bbox 903 1906 1040 1991; x_wconf 91' lang='lat' dir='ltr'>simplici</span> <span class='ocrx_word' id='word_1_123' title='bbox 1058 1907 1128 1982; x_wconf 87' lang='lat' dir='ltr'>sive</span> <span class='ocrx_word' id='word_1_124' title='bbox 1151 1925 1245 1972; x_wconf 87' lang='lat' dir='ltr'>corn·</span> 
     </span>
    </p>

    <p class='ocr_par' dir='ltr' id='par_1_10' title="bbox 112 2015 1244 2102">
     <span class='ocr_line' id='line_1_15' title="bbox 112 2015 1244 2102; baseline -0.004 -18"><span class='ocrx_word' id='word_1_125' title='bbox 112 2019 236 2102; x_wconf 88' lang='lat' dir='ltr'>posita,</span> <span class='ocrx_word' id='word_1_126' title='bbox 252 2037 294 2084; x_wconf 89' lang='lat' dir='ltr'>eo</span> <span class='ocrx_word' id='word_1_127' title='bbox 312 2017 400 2082; x_wconf 90' lang='lat' dir='ltr'>enim</span> <span class='ocrx_word' id='word_1_128' title='bbox 416 2017 487 2102; x_wconf 92' lang='lat' dir='ltr'>ipso</span> <span class='ocrx_word' id='word_1_129' title='bbox 501 2018 592 2099; x_wconf 91' lang='lat' dir='ltr'>quod</span> <span class='ocrx_word' id='word_1_130' title='bbox 607 2034 658 2083; x_wconf 90' lang='lat' dir='ltr'>res</span> <span class='ocrx_word' id='word_1_131' title='bbox 672 2025 722 2082; x_wconf 90' lang='lat' dir='ltr'>est</span> <span class='ocrx_word' id='word_1_132' title='bbox 740 2017 792 2082; x_wconf 89' lang='lat' dir='ltr'>vel</span> <span class='ocrx_word' id='word_1_133' title='bbox 812 2023 962 2092; x_wconf 91' lang='lat' dir='ltr'>nonest,</span> <span class='ocrx_word' id='word_1_134' title='bbox 982 2024 1081 2100; x_wconf 89' lang='lat' dir='ltr'>prout</span> <span class='ocrx_word' id='word_1_135' title='bbox 1096 2015 1244 2081; x_wconf 89' lang='lat' dir='ltr'>enuntia-</span> 
     </span>
    </p>

    <p class='ocr_par' dir='ltr' id='par_1_11' title="bbox 111 2123 1250 2210">
     <span class='ocr_line' id='line_1_16' title="bbox 111 2123 1250 2210; baseline -0.005 -17"><span class='ocrx_word' id='word_1_136' title='bbox 111 2137 182 2204; x_wconf 88' lang='lat' dir='ltr'>tur,</span> <span class='ocrx_word' id='word_1_137' title='bbox 198 2143 316 2193; x_wconf 89' lang='lat' dir='ltr'>verum</span> <span class='ocrx_word' id='word_1_138' title='bbox 331 2127 383 2192; x_wconf 87' lang='lat' dir='ltr'>vel</span> <span class='ocrx_word' id='word_1_139' title='bbox 398 2127 517 2193; x_wconf 81' lang='lat' dir='ltr'>falsum</span> <span class='ocrx_word' id='word_1_140' title='bbox 531 2135 582 2192; x_wconf 92' lang='lat' dir='ltr'>est</span> <span class='ocrx_word' id='word_1_141' title='bbox 592 2126 799 2210; x_wconf 86' lang='lat' dir='ltr'>praedicatum</span> <span class='ocrx_word' id='word_1_142' title='bbox 814 2125 922 2191; x_wconf 90' lang='lat' dir='ltr'>inesse</span> <span class='ocrx_word' id='word_1_143' title='bbox 937 2123 1103 2210; x_wconf 88' lang='lat' dir='ltr'>subjecto,</span> <span class='ocrx_word' id='word_1_144' title='bbox 1116 2124 1250 2200; x_wconf 43' lang='lat' dir='ltr'>etiamsi,</span> 
     </span>
    </p>

    <p class='ocr_par' dir='ltr' id='par_1_12' title="bbox 112 2231 1244 2318">
     <span class='ocr_line' id='line_1_17' title="bbox 112 2231 1244 2318; baseline -0.002 -18"><span class='ocrx_word' id='word_1_145' title='bbox 112 2235 235 2301; x_wconf 89' lang='lat' dir='ltr'>diserte</span> <span class='ocrx_word' id='word_1_146' title='bbox 255 2253 322 2300; x_wconf 89' lang='lat' dir='ltr'>non</span> <span class='ocrx_word' id='word_1_147' title='bbox 348 2233 547 2318; x_wconf 83' lang='lat' dir='ltr'>exprimatur</span> <span class='ocrx_word' id='word_1_148' title='bbox 574 2234 706 2301; x_wconf 88' lang='lat' dir='ltr'>modus.</span> <span class='ocrx_word' id='word_1_149' title='bbox 726 2231 848 2309; x_wconf 86' lang='lat' dir='ltr'>Quare,</span> <span class='ocrx_word' id='word_1_150' title='bbox 869 2231 1095 2316; x_wconf 85' lang='lat' dir='ltr'>praetermissis</span> <span class='ocrx_word' id='word_1_151' title='bbox 1112 2233 1244 2298; x_wconf 91' lang='lat' dir='ltr'>duobus</span> 
     </span>
    </p>

    <p class='ocr_par' dir='ltr' id='par_1_13' title="bbox 112 2337 830 2428">
     <span class='ocr_line' id='line_1_18' title="bbox 112 2337 830 2428; baseline 0 -20"><span class='ocrx_word' id='word_1_152' title='bbox 112 2343 185 2409; x_wconf 85' lang='lat' dir='ltr'>istis</span> <span class='ocrx_word' id='word_1_153' title='bbox 197 2340 327 2419; x_wconf 91' lang='lat' dir='ltr'>modis,</span> <span class='ocrx_word' id='word_1_154' title='bbox 343 2351 515 2408; x_wconf 87' lang='lat' dir='ltr'>remanent</span> <span class='ocrx_word' id='word_1_155' title='bbox 533 2353 675 2425; x_wconf 88' lang='lat' dir='ltr'>quatuor</span> <span class='ocrx_word' id='word_1_156' title='bbox 692 2342 745 2408; x_wconf 91' lang='lat' dir='ltr'>alii</span> <span class='ocrx_word' id='word_1_157' title='bbox 764 2337 830 2428; x_wconf 77' lang='lat'><strong>(3).</strong></span> 
     </span>
    </p>

    <p class='ocr_par' dir='ltr' id='par_1_14' title="bbox 112 2448 1449 2748">
     <span class='ocr_line' id='line_1_19' title="bbox 180 2448 1413 2534; baseline 0.003 -19"><span class='ocrx_word' id='word_1_158' title='bbox 180 2450 303 2516; x_wconf 87' lang='lat' dir='ltr'>Modus</span> <span class='ocrx_word' id='word_1_159' title='bbox 315 2468 413 2534; x_wconf 86' lang='lat' dir='ltr'>porro</span> <span class='ocrx_word' id='word_1_160' title='bbox 430 2451 637 2528; x_wconf 78' lang='lat' dir='ltr'>necessitatis,</span> <span class='ocrx_word' id='word_1_161' title='bbox 658 2458 696 2528; x_wconf 87' lang='lat' dir='ltr'>ut</span> <span class='ocrx_word' id='word_1_162' title='bbox 714 2450 849 2532; x_wconf 88' lang='lat' dir='ltr'>planum</span> <span class='ocrx_word' id='word_1_163' title='bbox 869 2457 939 2526; x_wconf 86' lang='lat' dir='ltr'>est,</span> <span class='ocrx_word' id='word_1_164' title='bbox 958 2448 1111 2533; x_wconf 90' lang='lat' dir='ltr'>exprimit</span> <span class='ocrx_word' id='word_1_165' title='bbox 1130 2448 1249 2531; x_wconf 77' lang='lat' dir='ltr'>praedi-</span> <span class='ocrx_word' id='word_1_166' title='bbox 1305 2471 1413 2526; x_wconf 53' lang='lat' dir='ltr'>Quanam</span> 
     </span>
     <span class='ocr_line' id='line_1_20' title="bbox 112 2544 1449 2662; baseline -0.003 -38"><span class='ocrx_word' id='word_1_167' title='bbox 112 2567 226 2624; x_wconf 85' lang='lat' dir='ltr'>catum</span> <span class='ocrx_word' id='word_1_168' title='bbox 255 2557 301 2623; x_wconf 90' lang='lat' dir='ltr'>ita</span> <span class='ocrx_word' id='word_1_169' title='bbox 327 2557 503 2623; x_wconf 78' lang='lat' dir='ltr'>convenire</span> <span class='ocrx_word' id='word_1_170' title='bbox 529 2558 693 2643; x_wconf 89' lang='lat' dir='ltr'>subjecto,</span> <span class='ocrx_word' id='word_1_171' title='bbox 726 2566 763 2622; x_wconf 92' lang='lat' dir='ltr'>ut</span> <span class='ocrx_word' id='word_1_172' title='bbox 791 2571 933 2639; x_wconf 85' lang='lat' dir='ltr'>nequeat</span> <span class='ocrx_word' id='word_1_173' title='bbox 962 2575 1028 2624; x_wconf 92' lang='lat' dir='ltr'>non</span> <span class='ocrx_word' id='word_1_174' title='bbox 1056 2557 1252 2639; x_wconf 82' lang='lat' dir='ltr'>convenire3-</span> <span class='ocrx_word' id='word_1_175' title='bbox 1267 2544 1449 2662; x_wconf 50' lang='grc' dir='ltr'>’Ἤώωω</span> 
     </span>
     <span class='ocr_line' id='line_1_21' title="bbox 113 2633 1421 2748; baseline -0.003 -16"><span class='ocrx_word' id='word_1_176' title='bbox 113 2667 238 2732; x_wconf 92' lang='lat' dir='ltr'>modus</span> <span class='ocrx_word' id='word_1_177' title='bbox 259 2663 534 2746; x_wconf 80' lang='lat' dir='ltr'>impossibilitatis,</span> <span class='ocrx_word' id='word_1_178' title='bbox 554 2666 599 2732; x_wconf 87' lang='lat' dir='ltr'>ita</span> <span class='ocrx_word' id='word_1_179' title='bbox 618 2682 818 2748; x_wconf 82' lang='lat' dir='ltr'>repugnare,</span> <span class='ocrx_word' id='word_1_180' title='bbox 840 2673 877 2729; x_wconf 93' lang='lat' dir='ltr'>ut</span> <span class='ocrx_word' id='word_1_181' title='bbox 896 2672 1038 2746; x_wconf 90' lang='lat' dir='ltr'>nequeat</span> <span class='ocrx_word' id='word_1_182' title='bbox 1056 2663 1242 2744; x_wconf 90' lang='lat' dir='ltr'>convenire;</span> <span class='ocrx_word' id='word_1_183' title='bbox 1351 2633 1421 2664; x_wconf 62' lang='lat' dir='ltr'>‘m&#39;</span> 
     </span>
    </p>

    <p class='ocr_par' dir='ltr' id='par_1_15' title="bbox 28 2772 1249 3502">
     <span class='ocr_line' id='line_1_22' title="bbox 28 2772 1249 2857; baseline -0.003 -16"><span class='ocrx_word' id='word_1_184' title='bbox 28 2834 33 2841; x_wconf 91' lang='lat'>.</span> <span class='ocrx_word' id='word_1_185' title='bbox 113 2776 237 2840; x_wconf 86' lang='lat' dir='ltr'>modus</span> <span class='ocrx_word' id='word_1_186' title='bbox 255 2773 494 2855; x_wconf 76' lang='lat' dir='ltr'>possibilitatis,</span> <span class='ocrx_word' id='word_1_187' title='bbox 510 2773 554 2839; x_wconf 88' lang='lat' dir='ltr'>ita</span> <span class='ocrx_word' id='word_1_188' title='bbox 572 2773 782 2857; x_wconf 88' lang='lat' dir='ltr'>praedicatum</span> <span class='ocrx_word' id='word_1_189' title='bbox 806 2790 840 2838; x_wconf 90' lang='lat' dir='ltr'>se</span> <span class='ocrx_word' id='word_1_190' title='bbox 859 2773 978 2837; x_wconf 88' lang='lat' dir='ltr'>habere</span> <span class='ocrx_word' id='word_1_191' title='bbox 999 2781 1150 2857; x_wconf 90' lang='lat' dir='ltr'>respectu</span> <span class='ocrx_word' id='word_1_192' title='bbox 1169 2772 1249 2839; x_wconf 76' lang='lat' dir='ltr'>sul:-</span> 
     </span>
     <span class='ocr_line' id='line_1_23' title="bbox 109 2880 1247 2969; baseline -0.003 -21"><span class='ocrx_word' id='word_1_193' title='bbox 109 2882 207 2969; x_wconf 84' lang='lat' dir='ltr'>jecti,</span> <span class='ocrx_word' id='word_1_194' title='bbox 227 2888 265 2946; x_wconf 91' lang='lat' dir='ltr'>ut</span> <span class='ocrx_word' id='word_1_195' title='bbox 282 2882 312 2946; x_wconf 90' lang='lat' dir='ltr'>ei</span> <span class='ocrx_word' id='word_1_196' title='bbox 327 2900 394 2947; x_wconf 92' lang='lat' dir='ltr'>non</span> <span class='ocrx_word' id='word_1_197' title='bbox 411 2888 587 2965; x_wconf 59' lang='lat' dir='ltr'>repugnem</span> <span class='ocrx_word' id='word_1_198' title='bbox 603 2900 638 2946; x_wconf 88' lang='lat' dir='ltr'>ac</span> <span class='ocrx_word' id='word_1_199' title='bbox 657 2881 778 2946; x_wconf 91' lang='lat' dir='ltr'>modus</span> <span class='ocrx_word' id='word_1_200' title='bbox 794 2880 1009 2963; x_wconf 61' lang='lat' dir='ltr'>continentie</span> <span class='ocrx_word' id='word_1_201' title='bbox 1023 2882 1177 2958; x_wconf 90' lang='lat' dir='ltr'>demum,</span> <span class='ocrx_word' id='word_1_202' title='bbox 1202 2881 1247 2945; x_wconf 88' lang='lat' dir='ltr'>ita</span> 
     </span>
     <span class='ocr_line' id='line_1_24' title="bbox 113 2987 1243 3076; baseline -0.002 -21"><span class='ocrx_word' id='word_1_203' title='bbox 113 2990 329 3076; x_wconf 86' lang='lat' dir='ltr'>praedicatum</span> <span class='ocrx_word' id='word_1_204' title='bbox 357 2990 465 3054; x_wconf 87' lang='lat' dir='ltr'>inesse</span> <span class='ocrx_word' id='word_1_205' title='bbox 492 2988 656 3073; x_wconf 87' lang='lat' dir='ltr'>subjecto,</span> <span class='ocrx_word' id='word_1_206' title='bbox 691 2997 728 3055; x_wconf 92' lang='lat' dir='ltr'>ut</span> <span class='ocrx_word' id='word_1_207' title='bbox 756 2988 861 3073; x_wconf 87' lang='lat' dir='ltr'>possit</span> <span class='ocrx_word' id='word_1_208' title='bbox 893 2987 991 3055; x_wconf 90' lang='lat' dir='ltr'>etiam</span> <span class='ocrx_word' id='word_1_209' title='bbox 1026 3007 1091 3055; x_wconf 93' lang='lat' dir='ltr'>non</span> <span class='ocrx_word' id='word_1_210' title='bbox 1121 2990 1243 3055; x_wconf 88' lang='lat' dir='ltr'>inesse.</span> 
     </span>
     <span class='ocr_line' id='line_1_25' title="bbox 112 3096 1249 3181; baseline -0.001 -18"><span class='ocrx_word' id='word_1_211' title='bbox 112 3098 275 3181; x_wconf 87' lang='lat' dir='ltr'>Exempla</span> <span class='ocrx_word' id='word_1_212' title='bbox 283 3106 399 3162; x_wconf 90' lang='lat' dir='ltr'>sunto:</span> <span class='ocrx_word' id='word_1_213' title='bbox 416 3096 515 3161; x_wconf 85' lang='lat' dir='ltr'>Homo</span> <span class='ocrx_word' id='word_1_214' title='bbox 531 3096 703 3163; x_wconf 75' lang='lat' dir='ltr'>necessario</span> <span class='ocrx_word' id='word_1_215' title='bbox 713 3097 905 3177; x_wconf 85' lang='lat' dir='ltr'>estanimal,·</span> <span class='ocrx_word' id='word_1_216' title='bbox 921 3097 1007 3163; x_wconf 87' lang='lat' dir='ltr'>homo</span> <span class='ocrx_word' id='word_1_217' title='bbox 1016 3096 1249 3179; x_wconf 80' lang='lat' dir='ltr'>impossibiliter</span> 
     </span>
     <span class='ocr_line' id='line_1_26' title="bbox 111 3203 1249 3286; baseline -0.004 -14"><span class='ocrx_word' id='word_1_218' title='bbox 111 3210 159 3272; x_wconf 85' lang='lat' dir='ltr'>est</span> <span class='ocrx_word' id='word_1_219' title='bbox 169 3204 266 3286; x_wconf 81' lang='lat' dir='ltr'>lapis,</span> <span class='ocrx_word' id='word_1_220' title='bbox 277 3220 347 3269; x_wconf 90' lang='lat' dir='ltr'>seu:</span> <span class='ocrx_word' id='word_1_221' title='bbox 359 3203 546 3286; x_wconf 75' lang='lat' dir='ltr'>repossioitc</span> <span class='ocrx_word' id='word_1_222' title='bbox 554 3207 600 3270; x_wconf 87' lang='lat' dir='ltr'>est</span> <span class='ocrx_word' id='word_1_223' title='bbox 608 3205 759 3271; x_wconf 79' lang='lat' dir='ltr'>hominem</span> <span class='ocrx_word' id='word_1_224' title='bbox 767 3203 986 3286; x_wconf 65' lang='lat' dir='ltr'>assertionem,</span> <span class='ocrx_word' id='word_1_225' title='bbox 1001 3204 1116 3271; x_wconf 83' lang='lat' dir='ltr'>Petrus</span> <span class='ocrx_word' id='word_1_226' title='bbox 1119 3203 1249 3286; x_wconf 85' lang='lat' dir='ltr'>possidi-</span> 
     </span>
     <span class='ocr_line' id='line_1_27' title="bbox 111 3310 1247 3393; baseline -0.002 -14"><span class='ocrx_word' id='word_1_227' title='bbox 111 3314 190 3379; x_wconf 77' lang='lat' dir='ltr'>liter</span> <span class='ocrx_word' id='word_1_228' title='bbox 201 3311 344 3377; x_wconf 83' lang='lat' dir='ltr'>addiscit</span> <span class='ocrx_word' id='word_1_229' title='bbox 352 3310 490 3389; x_wconf 84' lang='lat' dir='ltr'>litteras,</span> <span class='ocrx_word' id='word_1_230' title='bbox 505 3312 569 3378; x_wconf 88' lang='lat' dir='ltr'>vel:</span> <span class='ocrx_word' id='word_1_231' title='bbox 585 3312 736 3380; x_wconf 84' lang='lat' dir='ltr'>Possibilc</span> <span class='ocrx_word' id='word_1_232' title='bbox 747 3312 930 3379; x_wconf 85' lang='lat' dir='ltr'>estPetrum</span> <span class='ocrx_word' id='word_1_233' title='bbox 941 3312 1103 3379; x_wconf 83' lang='lat' dir='ltr'>addiscere</span> <span class='ocrx_word' id='word_1_234' title='bbox 1112 3312 1247 3393; x_wconf 60' lang='lat' dir='ltr'>litteras·</span> 
     </span>
     <span class='ocr_line' id='line_1_28' title="bbox 112 3418 600 3502; baseline 0.002 -18"><span class='ocrx_word' id='word_1_235' title='bbox 112 3430 161 3486; x_wconf 90' lang='lat' dir='ltr'>et:</span> <span class='ocrx_word' id='word_1_236' title='bbox 182 3420 246 3485; x_wconf 82' lang='lat' dir='ltr'>Leo</span> <span class='ocrx_word' id='word_1_237' title='bbox 267 3418 478 3502; x_wconf 82' lang='lat' dir='ltr'>contingenter</span> <span class='ocrx_word' id='word_1_238' title='bbox 485 3419 600 3485; x_wconf 85' lang='lat' dir='ltr'>currit.</span> 
     </span>
    </p>

    <p class='ocr_par' dir='ltr' id='par_1_16' title="bbox 112 3525 1462 4261">
     <span class='ocr_line' id='line_1_29' title="bbox 183 3525 1247 3620; baseline 0.002 -28"><span class='ocrx_word' id='word_1_239' title='bbox 183 3526 283 3592; x_wconf 89' lang='lat' dir='ltr'>Dices</span> <span class='ocrx_word' id='word_1_240' title='bbox 314 3526 405 3620; x_wconf 85' lang='lat' dir='ltr'>forte</span> <span class='ocrx_word' id='word_1_241' title='bbox 427 3526 564 3593; x_wconf 91' lang='lat' dir='ltr'>modurn</span> <span class='ocrx_word' id='word_1_242' title='bbox 588 3525 806 3609; x_wconf 78' lang='lat' dir='ltr'>possibilitatis</span> <span class='ocrx_word' id='word_1_243' title='bbox 834 3536 867 3593; x_wconf 92' lang='lat' dir='ltr'>et</span> <span class='ocrx_word' id='word_1_244' title='bbox 897 3526 1116 3611; x_wconf 71' lang='lat' dir='ltr'>contingentia</span> <span class='ocrx_word' id='word_1_245' title='bbox 1142 3546 1247 3594; x_wconf 90' lang='lat' dir='ltr'>unum</span> 
     </span>
     <span class='ocr_line' id='line_1_30' title="bbox 114 3632 1257 3721; baseline 0.002 -20"><span class='ocrx_word' id='word_1_246' title='bbox 114 3652 256 3720; x_wconf 85' lang='lat' dir='ltr'>prorsus</span> <span class='ocrx_word' id='word_1_247' title='bbox 281 3640 381 3717; x_wconf 85' lang='lat' dir='ltr'>atque</span> <span class='ocrx_word' id='word_1_248' title='bbox 406 3633 494 3700; x_wconf 91' lang='lat' dir='ltr'>idem</span> <span class='ocrx_word' id='word_1_249' title='bbox 519 3633 634 3700; x_wconf 90' lang='lat' dir='ltr'>videri.</span> <span class='ocrx_word' id='word_1_250' title='bbox 661 3632 786 3701; x_wconf 83' lang='lat' dir='ltr'>Verum</span> <span class='ocrx_word' id='word_1_251' title='bbox 814 3654 882 3702; x_wconf 94' lang='lat' dir='ltr'>non</span> <span class='ocrx_word' id='word_1_252' title='bbox 908 3635 952 3701; x_wconf 89' lang='lat' dir='ltr'>ita</span> <span class='ocrx_word' id='word_1_253' title='bbox 978 3647 1047 3713; x_wconf 92' lang='lat' dir='ltr'>est,</span> <span class='ocrx_word' id='word_1_254' title='bbox 1076 3636 1101 3701; x_wconf 93' lang='lat' dir='ltr'>si</span> <span class='ocrx_word' id='word_1_255' title='bbox 1121 3637 1257 3721; x_wconf 72' lang='lat' dir='ltr'>proprie,</span> 
     </span>
     <span class='ocr_line' id='line_1_31' title="bbox 113 3730 1424 3829; baseline 0.006 -20"><span class='ocrx_word' id='word_1_256' title='bbox 113 3741 211 3826; x_wconf 93' lang='lat' dir='ltr'>loqui</span> <span class='ocrx_word' id='word_1_257' title='bbox 229 3730 384 3809; x_wconf 83' lang='lat' dir='ltr'>velimus&#39;.</span> <span class='ocrx_word' id='word_1_258' title='bbox 399 3742 484 3807; x_wconf 89' lang='lat' dir='ltr'>Nam</span> <span class='ocrx_word' id='word_1_259' title='bbox 503 3743 679 3826; x_wconf 77' lang='lat' dir='ltr'>contingens</span> <span class='ocrx_word' id='word_1_260' title='bbox 697 3742 852 3828; x_wconf 86' lang='lat' dir='ltr'>exprimit</span> <span class='ocrx_word' id='word_1_261' title='bbox 870 3744 1010 3809; x_wconf 84' lang='lat' dir='ltr'>sormam</span> <span class='ocrx_word' id='word_1_262' title='bbox 1036 3744 1179 3829; x_wconf 88' lang='lat' dir='ltr'>aliquam</span> <span class='ocrx_word' id='word_1_263' title='bbox 1205 3745 1258 3810; x_wconf 91' lang='lat' dir='ltr'>ita·</span> <span class='ocrx_word' id='word_1_264' title='bbox 1299 3768 1424 3816; x_wconf 64' lang='lat' dir='ltr'>enormen</span> 
     </span>
     <span class='ocr_line' id='line_1_32' title="bbox 113 3839 1442 3957; baseline 0.005 -40"><span class='ocrx_word' id='word_1_265' title='bbox 113 3870 212 3926; x_wconf 88' lang='lat' dir='ltr'>esse,</span> <span class='ocrx_word' id='word_1_266' title='bbox 233 3857 273 3913; x_wconf 94' lang='lat' dir='ltr'>ut</span> <span class='ocrx_word' id='word_1_267' title='bbox 290 3848 394 3933; x_wconf 89' lang='lat' dir='ltr'>possit</span> <span class='ocrx_word' id='word_1_268' title='bbox 412 3868 545 3933; x_wconf 90' lang='lat' dir='ltr'>quoque</span> <span class='ocrx_word' id='word_1_269' title='bbox 564 3868 630 3916; x_wconf 92' lang='lat' dir='ltr'>non</span> <span class='ocrx_word' id='word_1_270' title='bbox 649 3869 741 3929; x_wconf 90' lang='lat' dir='ltr'>esse,</span> <span class='ocrx_word' id='word_1_271' title='bbox 761 3860 860 3934; x_wconf 89' lang='lat' dir='ltr'>atque</span> <span class='ocrx_word' id='word_1_272' title='bbox 879 3850 961 3917; x_wconf 86' lang='lat' dir='ltr'>adeo</span> <span class='ocrx_word' id='word_1_273' title='bbox 981 3870 1047 3918; x_wconf 91' lang='lat' dir='ltr'>non</span> <span class='ocrx_word' id='word_1_274' title='bbox 1067 3862 1118 3918; x_wconf 88' lang='lat' dir='ltr'>est</span> <span class='ocrx_word' id='word_1_275' title='bbox 1136 3870 1258 3937; x_wconf 52' lang='lat' dir='ltr'>neces·⁵</span> <span class='ocrx_word' id='word_1_276' title='bbox 1274 3839 1442 3957; x_wconf 54' lang='lat' dir='ltr'>Jm‘ffllgtslm</span> 
     </span>
     <span class='ocr_line' id='line_1_33' title="bbox 112 3926 1462 4047; baseline 0.001 -21"><span class='ocrx_word' id='word_1_277' title='bbox 112 3959 217 4026; x_wconf 87' lang='lat' dir='ltr'>sario:</span> <span class='ocrx_word' id='word_1_278' title='bbox 237 3964 273 4022; x_wconf 89' lang='lat' dir='ltr'>at</span> <span class='ocrx_word' id='word_1_279' title='bbox 290 3974 369 4022; x_wconf 88' lang='lat' dir='ltr'>vero</span> <span class='ocrx_word' id='word_1_280' title='bbox 381 3956 528 4039; x_wconf 71' lang='lat' dir='ltr'>paudite</span> <span class='ocrx_word' id='word_1_281' title='bbox 551 3956 713 4043; x_wconf 82' lang='lat' dir='ltr'>significat</span> <span class='ocrx_word' id='word_1_282' title='bbox 730 3978 794 4026; x_wconf 87' lang='lat' dir='ltr'>non</span> <span class='ocrx_word' id='word_1_283' title='bbox 811 3960 1049 4043; x_wconf 71' lang='lat' dir='ltr'>repugnantiam</span> <span class='ocrx_word' id='word_1_284' title='bbox 1058 3964 1176 4047; x_wconf 79' lang='lat' dir='ltr'>jorme</span> <span class='ocrx_word' id='word_1_285' title='bbox 1193 3959 1251 4026; x_wconf 87' lang='lat' dir='ltr'>ali·</span> <span class='ocrx_word' id='word_1_286' title='bbox 1279 3926 1462 4039; x_wconf 48' lang='lat' dir='ltr'>ffissssssfr</span> 
     </span>
     <span class='ocr_line' id='line_1_34' title="bbox 113 4062 1249 4151; baseline 0 -19"><span class='ocrx_word' id='word_1_287' title='bbox 113 4067 232 4151; x_wconf 76' lang='lat' dir='ltr'>cujus,</span> <span class='ocrx_word' id='word_1_288' title='bbox 249 4062 498 4149; x_wconf 89' lang='lat' dir='ltr'>praescindendo</span> <span class='ocrx_word' id='word_1_289' title='bbox 513 4063 632 4131; x_wconf 85' lang='lat' dir='ltr'>abhoc</span> <span class='ocrx_word' id='word_1_290' title='bbox 650 4067 741 4150; x_wconf 89' lang='lat' dir='ltr'>quod</span> <span class='ocrx_word' id='word_1_291' title='bbox 756 4068 862 4133; x_wconf 82' lang='lat' dir='ltr'>torma</span> <span class='ocrx_word' id='word_1_292' title='bbox 878 4068 932 4134; x_wconf 87' lang='lat' dir='ltr'>illa</span> <span class='ocrx_word' id='word_1_293' title='bbox 949 4067 992 4135; x_wconf 93' lang='lat' dir='ltr'>sit</span> <span class='ocrx_word' id='word_1_294' title='bbox 1009 4067 1183 4134; x_wconf 81' lang='lat' dir='ltr'>necessario</span> <span class='ocrx_word' id='word_1_295' title='bbox 1197 4069 1249 4135; x_wconf 82' lang='lat' dir='ltr'>vel</span> 
     </span>
     <span class='ocr_line' id='line_1_35' title="bbox 112 4171 1260 4261; baseline -0.001 -21"><span class='ocrx_word' id='word_1_296' title='bbox 112 4172 353 4257; x_wconf 63' lang='lat' dir='ltr'>contingentem</span> <span class='ocrx_word' id='word_1_297' title='bbox 379 4188 446 4238; x_wconf 93' lang='lat' dir='ltr'>non</span> <span class='ocrx_word' id='word_1_298' title='bbox 470 4171 560 4239; x_wconf 92' lang='lat' dir='ltr'>enim</span> <span class='ocrx_word' id='word_1_299' title='bbox 583 4176 693 4240; x_wconf 90' lang='lat' dir='ltr'>solurn</span> <span class='ocrx_word' id='word_1_300' title='bbox 716 4192 792 4257; x_wconf 74' lang='lat' dir='ltr'>quae</span> <span class='ocrx_word' id='word_1_301' title='bbox 811 4174 1043 4261; x_wconf 85' lang='lat' dir='ltr'>contingenter</span> <span class='ocrx_word' id='word_1_302' title='bbox 1061 4183 1160 4253; x_wconf 87' lang='lat' dir='ltr'>sunt,</span> <span class='ocrx_word' id='word_1_303' title='bbox 1190 4175 1260 4241; x_wconf 81' lang='lat' dir='ltr'>sed.</span> 
     </span>
    </p>
   </div>
   <div class='ocr_carea' id='block_1_4' title="bbox 117 4364 380 4382">
    <p class='ocr_par' dir='ltr' id='par_1_17' title="bbox 117 4364 380 4382">
     <span class='ocr_line' id='line_1_36' title="bbox 117 4364 380 4382; baseline -0.015 -1"><span class='ocrx_word' id='word_1_304' title='bbox 117 4364 380 4382; x_wconf 49' lang='grc' dir='ltr'>-μ--ι</span> 
     </span>
    </p>
   </div>
   <div class='ocr_carea' id='block_1_5' title="bbox 153 4454 729 4529">
    <p class='ocr_par' dir='ltr' id='par_1_18' title="bbox 153 4454 729 4529">
     <span class='ocr_line' id='line_1_37' title="bbox 153 4454 729 4529; baseline -0.002 -10"><span class='ocrx_word' id='word_1_305' title='bbox 153 4465 196 4529; x_wconf 84' lang='grc' dir='ltr'>(ι)</span> <span class='ocrx_word' id='word_1_306' title='bbox 233 4456 305 4515; x_wconf 89' lang='lat' dir='ltr'>Vid.</span> <span class='ocrx_word' id='word_1_307' title='bbox 322 4454 356 4515; x_wconf 88' lang='lat' dir='ltr'>S.</span> <span class='ocrx_word' id='word_1_308' title='bbox 370 4456 489 4527; x_wconf 79' lang='lat' dir='ltr'>Thom,</span> <span class='ocrx_word' id='word_1_309' title='bbox 504 4477 538 4516; x_wconf 83' lang='lat' dir='ltr'>ac</span> <span class='ocrx_word' id='word_1_310' title='bbox 549 4456 644 4518; x_wconf 85' lang='lat' dir='ltr'>Tolet.</span> <span class='ocrx_word' id='word_1_311' title='bbox 659 4458 729 4520; x_wconf 87' lang='lat' dir='ltr'>ibid.</span> 
     </span>
    </p>
   </div>
   <div class='ocr_carea' id='block_1_6' title="bbox 117 4535 1263 4711">
    <p class='ocr_par' dir='ltr' id='par_1_19' title="bbox 117 4535 1263 4711">
     <span class='ocr_line' id='line_1_38' title="bbox 152 4535 1246 4624; baseline -0.022 13"><span class='ocrx_word' id='word_1_312' title='bbox 152 4556 197 4620; x_wconf 67' lang='lat'>(²)</span> <span class='ocrx_word' id='word_1_313' title='bbox 233 4547 307 4607; x_wconf 65' lang='lat' dir='ltr'>vid·</span> <span class='ocrx_word' id='word_1_314' title='bbox 320 4548 441 4606; x_wconf 54' lang='lat' dir='ltr'><strong>Auem·</strong></span> <span class='ocrx_word' id='word_1_315' title='bbox 449 4546 499 4605; x_wconf 63' lang='lat'>⁰5²·</span> <span class='ocrx_word' id='word_1_316' title='bbox 510 4547 633 4621; x_wconf 72' lang='lat' dir='ltr'>oense,</span> <span class='ocrx_word' id='word_1_317' title='bbox 646 4535 676 4608; x_wconf 79' lang='lat' dir='ltr'>et</span> <span class='ocrx_word' id='word_1_318' title='bbox 685 4550 765 4610; x_wconf 87' lang='lat' dir='ltr'>Pctr.</span> <span class='ocrx_word' id='word_1_319' title='bbox 776 4548 900 4624; x_wconf 74' lang='lat' dir='ltr'>Hispan.</span> <span class='ocrx_word' id='word_1_320' title='bbox 911 4549 942 4611; x_wconf 86' lang='lat' dir='ltr'>in</span> <span class='ocrx_word' id='word_1_321' title='bbox 952 4550 1111 4623; x_wconf 70' lang='lat' dir='ltr'>Summani,</span> <span class='ocrx_word' id='word_1_322' title='bbox 1126 4564 1210 4613; x_wconf 84' lang='lat' dir='ltr'>tract.</span> <span class='ocrx_word' id='word_1_323' title='bbox 1224 4574 1246 4624; x_wconf 79' lang='lat' dir='ltr'>r.</span> 
     </span>
     <span class='ocr_line' id='line_1_39' title="bbox 117 4632 1263 4711; baseline -0.024 -12"><span class='ocrx_word' id='word_1_324' title='bbox 117 4640 172 4699; x_wconf 85' lang='lat' dir='ltr'>ubi</span> <span class='ocrx_word' id='word_1_325' title='bbox 180 4638 220 4697; x_wconf 84' lang='lat' dir='ltr'>de</span> <span class='ocrx_word' id='word_1_326' title='bbox 232 4656 320 4711; x_wconf 83' lang='lat' dir='ltr'>prop.</span> <span class='ocrx_word' id='word_1_327' title='bbox 339 4632 462 4706; x_wconf 77' lang='lat' dir='ltr'>modali3</span> <span class='ocrx_word' id='word_1_328' title='bbox 475 4637 570 4697; x_wconf 86' lang='lat' dir='ltr'>Tolet.</span> <span class='ocrx_word' id='word_1_329' title='bbox 584 4638 630 4697; x_wconf 86' lang='lat' dir='ltr'>loe</span> <span class='ocrx_word' id='word_1_330' title='bbox 643 4639 693 4708; x_wconf 84' lang='lat' dir='ltr'>cit.</span> <span class='ocrx_word' id='word_1_331' title='bbox 997 4664 998 4667; x_wconf 17' lang='grc' dir='ltr'>η</span> <span class='ocrx_word' id='word_1_332' title='bbox 1244 4648 1246 4655; x_wconf 66' lang='lat'>‹</span> <span class='ocrx_word' id='word_1_333' title='bbox 1259 4648 1263 4655; x_wconf 88' lang='lat'><strong>·</strong></span> 
     </span>
    </p>
   </div>
   <div class='ocr_carea' id='block_1_7' title="bbox 154 4726 921 4803">
    <p class='ocr_par' dir='ltr' id='par_1_20' title="bbox 154 4726 921 4803">
     <span class='ocr_line' id='line_1_40' title="bbox 154 4726 921 4803; baseline 0.008 -18"><span class='ocrx_word' id='word_1_334' title='bbox 154 4734 197 4803; x_wconf 84' lang='lat'>(3)</span> <span class='ocrx_word' id='word_1_335' title='bbox 233 4726 435 4786; x_wconf 65' lang='lat' dir='ltr'>Vidnuctor.</span> <span class='ocrx_word' id='word_1_336' title='bbox 448 4726 557 4800; x_wconf 83' lang='lat' dir='ltr'>Opusc.</span> <span class='ocrx_word' id='word_1_337' title='bbox 572 4728 635 4801; x_wconf 73' lang='lat' dir='ltr'>cit,</span> <span class='ocrx_word' id='word_1_338' title='bbox 649 4743 680 4798; x_wconf 73' lang='lat' dir='ltr'>et</span> <span class='ocrx_word' id='word_1_339' title='bbox 692 4730 785 4798; x_wconf 83' lang='lat' dir='ltr'>Tolet.</span> <span class='ocrx_word' id='word_1_340' title='bbox 801 4730 857 4792; x_wconf 83' lang='lat' dir='ltr'>loe.</span> <span class='ocrx_word' id='word_1_341' title='bbox 871 4730 921 4791; x_wconf 86' lang='lat' dir='ltr'>cit.</span> 
     </span>
    </p>
   </div>
   <div class='ocr_carea' id='block_1_8' title="bbox 1088 4842 1124 4913">
    <p class='ocr_par' dir='ltr' id='par_1_21' title="bbox 1088 4842 1124 4913">
     <span class='ocr_line' id='line_1_41' title="bbox 1088 4842 1124 4913; baseline 0 0"><span class='ocrx_word' id='word_1_342' title='bbox 1088 4842 1124 4913; x_wconf 86' lang='lat'>17</span> 
     </span>
    </p>
   </div>
   <div class='ocr_carea' id='block_1_9' title="bbox 0 0 1756 5525">
    <p class='ocr_par' dir='ltr' id='par_1_22' title="bbox 0 0 1756 5525">
     <span class='ocr_line' id='line_1_42' title="bbox 0 0 1756 5525; baseline 0 0"><span class='ocrx_word' id='word_1_343' title='bbox 0 0 1756 5525; x_wconf 95' lang='lat' dir='ltr'> </span> 
     </span>
    </p>
   </div>
  </div>
 </body>
</html>
