3492 5525
378 474 493 538 Anrrr.
519 487 578 536 an·
599 470 796 538 Rsnsrsnus
818 490 976 539 nrororon.
1140 472 1201 553 669

109 651 257 717 edivina
283 648 457 719 substantae
480 670 641 733 amnossq
662 655 722 717 aut
737 652 883 719 divinam
907 655 1071 721 essentiam
1097 655 1151 721 sui
1172 676 1239 722 ma·

111 760 308 844 nisesranorn
346 762 397 825 vel
430 761 601 827 evolutione
619 758 699 843 fieri
725 760 852 841 omnia,·
887 766 945 828 aui
973 762 1106 847 dentone
1135 764 1238 829 Deum

110 884 179 932 esse
202 886 258 933 ens
280 867 458 933 universale
482 886 537 933 seu
562 866 776 955 indefinitum,
803 871 978 951 quodum
1003 868 1239 936 determinando

111 974 282 1039 corutituat
296 992 404 1040 renem
429 974 664 1049 universitatem
686 974 721 1038 in
736 992 869 1059 genera,
890 976 1004 1057 speeies
1025 980 1056 1041 et
1070 974 1238 1043 {numana

111 1080 282 1164 distincta;
300 1081 462 1148 anathem
480 1078 553 1169 sit(
578 1080 604 1166 ).

165 1277 237 1347 ¹59·
286 1261 480 1330 Psorosrrio
505 1268 556 1346 3.·
601 1266 807 1329 Universale
834 1268 954 1346 nequit
980 1268 1027 1329 ita
1051 1268 1199 1331 existere
1215 1286 1237 1331 a

112 1383 211 1451 parte
229 1372 297 1443 rei,
316 1382 485 1452 quatenus
507 1391 577 1435 una
594 1373 782 1452 eademque
800 1375 938 1437 realiter
955 1392 995 1436 ac
1011 1375 1154 1455 physice
1177 1394 1238 1438 na-

112 1490 193 1543 tura
220 1481 256 1541 in
287 1480 442 1559 pluribus
473 1480 645 1543 distinctis
679 1480 866 1544 individuis
898 1482 1104 1559 reperiatur3
1136 1491 1237 1566 prout

113 1589 237 1650 docere
255 1588 417 1651 videntur
434 1586 592 1651 nonnulli
609 1587 767 1651 Scotistae
781 1606 861 1651 cum
882 1589 1065 1653 Gullielmo
1083 1590 1238 1669 campel-

115 1696 217 1757 lenoi.
1153 1717 1157 1724 ·

163 1856 264 1920 Proh.
288 1868 336 1919 1.⁰
367 1850 414 1921 ln
430 1853 489 1917 hae
503 1851 664 1917 sententia
677 1852 804 1918 videtur
823 1851 1050 1936 pantheismus
1065 1853 1155 1918 vitari
1172 1872 1237 1920 non

115 1976 226 2043 posse.
245 1959 329 2024 Nam
358 1958 441 2024 sicut
469 1976 586 2024 omnes
613 1958 765 2045 homines
791 1978 855 2026 una
884 1959 1010 2025 realiter
1036 1961 1237 2027 humanitate

114 2073 318 2141 constarent,
339 2066 383 2131 ita
402 2066 500 2130 etiam
519 2066 631 2132 omnia
649 2066 799 2135 animalia
818 2067 933 2133 eadem
953 2066 1088 2154 physica
1113 2068 1237 2134 anima-

115 2172 204 2238 litate
228 2184 378 2239 constare
404 2173 577 2248 deberent,
600 2190 784 2257 omnesque
805 2172 995 2239 substantiae
1022 2174 1134 2239 eadem
1161 2175 1240 2241 sub-

114 2280 339 2357 stantialitate,
356 2278 466 2346 omnia
478 2280 614 2346 demum
630 2280 715 2345 entia
729 2282 843 2347 eadem
860 2281 1006 2347 entitate.
1026 2280 1114 2347 Deus
1127 2291 1238 2348 autem
1267 2299 1273 2308 ·
1322 2308 1326 2317 ’

115 2396 165 2453 est
197 2388 394 2463 substantia,
425 2396 457 2453 et
484 2400 533 2455 est
563 2406 638 2465 ens,
660 2398 693 2453 et
711 2389 844 2472 quidem
877 2388 1014 2454 univoce
1041 2391 1239 2455 conveniens

113 2511 190 2560 cum
209 2495 363 2562 omnibus
381 2495 551 2572 creaturiS,
569 2495 595 2560 si
614 2494 772 2562 Scotistas
791 2496 976 2562 audiamus.
993 2495 1077 2580 Ergo
1093 2515 1160 2561 non
1175 2496 1238 2562 erit
1267 2514 1275 2531 ·

115 2601 178 2668 nisi
197 2622 261 2668 una
279 2604 428 2669 omnium
455 2621 563 2669 rerum
588 2595 769 2669 substantia
796 2603 993 2688 entitasque.
1017 2604 1147 2672 Scilicet
1176 2606 1238 2670 hoc

116 2728 184 2775 uno
202 2710 347 2777 contenti
367 2718 444 2776 sunt
463 2710 670 2794 pantheistae.

161 2824 261 2886 Prob.
284 2829 333 2886 2.⁰
379 2819 498 2884 Omnis
517 2827 631 2884 natura
651 2819 775 2884 realiter
785 2819 931 2885 existens
943 2829 993 2885 est
1011 2820 1186 2905 singularis
1206 2829 1239 2886 et

115 2927 264 3010 pluribus
281 2925 606 2995 incommunicabilis.
629 2926 711 3012 Ergo
738 2927 851 3011 nequit
880 2927 998 2993 habere
1029 2948 1048 2991 a
1076 2937 1166 3012 parte
1195 2928 1239 2994 rei

114 3033 403 3101 universalitatem.
427 3033 670 3118 Consequentia
693 3043 782 3117 patet
807 3053 848 3100 ex
877 3034 1083 3119 oppositione
1110 3035 1241 3101 univer·

114 3140 193 3207 salis
211 3157 288 3206 cum
307 3140 476 3226 singulari.

185 3249 391 3316 Antecedens
415 3258 525 3314 autem
551 3248 715 3333 probatur.
750 3247 917 3332 Qridquid
951 3245 1078 3316 realiier
1101 3249 1241 3317 identifi-

113 3368 207 3424 catur
228 3375 304 3423 curn
324 3356 561 3441 singularitate,
585 3356 748 3442 singulare
772 3365 833 3422 est.
860 3355 926 3423 Sed
952 3358 1092 3424 essentia
1117 3359 1242 3424 realiter

114 3464 334 3530 identificatur
362 3483 439 3530 cum
468 3465 690 3549 singularitate
718 3476 816 3547 atque
845 3462 1117 3542 individuatione,
1139 3483 1242 3548 aqua

114 3574 226 3638 solum
260 3572 384 3639 ratione
418 3571 643 3656 distinguitur,
678 3572 961 3654 quemadmodum
995 3571 1028 3636 in
1064 3571 1242 3658 Ontologia

115 3679 310 3746 ostendetur
325 3689 438 3746 contra
455 3679 623 3746 Scotistas.
649 3679 774 3764 Ergo...

163 3794 264 3855 Prob.
286 3797 334 3856 ³.⁰
379 3787 520 3865 Quando
543 3787 660 3853 dicitur
681 3805 746 3853 una
769 3788 950 3870 eademque
979 3796 1093 3853 natura
1119 3787 1244 3853 realiter

115 3913 190 3962 esse
210 3895 242 3960 in
262 3895 408 3978 pluribus
427 3893 618 3969 individuis,
636 3895 686 3960 vel
702 3895 885 3961 admittitur
899 3895 986 3961 illam
1004 3902 1153 3961 naturam
1170 3913 1242 3961 esse

116 4003 249 4088 physice
269 4001 512 4087 multiplicatam
532 4003 565 4068 in
585 4002 663 4080 illis,
685 4004 736 4068 vel
760 4021 838 4068 non.
865 4002 899 4068 Si
922 4003 1084 4087 primum,
1110 4003 1163 4069 illa
1183 4019 1241 4068 na-

116 4119 190 4176 tura
212 4107 282 4176 'non
311 4117 362 4175 est
390 4127 471 4185 una,
502 4109 560 4176 nisi
589 4111 713 4177 unitate
737 4110 975 4186 similitudinis,
1000 4129 1100 4193 quam
1126 4127 1244 4176 omnes

117 4219 275 4294 latemur,
297 4235 363 4283 non
382 4228 494 4284 tamen
520 4217 712 4283 arbitramur
737 4217 888 4285 sufficere
909 4219 950 4284 ad
973 4217 1155 4285 universale
1181 4220 1246 4283 lor-

119 4325 204 4390 male
233 4331 307 4391 actu
339 4324 376 4389 in
404 4325 500 4391 rebus
529 4325 672 4392 existens
705 4327 930 4395 asserendum.
965 4325 1022 4393 Sin
1055 4334 1164 4392 autem
1192 4324 1244 4393 illa

154 4573 195 4644 (r)
231 4572 344 4632 Concil.
362 4572 506 4641 Vatican„
523 4573 647 4634 Constit.
663 4577 831 4652 dogmatica
845 4578 881 4634 rie
896 4576 967 4634 Fide
979 4577 1083 4634 cathol.
1100 4575 1244 4647 Canones,

120 4681 235 4736 paragr.
261 4666 304 4724 De
328 4665 388 4723 Deo
416 4665 525 4724 Rerum
548 4667 675 4724 omnium
699 4665 855 4736 creatore,
880 4685 944 4724 can.
974 4687 1002 4740 4.
1028 4663 1091 4725 cfr.
1117 4679 1205 4739 caput
1231 4686 1241 4726 1

120 4753 252 4824 ejusdcm
267 4752 356 4812 rituli.
