3492 5525
553 414 622 543 '500
671 458 800 523 *Lourcx
815 458 1045 535 MnJon-Lru.
1065 471 1137 536 ψ,
1152 458 1244 522 Dran.
1262 424 1400 523 asem.
1420 463 1491 523 aaa

523 645 583 711 dici
604 647 730 729 possint
747 641 982 732 hypothetica,
1000 646 1075 729 quia
1094 652 1215 711 utnon
1235 644 1358 719 fallant,
1378 643 1475 709 debet
1490 642 1649 725 adimple-

524 752 547 816 ri
568 771 604 817 ac
627 752 768 837 supponi
787 754 856 819 inec
879 750 1041 829 conditio,
1066 752 1156 835 quod
1177 751 1265 816 nulla
1286 753 1369 816 iacta
1387 750 1482 816 luerit
1499 751 1649 833 exceptio

524 878 581 945 per
600 858 792 927 miraculum
817 862 849 927 in
874 860 987 926 ordine
1014 860 1151 925 naturali
1159 876 1175 934 ,·
1193 860 1244 924 vel
1264 857 1297 924 in
1318 858 1432 925 ordine
1456 856 1571 923 morali
1593 873 1651 940 per
1732 847 1734 872 '

523 966 713 1035 exercitium
734 969 901 1052 potentiae,
921 987 997 1052 quae
1010 969 1102 1034 adest
1115 968 1147 1033 in
1163 967 1232 1052 ipsa
1245 963 1353 1032 rerum
1371 966 1504 1052 physica
1519 975 1647 1041 natura,

523 1074 595 1141 licet
610 1075 653 1140 ob
665 1072 832 1142 summam
850 1076 893 1142 rel
912 1076 1137 1141 difficultatem
1155 1093 1220 1140 non
1236 1076 1339 1139 soleat
1353 1076 1386 1140 in
1402 1082 1512 1138 actum
1533 1074 1648 1157 redigi.
1732 1135 1733 1142 ,

590 1190 692 1250 Prob.
725 1192 775 1253 2.⁰
803 1184 924 1251 Motiva
953 1184 1085 1268 triplicis
1113 1173 1211 1269 hujus
1243 1181 1445 1249 certitudinis
1473 1181 1587 1246 omnia
1618 1191 1652 1245 et
1732 1239 1734 1256 ,

497 1330 499 1333 -
522 1288 653 1376 singula
669 1290 894 1358 firmissimum
910 1293 1084 1375 exquirunt
1095 1308 1285 1366 assensum,
1301 1308 1447 1373 eumque
1463 1289 1650 1373 producunt

523 1398 696 1483 intrinsece
724 1418 760 1464 ac
781 1410 895 1466 natura
918 1418 977 1465 sua
996 1398 1209 1464 infallibilem.
1231 1393 1331 1481 Atqui
1350 1414 1506 1471 assensus
1530 1396 1653 1461 rirmis-
1732 1417 1734 1496 j

522 1506 627 1599 simus
644 1527 682 1571 ac
700 1516 812 1572 natura
833 1524 893 1573 sua
911 1506 1083 1572 infallibilis
1097 1516 1206 1571 certus
1224 1507 1336 1594 procul
1354 1504 1457 1570 dubio
1475 1512 1538 1570 est.
1563 1504 1650 1587 Ergo
1732 1515 1734 1590 l

524 1633 590 1680 non
604 1614 711 1680 solum
729 1614 852 1680 motiva
872 1614 1107 1699 metaphysica,
1123 1614 1181 1678 sed
1197 1614 1328 1699 physica
1348 1611 1447 1677 etiam
1467 1620 1499 1676 et
1508 1612 1651 1676 moralia

525 1716 590 1787 ueri
612 1720 752 1787 nominis
771 1722 901 1806 pariunt
917 1721 1159 1787 certitudinem.
1732 1803 1734 1810 y

527 1824 530 1830 ¹
567 1822 734 1896 Probatur
744 1834 856 1912 prima
867 1852 948 1911 pars
958 1834 1113 1912 Maioris.
1164 1828 1346 1893 Assensum
1357 1826 1592 1893 firmissimum
1609 1846 1651 1897 ex
1732 1823 1734 1903 ᾖ

523 1932 703 2020 prudentie
721 1935 894 2002 dictamine
914 1932 1080 2020 postulant
1100 1936 1152 1999 illa
1168 1936 1309 2011 motiva,
1329 1952 1405 2017 quae
1423 1953 1524 2000 omne
1539 1954 1648 2001 remo

523 2052 602 2109 vent
619 2044 745 2109 errandi
764 2044 958 2127 periculum.
980 2043 1080 2126 Atqui
1096 2062 1162 2108 non
1181 2043 1281 2108 modo
1297 2041 1560 2128 metaphysicum
1579 2062 1652 2107 mo

523 2152 627 2217 tivum
644 2200 652 2228 ,
668 2152 725 2217 sed
752 2151 925 2237 physicum
950 2168 1084 2234 quoque
1107 2168 1144 2215 ac
1170 2151 1292 2215 morale
1319 2161 1492 2217 removent
1516 2152 1648 2215 errandi
1732 2137 1734 2210 ἑ

524 2260 718 2344 periculum.
740 2258 823 2323 Nam
844 2258 1024 2343 periculum
1044 2277 1109 2323 non
1125 2270 1174 2324 est
1190 2255 1302 2323 insola
1324 2257 1536 2342 possibilitate
1558 2257 1655 2323 abso·
1732 2276 1734 2348 j

525 2368 591 2434 luta
610 2364 685 2432 mali
705 2364 856 2451 alicujus,
869 2367 928 2432 sed
940 2367 970 2432 in
983 2364 1207 2450 probabilitate
1217 2384 1253 2430 ac
1266 2366 1474 2449 proximitate
1485 2366 1651 2448 ejusdem.
1732 2361 1734 2448 ῗ

525 2475 568 2540 At
588 2474 784 2557 ubicumque
803 2474 919 2541 militat
937 2475 1100 2540 motivum
1125 2476 1236 2558 legum
1258 2473 1468 2561 physicarum
1490 2482 1523 2537 et
1543 2492 1655 2538 mora·
1732 2475 1734 2480 '

525 2582 624 2657 lium,
645 2582 704 2647 nisi
724 2581 807 2647 adsit
825 2581 973 2665 specialis
989 2580 1097 2664 aliqua
1116 2579 1213 2656 ratio,
1235 2570 1340 2665 eaque
1361 2581 1521 2665 prudens,
1545 2580 1656 2664 suspi-
1732 2607 1734 2610 ·

524 2690 616 2756 candi
635 2689 859 2774 exceptionem
872 2709 890 2753 a
901 2689 1043 2775 generali
1056 2691 1146 2774 lege,
1165 2672 1291 2753 nullum
1302 2688 1456 2754 imminet
1468 2686 1652 2773 periculum
1732 2712 1734 2716 ·

500 2797 711 2898 'proximum
728 2817 764 2863 ac
785 2797 949 2882 probabile
969 2797 1125 2863 falsitatis,
1147 2798 1244 2881 Ergo.

591 2905 691 2971 Secus
709 2905 893 2970 timendum
909 2902 988 2969 mihi
1008 2905 1105 2978 soret,
1127 2922 1167 2969 ne
1186 2904 1264 2971 llatu
1285 2905 1349 2971 oris
1372 2905 1436 2969 mei
1455 2923 1532 2970 eum
1551 2923 1646 2978 cum,
1732 2929 1734 2969 ε

522 3032 590 3096 quo
618 3015 751 3096 loquor,
777 3011 985 3090 interficiam,
1016 3013 1067 3078 vel
1087 3030 1129 3077 ne
1155 3013 1263 3096 panis,
1291 3031 1392 3095 quern
1415 3014 1599 3088 manduco,
1618 3014 1651 3078 in

524 3121 663 3206 lapidem
682 3131 906 3198 convertatur,
928 3130 1009 3203 etc.;
1031 3139 1106 3186 nam
1118 3121 1307 3188 haecomnia
1319 3121 1469 3186 absolute
1481 3121 1652 3205 possibilia

523 3237 614 3294 suni.

527 3374 529 3378 .
565 3340 737 3403 Probatur
774 3339 926 3402 secunda
951 3357 1032 3418 pars
1061 3341 1216 3418 Majorie.
1273 3335 1435 3401 Motiium
1469 3337 1654 3402 necessario

523 3463 709 3510 connexum
729 3462 804 3510 cum
829 3443 1023 3527 objecti'seu
1044 3442 1252 3532 enuntiabilis
1272 3443 1425 3519 veritate,
1453 3461 1518 3508 non
1539 3453 1654 3526 potest

525 3570 590 3618 non
611 3551 761 3616 eamdem
785 3550 1024 3617 connexionem
1045 3551 1217 3626 intrinsece
1242 3550 1455 3617 necessariam
1476 3551 1653 3617 refundere
1732 3548 1734 3561 '

524 3659 555 3725 in
572 3667 679 3724 actum
695 3657 908 3744 cognitionis,
929 3659 985 3742 qui
1001 3658 1122 3725 obtule
1137 3658 1300 3724 motivum
1311 3657 1455 3742 ponitur.
1472 3658 1560 3724 Tum
1571 3660 1652 3743 quia
1732 3724 1734 3728 ,

523 3767 602 3832 illud
622 3765 783 3854 motivum
805 3775 855 3831 est
869 3766 1064 3851 principium
1075 3766 1289 3850 cognitionis3
1302 3777 1373 3833 tum
1388 3766 1464 3849 quia
1476 3785 1555 3832 cum
1566 3768 1653 3833 ordo
1732 3792 1734 3867 ᾗ

524 3874 745 3940 intentionalis
765 3873 806 3942 sit
824 3873 1031 3958 reproductio
1050 3874 1172 3940 ordinis
1183 3875 1307 3950 idealis,
1323 3873 1495 3955 objectivae
1510 3876 1655 3941 necessi·
1732 3906 1734 3939 ;

522 3983 597 4056 tati,
618 3981 644 4046 si
666 3982 723 4048 rite
743 3990 944 4066 proponatur
967 3982 1087 4059 menti,
1103 3983 1201 4048 debet
1220 3982 1318 4048 etiam
1341 3982 1374 4046 in
1392 3983 1583 4066 cognitione
1602 3982 1653 4048 si·
1732 3972 1733 4045 ?

523 4089 608 4154 milis
619 4088 814 4172 respondere
828 4089 1020 4170 necessitas;
1032 4090 1256 4173 tumdenique
1267 4089 1344 4172 quia
1353 4091 1451 4155 etiam
1466 4093 1651 4156 necessaria

522 4210 554 4264 et
573 4196 745 4262 intrinseca
755 4198 917 4262 connexio
926 4216 1003 4263 cum
1022 4197 1171 4274 veritate,
1185 4216 1244 4264 seu
1256 4197 1430 4263 intrinseca
1441 4197 1654 4264 infallibilitas

522 4303 723 4370 certitudinis
749 4303 1004 4389 metaphysicae,
1030 4322 1130 4387 quarn
1151 4304 1324 4372 adversarii
1349 4307 1445 4370 unice
1470 4322 1653 4390 agnoscere

522 4412 655 4488 volunt,
679 4411 810 4496 praecise
830 4395 870 4476 ex
886 4413 944 4478 hac
965 4411 1079 4477 motivi
1097 4413 1279 4485 necessaria
1288 4412 1495 4478 connexione
1506 4429 1585 4476 curn
1596 4413 1655 4478 ob

517 4519 595 4606 jecti
614 4519 749 4584 veritate
764 4516 949 4586 efflorescit.
971 4517 1073 4604 Atqui
1092 4520 1215 4589 motiva
1234 4520 1331 4586 etiam
1358 4518 1494 4606 physica
1517 4528 1551 4586 et
1578 4539 1655 4587 mo

521 4621 597 4697 ralia
616 4621 691 4694 vere
711 4625 832 4714 habent
852 4615 1065 4694 necessariam
1085 4628 1324 4693 connexionem
1343 4645 1420 4692 cum
1435 4626 1654 4694 enuntiabilis

521 4734 673 4808 veritate,
690 4735 774 4820 Ergo
792 4735 881 4805 illam
906 4735 1156 4802 communicant
1178 4734 1316 4802 actibus.
1343 4733 1393 4801 Ac
1410 4732 1550 4818 proinde
1567 4753 1649 4802 cum
1732 4790 1734 4817 ,
