3492 5525
547 422 607 487 ore
661 424 788 489 Locren
802 424 1038 499 MnJon-Lru.
1057 441 1127 505 uu,
1143 424 1232 489 urso.
1248 436 1293 508 4.·
1308 424 1388 489 Car.
1406 439 1479 489 aaut

507 605 620 674 adesse
650 627 716 675 non
747 616 873 695 potest:
905 628 972 676 non
999 628 1043 676 ex
1069 610 1239 677 communi
1261 610 1371 694 aliquo
1388 612 1646 687 emolumento,

508 717 634 781 nullum
654 716 775 801 quippe
794 718 937 784 cernitur
961 717 1109 796 bonurn,
1130 719 1221 803 quod
1246 717 1399 790 homines
1421 718 1507 784 adeo
1524 715 1650 783 condi-

505 822 595 889 tione
620 824 766 891 diversos
797 833 912 911 tangat
942 836 1042 909 atque
1060 824 1192 891 alliciat:
1223 844 1291 891 non
1319 825 1443 892 abusus
1467 824 1649 891 abnormis

506 924 662 998 libertatis
685 931 718 997 in
744 932 904 999 violandis
922 932 1051 1019 legibus
1069 933 1267 1011 moralibus,
1292 943 1457 1018 quatenus
1477 932 1647 998 nimirum

506 1048 622 1116 testes,
644 1040 734 1105 nullo
753 1039 813 1105 sibi
833 1040 1001 1125 proposito
1016 1042 1123 1117 bono,
1145 1042 1251 1106 immo
1270 1040 1369 1107 etiarn
1393 1058 1472 1107 cum
1492 1040 1648 1125 periculo
1734 1077 1735 1080 =

506 1157 554 1215 tot
575 1149 754 1224 malorum,
772 1150 989 1231 mentiantur3
1009 1148 1174 1232 siquidem
1194 1148 1384 1235 hujusmodi
1399 1148 1542 1224 abusus,
1565 1146 1647 1213 siin

506 1272 573 1321 uno
598 1256 668 1321 solo
687 1254 821 1320 homine
848 1255 1059 1323 difficillimus
1082 1275 1119 1321 ac
1144 1255 1307 1322 moraliter
1335 1254 1548 1340 impossibilis
1574 1264 1646 1330 est,

507 1364 611 1428 multo
640 1358 746 1447 magis
766 1362 798 1428 in
829 1363 959 1440 multis,
980 1363 1084 1447 iisque
1104 1364 1264 1430 honestis.
1287 1362 1564 1430 concludendum
1592 1372 1649 1428 est

506 1470 603 1556 igitur
624 1470 691 1535 dari
711 1472 912 1554 quandoque
932 1472 1100 1557 adjuncta,
1125 1470 1158 1537 in
1178 1471 1300 1555 quibus
1318 1472 1406 1536 nulla
1426 1478 1536 1555 potest
1561 1488 1649 1553 pru-
1734 1543 1735 1550 ,

506 1578 588 1643 dens
607 1578 647 1643 de
667 1578 800 1643 testium
821 1579 995 1644 veracitate
1014 1579 1187 1647 sollicitare
1202 1579 1351 1645 animum
1367 1578 1519 1644 formido.
1734 1567 1736 1580 ’

573 1684 652 1749 iliud
667 1686 766 1751 etiam
787 1703 846 1768 pro
867 1685 1117 1752 confirmatione
1131 1686 1327 1763 addiderim,
1344 1686 1385 1751 ad
1399 1683 1545 1750 divinam
1563 1686 1649 1750 Pro-

506 1791 682 1857 videntiam
713 1801 890 1876 spectare,
909 1812 950 1858 ne
989 1793 1157 1859 mendacia
1184 1795 1219 1859 in
1252 1793 1442 1879 hujusmodi
1471 1793 1646 1877 adjunctis

505 1897 648 1983 confingi
676 1900 859 1982 permittat,
886 1900 930 1966 ob
959 1900 1152 1985 gravissima
1181 1902 1336 1967 nimirum
1363 1901 1467 1994 maia,
1496 1918 1576 1983 quae
1602 1920 1648 1966 ex

505 2006 625 2072 talibus
644 2006 812 2073 fraudibus
826 2008 860 2074 in
880 2008 1071 2094 religionem
1090 2008 1338 2092 humanamque
1353 2009 1545 2075 societatem
1562 2006 1647 2073 saci-

506 2115 536 2179 le
555 2115 784 2182 redundarent.

365 2247 387 2277 m
429 2246 455 2276 u·
555 2238 628 2309 ¹32·
676 2228 822 2307 Quaeres
836 2234 946 2289 autern
965 2223 1060 2299 sorte,
1076 2224 1156 2306 quid
1173 2222 1349 2288 dicendum
1367 2221 1409 2287 sit
1421 2224 1462 2288 de
1477 2238 1546 2289 uno
1565 2230 1647 2287 tan-

301 2302 406 2349 duntexat
422 2304 482 2349 tertia

387 2386 432 2421 ,m
505 2338 577 2397 tum
610 2336 705 2403 teste,
739 2346 843 2413 nump
876 2330 956 2395 ossit
983 2340 1015 2396 et
1050 2331 1120 2415 ipse
1148 2331 1348 2414 quandoque
1371 2337 1497 2395 certam
1528 2330 1644 2395 iacere
1687 2323 1690 2329 ’

573 2542 709 2609 Videtur
725 2561 791 2608 non
808 2561 882 2609 esse
901 2543 1120 2628 impossibile,
1137 2555 1175 2611 ut
1192 2561 1280 2609 unus
1297 2542 1396 2609 etiarn
1414 2543 1511 2611 testis
1530 2561 1646 2627 quan-

506 2649 615 2734 doque
633 2650 862 2718 certitudinem
886 2650 1011 2736 gignat.
1039 2654 1126 2717 Pone
1151 2651 1240 2718 enim
1270 2651 1365 2716 illurn
1394 2651 1646 2734 spectatissima

506 2758 678 2844 praeditum
699 2776 771 2824 esse
791 2758 1025 2838 sanctimonia,
1047 2778 1183 2844 remque
1196 2758 1305 2826 testari
1321 2758 1506 2844 publicam,
1524 2760 1646 2846 cogni-

506 2875 543 2933 tu
562 2866 764 2942 facillimam,
782 2877 814 2932 et
833 2885 943 2933 coram
963 2868 1001 2934 iis
1029 2867 1119 2934 illam
1139 2887 1282 2944 narrare,
1303 2867 1358 2951 qui
1385 2867 1581 2950 potuissent
1602 2889 1642 2934 ac
1734 2924 1736 2937 .

507 2973 695 3040 debuissent
716 2974 939 3051 mendacium,
958 2977 984 3041 si
999 2977 1090 3059 quod
1109 2977 1236 3052 fuisset,
1258 2977 1449 3059 patefacere,
1469 2982 1502 3040 et
1517 2976 1645 3042 nihilo
1734 2966 1736 3005 ³

508 3081 618 3147 minus
637 3081 765 3147 sileant.
787 3083 894 3148 Nemo
908 3085 941 3148 in
960 3085 1014 3148 tali
1030 3102 1119 3159 casu,
1136 3085 1265 3167 opinor,
1284 3084 1334 3150 vei
1348 3083 1448 3149 unius
1467 3083 1526 3150 viri
1542 3083 1645 3150 testi-

509 3188 658 3255 monium
683 3191 896 3268 recusaverit,
918 3191 998 3276 quin
1022 3190 1215 3258 firmissimo
1239 3208 1376 3258 assensu
1404 3190 1640 3275 amplectatur.

578 3297 742 3363 Caeterum
758 3298 828 3362 haec
846 3299 993 3365 humano
1008 3298 1199 3366 testimonio
1215 3309 1305 3383 parta
1322 3297 1484 3365 certitudo
1503 3299 1646 3384 moralis

509 3415 575 3481 est,
601 3421 668 3470 non
697 3405 835 3492 physica
863 3425 973 3490 neque
1002 3407 1243 3494 metaphysica,
1273 3415 1345 3471 tum
1374 3406 1451 3489 quia
1478 3407 1640 3471 moralem

509 3512 607 3578 habet
635 3513 884 3591 necessitatem,
911 3523 984 3581 tum
1011 3515 1110 3580 etiarn
1138 3513 1216 3598 quia
1233 3513 1383 3581 innititur
1400 3513 1434 3580 in
1453 3512 1641 3583 constantia

510 3623 623 3706 legum
644 3621 818 3699 moralium
838 3619 903 3710 (ι).
1203 3617 1209 3630 “

842 3769 1039 3851 &uruntur
1061 3798 1306 3851 ornicucrnras.

562 3961 634 4030 133.
682 3949 791 4028 objic.
817 3951 865 4012 r.·
911 3943 1091 4029 Nunquam
1113 3952 1221 4030 potest
1232 3944 1477 4020 testimonium,
1497 3943 1642 4012 etiamsi

512 4053 622 4137 plures
641 4060 742 4118 testes
761 4051 901 4117 omnino
922 4051 1006 4128 inter
1024 4069 1061 4117 se
1074 4052 1296 4129 consentiant,
1320 4051 1529 4136 suppeditare
1546 4053 1643 4118 certi·

511 4159 679 4225 tudinem.
700 4159 828 4225 Etenim
849 4158 966 4244 singuli
982 4171 1071 4226 certe
1088 4159 1235 4226 rallibites
1253 4169 1344 4226 sunt.
1360 4159 1445 4246 Ergo
1462 4167 1497 4226 et
1506 4177 1640 4241 omnes;

515 4286 590 4332 nam
620 4267 653 4332 in
679 4267 872 4332 collectione
906 4265 984 4332 nihil
1012 4265 1099 4333 aliud
1129 4276 1192 4343 est,
1222 4266 1282 4334 nisi
1309 4266 1499 4334 testimonia
1525 4266 1643 4353 singu·

515 4377 635 4442 lorum.

552 4627 591 4690 (ι)
605 4621 705 4772 6Vide
718 4621 826 4696 Toup,
842 4623 943 4684 instit.
956 4622 1068 4682 Paltos.
1082 4622 1200 4699 Logia.-
1211 4641 1279 4696 pere
1293 4629 1333 4683 a.¹
1349 4621 1400 4682 iib.
1417 4643 1444 4694 a,
1456 4641 1520 4696 cap.
1537 4645 1566 4699 7,
1584 4639 1640 4684 art.

516 4715 544 4786 8,
560 4733 590 4773 n.
625 4733 669 4788 ²9·
