3492 5525
304 136 418 199 Anno.
438 132 963 218 5.1¹·OnJucrurrarrruourrours
979 135 1117 201 Loorcm
1160 130 1244 221 1¹59

148 328 239 387 certa
268 319 426 387 methodo
455 318 563 386 rimari
593 338 707 405 posse,
739 320 819 407 quid
846 319 888 389 sit
913 339 982 398 res,
1015 338 1139 407 quasve
1169 329 1276 407 partes
1340 374 1347 383 .

150 436 207 494 aut
235 428 361 515 species
386 427 520 505 habeat,
550 426 649 538 etiam
677 426 854 497 immemor
882 439 939 495 aut
960 426 1083 496 inscius
1114 429 1275 497 ulterioris

149 534 285 604 artisi...
288 530 393 625 »r.()

216 650 461 714 confirmetur.
479 642 565 721 Quia
582 654 668 713 artes
686 642 959 712 instrumentariae
978 664 1047 714 non
1072 645 1194 715 habent
1214 665 1273 731 pro

147 750 277 838 objecto
296 752 514 821 attributionis
529 753 784 820 instrumentum
800 755 972 822 dumtaxat
985 748 1272 841 perfectissimum,

147 861 207 927 sed
224 860 334 927 omnia
353 860 571 928 instrumenta
587 863 767 946 completa,
783 862 905 945 quibus
922 861 1072 949 indigent
1089 862 1274 947 superiores

147 965 363 1057 artes···r2>.
474 1042 481 1055 .
573 1044 576 1052 ,

477 1128 671 1199 sorvomor
694 1146 946 1231 orrrrcuuraras.

191 1308 210 1377 3
217 1292 271 1376 58.
317 1297 426 1375 Objic.
450 1290 501 1359 r.⁰
547 1292 614 1359 Nec
634 1293 754 1359 modus
773 1292 895 1359 sciendi
914 1294 1147 1391 generatim'ac
1160 1282 1274 1379 praeci·
1340 1378 1345 1385 .

145 1396 230 1476 sire,
247 1417 307 1465 nec
325 1400 422 1466 etiam
441 1407 538 1484 prout
550 1401 772 1484 complectens
790 1401 915 1485 species
930 1402 1056 1478 varias,
1073 1408 1272 1486 potestesse

145 1507 311 1593 objectum
326 1508 545 1575 attributionis
564 1508 703 1594 Logicae.
725 1510 854 1595 Ergo...

211 1621 313 1685 Prob.
332 1630 444 1683 antec.
467 1634 523 1700 per
542 1626 663 1700 partes.
688 1615 763 1682 Non
783 1617 941 1701 primum.
960 1616 1046 1694 Quia
1064 1615 1139 1684 tinis
1158 1617 1273 1683 intrin-

145 1742 241 1797 secus
271 1722 397 1808 Logicae
427 1724 525 1789 debet
553 1742 625 1791 esse
657 1724 933 1799 instrumentum,
964 1743 1031 1808 quo
1060 1723 1273 1807 acquiruntur

145 1830 298 1898 scientiae.
317 1830 360 1897 At
376 1832 463 1897 nulia
478 1830 654 1915 acquiritur
666 1850 723 1915 per
738 1832 876 1897 modum
895 1830 1018 1897 sciendi
1033 1841 1070 1898 ut
1084 1832 1143 1899 sic.
1163 1833 1269 1910 Adde,

144 1940 235 2023 quod
250 1939 382 2023 Logica,
401 1947 515 2023 utpote
527 1938 661 2005 scientia
676 1939 832 2023 practica,
849 1958 910 2023 pro
924 1938 990 2004 tine
1005 1940 1136 2023 respicit
1150 1940 1271 2023 aliquid

144 2046 323 2131 operabile3
356 2065 422 2112 non
450 2055 501 2112 est
518 2058 628 2113 autem
649 2036 820 2132 operabiiis
840 2046 960 2113 modus
978 2046 1108 2113 screndr.
1119 2056 1156 2112 ut
1174 2047 1219 2113 sic
1237 2056 1271 2114 et

144 2154 298 2239 praecisus
318 2154 359 2220 ab
378 2154 469 2221 omni
489 2155 610 2238 specie.

195 2268 313 2330 Prob.
333 2268 441 2329 altera
459 2286 539 2345 pars
557 2276 670 2329 antec.
696 2263 780 2339 Qria
805 2262 1017 2347 complexum
1046 2281 1087 2328 ex
1114 2208 1269 2356 omnibus
1337 2312 1341 2317 -
1430 2245 1434 2255 ¹

141 2370 313 2455 speciebus
332 2370 421 2436 modi
440 2370 561 2436 sciendi
581 2370 765 2438 nonhabet
786 2370 945 2436 unitatem
976 2370 1038 2436 nisi
1066 2371 1270 2456 aggregatio-

143 2478 205 2547 nis.
222 2476 307 2544 Cum
327 2496 406 2562 ergo
424 2477 557 2545 scientia
575 2478 729 2543 desumat
748 2479 906 2544 unitatem
926 2479 967 2544 ab
986 2458 1269 2564 objectoattribu-

140 2584 257 2662 tionis,
275 2604 342 2651 non
356 2585 474 2673 poterit
490 2586 607 2671 Logica
622 2605 698 2651 vera
713 2586 836 2651 unitate
852 2585 987 2671 praedita
1003 2605 1092 2665 esse,
1109 2587 1136 2652 si
1151 2586 1268 2652 habeat

141 2712 201 2778 pro
220 2693 348 2780 objecto
367 2692 587 2780 attributionis
607 2694 744 2759 modum
765 2692 903 2770 sciendi,
924 2702 1023 2778 prout
1040 2694 1268 2779 complectitur

139 2812 208 2870 tres
225 2802 295 2867 illas
313 2820 390 2867 suas
409 2801 533 2885 species
549 2798 612 2888 (3).

209 2917 314 2993 Resp.
334 2927 407 2992 aeg.
437 2916 543 2975 antec.
572 2894 682 2992 ‘quoad
709 2917 883 2994 utramque
909 2919 1050 2994 partem.
1073 2909 1124 2974 Ad
1150 2910 1269 2993 proba·

139 3019 223 3084 tion.
245 3017 359 3102 primae
386 3017 486 3101 partis
515 3017 699 3101 respondeo
727 3018 865 3083 modum
890 3015 1028 3092 sciendi,
1049 3026 1086 3083 ut
1110 3017 1174 3092 sic,
1194 3035 1267 3083 esse

138 3126 275 3208 quidem
294 3125 553 3192 instrumentum
571 3124 840 3208 acquirendarum
870 3123 1098 3206 scientiarum,
1121 3142 1187 3190 non
1217 3134 1267 3190 ta·

140 3251 218 3300 men
246 3232 459 3316 acquisitione
489 3233 669 3299 exercenda
696 3233 728 3298 in
756 3241 844 3298 statu
875 3231 1116 3309 abstractionis,
1146 3233 1204 3297 sed
1232 3232 1264 3298 in

104 3379 114 3388 -
138 3351 227 3408 statu
245 3339 490 3406 contractionis.
511 3339 548 3405 Et
559 3337 714 3424 similiter
737 3339 823 3405 idem
850 3341 971 3406 modus
987 3335 1131 3416 sciendi,
1151 3347 1188 3404 ut
1205 3339 1263 3416 sic,

138 3457 191 3514 est
204 3447 325 3532 aliquid
344 3447 508 3531 operabiie
527 3466 593 3513 non
613 3466 672 3531 pro
690 3447 747 3512 iilo
766 3453 853 3513 statu
873 3446 1119 3523 abstractionis,
1133 3447 1192 3513 sed
1205 3465 1265 3532 pro

139 3564 226 3622 statu
258 3555 498 3621 contractionis.
529 3553 618 3620 Sicut
647 3554 746 3619 etiam
776 3555 898 3620 domus
927 3554 960 3620 in
993 3573 1130 3640 genere,
1164 3573 1263 3638 quam

139 3663 269 3748 respicit
287 3662 525 3739 Architectura,
543 3670 593 3728 est
611 3681 687 3728 vere
706 3661 896 3746 operabiiis,
913 3662 988 3728 licet
1007 3680 1073 3728 non
1093 3670 1191 3747 prout
1205 3661 1262 3739 sic,

138 3771 198 3837 sed
217 3771 249 3836 in
269 3769 469 3836 individuo·
581 3794 588 3810 ·

207 3877 350 3955 «Quoad
360 3877 492 3942 aiteram
502 3875 771 3960 partem,dicoin
782 3875 943 3960 primisab
955 3875 1096 3942 scientiae
1105 3875 1262 3942 unitatem

138 3983 288 4051 sufficere
303 3984 463 4050 unitatem
482 3983 614 4049 rationis
628 3983 773 4049 formalis
788 3984 851 4049 sub
864 4001 939 4068 quo.
956 3982 1081 4051 Deinde
1095 3982 1263 4069 objectum

138 4091 377 4167 attributionis,
411 4090 502 4174 quod
534 4091 707 4178 ponimus,
742 4109 809 4156 non
842 4091 940 4157 habet
971 4091 1130 4157 unitatem
1162 4091 1264 4158 solius

174 4271 215 4340 (r)
252 4267 397 4337 Lossado,
412 4268 465 4326 loc.
481 4265 540 4334 cit„
558 4287 588 4325 n.
603 4289 631 4340 9.

174 4363 214 4426 (a)
250 4356 395 4425 Loseado,
407 4356 466 4415 loc.
481 4356 544 4428 cit.‚
559 4375 590 4414 ιι.
608 4375 650 4415 ιο.

175 4449 216 4520 (3)
252 4444 340 4520 Apud
355 4445 502 4514 Loesada,
518 4443 572 4506 loe.
588 4443 636 4505 cit.
650 4465 714 4520 cap.
730 4463 775 4516 ro,
792 4465 822 4505 ιι.
846 4466 870 4503 ι.
