3492 5525
364 8 450 55 RTlC·
466 6 526 73 3.¹¹⁸
548 0 663 57 'TRUH
711 17 720 46 ⁸
750 10 804 57 1οΑ
817 12 1031 61 sctErtTlnAlt
1047 4 1239 80 alts13d

161 172 291 239 habitus
309 172 576 257 qualiscumque,
598 174 656 240 sed
680 172 785 241 virtus
807 168 1049 253 intellectualis,
1074 177 1281 262 quandoqui-

160 280 236 346 dem
255 298 385 365 semper
407 280 538 346 inclinat
557 281 597 347 ad
616 281 760 359 bonurn,
781 301 867 351 cum·
880 284 1045 369 proprium
1065 286 1136 369 ejus
1161 285 1203 353 sit
1221 286 1280 355 do·

160 408 232 454 cere
264 388 401 455 modum
432 388 571 466 sciendi,
601 406 659 456 seu
683 388 820 474 dirigere
844 390 940 456 certis
965 392 1092 476 legibus
1118 400 1277 469 mentem,

163 505 198 561 ut
215 494 380 571 ordinate,
408 496 515 571 facile,
536 514 573 560 ac
590 493 660 585 sine
686 515 794 563 errore
812 495 983 565 veritatem
1004 508 1196 582 assequatur
1214 496 1276 587 (ι).

162 604 205 670 At
223 622 300 671 cum
318 602 468 687 quinque
486 601 551 669 sint
569 602 706 669 virtutes
725 604 975 681 intellectuales,
996 606 1278 689 quemadmodum

160 712 308 795 superius
331 710 523 777 monuimus
548 710 761 777 exdoctrina
791 711 974 779 Aristotelis
998 709 1049 801 (2)
1073 724 1105 782 et
1128 713 1163 779 S.
1192 714 1280 780 Tho·

161 838 224 883 mae
242 816 311 906 (3),
328 818 477 884 videlicet
494 805 666 884 intellectus
680 819 931 901 principiorum,
948 820 1120 903 sapientia,
1137 819 1277 897 scientia,

158 926 326 1007 pumentia
343 929 377 991 et
390 944 467 1007 ars;
486 927 696 992 manifestum
720 936 770 993 est
790 926 940 1011 logicam
968 946 1033 993 non
1060 946 1131 994 esse
1155 928 1280 996 intelle-

160 1046 252 1100 ctum
271 1033 519 1119 principiorum,
541 1053 600 1100 nec
615 1033 825 1118 sapientiam,
846 1052 923 1101 curn
945 1052 1011 1101 non
1030 1035 1213 1102 consideret
1231 1054 1278 1101 re·

161 1160 234 1207 rum
254 1142 404 1209 omnium
423 1141 600 1209 altissimas
624 1160 756 1219 causas,
787 1160 890 1225 eaque
918 1142 1059 1227 dignitas
1078 1142 1111 1208 in
1130 1142 1278 1211 strictiori

160 1268 260 1317 sensu
276 1249 332 1314 uni
348 1249 582 1337 Metaphysicae
600 1268 637 1315 ac
658 1248 843 1333 Theologiae
862 1258 1043 1333 competat,
1066 1268 1125 1317 nec
1142 1252 1278 1319 demum

161 1358 366 1442 prudentiam
381 1355 415 1423 in
431 1358 562 1441 proprio
575 1374 688 1433 sensu,
702 1357 776 1449 licet
791 1356 886 1435 latius
902 1356 1011 1425 'vocari
1021 1356 1124 1442 possit
1139 1358 1280 1442 pruden-

161 1467 221 1543 tia,
241 1464 523 1549 quemadmodum
547 1465 685 1546 explicat
708 1464 744 1529 S.
771 1462 916 1531 Thomas
937 1460 1000 1551 (4).
1029 1463 1170 1533 Dubium
1199 1484 1278 1551 ergo

38 1570 39 1580 ’
161 1575 269 1640 solum
289 1579 436 1639 remanet
453 1572 495 1637 de
513 1571 644 1655 reliquis
664 1571 794 1638 duobus
813 1571 975 1639 habitibus
992 1570 1276 1650 intellectualibus,
1354 1641 1358 1659 .

160 1680 293 1748 scientia
306 1688 340 1745 et
357 1688 440 1746 arte.
462 1678 650 1763 Agitarique
668 1678 807 1761 quaestlo
827 1680 911 1746 solet
929 1679 971 1745 de
990 1679 1107 1764 logica
1129 1686 1200 1745 tum
1220 1680 1280 1745 do·

161 1800 273 1865 cente,
289 1798 361 1875 tum
376 1795 501 1854 utente.
523 1785 596 1863 Qua
611 1787 651 1851 de
671 1806 704 1850 re
725 1788 833 1870 plures
853 1787 1036 1853 referuntur
1049 1786 1231 1852 sententiae:
1333 1806 1451 1850 nucinum

227 1896 332 1965 Prima
361 1904 412 1961 est
438 1912 571 1981 eorum,
600 1893 657 1977 qui
684 1893 832 1960 absolute
860 1902 981 1977 negant
1014 1892 1182 1979 Logicam,
1210 1894 1279 1959 sive
1335 1876 1456 2001 'mh‘

161 2006 335 2071 docentem
359 2004 429 2069 sive
448 2010 615 2078 utentem,
636 2019 708 2067 esse
731 2000 911 2067 scientiam.
935 2003 978 2067 lta
1004 2002 1121 2069 docent
1142 2001 1280 2067 Ammo-

162 2115 251 2189 nius,
281 2111 480 2196 Simplicius,
520 2110 737 2193 Philoponus,
771 2110 885 2175 Petrus
911 2108 1010 2193 Niger
1038 2108 1155 2193 aliique
1185 2117 1280 2174 uete-

162 2240 212 2287 res
231 2217 299 2309 (5),
320 2237 461 2303 quorum
481 2218 532 2282 alii
547 2218 698 2282 dixerunt
711 2216 861 2301 logicam
878 2234 949 2281 esse
959 2216 1146 2301 facultatem
1162 2214 1214 2304 (6)
1229 2218 1279 2281 vel

160 2340 262 2395 artem
282 2326 477 2411 quamdam;
498 2325 549 2389 alii
573 2343 650 2390 vero
677 2333 798 2407 negant
825 2332 927 2388 artem
947 2343 1036 2401 esse,
1057 2343 1132 2389 cum
1154 2325 1280 2389 nonsit

161 2436 292 2502 habitus
310 2434 479 2500 effectivus
493 2434 535 2498 ad
553 2443 660 2514 extra;
675 2432 734 2497 sed
749 2431 913 2497 affirmant
932 2427 979 2519 (in
994 2450 1062 2515 quo
1080 2432 1280 2497 conveniunt

161 2545 212 2611 isti
231 2552 380 2609 auctores
397 2536 684 2626 communissime)
702 2538 853 2623 logicam
872 2539 992 2604 debere
1011 2540 1071 2605 dici
1090 2539 1280 2605 instrumen-

161 2656 245 2727 tum,
267 2651 404 2717 modum
424 2658 457 2713 et
476 2648 623 2733 regulam
643 2646 863 2715 scientiarum.

226 2758 375 2826 Secunda
388 2755 548 2824 sententia
563 2775 603 2820 ex
618 2752 769 2839 opposito
783 2755 904 2820 docent
919 2763 1093 2838 utramque
1112 2754 1276 2841 logicam,
1337 2787 1443 2841 ΜΨ,

160 2879 193 2936 et
210 2870 398 2941 docentem,
418 2877 451 2932 et
470 2873 636 2940 utentem,
657 2882 729 2930 esse
751 2862 938 2929 scientiam:
965 2880 1107 2947 proque
1126 2863 1279 2950 opinione

159 2979 297 3045 citantur
315 2974 454 3050 Murcia,
477 2973 603 3039 Caveto
621 2980 654 3037 et
672 2970 812 3038 Didacus
831 2961 849 3036 a
867 2971 956 3052 Jesu.

160 3188 410 3205 -ι-ο--Π

192 3289 233 3351 (ι)
269 3281 345 3341 Vide
359 3279 393 3339 S.
408 3279 526 3346 Thom,
546 3299 568 3335 ι.
584 3297 611 3335 a.
627 3289 731 3348 quaest.
750 3294 780 3350 55
796 3289 827 3336 et
839 3290 943 3350 quaest.
962 3297 1010 3352 57,
1030 3293 1086 3340 art.
1105 3299 1127 3338 ι.
1144 3279 1207 3340 cle.
1224 3279 1278 3340 Se·
1360 3274 1366 3286 '

160 3395 257 3447 mery,
273 3373 391 3449 logie,
406 3368 482 3441 disp.
501 3388 525 3437 ι,
540 3379 644 3439 quaest.
661 3387 692 3439 3,
707 3378 762 3425 art.
777 3367 804 3423 6.

191 3466 233 3532 (2)
270 3460 337 3520 Lib.
353 3459 545 3525 6.·Etlricor.,
560 3476 623 3530 cap.
642 3477 670 3528 3,
686 3475 766 3527 seqq.

191 3559 231 3624 (3)
269 3551 302 3610 ln
316 3551 365 3608 lib.
382 3551 444 3608 6.==
458 3547 599 3616 Erlicor,
615 3545 680 3604 leet}
695 3567 726 3618 3,
742 3565 837 3617 seqq.;
851 3567 873 3604 r.
886 3567 912 3604 a.
928 3561 1032 3620 quoest.
1050 3567 1093 3622 57,
1106 3561 1160 3609 art.
1177 3570 1189 3607 r
1206 3565 1235 3612 et
1248 3571 1275 3610 a.

190 3649 231 3716 (4)
268 3663 294 3700 a.
309 3661 335 3698 a.
352 3653 455 3712 quaest.
470 3657 522 3712 47,
537 3650 592 3694 art.
610 3655 640 3705 a,
653 3635 689 3695 ad
704 3646 764 3693 ιδ’

190 3737 231 3801 (5)
267 3731 354 3804 Apud
365 3727 556 3795 Conimbrie.,
566 3727 707 3796 Dialem,
718 3739 822 3799 qutest.
834 3745 955 3800 prooem.
967 3745 996 3798 4,
1007 3741 1062 3785 art.
1076 3749 1101 3800 33
1114 3727 1275 3804 complut,

153 3823 293 3887 Dialect,
308 3819 385 3891 disp.
400 3839 424 3887 r,
440 3836 560 3889 prooem.
574 3836 603 3887 q.
620 3833 644 3886 5,
661 3835 690 3872 ιι.
701 3837 747 3888 47;
758 3814 924 3886 Mestrium,
934 3830 1037 3888 quaest.
1050 3837 1170 3892 prooem.
1186 3819 1276 3896 loga,

153 3926 209 3980 art,
229 3931 257 3984 4,
279 3929 309 3967 n.
324 3929 370 3980 393
394 3905 536 3973 Rubium,
559 3906 699 3974 Dialect,
715 3924 744 3976 q.
760 3925 787 3962 a.
814 3925 948 3977 prooeor.;
965 3906 1143 3967 Bartholom.
1168 3909 1274 3980 Amin,

156 4001 241 4075 Lep„
259 4012 342 4058 tract.
362 4019 386 4068 1,
400 4016 429 4068 q.
444 4015 472 4070 4,
487 3996 558 4054 dub.
575 4015 601 4052 a.

189 4092 231 4161 (6)
267 4089 392 4148 Nomine
398 4086 563 4158 facultatis
572 4083 656 4144 multi
666 4085 974 4160 intelligerevidcntur
983 4085 1115 4146 habitum
1128 4086 1277 4148 invenien·
1327 4159 1335 4176 ι

154 4181 259 4238 darum
278 4178 427 4236 rationum
449 4175 480 4234 in
494 4188 649 4248 utramque
671 4189 782 4248 partem
803 4175 1055 4245 contradictionis,
1076 4177 1128 4248 qui
1149 4175 1276 4240 scientias

153 4269 328 4343 dignitatern
343 4287 402 4327 non
416 4265 551 4339 attingat.
