3492 5525
852 824 1153 909 ARTICULUS
1183 826 1247 901 ΙΙΙ.
1276 819 1279 833 ’

581 975 592 1004 ’
710 992 781 1059 De
798 992 1065 1076 syllogismo
1083 936 1385 1079 hypothetico.

450 1250 466 1279 ,
555 1206 793 1293 Hypotheticus
819 1206 1033 1295 syllogismus
1068 1217 1130 1286 est,
1159 1210 1215 1294 qui
1245 1210 1354 1294 aliqua
1390 1212 1612 1295 propositione

53 1300 134 1417 ΝΛ
176 1270 240 1399 ,μ
267 1292 334 1409 23³⁹
389 1280 448 1387 tsi
487 1313 697 1401 hypothetica
727 1323 868 1383 constat.
900 1294 1016 1402 itaque
1043 1334 1102 1401 pro
1133 1316 1288 1387 varietate
1321 1319 1609 1405 hypotheticarum

23 1408 49 1452 ¹⁹
119 1390 172 1490 ιω
222 1434 238 1478 l
372 1434 378 1460 ⁸
487 1422 762 1507 propositionum,
784 1443 825 1489 ex
843 1423 963 1508 quibus
982 1424 1126 1491 construi
1150 1433 1271 1509 potest,
1300 1426 1513 1494 dividiturin
1537 1448 1612 1495 con·

31 1588 43 1621 ι
72 1483 113 1557 (ψ
156 1477 221 1611 siff
263 1456 384 1629 Α.
485 1530 677 1607 ditrbnalem,
702 1530 939 1619 disjurrctrbum,
958 1532 1167 1615 copulativam
1185 1537 1218 1599 ct
1235 1536 1402 1610 causalem,
1431 1535 1471 1599 de
1489 1534 1610 1619 quibus
1735 1528 1736 1555 *

29 1654 106 1788 Vp*
154 1616 248 1786 >Nil
289 1613 347 1739 f*
488 1637 627 1708 seorsim
645 1638 786 1707 breviter
804 1641 983 1724 agendum.
1451 1650 1457 1659 '

95 1780 145 1867 js
241 1776 269 1815 Λ

226 1808 244 1840 0

37 1867 93 1976 pr·
149 1843 220 1960 ἓν)
754 1868 1085 1961 §l-Srttoorsuus
1102 1886 1352 1941 conomomus.

102 2000 130 2053 ,ι’

91 2050 99 2085 ¹
537 2071 610 2159 163.
661 2068 897 2138 conditionalis
924 2079 985 2145 est,
1017 2070 1074 2153 qui
1093 2070 1205 2153 Maiori
1231 2078 1358 2137 constat
1387 2069 1609 2149 conditionali,

487 2180 557 2247 sive
575 2180 681 2245 Minor
706 2177 749 2244 sit
771 2195 910 2262 quoquo
924 2176 1162 2254 conditionalis,
1184 2178 1254 2243 sive
1272 2177 1463 2262 categorica.
1490 2177 1612 2244 Exem-

486 2287 539 2372 pla
553 2298 672 2372 praesto
693 2295 784 2353 sunt:
804 2285 843 2353 Si
858 2287 908 2351 sol
924 2287 1016 2361 lucet,
1036 2282 1101 2350 dies
1118 2289 1174 2351 est.
1194 2286 1317 2352 Secsoc
1333 2286 1426 2351 lucet»
1445 2286 1527 2370 Ergo
1544 2287 1613 2353 dies

485 2398 548 2478 esi;
566 2396 605 2463 Si
622 2395 709 2461 homo
725 2395 915 2469 estanimol,
929 2394 1038 2459 vivan
1055 2398 1111 2461 est.
1129 2394 1193 2461 Sed
1201 2394 1233 2459 si
1243 2394 1351 2459 abens
1362 2398 1418 2471 est,
1434 2394 1611 2461 substantia

485 2508 542 2569 est.
563 2504 641 2587 Ergo
660 2503 747 2568 borno
764 2503 796 2567 si
807 2505 856 2567 est
869 2501 1003 2577 animal,
1024 2504 1072 2566 est
1084 2500 1269 2567 substantia.

553 2612 664 2694 ltaque
691 2610 814 2694 duplex
835 2627 941 2694 genus
968 2607 1235 2674 conditionalium
1265 2607 1373 2673 datur:
1404 2610 1549 2694 primum
1569 2630 1612 2676 ex

295 2694 598 2811 “2⁰⁵“2'f125i‘ldajori
625 2717 833 2785 conditionali
852 2725 885 2783 et
910 2716 1027 2783 minori
1047 2715 1226 2802 categorica
1250 2716 1439 2782 continente
1466 2734 1572 2784 unurn
1592 2738 1611 2784 e

487 2827 645 2893 membris
654 2824 1149 2902 conditionalis,conclusionem
1160 2825 1245 2891 elicit
1255 2824 1373 2907 pariter
1382 2826 1609 2910 categoricam,

487 2937 625 3001 alterum
664 2934 852 3000 membrum
886 2931 1111 2999 conditionalis
1150 2931 1388 2998 continentem.
1420 2931 1609 2999 Secundum

486 3059 593 3128 genus
610 3051 740 3107 constat
758 3040 914 3106 omnibus
933 3033 1210 3124 propositionibus
1228 3037 1516 3108 conditionalibus.

411 3177 437 3207 ex
553 3147 829 3216 Conditionalium
851 3149 973 3231 duplex
992 3146 1084 3212 adest
1109 3146 1226 3233 ligura:
1250 3146 1337 3231 prior
1353 3131 1405 3212 est
1422 3167 1474 3225 ea,
1495 3149 1612 3234 inqua

385 3246 409 3278 ¹⁸
487 3277 528 3323 ex
546 3259 758 3324 antecedente
777 3255 1002 3322 conditionalis
1021 3255 1053 3319 in
1075 3253 1192 3319 Minori
1215 3254 1365 3322 absolute
1382 3264 1516 3332 asserta,
1543 3259 1612 3323 col-

487 3367 597 3451 ligitur
624 3365 722 3430 etiam
749 3362 899 3430 absolute
925 3380 1148 3447 consequens,
1179 3372 1215 3427 ut
1248 3363 1280 3428 in
1305 3361 1413 3448 primo
1446 3383 1486 3429 ex
1505 3383 1612 3450 nuper

486 3473 591 3539 allatis
609 3471 780 3557 exemplis.
802 3471 912 3536 Altera
925 3469 1030 3556 figura
1047 3477 1113 3546 est,
1137 3469 1170 3535 in
1186 3488 1251 3553 qua
1269 3489 1311 3536 ex
1326 3480 1445 3555 negato
1459 3472 1610 3538 absolute

486 3581 699 3664 consequenti
715 3579 748 3645 irr
763 3579 899 3655 Minore,
917 3579 1050 3643 insertur
1064 3577 1285 3644 antecedentis
1299 3579 1448 3646 absolute
1462 3581 1606 3666 negatio.

487 3688 531 3754 Ut
548 3689 576 3755 si
594 3690 638 3754 ita
655 3705 785 3773 arguas:
805 3687 845 3755 Si
854 3687 905 3751 sol
920 3688 1012 3762 lucet,
1032 3685 1099 3750 dies
1112 3689 1168 3750 est.
1185 3686 1286 3770 Atqui
1297 3705 1361 3751 nan
1373 3687 1509 3754 estdies.
1526 3689 1612 3772 Ergo

487 3798 536 3863 sol
551 3815 616 3862 non
634 3796 726 3860 lucet.
1146 3817 1150 3824 ·

554 3899 676 3969 Ambae
703 3902 775 3968 istae
792 3901 907 3987 iigurae
930 3901 1131 3967 concludunt
1158 3901 1416 3969 evidentissime.
1441 3903 1480 3968 Et
1505 3904 1612 3987 prima

494 4011 628 4097 quidem
643 4009 823 4077 innititurin
835 4007 985 4093 peculiari
1001 4017 1116 4074 natura
1128 4008 1355 4076 conditionalis
1366 4009 1610 4094 propositionis,

329 4129 425 4175 Elatum
490 4129 524 4185 et
542 4121 644 4203 prima
665 4119 776 4202 regula
793 4115 1115 4198 consequentiarum.
1140 4115 1263 4181 Exinde
1283 4117 1426 4182 manavit
1445 4117 1522 4183 illud
1537 4137 1614 4201 pro-

282 4202 469 4329 Cofflffl„
490 4227 633 4312 logium:
657 4224 930 4300 Conditrbnatum,
951 4223 1119 4308 pumicata
1146 4223 1337 4300 conditione,
1360 4225 1476 4290 transit
1499 4225 1534 4290 in
1555 4225 1613 4290 ab·

318 4347 436 4404 wilm·
489 4337 636 4401 solutum.

311 4420 440 4535 “mis‘’
558 4441 708 4507 Secunda
722 4457 856 4524 quoque
870 4440 974 4523 figura
988 4439 1144 4505 tundatur
1158 4439 1190 4504 in
1202 4437 1611 4525 propriaconditionalium

296 4564 458 4608 enarrer-cu.
490 4549 753 4636 propositionum
769 4557 895 4622 natura,
916 4555 949 4611 et
967 4547 1109 4613 secunda
1127 4547 1200 4632 lege
1218 4546 1541 4629 consequentiarum.

558 4658 678 4723 Praeter
696 4655 779 4720 duas
791 4656 886 4721 hasce
898 4653 1021 4740 tiguras
1040 4655 1128 4719 nulla
1139 4655 1200 4719 alia
1214 4652 1361 4740 legitima
1372 4656 1479 4722 datur.
1495 4657 1612 4740 Neque

489 4763 581 4829 enim
606 4781 649 4828 ex
676 4761 851 4846 negatione
880 4760 1101 4827 antecedentis
1127 4759 1281 4846 colligere
1304 4761 1390 4840 licet,
1420 4761 1452 4829 vi
1482 4764 1610 4844 sormae,
