3492 5525
236 441 351 508 harre.
367 455 428 525 4¹¹·
440 439 492 506 Au
504 459 660 506 rnusrrns
674 461 727 506 srr
740 461 772 506 nr
788 460 898 508 sinen.
913 459 1121 508 mansuerus.
1143 459 1203 525 437

450 677 645 748 Souvuurun
669 693 916 747 orrrrcutrrres.

169 859 224 908 20.
271 847 380 925 Objic.
406 855 455 910 1.⁰
473 839 519 907 Ex
538 840 705 907 communi
733 858 846 908 sensu.
874 841 1002 908 Omnes
1024 840 1114 906 enim
1133 837 1245 907 dicunt

122 949 191 1016 dari
209 949 297 1015 ideas
315 951 411 1018 salsas
429 957 462 1015 et
479 952 642 1032 conceptus
660 950 770 1016 salsos.
790 949 888 1036 Ergo.

191 1064 296 1140 Resp.
315 1055 390 1122 diri.
422 1065 487 1126 ant.
515 1057 727 1142 intelligendo
752 1058 886 1124 nomine
904 1057 1049 1124 idearum
1072 1063 1105 1120 et
1130 1073 1245 1121 conce·

125 1173 244 1249 ptuum
258 1165 394 1251 judicia,
415 1183 517 1242 conc„
542 1163 755 1250 intelligendo
769 1163 933 1249 simplices
955 1163 1242 1249 apprehensiones,

122 1291 215 1357 nego,
238 1273 289 1338 vel
307 1272 456 1350 subdisi,
479 1291 536 1357 per
553 1290 605 1349 se,
625 1292 710 1358 neg„
730 1293 788 1358 per
805 1275 969 1350 accidens,
988 1293 1076 1342 conc.

168 1387 278 1464 Obiic.
298 1390 347 1449 αθ
393 1380 488 1466 Saepe
506 1381 587 1448 ideae
605 1390 683 1449 sunt
701 1381 837 1469 objectis
855 1383 925 1449 suis
947 1383 1127 1451 difformes.
1145 1379 1244 1465 Atqui

6 1473 7 1478 ἵ
125 1488 159 1555 in
179 1489 242 1556 hoc
259 1489 410 1558 consistit
428 1491 562 1557 falsitas.
582 1489 678 1576 Ergo.

193 1604 300 1681 Resp.
322 1599 397 1664 dr'st.
424 1597 538 1682 Major.
564 1595 647 1663 Sunt
674 1597 841 1664 difformes
863 1597 1071 1665 dillormitate
1093 1596 1244 1682 positiva,

125 1723 220 1788 nego,
250 1703 419 1790 negativa,
443 1705 569 1772 conced.
599 1703 637 1770 Et
664 1705 848 1773 contraditi.
875 1704 1008 1782 Minori,
1034 1723 1110 1790 nego
1131 1716 1275 1770 conse--

126 1811 308 1898 quentiam.

169 1925 280 2003 Objic.
301 1919 355 1990 ³.⁰
402 1919 496 2004 Saepe
525 1921 680 1988 volumus
707 1939 906 2006 cognoscere
927 1921 1094 2007 objectum
1117 1918 1249 2003 aliquod

127 2028 400 2106 determinatum,
417 2047 450 2094 v.
465 2047 500 2113 g.
517 2027 754 2105 aurichalcum,
771 2036 804 2093 et
815 2029 1029 2095 eilormamus
1046 2027 1152 2094 ideam
1165 2027 1246 2093 auri.

130 2134 232 2218 Atqui
251 2136 283 2201 in
303 2136 366 2202 hoc
384 2153 459 2202 casu
479 2153 589 2202 revera
607 2135 703 2201 datur
720 2137 882 2221 deceptio.
898 2136 994 2223 Ergo.

196 2249 301 2328 Resp.
316 2244 391 2311 dist.
403 2245 517 2328 Major.
530 2241 567 2308 Et
582 2250 660 2309 tunc
674 2243 823 2327 deceptio
837 2254 887 2311 est
897 2243 929 2309 in
944 2243 1130 2318 voluntate,
1142 2260 1246 2321 conc„

126 2351 159 2415 in
190 2351 372 2428 intellectu,
400 2351 543 2426 otidist„
563 2349 589 2416 si
604 2350 726 2436 judicet
750 2349 829 2417 illud
847 2368 918 2416 esse
941 2369 1074 2426 aurum,
1099 2369 1201 2426 conc„
1221 2346 1248 2416 si

126 2458 235 2524 solum
255 2457 443 2542 simpliciter
462 2458 698 2542 apprehendat,
721 2476 803 2542 neg„
823 2459 876 2524 vel
895 2458 1012 2524 iterum
1029 2458 1190 2542 distinguo
1212 2464 1250 2522 ut

126 2583 243 2650 supra,
265 2584 322 2650 per
338 2583 374 2631 se
392 2583 488 2648 nego,
509 2583 565 2652 per
584 2565 746 2642 accidens,
766 2584 855 2632 conc.

194 2671 229 2738 Si
248 2673 281 2738 in
300 2689 378 2739 casu
397 2673 524 2759 objecto
540 2691 634 2738 mens
648 2672 771 2759 judicet
791 2672 1009 2739 aurichalcum
1025 2689 1099 2738 esse
1117 2689 1247 2750 aurum,

127 2800 202 2847 vere
216 2781 351 2863 fallitur3
372 2781 399 2847 si
414 2781 489 2865 quis
501 2792 611 2849 autem
627 2799 814 2867 proponens
829 2782 890 2849 sibi
905 2781 1125 2848 aurichalcum
1139 2788 1249 2847 mente

126 2898 373 2976 repraesentare,
393 2898 588 2975 conceptum
614 2888 797 2973 simplicem
820 2888 972 2955 efformet
990 2889 1075 2967 auri,
1097 2890 1251 2955 voluntas

125 3008 213 3065 certe
232 3016 251 3061 a
269 3015 370 3080 scopo
388 2997 563 3074 aberravit,
586 3015 651 3063 non
675 3016 754 3063 vero
776 2995 977 3078 intellectus;
999 2996 1074 3081 quia
1097 2996 1251 3063 voluntas

127 3104 261 3191 quidem
281 3104 437 3182 intendit,
458 3113 491 3170 et
509 3104 679 3189 imperavit
697 3112 895 3189 conceptum
921 3104 1106 3181 aurichalci,
1127 3103 1252 3169 intelle-

126 3222 200 3279 ctus
219 3230 298 3279 vero
327 3212 429 3278 hicet
457 3230 543 3278 nunc
566 3212 636 3279 auri
662 3212 842 3297 simplicem
873 3212 997 3278 habens
1023 3212 1252 3296 apprehensio-

128 3339 222 3395 nem,
244 3318 288 3385 illi
307 3328 476 3403 tamquam
491 3320 618 3404 objecto
633 3319 763 3405 proprio
781 3321 1015 3386 conlormatur.

172 3432 281 3510 objie.
302 3426 356 3509 4.⁰
402 3426 497 3511 Saepe
516 3428 613 3492 etiam
632 3426 797 3509 objectum
818 3428 912 3492 aliter
929 3435 1079 3510 apparet,
1100 3445 1136 3491 ac
1156 3423 1252 3492 estin

127 3532 250 3619 seipso.
263 3534 363 3617 Atqui
376 3543 455 3600 tunc
466 3534 736 3619 apprehenditur,
754 3544 849 3619 prout
862 3541 1006 3619 apparet.
1023 3532 1119 3619 Ergo.
1137 3532 1254 3598 Exem-

129 3644 221 3725 plum
242 3640 342 3708 habes
360 3642 393 3708 in
413 3660 522 3719 remo,
548 3642 604 3726 qui
625 3660 752 3709 mersus
770 3643 803 3709 in
832 3660 934 3726 aqua,
962 3643 1083 3707 tractus
1106 3647 1250 3724 apparet,

128 3770 208 3817 cum
225 3760 338 3817 tamen
356 3749 399 3815 sit
417 3750 553 3835 integer.

198 3863 304 3940 Reep.
322 3858 398 3924 dist.
419 3858 493 3944 Maj.
514 3856 551 3923 Et
578 3876 654 3925 cum
674 3858 706 3924 id
725 3860 851 3935 evenit,
880 3858 1045 3944 objectum
1065 3856 1178 3922 talium
1198 3874 1255 3939 ap-

130 3965 386 4052 prehensionum
402 3974 452 4031 est
467 3982 534 4043 res,
552 3974 648 4051 prout
662 3967 758 4031 estin
772 3984 832 4033 sua
847 3966 976 4051 propria
990 3964 1150 4042 realitate,
1166 3982 1252 4049 nep,

131 4080 230 4157 prout
249 4071 299 4137 hic
317 4080 352 4136 et
370 4090 458 4139 nunc
473 4083 624 4157 apparet,
640 4092 728 4139 conc.

202 4179 286 4244 Cum
306 4197 347 4245 ex
365 4190 498 4262 aspectu
518 4181 597 4246 remi
617 4180 649 4247 in
665 4199 749 4264 aqua
763 4180 869 4247 ideam
890 4177 1036 4265 concipis
1050 4179 1131 4245 remi
1151 4177 1253 4256 fracti,

129 4295 310 4370 conceptus
328 4295 407 4353 tuus
424 4306 489 4354 non
506 4287 604 4353 habet
623 4306 681 4372 pro
696 4289 823 4373 objecto
838 4306 966 4355 remum
982 4273 1143 4372 prout'est
1156 4286 1189 4351 in
1205 4304 1254 4363 se,

129 4396 301 4479 integrum
321 4412 458 4478 nempe,
491 4393 549 4461 sed
568 4414 695 4460 remum
715 4397 870 4478 tractum3
900 4395 1040 4479 ideoque
1065 4396 1166 4461 falsus
1183 4412 1257 4461 esse

132 4518 201 4568 non
216 4508 339 4585 potest,
357 4502 420 4569 nisi
435 4502 566 4569 relative
580 4504 621 4569 ad
636 4521 765 4569 remum
780 4504 960 4589 integrum,
976 4502 1081 4587 qualis
1095 4502 1128 4568 in
1142 4520 1179 4595 se
1192 4512 1255 4570 est.

177 4612 258 4691 obj.
279 4608 333 4675 §.⁰
380 4608 413 4674 Si
438 4628 505 4675 non
533 4610 687 4678 darentur
705 4619 883 4696 conceptus
910 4610 998 4686 falsi,
1019 4628 1126 4695 neque
1144 4610 1259 4675 daren-

131 4725 188 4782 tur
203 4714 323 4801 judicia
340 4716 433 4784 falsa.
455 4714 555 4800 Atqui
574 4716 692 4784 dantur
706 4717 825 4804 judicia
845 4719 936 4784 salsa.
949 4717 1033 4804 Ergo
1046 4716 1144 4783 etiam
1163 4715 1257 4783 ideae.
