3492 5525
308 646 437 691 Conlutetur

282 716 462 765 Nominaliamua.

524 394 585 481 658
636 394 760 465 111111
775 392 1006 474 blason-Lm.
1024 390 1196 475 ambae.
1216 392 1351 463 1.·011.
1369 412 1440 461 arm
1682 460 1687 473 ,

537 653 608 720 ¹52·
655 636 848 704 Prorostrto
871 643 918 703 r.¹
952 638 1229 703 Nominelismus
1237 658 1346 719 purus
1354 640 1529 703 absurdus
1541 652 1614 704 est.

530 801 632 863 Prob.
659 802 704 864 r.⁰
749 795 782 863 Si
801 816 878 863 vera
896 808 981 863 esset
1003 795 1217 863 nominalium
1237 796 1418 873 sententia,
1439 798 1616 864 tolleretur

486 921 586 969 omne
604 904 777 970 discrimen
797 904 882 973 inter
903 899 1181 971 voces’univocas
1205 913 1240 970 et
1265 902 1451 987 requivocas
1479 924 1499 971 a
1516 923 1613 971 casu.

488 1009 587 1094 Atqui
605 1030 724 1079 omnes
742 1012 922 1079 admittunt
939 1010 1103 1097 ejusmodi
1120 1010 1308 1093 discrimen.
1329 1011 1456 1096 Ergo...

553 1124 675 1202 Major.
697 1118 743 1183 Ex
762 1119 981 1185 nominalium
1000 1118 1089 1183 enirn
1103 1116 1266 1195 doctrina,
1283 1119 1413 1184 nullum
1428 1126 1480 1185 est
1493 1120 1617 1185 funda·

487 1234 637 1293 mentum
656 1226 725 1293 sive
744 1228 776 1292 in
797 1228 895 1293 rebus
912 1227 982 1293 sive
998 1226 1096 1291 etiam
1116 1225 1149 1290 in
1165 1224 1377 1308 conceptibus
1396 1227 1534 1303 nostris,
1555 1246 1617 1293 cur

487 1350 590 1399 unum
611 1334 765 1418 idemque
784 1352 907 1400 nomen
922 1332 1070 1417 pluribus
1085 1330 1221 1397 diversis
1236 1331 1412 1398 individuis
1425 1330 1618 1418 significan-

485 1440 535 1505 dis
553 1440 754 1509 adhibeatur.
776 1440 879 1524 Atqui
898 1459 1013 1516 voces,
1034 1458 1109 1523 quae
1124 1439 1273 1523 pluribus
1286 1427 1424 1506 diversis
1434 1440 1617 1508 individuis

486 1547 609 1633 absque
629 1550 693 1614 ulla
712 1550 836 1615 ratione
851 1546 1020 1633 objectivae
1035 1546 1171 1631 alicujus
1181 1545 1418 1612 convenientiae
1434 1548 1617 1633 imponun-

486 1666 555 1732 tur,
575 1668 651 1723 sunt
672 1676 752 1741 pure
770 1656 959 1740 aequivoca.
980 1655 1108 1739 Ergo...

553 1768 680 1835 Minor.
701 1763 784 1828 Nam
805 1782 923 1829 omnes
947 1760 1157 1845 distinguunt
1179 1758 1262 1825 inter
1280 1778 1396 1827 vocem
1415 1762 1521 1841 111111,
1542 1782 1611 1847 qua

486 1856 885 1957 significanturindividua
897 1862 1187 1953 bumani'geoeris,
1208 1876 1242 1933 et
1255 1864 1340 1933 inter
1349 1887 1466 1934 vocem
1483 1873 1611 1943 11111111,

486 1977 1002 2061 1111111111111111111111111,
1023 1986 1056 2041 et
1077 1973 1181 2041 monti
1200 1972 1329 2041 cuidam
1349 1974 1447 2043 Asiae.

531 2090 632 2153 Prob.
654 2094 704 2153 a.⁰
750 2084 784 2151 Si
804 2086 931 2151 nullum
949 2092 1037 2151 esset
1055 2082 1307 2149 tundamentum
1328 2084 1417 2149 vela
1435 2096 1527 2167 parte
1551 2085 1611 2159 rei,

486 2194 538 2258 vel
557 2194 591 2259 in
608 2192 821 2278 conceptibus
840 2192 960 2258 mentis
979 2200 1117 2265 nostrae,
1134 2188 1175 2254 ad
1194 2189 1255 2253 boc
1276 2199 1313 2254 ut
1331 2208 1397 2255 una
1415 2210 1498 2257 voce
1517 2194 1614 2277 plura

485 2300 750 2386 designarentur,
772 2318 905 2383 prorsus
923 2296 1096 2365 arbitraria
1119 2296 1225 2361 forent
1247 2314 1445 2365 communes
1471 2300 1535 2365 illae
1555 2321 1614 2385 ap

486 2409 692 2494 pellationes,
708 2407 828 2491 quibus
847 2416 933 2475 certa
950 2406 1102 2491 quaedam
1121 2402 1287 2469 individua
1301 2414 1495 2472 vocarentur
1508 2407 1611 2483 bomo,

486 2524 518 2582 et
536 2524 623 2581 certa
643 2516 702 2581 alia
720 2516 825 2592 canis,
847 2524 909 2581 etc.
928 2513 1026 2596 Atqui
1043 2515 1093 2577 hae
1105 2508 1338 2595 appellationes
1351 2530 1417 2578 non
1430 2522 1615 2597 suntpror-

486 2641 542 2689 sus
562 2622 746 2689 arbitrariae.
765 2622 849 2707 Ergo
868 2622 966 2687 debet
978 2618 1105 2687 admitti
1125 2636 1142 2681 a
1159 2628 1249 2701 parte
1264 2617 1307 2681 rei
1316 2618 1423 2703 aliqua
1433 2622 1513 2689 ratio
1523 2640 1615 2689 com·

487 2733 596 2799 munis
612 2731 771 2816 nominis,
793 2732 932 2815 ideoque
952 2728 1134 2797 universale
1154 2749 1219 2797 non
1244 2732 1278 2796 in
1297 2728 1374 2796 solis
1399 2729 1536 2797 vocibus
1564 2750 1614 2797 re-

486 2839 676 2925 ponendum
697 2849 759 2906 est.

552 2955 676 3033 Major.
708 2947 791 3014 Nam
819 2947 926 3031 aliqua
955 2947 1036 3013 ratio
1062 2966 1136 3014 esse
1154 2946 1251 3014 debet
1274 2964 1332 3014 cur
1357 2954 1444 3013 certa
1473 2947 1613 3014 nomina

484 3057 580 3124 certis
598 3056 796 3139 quibusdam
820 3055 917 3120 rebus
936 3056 1160 3139 imponantur.
1190 3055 1228 3119 Et
1255 3055 1282 3120 si
1303 3054 1384 3120 ratio
1402 3053 1456 3120 illa
1472 3073 1540 3120 non
1561 3067 1613 3122 est

484 3165 661 3231 similitudo
680 3155 786 3247 aliqua
814 3162 920 3238 realis,
940 3163 1065 3246 quaein
1085 3163 1163 3247 ipsis
1182 3162 1318 3247 objectis
1345 3161 1535 3247 reperiatur,
1557 3165 1611 3228 vel

485 3273 600 3338 unicus
618 3279 809 3355 conceptus,
826 3287 894 3354 quo
913 3269 965 3335 illa
985 3277 1272 3354 repraesententur,
1291 3288 1356 3336 non
1380 3280 1531 3336 remanet
1550 3272 1612 3336 alia

483 3399 578 3447 causa
592 3378 821 3446 communium
841 3378 1115 3462 appellationum,
1131 3377 1189 3444 nisi
1201 3377 1370 3444 arbitrium
1385 3377 1609 3462 loquentium.

550 3493 678 3556 Minor.
699 3485 733 3552 Si
748 3486 835 3552 enirn
854 3503 1051 3551 communes
1069 3486 1132 3551 illae
1145 3485 1381 3569 appellationes
1397 3486 1506 3550 forent
1523 3505 1613 3570 pror·

483 3613 540 3662 sus
555 3596 727 3663 arbitrariae
746 3593 936 3679 aquomodo
951 3592 988 3658 frt
1002 3601 1038 3657 ut
1056 3611 1174 3658 omnes
1188 3592 1324 3659 omnino
1342 3576 1467 3676 absque
1487 3597 1612 3677 praevio

483 3712 578 3788 pacto
592 3701 789 3780 conveniant
803 3702 835 3767 in
851 3700 999 3767 vocando
1013 3700 1151 3766 borsines
1163 3710 1252 3766 certa
1263 3701 1416 3784 quedam
1426 3700 1610 3776 individua,

482 3829 558 3896 quae
577 3812 666 3895 prius
686 3827 752 3876 non
767 3809 932 3886 viderant,
950 3817 983 3874 et
996 3816 1082 3872 certa
1100 3809 1161 3872 alia
1177 3807 1366 3872 1111111111

552 3915 619 3984 Cur
642 3935 719 3984 vero
738 3935 804 3982 non
823 3914 1026 3982 conveniunt
1050 3932 1168 3980 omnes
1193 3913 1226 3979 in
1248 3914 1395 3980 vocando
1421 3913 1611 3992 bominem,

482 4044 581 4111 quem
596 4025 684 4110 prius
697 4044 762 4092 non
774 4031 944 4098 noverant,
956 4023 1096 4098 Petrum,
1109 4023 1160 4087 vel
1169 4022 1319 4100 Paulum,
1331 4023 1382 4087 vel
1392 4021 1610 4100 Franciscum,

483 4135 544 4200 nisi
564 4142 741 4219 postquam
765 4130 798 4198 in
813 4131 952 4216 singulis
974 4130 1105 4196 casibus
1124 4127 1295 4196 didicerint
1312 4128 1388 4195 talia
1406 4129 1453 4195 eis
1472 4132 1611 4199 nomina

482 4261 523 4308 ex
538 4243 708 4309 bominum
725 4240 825 4306 libero
840 4238 971 4304 arbitrio
986 4255 1060 4302 esse
1077 4236 1252 4321 imposita?

548 4355 771 4434 Respondent
790 4345 963 4412 adversarii
982 4344 1161 4420 rationem,
1182 4335 1239 4410 cur
1262 4344 1409 4429 pluribus
1430 4344 1612 4414 individuis

482 4477 587 4526 unum
612 4475 792 4524 commune
812 4473 935 4522 nornen
955 4451 1160 4536 imponatur,
1181 4471 1254 4518 esse
1273 4451 1521 4520 similitudinem
1541 4455 1614 4522 illo-

481 4586 554 4634 rum
575 4565 659 4632 inter
678 4583 725 4632 se.
748 4561 848 4647 Atqui
868 4559 1038 4645 responsio
1054 4560 1123 4625 lraec
1141 4559 1280 4626 destruit
1297 4570 1446 4647 systema
1459 4561 1614 4630 nomina·

480 4672 580 4743 lisrni.
611 4676 695 4742 Nam
721 4670 901 4738 similitudo
925 4669 978 4734 illa
1003 4667 1101 4733 rebus
1133 4666 1219 4733 inest
1244 4668 1475 4736 antecedenter
1507 4677 1614 4756 atque
