3492 5525
534 502 538 509 ·
582 488 643 573 908
702 456 825 557 Loorcx
838 493 1068 567 Maron-Lm.
1086 506 1156 569 2³¹¹,
1174 490 1262 555 Drsn.
1275 505 1319 575 4·
1335 490 1413 555 Can.
1433 508 1501 557 istm

543 684 595 741 est
612 676 719 760 praxis
737 678 833 744 mala.
853 674 905 765 (1)
925 676 963 743 Et
981 692 1014 741 re
1029 675 1163 759 quidem
1179 694 1254 739 vera
1271 676 1394 760 duplex
1406 676 1568 743 rectitudo
1586 696 1654 742 con-

542 782 672 848 siderati
692 794 799 868 potest
816 784 850 849 in
869 784 977 868 praxi,
1003 802 1068 849 una
1088 782 1236 859 moralis,
1261 801 1336 866 quae
1363 785 1448 849 solet
1484 783 1546 850 dici
1572 784 1655 849 recti·

543 887 623 956 tudo
654 890 686 955 in
715 910 794 966 usu,
824 892 919 956 aliam
952 889 1095 977 generali
1125 890 1259 957 nomine
1291 908 1469 974 possumus
1501 892 1655 976 appellare

542 997 755 1074 artificialem,
776 1017 851 1083 quae
864 998 926 1065 dici
941 998 1038 1066 etiam
1058 998 1143 1063 solet
1161 996 1270 1080 quoad
1285 999 1470 1065 facultatem
1491 1000 1651 1083 operandi:

542 1123 617 1188 quae
643 1105 717 1171 duae
745 1106 952 1172 rectitudines
985 1114 1018 1171 et
1044 1104 1193 1171 divissim
1226 1113 1258 1169 et
1289 1107 1492 1192 conjunctim
1523 1118 1654 1190 possunt

543 1213 671 1296 reperiri
689 1214 722 1278 in
741 1195 843 1298 praxi.
870 1215 955 1281 Nam
974 1213 1001 1279 si
1021 1213 1094 1297 quis
1113 1212 1238 1297 optime
1263 1212 1438 1298 depingat,
1464 1231 1531 1280 non
1551 1222 1653 1279 tamen

543 1329 627 1387 tecta
646 1321 842 1399 intentione,
868 1322 929 1387 erit
948 1320 1054 1406 praxis
1079 1332 1164 1386 recta
1186 1320 1375 1398 artificiose,
1397 1339 1463 1385 non
1484 1323 1651 1401 moraliter,

542 1438 576 1493 et
594 1447 805 1506 econverso,
827 1429 854 1495 si
872 1431 960 1495 bona
979 1428 1158 1494 intentione
1185 1439 1218 1494 et
1237 1427 1413 1511 prudenter
1435 1430 1607 1513 depingat,
1626 1444 1652 1493 et

543 1554 609 1601 non
624 1537 720 1620 juxta
738 1537 866 1622 regulas
885 1536 978 1611 artiS,
1000 1536 1060 1600 erit
1086 1534 1193 1619 praxis
1214 1535 1376 1600 moraliter
1402 1546 1507 1613 tecta,
1530 1556 1595 1603 non
1613 1550 1653 1601 ta-

543 1662 619 1709 mett
639 1642 825 1725 artificiose3
842 1645 868 1711 sl
888 1662 966 1709 vero
982 1654 1162 1726 utrumque
1177 1642 1310 1717 habeat,
1330 1641 1390 1708 erit
1405 1654 1547 1728 utroque
1561 1646 1651 1710 modo

543 1762 639 1817 recta.
661 1750 770 1818 Praxis
788 1770 866 1837 ergo
886 1751 1042 1817 abstrahit
1062 1751 1102 1815 ab
1122 1758 1258 1832 utraque
1273 1750 1478 1817 rectitudine.
1503 1753 1540 1817 Et
1553 1764 1653 1836 praete·

543 1878 595 1923 rea
613 1859 640 1924 si
658 1859 856 1943 generaliter
883 1861 1073 1941 loquamur,
1102 1856 1259 1923 abstrahit
1287 1858 1383 1925 etiam
1413 1879 1432 1923 a
1457 1860 1649 1936 rectitudine;

541 1967 637 2031 datur
663 1965 751 2032 enim
772 1965 877 2050 praxis
896 1966 1011 2031 vitiosa
1042 1964 1160 2049 duplici
1189 1965 1289 2030 modo
1317 1967 1470 2049 opposito
1501 1968 1649 2050 predicte

542 2073 661 2157 duplici
679 2072 905 2140 rectitudinis»
928 2070 991 2160 (a).

396 2220 452 2269 ve„
586 2184 663 2264 258.
710 2188 828 2265 Itaque
851 2202 935 2248 vera
952 2186 1047 2247 notio
1064 2186 1181 2262 praxis
1198 2187 1277 2246 haec
1303 2194 1373 2258 est,
1396 2189 1433 2245 ut
1458 2180 1500 2246 sit
1518 2184 1602 2246 actio
1620 2182 1647 2243 r'n

381 2295 480 2379 definiti·
541 2293 648 2353 nostro
665 2288 851 2353 constitutio
862 2290 1030 2369 potestate,
1058 2290 1211 2371 quatenus
1228 2286 1401 2369 dirigibilis
1416 2288 1647 2373 autregrrtotitis

259 2384 263 2394 ’
387 2382 468 2423 ''¹⁸¹¹''
536 2402 596 2479 per
612 2396 779 2461 humanam
796 2394 949 2461 rationem
976 2392 1040 2481 (3).
1072 2393 1154 2459 ilinc
1182 2395 1360 2477 practicum
1389 2404 1440 2459 est
1457 2395 1551 2472 illud,
1571 2396 1646 2477 quod

541 2502 665 2587 praxim
683 2502 845 2577 continet,
865 2504 916 2567 vel
936 2501 1034 2567 servit
1053 2500 1153 2585 praxi.
1176 2502 1285 2583 Atque
1301 2501 1382 2566 adeo
1396 2502 1510 2567 notitia
1525 2503 1646 2586 pracdca

541 2620 591 2677 est
609 2610 679 2687 illa,
699 2628 774 2692 quae
791 2608 899 2693 dirigit
918 2610 969 2675 vel
991 2608 1113 2692 regular
1133 2608 1354 2690 operationem
1375 2627 1434 2675 seu
1459 2610 1592 2693 praxim.
1617 2608 1643 2671 Et
1710 2602 1711 2625 ³

540 2716 616 2802 quia
634 2717 743 2784 nullus
761 2725 851 2784 actus
871 2714 998 2801 proprie
1017 2715 1161 2799 seipsum
1178 2714 1302 2799 dirigit,
1321 2716 1379 2781 sed
1406 2716 1509 2793 aliud,
1529 2716 1642 2784 scientia

540 2827 593 2891 vel
610 2826 755 2911 cognitio
773 2824 910 2909 practica
928 2822 1139 2908 distinguitur
1157 2842 1175 2886 a
1202 2823 1305 2907 praxi,
1331 2842 1432 2906 quam
1451 2825 1568 2910 dirigit.

382 2978 468 3035 om
610 2932 772 2999 Ceterum
792 2933 985 3017 practicum,
1006 2931 1089 2998 sicut
1104 2938 1137 2994 et
1153 2930 1276 3015 praxis,
1296 2941 1333 2996 ut
1350 2949 1455 3016 nuper
1467 2933 1643 2998 notabamus
1709 3009 1710 3016 ἵ

340 3053 459 3107 eratictcum
478 3067 519 3098 κιι
541 3060 583 3106 ex
601 3039 739 3106 Doctore
757 3038 898 3116 Eximio,
919 3039 1041 3122 duplex
1055 3047 1122 3113 est
1138 3039 1277 3102 alterum
1295 3041 1435 3116 morale,
1456 3041 1589 3106 alterum
1606 3058 1644 3103 ar·
1709 3040 1710 3097 l

343 3125 517 3241 μω
456 3197 507 3241 ⁸,
542 3146 681 3213 titiciale.
717 3147 898 3213 Practicum
932 3147 1054 3212 morale
1090 3145 1219 3229 respicit
1251 3146 1478 3212 rectitudinem
1511 3167 1641 3217 morum

541 3264 704 3339 quatenus
721 3254 805 3322 actio
819 3263 1007 3321 exerceatur
1021 3253 1204 3318 secundum
1234 3254 1362 3338 regulas
1384 3255 1579 3323 honestatis:
1594 3258 1643 3320 hor

542 3371 636 3448 pacto
667 3371 718 3429 est
745 3363 883 3447 practica
914 3360 1103 3445 prudentia,
1128 3361 1222 3444 cujus
1252 3361 1421 3444 proprium
1452 3373 1502 3428 est
1529 3363 1641 3432 dictare.
1708 3367 1709 3445 l

542 3471 711 3554 quomodo
730 3469 780 3536 hic
802 3479 835 3535 et
853 3488 942 3536 nunc
957 3470 1091 3534 honeste
1114 3467 1195 3533 stant
1213 3467 1369 3535 actiones.
1387 3469 1563 3536 Praeticum
1582 3487 1643 3532 vero

543 3577 704 3643 artificiale
723 3579 848 3662 regulat
867 3576 1093 3642 rectitudinem
1113 3577 1358 3654 artetactorum,
1385 3586 1422 3641 ut
1439 3577 1521 3643 stant
1546 3595 1644 3644 secun·

542 3687 622 3750 dum
643 3685 771 3769 regulas
790 3684 884 3751 attis·
905 3703 972 3767 quo
999 3682 1098 3748 modo
1118 3682 1255 3766 practica
1274 3692 1323 3749 est
1342 3704 1375 3749 v
1395 3704 1430 3769 g.
1448 3703 1499 3751 ars
1517 3685 1642 3770 pictoria.
1707 3703 1708 3795 p

545 3793 753 3876 «Utrumque
773 3793 967 3876 practicum,
985 3792 1067 3857 utin
1082 3801 1155 3856 actu
1172 3791 1318 3858 secundo
1332 3794 1499 3876 perveniat
1524 3793 1562 3858 ad
1575 3809 1643 3875 opus

543 3901 614 3966 sive
631 3899 672 3965 ad
691 3899 833 3983 praxim,
854 3899 986 3982 requirit
1000 3907 1108 3964 actum
1125 3898 1319 3981 voluntatis3
1335 3898 1393 3964 sed
1409 3901 1499 3966 aliter
1512 3910 1544 3966 et
1557 3901 1642 3965 aliter.

544 4009 628 4074 Nam
658 4006 832 4091 practicutn
860 4007 981 4072 morale
1000 4005 1132 4090 requirit
1160 4015 1270 4071 actum
1293 4006 1472 4074 voluntatis
1498 4009 1547 4073 vel
1577 4017 1644 4071 tam·
1706 4053 1707 4062 ,

545 4134 647 4198 quam
667 4115 791 4200 praxim
812 4115 940 4180 unicam
959 4113 1050 4201 (quia
1069 4131 1187 4197 nempe
1206 4114 1313 4197 praxis
1326 4115 1357 4179 in
1373 4133 1412 4179 eo
1431 4135 1508 4182 casu
1527 4125 1574 4181 est
1590 4115 1644 4198 ipse
1706 4079 1707 4145 i

546 4230 638 4288 actus
655 4219 849 4310 voluntatis)
866 4223 917 4287 vel
946 4233 1115 4304 tamquam
1145 4221 1283 4286 formam
1311 4240 1450 4306 praxeos
1473 4235 1566 4308 prout
1589 4239 1644 4286 mo

1705 4363 1706 4436 l

580 4513 624 4572 (r)
660 4506 735 4565 Vide
750 4505 947 4575 Aristotelem,
963 4505 1013 4562 lib.
1027 4505 1054 4562 6.
1071 4505 1200 4563 Ethicor.
1215 4525 1277 4577 cep-
1293 4527 1318 4564 2.

582 4601 623 4664 (a)
662 4595 784 4663 Suara,
798 4597 851 4654 loc.
867 4596 915 4654 cit.
933 4615 962 4652 n.
978 4614 1021 4668 27.
1039 4592 1102 4654 Cir.
1120 4593 1184 4652 Set.
1200 4594 1253 4654 loc.
1268 4595 1314 4654 eit.

585 4687 627 4759 (3)
662 4685 739 4745 Vide
753 4685 893 4756 Lossade,
909 4687 961 4744 loc.
977 4684 1026 4743 cit.
1043 4704 1106 4756 cap.
1120 4705 1148 4756 9,
1165 4704 1195 4742 n.
1217 4686 1246 4745 8.
1267 4683 1328 4744 Cir.
1351 4685 1472 4756 Suerez,
1498 4689 1569 4761 disp.
1588 4687 1642 4744 Mel·

547 4795 594 4849 44,
610 4787 680 4836 sect.
696 4796 741 4849 33,
757 4797 786 4835 n.
802 4775 846 4833 28.
1704 4761 1705 4844 l
