3492 5525
310 571 436 627 singularia,

526 377 587 446 250
719 365 842 428 locres
862 361 1112 427 Minoa-Drse.
1136 375 1180 424 a.·
1201 361 1278 425 Can.
1303 375 1374 424 aaut

553 544 732 631 Singularis
754 553 821 622 est,
841 544 935 633 eujus
954 543 1138 628 subjectum
1157 552 1206 610 est
1236 543 1394 608 terminus
1417 541 1601 627 singularis,

488 665 540 721 ut:
562 653 676 718 Petrus
688 656 735 718 cst
747 655 892 728 sanctus,
909 651 971 718 Hic
984 651 1071 717 bomo
1085 651 1159 734 legit
1170 650 1295 716 tibrum.

553 759 696 826 Adverte
708 759 947 844 propositiones
956 757 1136 843 singulares
1147 757 1248 839 logice
1262 757 1497 825 universalibus
1508 760 1604 843 aequi·

487 869 605 952 parari,
636 869 751 934 saltem
780 866 812 932 in
842 867 1066 950 creatiS‚quia
1085 874 1261 932 sumuntur
1287 867 1468 932 secundum
1499 876 1602 934 totam

486 994 580 1041 suam
600 975 844 1050 extensionem,
875 991 932 1040 seu
957 992 1016 1058 pro
1034 971 1124 1038 omni
1153 991 1208 1048 eo,
1229 974 1270 1039 de
1298 991 1364 1056 quo
1393 975 1603 1057 praedicabilis

487 1093 537 1149 est
555 1083 714 1148 terminus
734 1080 921 1166 singularis.
942 1081 1012 1146 Dixi
1027 1083 1134 1146 saltem
1147 1080 1181 1145 in
1199 1082 1327 1156 creatis,
1348 1082 1422 1164 quia
1435 1082 1467 1146 in
1486 1082 1603 1148 divinis
1723 1081 1724 1142 l

488 1191 585 1256 datur
604 1189 763 1255 terminus
782 1189 971 1273 singularis,
991 1187 1048 1271 'qui
1068 1188 1207 1254 sumitur
1226 1189 1471 1271 particulariter,
1488 1208 1604 1272 quem·
1723 1207 1724 1214 ³

487 1298 665 1363 admodum
696 1296 815 1362 docent
848 1297 1018 1380 Theologi.
1047 1295 1220 1361 Terminus
1244 1296 1331 1361 enim
1356 1295 1404 1362 tic
1425 1297 1526 1372 Deus,
1547 1299 1603 1380 qui

487 1405 658 1490 singularis
682 1414 747 1480 est,
769 1403 1000 1487 particulariter
1020 1405 1176 1488 supponit
1194 1403 1226 1468 in
1245 1402 1296 1469 his
1315 1403 1600 1487 propositionibus:

487 1513 548 1579 Hic
567 1515 655 1578 Deus
672 1515 719 1577 est
728 1512 841 1587 Pater,
860 1511 909 1576 laic
927 1513 1014 1576 Deus
1031 1515 1078 1576 est
1094 1511 1209 1587 Filius,
1230 1511 1278 1576 hie
1299 1512 1386 1576 Deus
1403 1513 1449 1576 est
1468 1511 1605 1592 Spiritus

486 1621 633 1686 Sanctus.

555 1726 704 1812 Denique
722 1726 890 1792 indefinita
909 1734 959 1792 est
985 1725 1179 1811 propositio,
1200 1728 1293 1811 cujus
1316 1726 1495 1812 subjectum
1516 1729 1604 1792 nullo

487 1836 584 1920 signo
603 1835 757 1911 afficitur,
779 1834 849 1918 ejus
864 1834 1089 1899 extensionem
1109 1833 1361 1910 determinante,
1378 1842 1429 1900 ut:
1450 1833 1548 1901 Homo
1561 1837 1606 1899 est

487 1943 669 2024 rationalrs;
684 1942 791 2008 Ardor
802 1945 851 2006 est
855 1949 1000 2023 procera.

553 2050 623 2131 Jam
642 2048 724 2115 circa
751 2049 995 2134 quadruplicem
1016 2047 1208 2115 divisionem
1228 2049 1378 2133 quaedam
1404 2050 1607 2119 animadver-

313 2197 327 2226 η
387 2181 425 2224 m·
487 2158 585 2226 tenda
605 2166 695 2223 sunt.
716 2157 754 2222 Et
777 2157 826 2224 1.⁰
846 2157 980 2240 quidem
1009 2157 1049 2222 de
1074 2155 1253 2238 quantitate
1271 2157 1499 2240 propositionis
1520 2159 1606 2245 judi-

334 2266 430 2368 ffiffs
487 2267 629 2333 candum
649 2283 722 2331 esse
744 2284 785 2331 ex
803 2265 939 2350 subjecti
958 2263 1125 2330 dumtaxat
1149 2264 1354 2340 extensione,
1378 2283 1443 2331 non
1469 2285 1546 2332 vero
1565 2285 1606 2332 ex

310 2409 333 2439 ω
375 2394 455 2438 rua.
488 2374 677 2441 extensione
696 2372 868 2458 praedicati.

532 2481 586 2548 2.⁰
633 2479 774 2553 Quando
789 2481 973 2564 subjectum
989 2487 1040 2545 est
1052 2479 1211 2544 terminus
1226 2479 1435 2562 complexus,
1451 2488 1606 2548 constans
1724 2509 1725 2576 q

488 2607 566 2655 casu
592 2597 680 2654 recto
708 2596 741 2652 et
770 2587 921 2669 obliquo,
953 2587 1188 2676 attendendum
1217 2604 1286 2650 esse
1315 2586 1355 2651 ad
1382 2587 1605 2654 extensionem
1724 2589 1725 2628 r

488 2715 583 2764 casus
603 2695 691 2763 recti.
707 2694 759 2762 Sic
775 2694 964 2762 universalis
979 2702 1029 2760 est
1044 2696 1127 2758 lraec:
1150 2691 1264 2759 Omnes
1279 2693 1354 2758 libri
1370 2696 1459 2762 Petri
1472 2698 1610 2762 tractant

488 2823 538 2871 res
551 2804 714 2886 physicas·
733 2805 802 2867 haec
819 2821 897 2868 vero
911 2800 1118 2886 particularis:
1138 2801 1228 2867 Unus
1239 2806 1374 2868 oestrum
1388 2822 1436 2868 me
1450 2805 1559 2872 tradet.

535 2910 589 2997 3.⁰
635 2910 909 2993 Propositionem,
929 2910 1022 2994 cujus
1040 2909 1221 2994 subjectum
1237 2908 1335 2975 habet
1348 2910 1606 2994 suppositionem

490 3018 708 3093 collectivam,
729 3016 944 3083 universalem
962 3034 1027 3082 non
1045 3034 1129 3083 esse.

558 3128 609 3193 Ad
626 3124 902 3209 interpretandam
926 3123 1155 3208 propositionis
1185 3123 1360 3191 indefinitae
1378 3126 1605 3209 quantitatem,

493 3237 562 3302 haec
583 3240 722 3318 possunt
740 3232 854 3298 statui:
870 3229 911 3319 α)
925 3233 952 3298 si
966 3231 1149 3314 subjectum
1165 3230 1236 3297 talis
1249 3232 1477 3315 propositionis
1492 3234 1609 3299 habeat

315 3322 322 3350 ¹
362 3323 374 3351 ⁰
408 3322 443 3351 ¹²
492 3342 750 3427 suppositionem
785 3340 954 3421 simplicem
983 3341 1033 3403 vel
1061 3338 1157 3403 etlam
1188 3338 1394 3415 materialem,
1430 3340 1607 3424 propositio

491 3448 654 3516 censenda
672 3456 722 3514 est
740 3446 929 3533 singularis,
951 3456 987 3512 ut
1006 3446 1032 3511 si
1051 3446 1153 3511 dicas:
1175 3446 1274 3516 Homo
1296 3450 1343 3511 est
1356 3447 1486 3528 species,
1509 3448 1609 3512 Homo

492 3562 541 3625 est
569 3576 631 3623 vox
658 3555 834 3637 dispalatam
864 3555 939 3637 quia
968 3552 1129 3639 ejusmodi
1154 3552 1334 3636 suppositio
1358 3557 1406 3618 est
1430 3554 1606 3631 imnmdilis,

493 3676 591 3750 atque
610 3666 690 3731 adeo
710 3664 831 3729 nullam
851 3662 916 3747 pati
936 3670 1044 3745 potest
1063 3662 1306 3728 resolutionem.

561 3770 595 3860 β)
618 3770 702 3836 Cum
721 3778 830 3835 autem
854 3770 1037 3852 subjectum
1061 3769 1201 3834 sumitur
1219 3769 1251 3833 in
1277 3768 1500 3852 suppositione
1519 3770 1606 3846 reali,
1637 3764 1726 3885 Μ)

494 3880 692 3965 quandoque
719 3878 914 3961 persuadent
942 3877 1091 3960 adjuncta
1119 3874 1318 3941 indefinitam
1352 3851 1607 3959 propositioffin

495 3984 694 4073 interpretari
719 3994 890 4067 tamquam
914 3982 1129 4067 singularem:
1156 3992 1192 4048 ut
1215 3983 1242 4047 si
1265 3982 1542 4068 historiographus
1567 3984 1609 4050 de

494 4098 577 4163 duce
596 4092 770 4167 exercitus,
792 4110 893 4174 quem
908 4108 995 4173 saepe
1015 4090 1209 4165 nominavit,
1230 4090 1347 4156 scribat
1360 4088 1392 4155 in
1407 4076 1522 4156 eodem
1539 4110 1611 4157 nar-

499 4204 621 4270 ratione
641 4202 697 4268 sic:
715 4202 808 4277 Daca,
827 4196 1122 4279 commaceratio,
1142 4196 1255 4263 milites
1272 4200 1316 4262 ad
1327 4198 1454 4283 fortiter
1466 4204 1611 4281 pugnan-

495 4314 570 4377 dum
591 4309 694 4373 verbis
711 4309 906 4390 exemploque
921 4323 979 4370 suo
995 4304 1153 4383 accendit;
1171 4322 1287 4371 omnes
1310 4305 1393 4370 illico
1410 4304 1607 4391 intelligunt,

497 4420 539 4485 de
556 4416 711 4501 singulari
730 4434 766 4479 ac
785 4418 864 4479 no‘to
892 4415 973 4479 duce
992 4430 1177 4479 sermonem
1197 4430 1286 4489 esse,
1316 4414 1357 4477 de
1384 4412 1438 4477 illo
1457 4412 1608 4477 nimirum

498 4528 586 4610 ipso,
606 4541 706 4607 quern
725 4541 767 4588 ex
785 4520 910 4605 reliquo
929 4528 1083 4587 contextu
1109 4527 1227 4586 norunt
1249 4537 1365 4586 omnes
1391 4532 1487 4605 caput
1510 4518 1610 4585 totius

499 4632 670 4700 exercitus.
