3492 5525
539 405 600 488 768
641 448 642 452 =
661 405 786 470 Loorcn
800 404 1032 480 Moron-Leo.
1049 419 1109 481 2¹¹¹,
1125 405 1216 468 Drse.
1235 417 1281 466 2.·
1294 403 1374 467 Cne.
1393 413 1463 464 num

497 589 539 655 tis
553 589 728 674 judicantis
745 587 984 655 connexionem
1003 587 1233 663 terminorum,
1252 592 1492 669 consequenter
1506 591 1634 669 postu-

498 695 623 763 lanted
642 695 798 766 rationem
824 693 1056 781 propositionis
1070 713 1138 780 ‚per
1163 713 1200 762 se
1224 702 1311 759 notre
1337 691 1484 758 notitiam
1508 710 1547 756 oc
1569 711 1634 776 pe-

499 804 714 870 netrationem
734 803 941 872 eorumdem.
966 801 1030 868 Sed
1053 803 1123 888 jam
1150 800 1337 867 notavimus
1365 798 1631 884 propositionem

497 929 534 976 ac
551 911 710 978 termlnos
728 910 958 996 intelligendos
977 927 1050 976 esse
1066 908 1225 993 objective
1244 904 1307 995 (r).
1502 913 1509 924 '

566 1017 734 1085 Aduersus
748 1020 831 1085 nanc
844 1017 1041 1084 doctrinam.

325 1145 443 1192 servum
546 1141 619 1209 ¹93·
666 1129 815 1209 objicies
843 1123 894 1193 1.⁰
942 1124 1122 1209 Propositio
1150 1140 1266 1208 perse
1295 1130 1374 1188 noti
1400 1128 1451 1198 est
1468 1139 1524 1195 ea,
1543 1139 1629 1204 quae

283 1219 420 1304 ⁶*¹s¹⁰”¹¹⁸3‘'
429 1232 484 1264 ‘⁰⁸'
496 1251 537 1298 ex
562 1231 631 1300 suls
649 1240 779 1298 tantum
804 1231 954 1298 terminis
979 1230 1199 1318 cognoscitur,
1228 1229 1280 1295 vel
1304 1227 1531 1314 cognoscibilis
1554 1235 1626 1294 est.

309 1303 455 1408 wrm
497 1339 596 1424 Atqui
616 1339 805 1424 propositio,
830 1357 906 1423 quae
919 1338 1029 1427 {hebet
1046 1338 1193 1406 medium
1212 1338 1246 1404 in
1269 1336 1515 1423 cognoscendo,
1544 1334 1629 1401 licet

495 1465 561 1513 non
581 1447 697 1514 habeat
715 1447 746 1514 in
762 1446 914 1522 essendo,
930 1465 997 1512 non
1009 1445 1219 1532 cognoscitur
1236 1465 1278 1512 ex
1296 1446 1367 1512 suis
1379 1443 1540 1518 terminis,
1555 1445 1622 1510 sed

494 1573 535 1620 ex
553 1553 701 1624 terminis
720 1553 863 1623 alterius.
880 1554 1007 1639 Ergo...

559 1670 664 1747 Resp.
679 1661 756 1729 dist.
778 1663 853 1747 Maj.
875 1661 929 1728 Est
948 1681 1001 1739 ea,
1021 1679 1097 1746 quae
1119 1662 1347 1747 cognoscitur,
1367 1659 1420 1726 vel
1446 1658 1627 1744 cognosci·

493 1769 566 1836 bilis
584 1777 634 1836 est
652 1787 694 1836 ex
712 1769 779 1835 suis
796 1768 944 1836 terminis
961 1769 1145 1856 objectivis,
1166 1788 1268 1844 conc„
1290 1766 1480 1834 formalibus
1498 1785 1572 1850 neg.
1705 1814 1706 1887 1

560 1877 598 1943 lit
615 1875 875 1943 contradislincta
894 1876 1035 1952 Minore,
1054 1895 1128 1960 neg.
1147 1894 1282 1960 conseq.
1706 1912 1707 1969 l

537 1989 645 2068 objie.
663 1992 718 2076 ,ιθ
764 1985 946 2069 Propositio
964 2003 1022 2068 per
1039 2003 1075 2050 se
1093 1993 1170 2050 nota
1193 1992 1244 2049 est
1261 1984 1330 2059 illa,
1352 2000 1428 2066 que
1446 1981 1489 2048 in
1498 1983 1623 2065 quovis
1707 2012 1708 2051 r

494 2091 659 2158 intellectu
680 2090 865 2158 evidentem
884 2091 1019 2179 gignere
1038 2100 1147 2176 potest
1162 2107 1355 2166 assensum,
1374 2089 1445 2156 sine
1461 2089 1527 2154 alio
1545 2109 1624 2155 mo-
1708 2132 1709 2137 =

493 2199 576 2266 tivo.
598 2196 698 2283 Atqui
718 2198 792 2265 talis
811 2216 878 2264 non
897 2208 948 2266 est
967 2196 1162 2285 propositio,
1183 2218 1258 2282 quae
1280 2199 1354 2263 licet
1378 2196 1524 2262 medium
1549 2215 1622 2262 non

493 2305 610 2373 habeat
628 2305 737 2389 quoad
761 2323 813 2384 se,
835 2305 959 2391 indiget
980 2316 1092 2373 tomen
1112 2325 1171 2392 pro
1190 2306 1286 2374 nobis
1305 2305 1415 2372 medio
1433 2303 1466 2370 in
1491 2323 1621 2390 cogno-

492 2415 626 2481 scendo.
648 2413 773 2500 Ergo...

558 2529 663 2605 Reep.
684 2521 758 2588 dist.
779 2521 892 2610 Major.
914 2521 970 2588 Est
985 2523 1054 2600 illa,
1076 2539 1151 2606 quae
1169 2521 1202 2587 in
1221 2522 1339 2605 quovis
1364 2521 1530 2588 intellectu
1549 2523 1621 2586 evi-

492 2630 624 2695 dentem
644 2628 778 2715 gignere
797 2639 907 2714 potest
925 2649 1115 2706 assensum,
1135 2629 1321 2696 dummodo
1338 2627 1469 2695 termini
1489 2631 1549 2695 rite
1567 2631 1619 2695 in-

492 2735 679 2822 telligantur
704 2755 741 2803 ac
763 2736 962 2804 sufficienter
975 2746 1203 2823 penetrentur,
1222 2756 1324 2816 conc„
1341 2737 1465 2814 estilla,
1486 2755 1563 2821 quae
1581 2739 1616 2803 in

491 2843 609 2929 quovis
627 2843 764 2910 omnino
784 2843 948 2912 intellectu
962 2845 1147 2913 evidentem
1162 2846 1298 2931 gignere
1308 2855 1416 2930 potest
1424 2862 1614 2920 assensum,

492 2960 656 3034 quatenus
678 2952 766 3017 illam
792 2954 902 3020 nullus
927 2955 1029 3037 possit
1052 2972 1123 3021 esse
1146 2954 1346 3029 intellectus,
1366 2954 1423 3037 qui
1445 2962 1520 3019 actu
1546 2970 1613 3019 non

492 3056 644 3143 percipiat
668 3068 883 3143 penetretque
907 3061 1066 3127 terminos
1091 3060 1194 3137 illius,
1215 3080 1302 3145 neg„
1324 3060 1374 3126 vel
1391 3058 1544 3140 sulcum
1560 3061 1614 3125 illa

491 3160 541 3233 est
560 3165 738 3251 propositio
757 3185 815 3252 per
840 3186 877 3233 se
904 3180 982 3237 nota
1005 3170 1110 3253 quoad
1135 3186 1209 3246 nos,
1229 3187 1331 3246 conc,
1346 3167 1525 3245 obsolute,
1552 3174 1613 3234 sed

490 3274 563 3340 talis
581 3281 631 3340 est
648 3284 827 3359 conceptus
850 3273 1022 3361 genericus
1045 3275 1277 3360 propositionis
1290 3284 1349 3361 per
1369 3294 1402 3341 se
1419 3279 1518 3352 ποία,
1538 3294 1611 3359 neg.

557 3380 641 3446 Nam
656 3382 779 3467 duplex
791 3382 1003 3468 distinguitur
1017 3384 1197 3468 propositio
1212 3401 1316 3467 perse
1331 3392 1427 3460 nota,
1441 3385 1613 3449 mnrium

489 3506 524 3555 se
541 3490 787 3565 tantummodo,
808 3498 842 3555 et
859 3493 963 3575 quoad
979 3508 1052 3567 nos,
1073 3499 1110 3558 ut
1119 3492 1322 3577 jamdictum
1336 3500 1400 3559 est.
1419 3490 1518 3569 Quod
1532 3510 1613 3557 vero

489 3596 620 3663 termini
640 3598 774 3683 alicujus
793 3596 1023 3683 propositionis
1042 3598 1182 3665 debeant
1200 3600 1357 3665 omnibus
1383 3609 1457 3666 actu
1482 3598 1612 3665 innote-

490 3722 596 3782 scere,
618 3713 654 3770 ut
676 3704 720 3771 ita
740 3703 843 3789 possit
868 3704 909 3770 ab
936 3706 1091 3773 omnibus
1117 3706 1189 3773 sine
1216 3708 1326 3774 medio
1343 3706 1539 3792 cognitionis
1556 3707 1609 3773 illa

490 3808 667 3896 propositio
686 3811 856 3889 affirmari,
874 3812 1046 3897 requiritur
1064 3814 1275 3880 solummodo
1293 3815 1335 3882 ad
1352 3815 1609 3899 propositionem

490 3937 547 4004 per
565 3936 601 3985 se
619 3928 732 3986 nottrn
752 3916 866 4004 quoad
878 3917 956 3996 nos,
972 3938 1039 3987 non
1054 3938 1133 3987 vero
1146 3920 1188 3986 ad
1202 3921 1361 3987 radonem
1379 3920 1610 4007 propositionis

491 4046 609 4112 perse
640 4024 727 4093 notae'
753 4028 933 4115 generatim
962 4036 1150 4113 sumptum,
1178 4046 1253 4114 que
1280 4049 1322 4095 ex
1350 4047 1390 4095 eo
1415 4030 1485 4114 jam
1514 4030 1611 4113 plene

489 4136 667 4203 constituto
695 4145 823 4213 manet,
853 4136 944 4221 quod
976 4154 1043 4203 non
1077 4137 1193 4203 habeat
1222 4136 1370 4203 medium
1399 4136 1433 4202 in
1465 4156 1519 4213 sc,
1552 4154 1613 4203 nec

490 4243 637 4329 possita
662 4240 759 4329 priori
785 4242 1017 4321 demonstrari,
1038 4244 1192 4329 quamvis
1217 4244 1334 4310 deinde
1359 4254 1435 4312 actu
1463 4262 1531 4312 non
1557 4262 1616 4311 co·

490 4360 682 4438 gnoscutur,
702 4350 1042 4436 nisi-dependentem
1064 4350 1238 4419 sufficienti
1260 4350 1476 4419 terminorum
1497 4372 1615 4441 oppre-

489 4456 648 4527 ltensione
675 4459 735 4537 ito,
757 4469 793 4526 ut
818 4459 904 4530 sicut
930 4459 1053 4526 nemini
1081 4458 1209 4545 patefit,
1234 4459 1262 4527 si
1282 4458 1442 4527 terminos
1468 4462 1611 4547 ignoret,

494 4632 746 4649 ———

525 4690 567 4766 (ι)
582 4688 586 4695 “
603 4690 664 4753 co.
681 4690 944 4762 conimbriceuseo,
960 4689 1016 4751 loc.
1029 4689 1089 4760 cit..
1104 4700 1161 4751 ort.
1177 4713 1205 4751 2.
