3492 5525
372 230 379 261 l

288 446 404 513 Anno.
429 463 487 532 3³¹·
509 448 704 513 Srnruuun
725 464 841 513 venun
862 465 1048 511 cnrremun
1131 457 1189 529 559

173 629 277 706 Reap.
296 624 371 689 dist.
388 632 473 707 ant.;
493 643 592 707 quam
613 624 663 691 vel
683 622 904 698 mentiuntur,
925 625 976 689 vel
996 644 1037 689 ex
1052 623 1228 691 hallucina-

100 730 194 795 tione
213 730 355 813 quadam
380 742 497 815 putant
516 750 551 798 se
573 731 708 809 habere,
724 734 842 811 trans.,·
856 749 956 816 quam
977 750 1050 796 vere
1070 732 1226 811 habeant,

99 856 176 921 neg.
198 837 282 903 Vera
301 857 445 923 namque
470 838 632 906 evidentia
655 848 742 907 stare
770 858 846 904 cum
875 856 983 904 errore
1009 840 1136 922 nequit.
1158 841 1228 906 lloc

100 930 215 1011 tam'en
239 964 327 1029 saepe
354 947 545 1032 contingere
571 955 695 1032 potest,
727 953 763 1011 ut
791 964 831 1011 ex
860 956 942 1012 aestu
969 944 1225 1013 inordinatarum

99 1052 331 1129 affectionum,
357 1054 410 1118 vel
429 1073 469 1119 ex
488 1052 720 1139 praecipitantia
737 1054 880 1137 quadam
899 1061 1053 1119 censeant
1072 1052 1172 1138 aliqui
1190 1073 1227 1120 se

100 1162 223 1227 habere
238 1161 451 1241 evidentiam,
473 1181 573 1245 quam
595 1180 660 1228 non
680 1162 812 1227 habent.
833 1162 943 1244 ltaque
959 1169 1068 1245 pacate
1083 1180 1135 1227 res
1149 1181 1228 1227 con-

99 1268 273 1335 sideranda
293 1278 359 1345 est,
380 1281 412 1335 et
432 1269 604 1336 exuendus
619 1269 765 1345 animus,
782 1278 944 1352 quantum
960 1267 1028 1333 freri
1045 1277 1170 1353 potest,
1187 1271 1227 1336 ab

100 1377 195 1442 omni
215 1377 401 1464 praejudicio
420 1387 452 1444 et
471 1377 658 1453 affectione,
681 1386 717 1442 ut
735 1376 854 1442 veritas
866 1376 989 1458 sincere
1003 1388 1178 1459 quaeratur.

170 1483 250 1551 lllud
278 1483 375 1551 etiam
406 1485 509 1553 notari
530 1493 658 1570 potest,
688 1503 761 1561 eos,
784 1484 839 1567 qui
865 1482 1061 1549 evidentiam
1082 1476 1163 1549 falso
1177 1486 1227 1569 ja-

41 1588 43 1591 ’
98 1602 208 1667 etant,
238 1594 438 1677 quandoque
467 1590 589 1676 aliquid
607 1583 982 1676 evidenterpercipere,
1009 1601 1041 1657 et
1061 1591 1226 1656 nihilomi-

99 1718 166 1765 nus
184 1708 307 1783 errant;
330 1701 488 1783 quianon
508 1700 539 1765 id
558 1700 684 1784 ipsum,
705 1698 795 1782 quod
814 1698 982 1763 evidenter
997 1708 1222 1784 perceperunt,

96 1806 280 1885 affirmant,
310 1809 370 1874 secl
400 1807 488 1874 aliud
515 1826 591 1873 cum
620 1826 659 1872 eo
687 1824 895 1881 connexum,
925 1807 976 1870 vel
1007 1804 1086 1871 illud
1111 1806 1221 1890 ipsum

95 1916 184 1979 ultra
201 1934 258 1981 eos
282 1914 401 1981 limites
420 1931 589 1999 perperam
602 1920 603 1923 ’
616 1915 818 1990 extendunt,
845 1913 926 1979 intra
948 1930 1033 1997 quos
1052 1914 1221 1979 veritatem

94 2031 198 2105 atque
216 2023 412 2089 evidentiam
433 2020 564 2109 habet(
590 2020 614 2110 ).

143 2136 250 2213 Obiic.
277 2138 327 2198 2.⁰
372 2130 407 2196 Si
433 2130 595 2197 evidentia
620 2130 701 2195 falso
721 2128 832 2214 jactari
863 2136 992 2211 potest;
1021 2146 1100 2212 ergo
1125 2127 1220 2194 datur

94 2255 174 2303 vera
192 2257 228 2304 ac
243 2238 353 2323 ,fucata
372 2238 545 2305 evidentia.
566 2238 676 2321 ltaque
703 2231 922 2303 necessarlum
944 2235 1003 2300 erit
1021 2234 1109 2300 allud
1125 2237 1219 2301 crite-

95 2346 199 2421 rium,
220 2364 287 2429 quo
309 2346 371 2411 illae
392 2344 475 2411 inter
493 2364 529 2413 se
547 2346 788 2422 discernantur,
810 2364 846 2409 ac
862 2345 997 2429 proinde
1016 2344 1131 2409 saltem
1151 2344 1217 2409 evi·
1241 2407 1242 2410 ,

91 2454 206 2520 dentia
225 2454 338 2537 nequit
352 2472 424 2520 esse
443 2454 597 2521 ultimum
617 2452 760 2520 veritatis
778 2452 954 2518 criterium.

162 2568 266 2645 Resp.
292 2561 376 2628 Vera
390 2560 550 2627 evidentia
568 2582 587 2629 a
602 2563 681 2627 falsa
699 2560 911 2646 distinguitur
936 2578 992 2645 per
1017 2558 1121 2644 ipsam
1148 2562 1215 2626 evi-

90 2670 255 2749 dentiam,
277 2670 361 2736 sicut
379 2672 419 2737 ad
433 2670 682 2736 discernendum
696 2670 799 2735 solem
816 2690 834 2733 3
848 2670 971 2735 caeteris
984 2668 1134 2754 objectiS,
1147 2688 1213 2735 non

90 2797 180 2864 opus
199 2791 248 2846 est
266 2781 327 2844 alio
347 2779 483 2845 lumine.
502 2780 585 2846 Vera
605 2797 747 2862 namque
763 2779 940 2855 evidentia,
958 2798 1024 2862 quo
1044 2777 1148 2864 magis
1163 2798 1213 2845 res

91 2886 333 2964 consideratur,
350 2888 504 2954 attentius
523 2907 561 2952 ac
579 2887 722 2971 pacatius
740 2887 1011 2971 circumspicitur,
1024 2905 1063 2952 eo
1076 2887 1214 2952 vividius

90 2993 195 3062 aciem
215 2995 334 3061 mentis
354 2995 556 3081 perstringit,
578 3003 610 3060 et
631 3014 767 3062 omnem
786 2995 912 3061 errandi
934 2995 1140 3062 formidinem
1159 3015 1213 3062 ex·

91 3103 194 3185 pellit.
212 3103 256 3169 At
273 3101 471 3169 contrarium
492 3102 604 3169 accidit
623 3105 752 3168 larvatae
770 3102 953 3169 evidentiae.

138 3216 214 3292 Obj.
241 3218 291 3280 3.⁰
314 3211 485 3276 Criterium
497 3210 683 3288 evidentiae,
704 3201 820 3276 saltem
841 3210 1047 3296 subjectiva,
1061 3214 1125 3279 huc
1143 3219 1215 3277 tan·

89 3319 169 3383 dem
195 3327 382 3395 revocatur,
411 3327 447 3385 ut
465 3318 654 3403 'judicemus
680 3336 749 3383 rem
769 3318 812 3384 ita
836 3337 926 3396 esse,
946 3318 1023 3404 quia
1046 3319 1092 3385 sic
1121 3318 1215 3384 nobis

90 3426 233 3493 videtur.
254 3426 298 3491 At
313 3428 375 3491 hoc
392 3426 472 3510 quid
490 3427 623 3492 tandem
638 3427 909 3493 differtacriterio
925 3429 1108 3513 Protagorae
1118 3445 1215 3510 supe·

90 3534 160 3598 rius
178 3533 317 3618 rejecto?

158 3647 262 3724 Reep.
287 3641 362 3707 dist.
382 3641 496 3727 Major.
519 3641 691 3708 criterium
706 3641 878 3708 evidentiae
891 3643 954 3708 huc
973 3654 1158 3718 revocatur,
1179 3650 1216 3707 ut

84 3748 274 3832 judicemus
294 3748 420 3814 remita
438 3767 528 3824 esse,
549 3749 624 3834 quia
638 3750 684 3815 sic
703 3749 797 3815 nobis
819 3750 910 3816 lubet
924 3750 1109 3829 enuntiare,
1125 3769 1213 3834 ηιμ

87 3853 167 3937 quia
186 3855 232 3920 sic
250 3855 345 3922 nobis
360 3857 598 3922 enuntiandum
618 3875 691 3924 esse
705 3857 882 3924 clarissime
897 3857 1063 3936 videmus,
1078 3875 1169 3923 conc.

158 3961 196 4027 Et
209 3981 281 4047 neg.
297 3963 434 4048 Minor.;
451 3965 483 4030 ln
492 3964 748 4031 sententiaenim
759 3965 942 4051 Protagorae
950 3965 1094 4050 cognitio
1105 3973 1226 4030 nostra·
1290 3960 1294 3972 '

90 4077 144 4136 est
164 4089 316 4139 mensura
339 4071 484 4138 veritatis
503 4071 686 4157 objectivae3
708 4081 741 4138 at
762 4091 838 4138 vero
862 4073 895 4138 in
920 4081 1031 4139 nostra
1055 4071 1216 4138 sententia

86 4178 253 4262 cognitio,
274 4197 377 4262 eaque
397 4198 472 4244 vere
491 4178 643 4256 evidens,
663 4191 712 4248 est
727 4181 826 4246 index
844 4180 986 4247 veritatis
1000 4199 1129 4256 rerum,
1145 4178 1226 4265 ipsa-

87 4297 201 4352 autem
214 4287 276 4353 dos
286 4287 457 4355 evidentiae
468 4289 501 4354 ln
512 4287 698 4374 cognitione
710 4289 939 4373 resplendens,
953 4290 1033 4355 dum
1049 4288 1213 4374 objectum

87 4403 186 4478 prout
211 4397 316 4463 estin
346 4414 382 4462 se
409 4397 610 4474 manifestat,
638 4407 688 4463 est
715 4417 848 4482 quoque
874 4410 998 4467 tessera
1026 4398 1215 4464 necessariae

85 4501 325 4570 conformitatis
343 4503 539 4589 cognitionis
552 4521 629 4569 curn
652 4503 797 4591 objecto,
818 4525 877 4572 seu
900 4504 1134 4574 infallibilitatis
1161 4524 1217 4571 co·

120 4738 163 4802 (r)
201 4733 277 4810 Vide
292 4733 442 4810 longiori,
452 4737 570 4814 Logia,
587 4757 617 4798 n.
635 4759 713 4812 7or..
