3492 5525
1715 11 1727 113 l

531 456 618 532 ‚440
687 436 1056 511 LoorchaJon-Lro.
1077 435 1498 520 1.¹²⁸‚Dtst².1.·CnP.3.w

517 623 601 689 Nam
615 622 689 688 licet
700 621 774 705 quis
792 621 883 687 omni
902 621 1118 687 enuntiationi
1134 621 1292 687 concedat
1309 621 1507 707 exigentiam
1522 625 1645 690 verita-

517 729 580 805 tis,
602 747 667 795 non
693 729 767 794 ideo
785 728 912 814 cogitur
930 729 972 794 ad
992 727 1256 794 identificandam
1281 729 1411 813 penitus
1432 749 1510 797 cum
1533 750 1644 798 enun-

517 835 659 902 tiationis
685 845 758 902 actu
785 837 961 903 essentiam
989 837 1148 915 veritatis,
1168 838 1227 902 sod
1254 846 1364 922 potest
1392 837 1499 905 adhuc
1517 839 1641 922 aliquid
1728 896 1729 925 ,

517 943 604 1009 aliud
623 945 663 1010 ad
686 945 772 1011 illius
788 945 1058 1010 constitutionem
1078 945 1257 1027 requirere,
1279 944 1356 1010 nihil
1379 947 1467 1011 enim
1486 947 1642 1030 prohibet

518 1051 639 1136 aliquid
667 1053 882 1118 essentialiter
909 1053 1058 1118 connecti
1083 1071 1160 1117 cum
1187 1053 1267 1126 alio,
1298 1054 1350 1117 vel
1389 1053 1558 1136 adaequate
1586 1056 1640 1118 vol
1728 1080 1729 1127 ς

516 1159 737 1242 inadequate,
763 1159 933 1243 distincto;
954 1169 986 1226 et
1005 1160 1051 1226 sic
1062 1161 1151 1226 actio
1168 1159 1374 1227 connectitur
1385 1179 1462 1226 curn
1481 1161 1638 1237 termino,
1729 1182 1731 1207 t

517 1274 550 1331 et
567 1266 711 1351 cognitio
733 1285 811 1334 curn
841 1268 958 1333 ellectu
984 1268 1110 1333 formali
1129 1283 1194 1335 'seu
1223 1267 1489 1334 denominatione
1509 1269 1637 1352 cogniti,

517 1393 591 1458 quae
620 1393 660 1441 ex
682 1373 870 1459 cognitione
898 1385 931 1442 et
957 1375 1087 1461 objecto
1114 1375 1321 1442 constituitur
1345 1372 1409 1464 (r).
1430 1375 1454 1442 Ε
1477 1395 1640 1442 converso

517 1481 671 1565 quamvis
701 1491 798 1568 neget
823 1483 899 1566 quis
923 1482 1180 1549 enuntiationem
1213 1502 1324 1548 veram
1353 1477 1639 1550 esse‘necessario

517 1603 647 1666 veram,
664 1589 721 1654 sed
740 1589 882 1657 admittit
901 1591 1143 1656 enuntiationes
1161 1589 1390 1676 contingenter
1403 1609 1512 1667 veras,
1528 1599 1640 1675 potest

519 1695 733 1763 nihilominus
761 1696 958 1762 identificare
988 1698 1159 1780 adaequate
1185 1697 1331 1764 veritatis
1359 1699 1533 1764 essentiam
1561 1717 1639 1764 cum

518 1813 591 1870 actu
620 1803 873 1882 enuntiationis,
895 1813 932 1870 ut
958 1805 1078 1871 iaciunt
1101 1805 1339 1881 Connotatms,
1365 1806 1419 1889 qui
1448 1805 1639 1871 relationem

516 1910 717 1978 identificant
735 1930 812 1978 curn
831 1913 903 1978 solo
921 1911 1153 1989 fundamento,
1171 1921 1204 1978 et
1222 1911 1262 1977 ad
1280 1913 1450 1978 veritatem
1469 1913 1641 1998 requirunt

516 2018 701 2105 objectum,
731 2038 796 2086 non
824 2028 994 2103 tamquam
1023 2019 1272 2086 constitutivum
1300 2019 1489 2107 essentiale,
1517 2029 1555 2086 ut
1578 2039 1640 2085 nos

517 2125 764 2212 requisivimus,
785 2129 842 2194 sed
866 2135 1037 2211 tamquam
1057 2136 1272 2194 connotatum
1302 2145 1381 2212 pure
1404 2127 1637 2194 extrinsecum.

286 2239 503 2322 ,venenant-2
584 2235 618 2300 ln
638 2235 803 2320 proposita
818 2254 897 2321 ergo
911 2235 1130 2301 controversia
1143 2235 1236 2320 pauci
1251 2235 1383 2319 quidam
1402 2243 1639 2303 auctorescum

360 2327 375 2367 ¹²
376 2325 439 2356 '''''
518 2342 552 2407 Ρ.
575 2343 722 2409 llurtado
740 2339 793 2431 (2)
808 2351 947 2410 censent
964 2343 1160 2408 «veritatem
1177 2344 1346 2409 formalem
1361 2344 1530 2426 adaequate
1548 2344 1642 2409 iden-

516 2449 629 2516 tilrcari
648 2467 723 2516 curn
743 2451 833 2517 omni
852 2459 927 2517 actu
947 2448 1105 2528 vomita,
1125 2459 1247 2517 utnon
1267 2451 1311 2516 sit
1329 2450 1415 2517 actui
1429 2451 1638 2536 contingens,

516 2558 574 2624 sed
594 2557 704 2644 potius
734 2559 766 2624 in
794 2561 865 2645 ejus
888 2557 1029 2625 essenus
1055 2558 1232 2636 radicetur,
1254 2567 1431 2642 tamquam
1457 2558 1640 2644 proprietas

517 2665 766 2752 metaphysica»
786 2662 850 2754 (3).

356 2794 480 2849 ueunn
582 2774 748 2842 Contraria
773 2785 886 2842 tamen
910 2775 1072 2843 sententia
1091 2774 1362 2843 communissima
1389 2783 1456 2851 est,
1486 2794 1545 2860 pro
1572 2794 1639 2859 qua

312 2880 382 2911 ‘olum
385 2882 547 2911 lllllll

349 2938 454 2983 „wion
479 2880 492 2913 ²
516 2884 617 2951 videri
649 2894 790 2969 possunt
823 2891 941 2969 praeter
968 2884 1127 2960 Lossada,
1160 2882 1348 2950 Franciscus
1379 2882 1499 2949 Soarez
1526 2882 1670 2950 lusita-'

517 3010 579 3059 ¹³⁰⁵
595 2989 660 3080 (4)»
674 2990 794 3069 Quisos
811 2988 876 3079 (5).
898 2991 1030 3058 Pontius
1048 2987 1113 3079 (6),
1135 2990 1266 3059 Cardin.
1287 2990 1424 3077 Aguirre
1442 2988 1507 3080 (7),
1526 3000 1592 3058 etc.

561 3171 616 3219 aa.
665 3154 871 3221 Psorost'rtO.
891 3160 973 3220 Non
985 3158 1101 3220 omnis
1110 3158 1300 3222 enuntiatio
1310 3175 1394 3221 vera
1403 3158 1508 3238 exigit
1519 3176 1641 3223 essen·

513 3264 640 3329 tialiter
654 3273 714 3328 aut
730 3266 773 3328 ab
791 3266 980 3329 intrinseco
997 3266 1193 3329 veritatem.

510 3434 515 3444 “
582 3420 777 3505 Propositio,
808 3428 844 3485 ut
872 3418 981 3499 vides,
1012 3419 1211 3504 particularis
1240 3429 1307 3496 est,
1338 3422 1513 3506 solumque
1539 3433 1637 3508 negat

515 3546 631 3595 omnes
650 3527 891 3612 propositiones
905 3544 998 3593 veras
1015 3546 1057 3593 ex
1079 3545 1139 3592 sua
1153 3526 1326 3593 intrinseca
1344 3540 1458 3595 natura
1471 3531 1639 3614 postulare

516 3638 699 3703 veritatem.
716 3634 898 3701 Fatendum
913 3633 1000 3700 enim
1019 3644 1069 3701 est
1091 3636 1211 3701 multas
1230 3653 1315 3713 esse,
1327 3654 1403 3719 quae
1417 3636 1504 3702 illam
1523 3656 1640 3705 neces-

516 3742 600 3811 sario
614 3762 655 3809 ex
673 3761 733 3809 sua
750 3741 937 3808 conditione
956 3741 1137 3826 requirant,
1154 3742 1267 3826 quales
1287 3755 1364 3812 sunt
1383 3762 1500 3810 omnes
1518 3764 1639 3831 propo-

516 3850 649 3917 sitiones
678 3850 934 3935 supernaturalis
958 3848 1119 3927 veritatis,
1151 3862 1184 3919 et
1202 3870 1320 3918 omnes
1337 3850 1435 3919 etiam
1460 3856 1635 3931 naturales,

517 3976 591 4045 quae
609 3958 675 4024 sint
692 3965 788 4025 certae
802 3968 835 4023 et
854 3958 1033 4025 evidentes.
1054 3958 1167 4043 ltaque

550 4196 591 4259 (1)
628 4190 769 4259 Lossada,
784 4190 888 4265 logie.
904 4200 988 4248 tract.
1005 4208 1030 4263 ς,
1043 4188 1120 4262 disp.
1135 4210 1163 4261 a,
1176 4210 1240 4264 cap.
1259 4211 1283 4261 r,
1298 4210 1328 4251 n.
1347 4210 1388 4250 ro.

551 4288 591 4351 (a)
627 4285 672 4343 De
684 4282 806 4348 Anime,
821 4278 898 4351 disp.
912 4300 940 4352 9,
956 4293 1026 4339 sect.
1041 4300 1066 4353 3,
1083 4301 1109 4339 a.
1126 4300 1156 4339 n.
1176 4282 1217 4340 16.

551 4372 592 4446 (3)
628 4368 903 4441 Lossadadoecit.

551 4466 592 4537 (4)
628 4464 673 4522 De
687 4461 808 4531 Anima,
823 4473 908 4520 tract.
924 4481 951 4533 3,
965 4459 1043 4533 disp.
1062 4480 1093 4531 a,
1109 4473 1178 4521 sect.
1190 4480 1219 4535 4.

550 4557 591 4625 (ς)
626 4548 671 4609 De
685 4550 805 4622 Anima,
820 4548 897 4623 disp.
911 4570 959 4625 99,
973 4562 1043 4610 sect.
1061 4570 1086 4610 1.

550 4642 591 4708 (6)
627 4640 734 4719 logie.
748 4639 823 4713 disp.
845 4661 887 4713 19,
903 4659 930 4699 a.
946 4660 973 4713 3.

549 4730 591 4803 (7)
626 4732 779 4805 Disputat.
794 4728 914 4797 Select,
930 4730 1092 4806 Metapltys.
1108 4728 1184 4803 disp.
1198 4750 1223 4799 a,
1237 4743 1308 4791 sect.
1321 4749 1346 4806 ς.
