3492 5525
537 417 599 483 bri>
660 420 782 483 Lootca
798 418 1028 493 Maron—Lan.
1048 432 1117 483 1³²⁸.
1131 418 1217 481 Drse.
1234 431 1279 500 4·
1294 418 1372 481 Can.
1389 430 1460 481 aum

501 604 564 671 boc
581 621 680 671 sensu
708 603 771 671 dici
798 612 911 689 potest
935 621 1066 689 semper
1086 621 1272 689 supponere
1290 602 1520 679 intrinsecam,
1542 622 1637 686 qua-

500 723 599 780 tenus
625 730 724 779 nemo
749 712 846 779 babet
871 713 959 798 apud
983 712 1083 780 alium
1107 712 1349 789 auctoritatem,
1379 719 1417 778 ut
1439 710 1534 779 dictis
1555 710 1634 777 suis

500 822 552 885 ille
567 820 769 905 probabilem
785 820 928 905 praebeat
942 799 1128 898 assensum,
1153 820 1214 887 nisi
1234 820 1409 905 prudenter
1425 819 1636 885 existimabar

501 927 549 993 vir
576 929 694 995 doctus
722 948 759 994 ac
782 930 906 1012 peritus
929 928 1015 995 illius
1039 929 1210 1006 doctrinae,
1235 930 1277 1008 de
1299 945 1365 1012 qua
1388 929 1449 992 tert
1472 924 1632 993 testimo-

502 1036 606 1103 nlum.
628 1034 738 1105 Dicere
758 1046 887 1112 autem,
913 1046 951 1104 ut
975 1038 1048 1120 quis
1074 1038 1206 1103 alterius
1227 1034 1632 1119 testimoniumpruden-

501 1151 549 1209 ter
581 1155 754 1229 sequatur,
783 1156 971 1229 compertas
996 1145 1114 1210 babere
1146 1144 1264 1211 debere
1296 1143 1438 1211 rationes
1470 1143 1632 1210 intrinse-

500 1269 571 1329 caS,
593 1251 715 1334 quibus
733 1253 778 1319 rei
797 1259 926 1327 testatae
945 1252 1064 1318 veritas
1082 1252 1304 1329 convincitur,
1324 1251 1535 1318 tantumdem
1557 1260 1626 1323 est,

500 1378 537 1423 ac
577 1376 675 1425 usum
703 1378 837 1425 omnem
870 1361 1068 1427 auctoritatis
1100 1360 1307 1436 interdicere,
1336 1367 1450 1423 contra
1483 1376 1626 1424 sensum

500 1485 713 1533 communem
752 1467 902 1533 omnium
935 1478 968 1534 et
1004 1467 1190 1534 evidentem
1228 1466 1455 1534 necessitatem
1492 1467 1627 1549 generis

501 1574 648 1642 humani.
669 1575 779 1657 ltaque
798 1576 906 1641 solum
934 1595 994 1661 pru
1012 1575 1116 1641 doctis
1140 1575 1268 1643 admitti
1287 1584 1396 1659 potest
1415 1574 1494 1640 tanti
1513 1574 1626 1639 valere

500 1682 741 1758 auctoritatem,
772 1681 887 1766 quanti
918 1684 1047 1748 valeant
1075 1684 1228 1763 rationes;
1258 1701 1317 1767 pro
1346 1682 1480 1749 rudibus
1507 1690 1624 1747 autem

500 1798 590 1856 tanta
615 1777 676 1856 'est
713 1790 902 1866 auctoritas,
933 1800 1056 1874 quanta
1079 1791 1328 1874 quomodolibet
1354 1788 1547 1863 existinrari,
1587 1806 1627 1851 ac

500 1897 642 1981 supponi
661 1897 838 1981 prudenter
852 1905 962 1981 potest
980 1898 1030 1964 vis
1044 1898 1098 1964 illa
1112 1899 1288 1964 rationum.
1305 1898 1343 1963 Et
1360 1898 1407 1963 sic
1423 1897 1457 1962 in
1476 1896 1626 1979 qualibet

501 2004 668 2089 disciplina
699 2015 777 2073 sunt
809 2005 944 2088 quidam
978 1997 1126 2071 auctores
1153 2005 1294 2083 classici,
1332 2006 1389 2088 qui
1427 2020 1493 2071 non
1531 2002 1626 2068 aliter

499 2120 587 2179 certe
614 2114 803 2195 praclarum
827 2114 911 2178 nacti
938 2122 1016 2179 sunt
1039 2114 1126 2197 apud
1144 2132 1262 2179 omnes
1290 2131 1413 2178 nomen
1440 2110 1621 2196 sapientiae,

501 2219 562 2285 nisi
591 2220 667 2302 quia
693 2220 784 2304 gravi
812 2219 974 2300 rationum
1004 2221 1147 2305 pondere
1174 2239 1360 2306 magnaque
1387 2220 1482 2304 copia
1503 2216 1625 2284 doctri·
1727 2241 1728 2244 ¹

501 2345 552 2391 nae
569 2326 669 2393 libros
687 2344 766 2393 suos
786 2328 1019 2412 conscripsere;
1037 2347 1179 2412 quorum
1196 2328 1331 2413 proinde
1345 2330 1415 2395 sola
1432 2326 1622 2401 auctoritas,

499 2436 615 2501 saltem
635 2452 695 2518 pro
714 2435 865 2511 rudibus,
890 2435 988 2502 debet
1008 2454 1157 2502 normam
1176 2434 1620 2521 suppeditare-probabilem,

500 2560 599 2627 quam
618 2542 795 2626 prudenter
813 2542 846 2608 in
866 2543 1038 2611 sentiendo
1057 2551 1089 2609 et
1108 2543 1147 2645 in!
1160 2544 1287 2628 agendo
1306 2553 1497 2627 sequantur.

550 2722 621 2790 131.
672 2704 859 2772 Pnorosrrro
880 2720 928 2773 2.⁸
953 2710 1209 2773 Testimonium
1227 2710 1431 2773 historicum
1449 2712 1530 2773 licet
1550 2711 1624 2789 ple-

500 2835 647 2896 rumque
671 2819 782 2880 solam
809 2819 963 2895 praebeat
991 2819 1279 2896 probabilitatem:
1313 2819 1474 2896 quaedam
1502 2829 1621 2880 tamen

498 2925 701 3002 contingunt
712 2943 837 2986 rerum
860 2927 1034 3003 adjuncta,
1060 2927 1096 2987 in
1121 2928 1245 3006 quibus
1268 2927 1410 2987 testium
1435 2927 1621 2988 auctoritas

499 3035 599 3110 plena
609 3039 664 3092 est
677 3034 839 3112 omnique
854 3034 964 3110 maj0r
977 3034 1092 3095 evadit
1106 3035 1320 3112 exceptione,
1336 3051 1376 3095 ac
1388 3033 1532 3111 proinde
1546 3034 1621 3095 veri

498 3139 651 3202 nominis
670 3140 862 3218 suppeditat
879 3141 1120 3203 certitudinem
1135 3143 1313 3203 moralem.

305 3296 464 3381 *elmerum
545 3301 661 3362 Prima
681 3317 774 3379 pars.
824 3295 918 3377 Quod
939 3296 1146 3362 testimonium
1173 3298 1207 3362 in
1231 3315 1266 3363 re
1280 3296 1368 3380 sacti
1385 3295 1485 3380 fidem
1507 3297 1620 3377 proda-

285 3371 487 3499 ,aessffi'ffm
500 3403 591 3468 bilem
599 3403 709 3487 facere
730 3409 939 3486 sepenumero
960 3405 1075 3486 possit,
1101 3413 1231 3471 constat
1258 3423 1300 3470 ex
1328 3405 1523 3487 praecedenti
1548 3423 1620 3489 pro

248 3587 250 3590 Ι
312 3513 460 3596 δοιφτοὺώῑ·
501 3510 678 3596 positione,
708 3511 785 3595 quia
805 3511 958 3578 nimirum
978 3523 1057 3579 sunt
1082 3531 1179 3579 casus
1197 3513 1230 3578 in
1258 3511 1379 3596 quibus
1403 3521 1476 3578 tum
1501 3512 1619 3577 veraci-

338 3585 428 3630 ¹¹³¹⁸⁶⁰¹²
500 3627 551 3684 tas
569 3619 704 3698 testium
723 3629 796 3685 tum
816 3620 929 3686 notitia
954 3620 1132 3697 factorum,
1160 3639 1235 3704 quae
1262 3620 1422 3698 referunt,
1442 3620 1619 3703 prudenter

500 3746 537 3792 ac
570 3725 765 3792 rationaliter
794 3734 1042 3811 supponuntur,
1081 3728 1362 3811 quemadmodum
1392 3729 1487 3793 docet
1522 3746 1619 3810 ertpe-

500 3834 623 3900 rientia.

565 3941 664 4019 Quod
678 3962 754 4010 vero
774 3945 967 4028 plerumque
991 3962 1057 4010 non
1075 3943 1189 4028 gignat
1207 3943 1268 4012 nisi
1285 3943 1488 4028 opinativum
1509 3961 1617 4010 assen-

430 4135 435 4148 .
498 4069 591 4127 sum,
614 4051 694 4118 ratio
713 4060 779 4128 est,
799 4051 877 4136 quia
895 4053 1091 4136 plerumque
1109 4069 1176 4116 non
1195 4059 1245 4117 est
1253 4059 1344 4116 tanta
1356 4052 1491 4117 testium
1508 4062 1617 4117 aucto

500 4159 591 4234 ritas,
612 4167 649 4224 ut
662 4178 798 4226 omnem
812 4157 985 4226 excludere
995 4161 1100 4225 valeat
1110 4158 1317 4225 formidinem
1330 4159 1476 4226 falsitatis
1488 4169 1616 4244 propter

498 4267 660 4333 delectum
679 4267 748 4334 sive
768 4268 908 4344 notitiae,
929 4268 997 4333 sive
1015 4267 1137 4333 veracis
1156 4265 1356 4333 narrationis.

318 4371 451 4430 ΜΨ
566 4381 733 4443 Probatur
751 4397 833 4459 ergo
855 4383 962 4443 altera
981 4397 1064 4460 pars
1086 4380 1340 4459 propositionis·
1360 4372 1615 4450 0118ἆᾶΜοοΠ-

186 4439 192 4448 '
308 4452 381 4488 limen
391 4444 459 4498 gignit

302 4513 461 4567 animam„
498 4483 630 4568 tingunt
648 4483 816 4568 adjuncta,
832 4483 865 4550 in
885 4483 1005 4566 quibus
1028 4482 1159 4550 indubie
1177 4483 1352 4549 innotescit
1368 4491 1441 4549 turn
1461 4484 1614 4550 veracitas

298 4587 474 4634 ‘mmm'
498 4591 631 4658 testium
660 4598 732 4657 turn
757 4591 854 4656 etiam
881 4590 1013 4658 scientia
1037 4598 1070 4656 et
1088 4590 1217 4665 notitia,
1247 4609 1348 4674 quarn
1367 4591 1490 4657 habent
1514 4591 1557 4656 illi
1574 4592 1612 4656 de

499 4697 595 4764 rebus
623 4700 771 4766 narratis.
802 4698 902 4781 Atqui
930 4700 1064 4766 testium
1089 4698 1222 4765 indubia
1248 4699 1381 4766 scientia
1402 4708 1437 4765 et
1463 4697 1613 4766 veracitas
1727 4766 1729 4777 ἱ
