3492 5525
277 445 393 510 Anno.
409 459 470 508 ιιι·
482 444 571 524 Qum
586 461 845 522 urQuorunuux
859 445 1102 512 anorcnomr:
1154 447 1210 531 κη
1338 532 1344 546 ,

195 629 382 696 Differentia
398 638 449 696 est
462 628 562 706 ratio,
582 647 651 714 praa
666 631 706 695 dc
718 629 867 712 pluribus
878 630 1053 712 trudmari
1060 633 1163 712 pousr
1174 633 1253 699 tam·
1302 645 1432 699 oneum.

125 755 222 822 quam
234 744 314 820 pars
334 735 506 804 essentialis
522 737 773 806 determinativa.
793 735 926 821 Species
947 737 1084 804 demum
1103 747 1155 805 est
1172 737 1254 805 ratio
1320 718 1413 776 W·

125 865 196 930 qua
212 848 251 911 de
263 845 413 940 pluribus
425 845 599 930 predicari
609 847 711 928 potest
723 847 880 931 tamquam
893 845 1014 930 integra
1030 863 1139 914 eorum
1151 865 1254 913 essen·

126 953 171 1020 tia
191 949 255 1040 (ι).

195 1060 356 1128 Differunt
382 1077 460 1145 ergo
483 1061 553 1128 haec
570 1060 631 1126 tria
649 1060 733 1126 inter
757 1079 810 1137 se,
837 1060 915 1144 quia
935 1079 1042 1145 genus
1068 1068 1101 1128 et
1126 1061 1252 1145 species

125 1167 343 1252 praedicantur
368 1167 581 1236 essentialiter
605 1180 638 1234 et
661 1167 697 1233 in
720 1167 815 1254 qaid,
836 1168 990 1235 nimirum
1016 1169 1117 1236 instar
1141 1170 1254 1236 iormae

125 1269 286 1342 absoluiae
311 1295 348 1342 ac
367 1274 588 1352 substantive,
611 1274 795 1342 differentia
813 1293 892 1342 vero
910 1275 1102 1361 praedicntur
1119 1275 1252 1362 quidem

125 1381 343 1450 essentialiter
361 1383 421 1450 sed
439 1381 474 1448 in
491 1384 599 1467 quale,
619 1401 677 1449 seu
701 1382 801 1448 instar
819 1384 934 1450 formae
955 1383 1132 1470 adjacentis
1149 1384 1252 1458 alteri,

125 1490 165 1556 Et
184 1509 291 1575 genus
310 1489 502 1573 predicatur
521 1489 554 1556 im
572 1490 650 1575 quid
667 1489 882 1572 incompiete,
902 1491 934 1556 id
952 1499 1003 1558 est
1020 1491 1122 1558 instar
1139 1489 1252 1576 partis,

124 1596 253 1681 species
271 1606 383 1664 autem
402 1598 566 1681 complete
584 1617 620 1662 ac
640 1597 742 1662 instar
759 1597 860 1663 totius
879 1599 1029 1665 essentiae
1047 1595 1111 1687 (2).
1238 1616 1240 1619 ’
1297 1615 1300 1620 ·
1380 1650 1384 1657 .

192 1706 279 1772 Tum
299 1712 408 1770 autem
426 1724 549 1790 genus,
569 1714 641 1771 tum
660 1705 787 1790 species
806 1724 842 1772 ac
862 1705 1043 1772 differentia
1064 1706 1253 1773 dividuntur

123 1815 158 1880 in
177 1821 341 1896 suprema,
361 1813 462 1878 media
477 1821 511 1878 et
528 1813 648 1900 infima.

197 1920 311 1987 Genus
330 1940 521 2005 supremum
541 1927 608 1997 est,
624 1921 715 2004 quod
729 1939 827 2006 supra
843 1939 879 1988 se
902 1923 1029 1988 nullum
1044 1921 1130 1987 aliud
1148 1941 1254 2006 genus
1328 1952 1406 1998 om,

125 2032 224 2097 habet
251 2029 347 2095 latius
375 2039 505 2113 patens,
527 2050 560 2096 v.
581 2048 615 2112 g.
638 2029 832 2107 substantia,
857 2029 1034 2113 quamtitas,·
1051 2047 1156 2114 genus
1182 2028 1256 2095 inti·
1288 2037 1436 2140 ΕΜ*

125 2157 220 2203 mum
240 2157 259 2202 e
284 2155 443 2203 converso
462 2147 528 2213 est,
550 2136 640 2221 quod
658 2136 738 2201 intra
764 2154 799 2202 se
819 2155 886 2201 non
910 2137 1007 2204 habet
1026 2136 1112 2202 atiud
1134 2155 1252 2221 genus,
1276 2109 1459 2213 ηωζέυζῖ.

124 2245 183 2310 sed
211 2253 341 2310 tantum
370 2244 509 2328 species,
540 2252 576 2308 ut
600 2244 722 2310 animat
746 2251 893 2326 respectu
919 2243 1067 2318 hominis,
1095 2251 1128 2308 et
1151 2244 1254 2309 uirtus
1316 2234 1426 2280 nemum.

123 2353 291 2434 theologica
315 2361 464 2436 respectu
478 2349 577 2438 fidei,
604 2351 671 2433 spei
687 2359 719 2416 et
742 2351 916 2419 charitatis.
941 2351 1087 2417 Medium
1114 2353 1253 2436 denique

121 2479 231 2544 genus
249 2469 316 2536 est,
337 2461 426 2543 quod
452 2468 523 2525 tum
543 2479 658 2544 supra,
680 2468 751 2524 tum
771 2453 852 2524 infra
871 2461 1022 2524 sehabet
1041 2460 1250 2544 alingenera3

122 2571 210 2634 sicut
227 2571 339 2650 corpus
365 2569 455 2650 quod
479 2568 574 2632 latius
594 2575 681 2651 patet
701 2577 800 2649 quam
826 2566 949 2632 animat
965 2577 998 2631 et
1025 2566 1134 2632 minus
1152 2586 1252 2650 quam

120 2675 320 2756 serbstantia;
345 2676 488 2758 itemque
506 2673 625 2751 virtus,
653 2693 728 2757 quae
746 2675 853 2739 media
876 2682 926 2739 est
950 2673 1036 2739 inter
1060 2693 1252 2758 supremum

120 2802 231 2869 genus
249 2782 410 2868 qualitatis
428 2792 461 2848 et
479 2783 567 2850 varia
583 2802 703 2867 genera
720 2782 894 2850 virtutum.
916 2782 1061 2849 Medium
1088 2790 1187 2867 atque
1204 2784 1254 2849 in-

120 2891 244 2957 fimum
263 2910 370 2977 genus
388 2899 545 2956 vocantur
562 2878 702 2973 quoque
713 2890 907 2957 subalterna.

194 2997 309 3065 Genus
327 2998 480 3063 dividitur
500 3006 653 3082 praeterea
671 2997 704 3062 in
718 2986 903 3079 proximum
917 3005 950 3062 et
963 3000 1125 3063 remotrrm.
1143 2998 1253 3064 Proxi-

118 3112 220 3175 mum
241 3115 293 3172 est
310 3105 408 3181 illud,
429 3106 491 3171 sub
506 3123 573 3189 quo
588 3104 713 3188 species
729 3103 917 3169 immediate
932 3123 968 3169 ac
983 3105 1134 3187 proxime
1150 3106 1253 3171 conti-

118 3224 239 3290 netur,
252 3212 421 3279 utanimai
433 3220 580 3296 respectu
595 3212 752 3277 hominis:
769 3219 951 3288 remotum,
967 3213 1030 3277 sub
1047 3230 1115 3296 quo
1128 3213 1253 3297 species

115 3323 235 3407 aliqua
251 3320 392 3387 mediate
410 3338 446 3385 ac
466 3328 590 3385 remote
608 3318 810 3396 continetur,
832 3327 868 3384 ut
883 3319 1056 3386 maistantm
1075 3322 1125 3385 vet
1144 3320 1253 3387 vivens

115 3436 278 3514 respectu
297 3427 444 3513 ejusdem
463 3426 617 3520 hominis.

191 3534 328 3620 Species
349 3553 503 3619 suprema
520 3542 585 3609 est,
607 3552 681 3617 quae
700 3552 767 3599 non
788 3534 885 3602 habet
903 3552 1002 3619 supra
1019 3532 1062 3621 sel
1070 3536 1166 3601 aliam
1179 3554 1254 3620 spe-
1320 3556 1410 3620 specu·

110 3646 228 3719 ciem,
248 3644 307 3709 sed
333 3643 441 3708 solum
465 3660 587 3726 genus;
608 3642 699 3708 velut
715 3648 844 3724 corpas,
865 3640 1009 3723 spiritus.
1029 3641 1159 3719 Infima,
1180 3662 1254 3727 quae
1266 3628 1466 3746 'imm'

107 3863 187 3927 cies
206 3858 376 3925 interiores
401 3856 530 3939 nequit,
558 3857 617 3922 sed
636 3864 764 3921 tanturn
785 3857 882 3922 habet
906 3857 988 3922 intra
1013 3876 1048 3922 se
1074 3856 1250 3939 individua3

108 3990 146 4035 v.
171 3988 213 4054 g.
232 3964 348 4047 species
366 3964 514 4029 humana.
536 3962 642 4029 Media
659 3972 725 4040 est,
746 3983 820 4046 quae
838 3982 936 4048 supra
954 3972 986 4029 et
1004 3964 1086 4028 intra
1103 3982 1138 4031 se
1156 3965 1254 4031 habet

106 4077 199 4142 alias
215 4072 361 4157 species,
382 4089 455 4153 quae
470 4070 605 4155 proinde
620 4078 766 4154 respectu
780 4070 984 4155 superiorum
1000 4080 1049 4137 est
1062 4071 1204 4157 species,
1221 4080 1254 4137 et

106 4188 277 4268 respectu
296 4178 483 4245 interiorum
502 4194 623 4263 genus:
652 4178 724 4243 tatis
742 4188 791 4245 est
813 4178 938 4263 species
955 4178 1105 4257 viventis,
1131 4180 1254 4246 anima·

105 4294 151 4357 lis
173 4296 250 4355 etc.
299 4292 303 4299 '

144 4468 195 4541 (1)
239 4463 319 4522 Vide
330 4460 458 4535 Sylvest.
475 4460 584 4531 Mauri,
597 4460 708 4541 Quart.
722 4462 845 4536 philos,
860 4474 882 4520 t.
895 4483 920 4521 ι.
934 4473 1040 4533 quoeot.
1052 4482 1097 4536 373
1111 4460 1173 4522 Csr.
1191 4463 1251 4523 PP.

106 4560 234 4632 θεοῖς.
249 4544 372 4613 Rhodes
384 4562 414 4611 et
432 4550 566 4610 Andreas
576 4548 697 4624 Semery
712 4550 742 4609 io
755 4550 881 4625 propriis
894 4550 982 4622 locis,
997 4552 1033 4610 de
1050 4553 1107 4611 hac
1120 4552 1251 4613 materia.

141 4650 192 4721 (2)
238 4641 406 4706 Relationee
428 4640 505 4699 inter
528 4660 641 4715 genus,
656 4639 779 4712 speciem
804 4661 837 4699 ao
852 4639 1045 4701 differentium
1071 4642 1195 4715 explicat
1217 4663 1253 4703 ex

106 4740 210 4799 Arist.
231 4732 266 4792 S.
283 4731 392 4791 Thom.
409 4741 453 4802 3.⁰
466 4730 607 4805 Metaph„
622 4728 688 4788 leet.
703 4728 731 4787 8.
