3492 5525
573 474 634 556 976
686 474 811 539 laeter
827 475 1057 548 Maron-lun.
1076 489 1146 549 ψ,
1161 474 1245 537 Drsn.
1262 488 1308 555 4.·
1324 474 1403 535 Can.
1423 488 1498 555 ψ

538 580 802 593 ——n—

534 656 656 722 debent
683 655 818 723 derivari
846 676 887 722 ex
917 656 1030 723 iisdem
1053 646 1213 740 prioribus
1241 654 1419 739 principiis.
1454 654 1503 718 Ex
1530 653 1650 717 delectu

534 764 649 829 barum
667 764 894 831 conditionum
914 764 1057 831 scientiae
1075 764 1298 848 detriangulo
1313 771 1346 827 et
1359 764 1402 827 de
1413 762 1579 845 quadrato
1594 778 1651 825 non

533 880 611 935 sunt
629 871 781 948 diversae,
802 870 880 955 quia
898 871 1050 955 principia
1069 848 1142 939 tum
1162 870 1314 956 trianguli
1334 880 1405 935 turn
1428 868 1583 951 quadrati
1601 869 1651 931 do

533 978 678 1045 rivantur
696 997 737 1044 ex
757 978 920 1063 principiis
938 980 980 1044 de
996 970 1115 1064 'figura3
1146 990 1178 1045 et
1205 976 1338 1045 scientia
1357 978 1399 1041 de
1422 976 1563 1041 isoscele
1593 994 1650 1039 non

531 1095 583 1151 est
600 1085 729 1152 diversa
746 1106 765 1151 a
782 1084 915 1151 scientia
931 1087 971 1151 de
991 1086 1169 1171 triangulo,
1190 1085 1265 1168 quia
1285 1084 1440 1169 principia
1459 1084 1505 1149 de
1524 1082 1651 1147 isoscele

531 1192 721 1260 derivantur
733 1213 774 1259 ex
789 1193 953 1279 principiis
964 1195 1005 1259 de
1024 1194 1206 1279 triangulo»
1227 1191 1293 1280 (r).

264 1362 272 1367 .
364 1319 422 1351 ιω·
448 1302 498 1347 ³1³·
597 1305 694 1369 Idem
727 1316 811 1385 puto
837 1306 1025 1385 significari
1063 1300 1196 1384 quando
1226 1299 1502 1365 communissime
1542 1296 1651 1362 dicitu

253 1447 257 1455 .
315 1378 517 1493 ¹⁵‘⁰{{‡‡b':f,}³⁰‘⁰
531 1406 682 1473 scientias
700 1409 875 1474 desumere
893 1426 986 1474 suam
1006 1410 1166 1474 unitatem
1186 1408 1237 1473 vel
1260 1406 1509 1472 distinctionem
1531 1404 1649 1489 specili-

339 1522 446 1600 unimefv
461 1514 495 1561 '²¹
530 1532 602 1579 cam
622 1532 664 1581 ex
677 1514 801 1581 unitate
815 1516 867 1580 vel
889 1514 1095 1582 distinctione
1115 1514 1233 1600 objecti
1251 1534 1313 1580 non
1332 1514 1366 1579 in
1384 1512 1529 1589 esseni,
1546 1512 1648 1578 sedin

334 1594 496 1638 distinctionem
668 1623 675 1638 .
733 1622 739 1636 .
852 1624 859 1636 .
1353 1622 1356 1628 r
1555 1621 1562 1633 .

330 1662 509 1720 mmm.
530 1640 603 1687 esse
622 1622 753 1705 objecti,
774 1624 825 1689 vel
844 1643 881 1687 m
901 1642 966 1689 esse
984 1624 1101 1689 scurias
1129 1620 1194 1710 (2).
1215 1621 1298 1697 Quae
1320 1622 1389 1687 duo
1408 1620 1506 1686 valde
1529 1622 1648 1685 diversa

317 1734 419 1816 wolffg
432 1732 517 1813 irrue
530 1737 624 1804 sunt,
646 1738 755 1814 potest
772 1731 860 1795 enirn
875 1748 978 1795 unum
998 1730 1148 1815 specifice
1166 1729 1330 1815 objectum
1352 1730 1384 1794 in
1400 1746 1475 1795 esse
1491 1728 1539 1794 rei
1554 1729 1650 1793 diver·

324 1804 507 1933 '‘ffi‘i'ff‘
529 1853 583 1901 sas
602 1836 745 1905 rationes
757 1838 886 1903 scibiles
901 1858 921 1903 a
938 1838 1075 1903 diversis
1089 1837 1231 1903 scientiis
1245 1838 1522 1921 contemplandas
1538 1855 1605 1921 prae
1620 1856 1649 1901 se

340 1946 488 2026 punibile·
529 1942 625 2009 terre.
645 1941 689 2007 lta
717 1963 837 2029 corpus
863 1944 1048 2012 secundum
1077 1946 1236 2011 rationem
1265 1944 1349 2011 entis
1380 1944 1612 2011 consideratur
1636 1966 1650 2007 a

530 2050 767 2137 Metaplrysica,
786 2061 821 2117 et
838 2054 1021 2119 secundum
1046 2052 1206 2120 rationem
1235 2051 1427 2119 substantiae
1455 2052 1649 2119 sensibilisa

529 2156 736 2243 Philosophia
756 2162 906 2227 naturali.
928 2161 966 2226 Et
984 2180 1002 2225 e
1022 2178 1200 2236 converso,
1231 2178 1289 2225 res·
1309 2159 1418 2243 specie
1447 2160 1591 2226 naturali
1610 2160 1651 2223 di

529 2267 725 2332 versissimae
757 2267 884 2333 efficere
913 2277 1053 2351 possunt
1084 2286 1188 2334 unum
1215 2268 1378 2353 objectum
1417 2267 1551 2343 scibile,
1582 2288 1649 2333 narn

528 2372 640 2438 omnia
655 2392 789 2458 prorsus
806 2394 942 2460 corpora
960 2389 1140 2460 utcumque
1160 2375 1352 2441 diverssima
1371 2374 1403 2439 in
1424 2394 1487 2441 sua
1505 2376 1649 2441 entitate.

528 2492 626 2565 prout
636 2482 844 2549 sensibilibus
859 2484 1097 2549 mutationibus
1110 2492 1188 2548 sunt
1202 2483 1358 2558 obnoxia,
1371 2502 1480 2549 unum
1495 2485 1648 2567 quiddam

526 2589 636 2656 scibile
654 2590 871 2666 constituunt,
893 2592 982 2675 quod
1002 2591 1208 2675 Philosophia
1223 2592 1377 2657 naturalis
1395 2592 1648 2676 contemplatur:

525 2705 559 2763 et
576 2698 803 2786 'Metaplrysica
822 2700 862 2766 de
882 2698 1036 2766 omnibus
1060 2717 1193 2784 prorsus
1213 2698 1324 2777 rebus,
1346 2698 1415 2765 sive
1433 2698 1650 2766 existentibus

525 2805 594 2872 sive
627 2801 851 2889 possibilibus,
883 2808 1045 2893 disputat,
1074 2812 1226 2892 quatenus
1253 2807 1337 2874 entia
1363 2811 1456 2884 sunt,
1481 2797 1650 2874 nam'sub

526 2915 585 2979 hac
602 2915 862 2981 consideratione
882 2917 991 2982 omnia
1011 2935 1115 2983 unum
1134 2925 1212 2982 sunt
1225 2914 1493 2998 quodammodo.

591 3021 630 3085 Et
648 3021 723 3088 hinc
741 3032 831 3107 patet
850 3023 946 3098 ratio,
966 3041 1025 3089 cur
1050 3023 1193 3090 scientiae
1218 3041 1313 3089 suam
1334 3023 1498 3089 unitatem
1527 3025 1582 3088 vel
1609 3023 1650 3088 di
1717 3039 1718 3062 ¹

524 3129 731 3196 stinctionem
749 3139 940 3198 mutuentur
954 3151 994 3197 ex
1009 3133 1131 3199 unitate
1146 3133 1197 3196 vel
1211 3131 1419 3198 distinctione
1433 3131 1572 3218 objecti,
1590 3152 1648 3198 non

524 3238 559 3302 in
576 3238 716 3313 asseret,
736 3239 794 3304 sed
813 3239 846 3305 in
864 3257 930 3306 esse
946 3240 1077 3306 scibilis.

592 3344 651 3410 Hic
671 3365 749 3412 vero
767 3359 804 3414 ut
823 3365 1032 3414 occurramus
1046 3345 1304 3415 cavillationibus
1318 3351 1567 3430 quorumdam,
1583 3351 1651 3434 qul-

525 3453 588 3520 bus
607 3471 673 3519 non
694 3455 799 3538 placet
814 3455 866 3520 hic
886 3454 1005 3522 modus
1023 3455 1195 3538 loquendi,
1212 3465 1289 3522 cest
1306 3457 1450 3522 cavenda
1465 3459 1651 3541 aequivoca·
1715 3471 1716 3478 ’

525 3561 570 3627 tio
599 3560 631 3626 in
659 3561 712 3629 illa
740 3581 820 3628 voce
847 3581 907 3628 seu
935 3563 1199 3630 denominatione
1218 3563 1354 3630 scibilis.
1375 3565 1459 3632 Nam
1491 3564 1525 3632 in
1547 3566 1650 3653 rigore

523 3669 629 3734 scibile
655 3669 770 3736 dicitur
798 3691 855 3755 per
882 3672 1183 3739 denominationem
1211 3673 1426 3739 extrinsecam
1455 3693 1475 3738 a
1499 3677 1649 3747 scientia,
1714 3663 1715 3684 ¹

559 3960 600 4024 (1)
637 3955 786 4029 Sylvester
812 3954 920 4025 Mauri,
944 3957 1042 4014 Arist.
1068 3958 1168 4032 Opera
1189 3960 1285 4016 omnin
1307 3957 1391 4017 brevi
1408 3962 1560 4035 percipiet.
1584 3977 1649 4020 etc.

523 4042 573 4102 lib.
594 4057 631 4103 ιθ
648 4047 774 4114 Μέση,
795 4066 858 4117 cap.
881 4065 926 4114 αι,
945 4066 974 4103 n.
996 4065 1024 4118 4,
1040 4059 1069 4103 et
1084 4067 1108 4118 5.
1125 4045 1187 4105 Cir.
1205 4045 1236 4106 S.
1260 4048 1315 4108 Th.
1342 4047 1542 4122 ib.,1cct.4r;
1561 4051 1651 4110 Solus

523 4147 553 4192 et
569 4135 662 4194 Tolet.
678 4133 748 4204 ibid,
763 4155 826 4206 cap,
841 4154 887 4207 233
904 4133 1038 4192 Salvator
1051 4135 1167 4207 Roselii,
1183 4137 1292 4196 Summ.
1315 4139 1532 4214 Philosophiae,
1551 4143 1610 4200 voi.
1630 4164 1648 4201 r.

522 4245 551 4297 q.
569 4245 654 4298 apa.
672 4247 698 4303 3.

558 4319 599 4382 (a)
635 4313 711 4372 Vide
725 4312 825 4382 suar..
840 4313 915 4386 disp.
940 4315 1085 4390 Metapa„
1100 4335 1146 4390 44,
1171 4331 1239 4376 sect.
1270 4339 1310 4389 ιι,
1332 4337 1362 4377 n.
1377 4321 1425 4393 643
1450 4319 1648 4390 Conimbrim,

522 4403 576 4462 loe.
596 4404 658 4473 eit.¹
673 4405 790 4479 Logia,
810 4404 876 4463 Lib.
896 4413 933 4461 r.·
946 4406 1070 4474 Postea„
1087 4427 1151 4479 cup,
1175 4427 1219 4480 23.
1241 4421 1344 4480 quaest.
1361 4410 1442 4468 unic.
1465 4425 1524 4470 art.
1551 4433 1577 4482 ις
1595 4413 1649 4470 nu-

523 4494 613 4563 bium,
626 4495 741 4568 Logia,
753 4503 853 4567 quoest.
869 4502 987 4568 prooem.
999 4513 1027 4568 4,
1037 4498 1094 4554 n.8
1111 4517 1204 4569 seqq.3
1224 4499 1391 4568 Alamanni,
1410 4499 1522 4558 summ.
1547 4503 1649 4560 Philo·

521 4586 606 4659 sopit.
622 4596 658 4642 1.·
669 4588 743 4654 part.
758 4597 860 4655 quaest.
877 4604 920 4653 32,
931 4599 986 4643 art.
998 4605 1025 4654 ης
1034 4587 1249 4658 compluens,
1261 4589 1375 4665 Logia,
1388 4589 1465 4661 disp.
1482 4611 1525 4663 19,
1541 4609 1646 4663 quaest.

520 4695 549 4748 4,
565 4695 595 4732 n.
610 4691 657 4747 453
672 4673 756 4742 Joan.
772 4693 788 4730 a
802 4671 834 4732 S.
845 4673 968 4743 Thomu,
982 4677 1098 4754 Logia,
1114 4691 1218 4749 quaest.
1233 4698 1277 4754 27.
1298 4692 1353 4737 art.
1374 4699 1398 4750 ι,
1414 4699 1482 4738 cum
1505 4680 1647 4754 Caicum

521 4765 553 4826 in
570 4775 625 4824 r.··
639 4775 903 4837 paramentum.
918 4787 945 4838 ³·
