3492 5525
274 445 389 509 Anmc.
407 446 464 509 rad
479 443 610 509 Rarus.
626 464 728 509 nausa
742 464 901 511 currenni
915 460 1113 521 cumeorum
1160 461 1217 530 537

133 628 201 676 non
220 610 440 696 cognoscitur.
458 610 492 679 Si
504 611 725 697 cognoscitur,
741 614 810 699 jam
826 612 945 680 desinit
963 595 1040 679 esse
1049 630 1172 687 caecus,
1188 614 1257 698 jam

131 718 222 785 enim
242 718 407 804 objectum
427 727 678 804 cognosceretur
699 719 861 787 evidentia
888 721 948 805 ipsi
968 721 1165 796 extrinseca,
1191 736 1257 785 non

27 866 37 889 .
131 843 228 893 secus
246 846 284 892 ac
309 827 416 893 solent
443 827 595 911 quaedam
618 826 739 912 judicia
763 836 851 894 certa
881 828 1013 913 proferri
1036 847 1078 895 ex
1106 828 1258 894 testimo·

134 932 190 999 nio
208 933 345 1000 aliorum
370 934 538 1001 evidenter
568 935 687 1001 veraci.
711 934 742 1000 Si
768 954 833 1001 non
855 935 1079 1021 cognoscitur,
1109 953 1175 1001 non
1199 954 1258 1021 po-

132 1048 201 1107 test
214 1058 288 1108 esse
305 1041 449 1108 veritatis
466 1041 645 1109 criterium.
667 1040 750 1119 Quis
771 1043 859 1110 enim
885 1050 1033 1109 assumat
1049 1060 1107 1129 pro
1121 1043 1204 1108 duce
1219 1061 1256 1108 ac

132 1166 248 1214 norma
272 1148 416 1217 veritatis
435 1148 627 1235 indagandae
650 1150 699 1227 id,
725 1150 815 1233 quod
842 1150 944 1217 nescit
970 1169 1012 1216 an
1041 1150 1196 1236 perducat
1216 1150 1257 1215 ad

133 1254 324 1324 veritatem?

178 1370 279 1431 Prob.
306 1370 356 1433 αθ
375 1364 512 1431 Videtur
525 1382 598 1431 esse
617 1366 754 1431 omnino
768 1373 881 1431 contra
900 1363 1254 1432 naturamintellectus.

131 1472 317 1538 intellectus
336 1472 425 1538 enim
450 1481 501 1547 est
522 1472 657 1539 facultas
677 1472 910 1559 cognoscitiva.
932 1472 1015 1557 Ergo
1038 1472 1122 1538 sicut
1140 1472 1256 1538 oculus

131 1578 258 1662 absque
272 1578 397 1645 lumine
417 1578 527 1645 videre
547 1598 611 1645 non
632 1588 757 1666 potest,
773 1580 818 1647 sic
835 1599 894 1645 nec
908 1581 1092 1646 intellectus
1110 1578 1256 1663 judicare

129 1696 238 1763 certo,
255 1688 334 1770 quin
350 1686 512 1754 motivum
527 1688 659 1770 aliquod
674 1688 874 1772 praelulgeat.
892 1686 992 1771 Atqui
1012 1704 1118 1753 caecus
1137 1686 1256 1753 instin-

131 1801 206 1859 ctus
225 1802 311 1860 caret
328 1795 417 1860 omni
432 1795 591 1880 objectiva
609 1794 733 1861 ratione
747 1812 913 1861 assensus.
925 1793 1051 1879 Ergo...

178 1906 279 1969 Prob.
308 1908 360 1971 ³.⁰
404 1900 437 1966 ld
465 1901 554 1986 quod
581 1899 779 1985 experientia
806 1920 941 1985 quoque
967 1901 1153 1967 confirmat.
1184 1900 1251 1967 Cur

131 2008 221 2073 enim
241 2008 417 2075 invincibili
435 2009 617 2075 constantia
636 2010 799 2095 principiis
819 2028 886 2075 non
905 2010 1128 2085 adhaeremus,
1148 2009 1252 2074 donec

131 2114 262 2181 termini
280 2125 520 2201 cognoscantur
538 2135 719 2200 eorumque
734 2117 886 2183 identitas
905 2118 976 2181 luce
996 2116 1171 2181 meridiana
1188 2116 1252 2181 cla-

133 2223 200 2291 rius
219 2223 449 2308 perspiciatur?
473 2223 539 2290 Cur
556 2224 799 2300 conclusiones,
820 2244 897 2291 cum
924 2244 981 2309 per
1000 2224 1137 2289 modum
1162 2240 1253 2306 quae-

129 2330 247 2397 stionis
275 2332 369 2398 nobis
400 2341 643 2417 proponuntur,
666 2350 732 2399 non
760 2331 849 2417 prius
879 2332 1121 2417 amplectimur,
1152 2350 1251 2415 quam

131 2438 266 2504 evidens
291 2448 523 2524 argumentum
552 2438 812 2525 perceperimus?
833 2439 900 2505 Cur
920 2448 996 2505 ante
1022 2457 1175 2514 omnem,
1202 2457 1254 2503 as-

129 2564 265 2613 sensum
304 2547 499 2631 prudentem
533 2546 712 2631 quaerimus
743 2547 901 2614 rationem
930 2548 1141 2633 objectivam,
1178 2565 1251 2630 quae

132 2662 280 2720 mentem
299 2655 484 2736 convincat;
505 2664 538 2721 et
558 2654 618 2721 nisi
630 2654 718 2721 illam
734 2654 968 2738 invenerimus,
990 2654 1179 2721 dubitamus
1197 2662 1254 2720 aut

132 2762 329 2846 opinamus?

178 2877 279 2938 Prob.
301 2881 352 2954 4.⁰
397 2871 480 2936 Hinc
502 2880 569 2948 est,
591 2871 679 2955 quod
704 2871 778 2938 caeci
801 2872 898 2955 hujus
925 2871 1098 2937 instinctus
1126 2872 1253 2956 patroni

133 2978 220 3043 ultro
239 2979 419 3064 largiuntur
437 2980 603 3062 scepticis,
625 2979 714 3063 quod
738 2977 799 3062 ipsi
829 2980 958 3046 volunt.
978 2978 1012 3043 Si
1032 2978 1120 3044 enim
1138 2979 1255 3044 funda·

134 3094 286 3152 mentum
306 3087 415 3152 omnis
434 3086 635 3152 certitudinis
653 3094 740 3152 caret
759 3086 920 3152 evidentia
945 3099 977 3153 et
1001 3087 1124 3153 ratione
1143 3106 1255 3152 assen-

133 3212 206 3270 sus,
234 3195 383 3276 sequitur
412 3195 557 3278 prolecto
584 3193 847 3260 nosinvincibili
881 3195 1014 3279 quidem
1047 3193 1255 3291 persuasione

132 3303 205 3386 cogi
225 3301 265 3366 ad
283 3311 371 3367 certa
389 3302 541 3386 quaedam
565 3300 781 3378 admittenda,
802 3299 965 3388 ej'usmodi
988 3321 1066 3368 vero
1089 3303 1255 3368 certitudi-

133 3427 210 3474 nem
230 3409 419 3475 rationalem
449 3409 584 3476 minime
611 3428 699 3484 esse,
731 3418 844 3495 utpote
872 3427 947 3493 quae
974 3427 1040 3474 non
1069 3429 1110 3476 ex
1136 3411 1253 3496 objecti

133 3516 305 3584 intuitione
325 3518 554 3602 proficiscitur,
575 3518 633 3583 sed
652 3537 693 3583 ex
712 3537 797 3583 caeca
816 3515 940 3584 naturae
959 3518 1162 3584 necessitate.

178 3629 335 3694 Secunda
361 3648 454 3708 pars.
502 3625 574 3692 Non
600 3629 650 3691 cst
672 3626 834 3691 criterium
860 3625 986 3691 undum
1016 3644 1072 3690 seu
1096 3628 1251 3710 generale.

132 3735 217 3800 Nam
232 3733 357 3799 etiamsi
376 3734 506 3799 daretur
524 3751 597 3798 esse
612 3735 788 3798 nonnullos
803 3750 957 3799 assensus
972 3731 1103 3810 firmos,
1123 3733 1179 3816 qui
1199 3752 1256 3798 na-

133 3852 216 3907 turae
236 3849 354 3925 sponte
373 3839 497 3925 absque
517 3839 676 3927 objectiva
692 3841 815 3906 ratione
830 3848 1028 3924 ponerentur
1040 3835 1109 3927 (r),
1129 3848 1253 3906 certum

134 3948 346 4014 nihilominus
364 3957 466 4014 estex
484 3947 690 4014 conscientiae
707 3947 914 4023 testimonio,
931 3948 1054 4014 multos
1069 3946 1165 4024 alios,
1186 3947 1254 4013 sive

133 4055 362 4134 immediatos,
391 4055 461 4120 sive
489 4054 665 4131 mediatos,
697 4049 765 4121 s'uis
795 4055 899 4121 fulciri
927 4054 1059 4121 motivis
1087 4053 1255 4138 objectivis

134 4159 302 4229 vivissimo
336 4163 459 4229 lumine
492 4162 751 4246 splendentibus.
786 4163 869 4248 Ergo
897 4162 1023 4228 etiamsi
1056 4162 1130 4246 quis
1157 4161 1255 4228 vellet

133 4269 296 4336 criterium
327 4271 499 4336 instinctus
529 4270 603 4336 caeci
632 4271 820 4347 admittere,
843 4269 913 4336 ‘alia
941 4289 1074 4354 quoque
1102 4279 1256 4356 praeterea

133 4377 288 4446 admittat
307 4396 440 4444 necesse
460 4387 522 4444 est.

124 4820 128 4829 Ι
171 4741 211 4804 (ι)
248 4736 325 4796 Vide
340 4735 374 4797 S.
390 4737 446 4795 Th.
467 4749 511 4806 r.·,
530 4739 695 4812 physicon,
711 4739 775 4797 lect.
795 4757 841 4806 ro,
859 4759 973 4812 paragr.
989 4759 1013 4798 c.
