3492 5525
271 454 391 517 Anrrc.
410 467 466 516 ψ
481 431 649 530 Q'uouono
663 471 896 518 couurornrun
911 471 1075 519 inruemur
1138 426 1209 517 eoi
1313 499 1318 508 .

119 636 329 722 potissimum
350 636 385 701 P.
406 635 548 702 Fonseca
566 633 630 724 (ι).
652 634 737 701 Licet
757 636 844 703 enim
864 636 1045 703 concedant
1068 636 1107 702 od
1126 635 1238 720 cogni·

118 744 242 810 tionem
261 742 500 828 incomplexam
520 743 735 809 terminorum
762 761 829 809 non
852 761 925 810 esse
944 743 1161 810 necessarium
1181 761 1237 808 ex·

119 850 356 936 perimentum,
373 851 431 918 sed
443 851 590 917 subicere
601 847 748 916 iteratam
761 851 1054 946 apprehensionem
1066 849 1233 931 sensiiem;

119 969 229 1025 tamen
258 977 330 1026 esse
358 976 489 1042 prorsus
514 958 731 1025 necessarium
757 959 965 1051 contendunt
987 959 1028 1024 ad
1053 957 1235 1025 habendam

118 1065 339 1151 cognitionem
372 1065 564 1132 eorumdem
602 1068 810 1151 compiexam
849 1066 1094 1151 pronuntiando
1133 1065 1249 1152 prima·

119 1171 284 1258 principia.
317 1175 560 1259 «Putaturque,
587 1173 692 1259 inquit
713 1173 851 1250 suarez,
879 1159 950 1240 h'aeo
976 1174 1140 1242 sententia
1164 1191 1237 1240 esse

119 1279 302 1347 Aristotelis
324 1281 421 1347 variis
447 1280 480 1347 in
504 1281 600 1357 locis,
632 1281 752 1348 scilicet
775 1281 831 1348 lib.
858 1281 906 1350 1.⁰
926 1282 1075 1348 Priorum
1089 1297 1234 1367 cap.31,

119 1387 176 1455 lib.
196 1405 234 1464 2,
254 1407 326 1473 cap.
347 1405 407 1474 23,
429 1397 462 1453 et
479 1387 535 1456 lib.
562 1397 608 1453 r.⁰
626 1388 810 1468 Posterior„
830 1403 903 1474 cop.
931 1406 970 1472 ¹4
986 1385 1038 1478 (2)
1057 1396 1090 1455 et
1109 1389 1164 1456 lib.
1181 1387 1235 1456 2.⁰

117 1495 304 1571 Posterior„
335 1496 509 1581 capuit,
537 1495 590 1563 ubi
617 1495 808 1582 interpretes
838 1497 962 1581 antiqui
976 1496 1029 1567 ,ita
1052 1497 1172 1564 sentire
1190 1497 1237 1563 vi·

117 1603 262 1668 denturs
284 1599 346 1690 (3).

185 1708 270 1775 Sane
300 1712 361 1776 boc
398 1711 498 1777 modo
535 1712 678 1795 loquitur
706 1712 923 1796 Philosophus
955 1712 987 1778 in
1020 1712 1101 1778 libro
1131 1711 1237 1795 primo

116 1815 266 1884 Priorum
283 1819 520 1900 nummorum
537 1818 608 1908 (4);
623 1821 708 1886 Sunt
717 1823 821 1886 autem
833 1820 965 1903 propria
977 1817 1136 1902 principio
1152 1819 1238 1885 circe

116 1943 364 2011 unamquamque
379 1926 540 1994 serentum
552 1927 693 2010 plurimo
700 1947 714 2009 ;
732 1946 828 2012 quare
839 1927 1000 2010 principia
1017 1927 1103 1993 circo
1124 1945 1238 1992 unum

115 2035 258 2118 quodque
278 2033 474 2116 experientiae
490 2037 539 2100 est
553 2035 759 2118 suppeditare.
784 2035 865 2100 Dico
891 2038 1007 2110 autem,
1033 2037 1072 2100 ut
1093 2037 1238 2100 astrono-

116 2140 199 2204 mica
209 2140 408 2222 experuntia,
420 2141 612 2224 principium
625 2143 818 2208 estscientto
830 2143 1061 2208 astrorromico:
1070 2141 1239 2208 obseruatis

117 2247 200 2311 enim
212 2245 400 2329 sufficienter
410 2249 637 2331 picenomenis,
657 2249 703 2315 sic
721 2249 856 2316 invente
872 2250 1010 2334 fiunem
1026 2247 1239 2316 astronomicu

117 2355 403 2424 demonstrationes.
423 2356 576 2423 Similiter
595 2375 670 2423 vero
691 2358 782 2424 etiam
805 2375 856 2423 res
878 2376 910 2424 se
931 2357 1024 2423 habet
1038 2358 1124 2423 eirca
1141 2356 1239 2422 aium

117 2480 341 2549 quanicumque
358 2468 457 2530 artem
474 2467 507 2530 et
519 2465 694 2540 scientum.
780 2519 783 2526 .

186 2568 315 2646 Quibus
342 2571 449 2638 affinia
473 2572 583 2639 scribit
608 2575 641 2640 in
669 2573 749 2640 libro
778 2575 885 2659 primo
907 2572 1118 2640 Posteriotum
1148 2575 1240 2639 Ana-

117 2678 300 2760 lyticorum:
313 2679 515 2763 Perspicuum
532 2680 626 2763 etum
636 2685 692 2758 est,
708 2683 739 2748 si
748 2683 939 2769 quissensus
950 2681 1106 2769 defecent,
1120 2675 1240 2770 necesse
1363 2689 1366 2693 ’
1479 2743 1486 2759 ,

118 2804 184 2853 esse
202 2778 295 2852 ettam
311 2789 469 2855 scientiam
486 2792 652 2874 quemdum
674 2791 826 2869 defecisse,
851 2810 944 2876 prum
972 2789 1157 2873 impossibile
1173 2792 1247 2855 erat

118 2896 278 2979 consequi:
294 2895 446 2981 siquidem
462 2897 612 2963 discimus
629 2903 686 2964 ant
701 2898 880 2965 inductione
896 2902 954 2964 aut
967 2897 1238 2963 demonstratione.

119 3002 177 3067 Est
190 3005 292 3067 autem
314 3004 533 3071 demonstratio
548 3024 587 3070 ex
604 3006 843 3083 universalibus,
869 3007 1007 3072 inductio
1028 3024 1100 3073 vero
1119 3024 1159 3070 ex
1175 3006 1243 3070 sin-

117 3110 296 3193 gutariius:
320 3110 504 3193 impossibile
520 3130 593 3178 vero
610 3117 657 3179 ert
671 3112 864 3180 universalia
881 3113 1083 3196 contemplari
1108 3111 1175 3178 nisi
1184 3118 1244 3195 per

120 3217 370 3285 inductionem...
390 3218 568 3285 inductione
585 3224 688 3287 ouum
712 3222 818 3287 doceri
833 3240 926 3287 sensu
943 3222 1105 3287 destinetur
1130 3219 1244 3301 impos·

84 3368 90 3377 ·
119 3322 210 3390 sibile
235 3329 291 3390 est.
321 3324 439 3392 Sensus
464 3328 546 3392 enim
573 3332 622 3394 est
649 3329 873 3413 singularium
902 3348 977 3396 nam
1003 3346 1066 3394 non
1091 3325 1247 3411 contingit

122 3432 232 3497 borum
248 3432 383 3515 adipisci
398 3434 573 3515 scientiam
590 3454 647 3501 nea
664 3437 746 3501 enim
759 3436 920 3502 scientiam
936 3435 1098 3521 acquirere
1119 3434 1194 3499 ticet
1204 3452 1244 3498 ex

120 3538 348 3606 universalibus
360 3541 428 3606 sine
442 3541 631 3621 inductione,
648 3551 766 3626 nuper
777 3544 986 3610 inductionem
997 3543 1167 3609 sinerensu
1176 3537 1242 3628 (5).

190 3646 229 3713 Et
254 3666 313 3731 pro
338 3648 451 3715 eadem
473 3650 634 3718 sententia
659 3652 777 3737 allegat
803 3652 946 3719 Fonseca
971 3660 1097 3718 veteres
1120 3648 1244 3715 Aristo-

121 3752 197 3820 telis
224 3753 432 3839 interpretes,
463 3758 684 3825 Alexandrum
715 3759 982 3842 Aphrodisaeum,
1012 3756 1242 3831 Themistium,

122 3861 360 3948 Philoponum,
378 3866 573 3943 Averroem,
594 3864 634 3932 D.
654 3866 816 3933 Thomam
835 3876 868 3934 et
887 3868 966 3935 alios
979 3862 1044 3955 (6).

161 4118 201 4181 (ι)
238 4112 304 4173 Lib.
323 4134 346 4181 1,
363 4114 504 4189 Metapin,
520 4134 582 4187 cap.
602 4134 626 4184 r,
646 4127 717 4177 sect.
733 4136 764 4189 3,
778 4136 806 4189 4.

160 4202 202 4277 (2)
238 4202 300 4262 cfr.
317 4202 349 4262 S.
369 4196 475 4262 Thom.
495 4202 565 4262 ibid.

161 4298 203 4365 (3)
240 4290 365 4364 Suarez,
379 4293 457 4367 disp.
469 4294 601 4369 Metoph.
622 4315 646 4366 1,
662 4306 731 4355 sect.
747 4294 780 4365 6,
796 4314 825 4354 n.
843 4296 889 4353 26.

161 4382 203 4455 (4)
239 4382 370 4443 Loncit.

161 4476 202 4544 (ς)
236 4472 371 4543 Ariston,
395 4472 445 4532 tib.
471 4483 510 4533 ιθ
530 4473 699 4545 Posterior..
724 4473 777 4534 loo.
794 4472 842 4533 eit.
860 4472 923 4537 Cir.
945 4473 979 4536 S.
1003 4473 1112 4540 Thom.
1131 4479 1183 4540 lib.
1210 4489 1249 4539 r.·

121 4562 299 4634 Posterior„
314 4562 380 4622 lect.
397 4580 441 4635 30.

143 4650 207 4801 ιώ)
237 4652 374 4722 Fonueea,
390 4652 442 4711 lib.
461 4658 498 4710 1.·
510 4652 651 4729 Metdpit„
665 4674 729 4727 cap.
752 4676 776 4725 r,
796 4674 825 4726 q.
846 4674 876 4729 4,
897 4668 967 4716 rect.
988 4677 1015 4731 3,
1029 4656 1165 4719 secunda
1184 4678 1251 4720 cort·

122 4762 141 4802 e
156 4760 232 4802 usto.

1181 4862 1213 4935 §i
