3492 5525
512 497 572 566 :392
632 497 637 540 :
703 482 830 546 Loorcr
851 481 1108 546 MruoR-Drsr.
1131 493 1176 559 3.·
1198 481 1276 546 Cae.
1293 495 1372 564 *sim

474 660 604 748 duplum
618 667 662 730 ad
672 683 771 730 unum
784 668 816 730 al
824 683 888 730 non
901 668 979 730 strat
987 665 1118 745 duplum
1130 665 1175 727 ad
1187 660 1262 730 tria.
1277 661 1375 745 igilur
1380 664 1458 728 sant
1466 664 1596 744 drrplunr

475 776 507 838 el
520 790 583 837 non
595 773 738 854 duplum.
759 773 912 838 Secundo
931 771 1044 837 modo:
1060 769 1126 836 lior
1139 773 1328 852 astduplam
1339 772 1383 836 ad
1395 770 1478 836 illud
1488 789 1597 837 secan·

475 883 551 946 dum
576 880 811 964 largitudinem,
834 882 866 944 at
890 899 955 944 aaa
975 883 1023 944 ast
1038 880 1169 960 duplam
1189 881 1359 944 secundum
1384 877 1593 946 hminem.

467 989 554 1071 lirg'o
567 990 754 1069 estdaplum
766 992 866 1054 elnon
883 988 1026 1069 duplam.
1042 984 1151 1051 Tertio
1163 986 1275 1052 modo:
1292 985 1448 1053 Rota‘bac
1458 988 1596 1050 nwoabrr

467 1095 686 1172 circulariter,
706 1099 737 1160 at
751 1115 815 1162 non
832 1098 975 1160 mouetur
990 1110 1117 1159 sarsum
1133 1097 1165 1160 et
1179 1097 1337 1159 deorsum.
1357 1094 1439 1176 Ergo
1458 1096 1598 1158 movetur

475 1205 507 1268 et
522 1221 586 1268 non
607 1200 756 1270 movetur.
778 1202 910 1273 Quarto
924 1203 1037 1268 modo:
1061 1194 1181 1267 Dorias
1200 1203 1249 1266 est
1266 1201 1377 1266 clausa
1394 1201 1429 1265 in
1445 1204 1543 1277 nack,
1567 1205 1599 1266 al

476 1327 539 1376 non
552 1312 718 1377 estalausa
735 1311 769 1378 in
784 1311 846 1377 Δία.
862 1312 946 1394 Ergo
959 1313 1007 1376 cst
1020 1312 1129 1376 clausa
1137 1313 1170 1374 et
1184 1327 1248 1374 non
1261 1313 1309 1374 est
1318 1311 1428 1375 clausa
1440 1306 1505 1418 (r).

541 1420 640 1484 Nullo
659 1420 790 1504 negotio
808 1419 936 1485 cavebit
954 1416 1141 1504 hujusmodi
1161 1417 1316 1492 fallacias,
1336 1417 1392 1500 qui
1412 1419 1502 1502 leges
1519 1435 1597 1484 coo-

475 1525 672 1592 tradictionis
682 1527 811 1603 calleat,
830 1526 974 1593 notando
987 1535 1100 1591 contra
1111 1543 1289 1608 quamnam
1304 1535 1345 1590 erc
1358 1523 1419 1591 illis
1433 1533 1594 1609 peccetur.

542 1639 666 1700 Petitio
682 1639 839 1718 principi.
866 1633 1061 1716 Principium
1081 1632 1133 1698 hie
1150 1631 1264 1698 dicitur
1288 1631 1459 1716 principale
1478 1651 1597 1716 propo-

475 1737 588 1805 situm.
609 1739 701 1806 Tunc
719 1739 817 1825 igitur
834 1739 950 1824 aliquis
965 1741 1045 1824 petit
1063 1739 1275 1824 principium,
1295 1741 1428 1823 quando
1442 1740 1523 1825 petit
1536 1739 1596 1807 sibi

464 1845 607 1913 *concedi
626 1847 800 1931 principale
828 1847 1050 1932 propositum,
1080 1847 1170 1930 quod
1196 1847 1294 1912 debet
1318 1847 1465 1931 probare.
1497 1846 1596 1923 and

474 1953 608 2036 quidem
639 1955 667 2020 si
695 1955 757 2020 sub
776 1955 891 2022 eodem
924 1955 1058 2021 nomine
1086 1963 1191 2039 petat,
1211 1956 1301 2020 nulla
1324 1956 1363 2020 frt
1379 1955 1517 2031 fallacia,
1537 1957 1597 2022 sed

475 2069 590 2145 petens
618 2061 778 2128 videbitur
805 2063 1019 2139 deridendus,
1050 2063 1133 2129 sicut
1160 2061 1186 2127 si
1222 2063 1300 2128 velit
1328 2041 1489 2146 probares
1510 2064 1597 2129 borno

473 2170 590 2245 currit,
612 2179 645 2235 et
670 2170 751 2254 petit
776 2170 862 2235 idem
889 2170 949 2235 sibi
977 2169 1121 2256 concedi.
1151 2169 1185 2236 Si
1214 2189 1291 2236 vero
1315 2178 1404 2254 petat
1428 2169 1479 2247 id,
1507 2172 1596 2254 quod

474 2277 546 2342 vult
566 2277 717 2360 probare,
734 2279 797 2344 sub
812 2278 875 2343 alio
894 2277 1072 2352 vocabulo,
1093 2279 1211 2360 poterit
1229 2295 1301 2344 esse
1321 2278 1456 2358 fallacia3
1472 2287 1505 2343 et
1519 2288 1600 2344 tunc

475 2383 602 2468 proprie
620 2384 701 2468 petit
718 2383 815 2462 iliud,
836 2384 927 2468 quod
945 2393 996 2450 est
1011 2385 1043 2451 in
1064 2384 1236 2470 principio,
1253 2385 1286 2452 id
1304 2393 1371 2460 est,
1392 2385 1488 2460 illud,
1508 2387 1598 2468 quod

475 2491 508 2557 in
527 2509 561 2557 se
580 2492 725 2559 continet
744 2492 917 2577 principale
936 2493 1154 2577 propositum.

461 2597 463 2602 ’
541 2599 680 2666 Fallacia
702 2619 771 2684 ergo
785 2601 943 2682 murana
961 2599 1115 2683 principii
1139 2603 1187 2665 esl
1200 2601 1335 2682 deceptrb
1357 2600 1542 2682 prrroanr’eas
1559 2619 1600 2665 ax

462 2726 520 2784 aa,
532 2710 616 2793 quod
628 2708 711 2774 idam
721 2708 893 2775 assumitur
909 2710 954 2774 ad
967 2707 1179 2792 probationem
1190 2707 1352 2791 suiipsius
1365 2708 1601 2775 subalioooca·

356 2809 357 2812 '
466 2816 546 2883 bulo
563 2814 784 2902 (2)..Failacia
803 2818 890 2893 haec,
912 2824 948 2882 ut
967 2824 1071 2900 patet,
1099 2835 1165 2881 non
1185 2824 1297 2899 peccat
1306 2825 1422 2883 contra
1444 2815 1510 2881 vim
1530 2818 1600 2882 illa·

475 2924 593 2999 tivam,
624 2924 791 2989 conclusio
822 2922 909 2989 enim
930 2924 1014 2988 bene
1041 2922 1130 2998 fluit,
1150 2924 1209 2989 sod
1235 2932 1347 2990 contra
1370 2924 1597 3009 probationem

395 3100 398 3107 ,
474 3030 671 3116 argumenti.
700 3030 783 3096 Nam
803 3049 881 3097 curn
905 3031 1054 3115 probatio
1076 3030 1208 3095 deberet
1225 3049 1297 3097 esse
1319 3030 1440 3115 aliquid
1463 3032 1600 3098 manite-

475 3138 556 3205 stius
576 3157 609 3203 re
628 3138 698 3221 ipsa
717 3138 901 3222 probanda3
919 3157 997 3206 cum
1017 3139 1137 3221 petitur
1160 3138 1372 3223 principium,
1398 3140 1475 3205 nihil
1494 3140 1600 3205 mani·

475 3245 588 3312 festius
607 3247 739 3311 affertur
757 3246 797 3311 ad
825 3264 894 3312 rem
914 3245 1130 3331 probandam.
1159 3244 1268 3321 Quare
1287 3247 1454 3331 urgendus
1476 3256 1528 3313 est
1545 3266 1600 3315 so-

475 3352 594 3437 phista,
611 3361 648 3419 ut
662 3352 778 3437 probet
791 3352 1017 3420 assertionem.

542 3461 665 3527 Peccari
685 3468 793 3526 autem
815 3461 977 3546 praecipue
997 3469 1116 3545 potest:
1136 3457 1176 3550 a)
1194 3462 1326 3545 quando
1344 3462 1516 3530 definitum
1543 3482 1600 3547 pe-

474 3567 552 3633 titur
571 3568 611 3633 ad
630 3566 827 3634 definitionis
840 3568 1084 3645 definitionem,
1105 3570 1157 3633 vei
1176 3587 1385 3636 econverso:
1406 3568 1448 3658 β)
1465 3571 1600 3655 quando

475 3676 515 3740 ad
552 3676 775 3759 probationem
815 3676 1005 3742 universalis
1044 3684 1201 3761 petuntur
1234 3677 1345 3743 omnia
1386 3678 1629 3760 particulariat·

474 3782 512 3875 γ)
522 3783 656 3867 quando
671 3784 791 3867 petitur
801 3802 905 3849 unum
920 3784 1147 3850 correlativum
1163 3785 1203 3849 ad
1213 3784 1438 3868 probationem
1452 3786 1596 3853 alterius.

476 3890 521 3957 Ut
539 3891 565 3957 si
584 3889 625 3955 ad
643 3890 849 3974 probandum
866 3890 1032 3958 Socratem
1049 3882 1121 3958 esse
1135 3892 1278 3958 Platonis
1291 3900 1433 3976 patrem,
1449 3911 1599 3961 assumas

477 4000 577 4065 banc:
599 3998 690 4064 Plato
703 3998 847 4083 estfiliar
861 3999 1001 4066 Socratis
1017 3996 1081 4087 (3).

291 4159 318 4190 ω
343 4144 461 4197 „,·„„‚
544 4106 596 4171 Ad
616 4106 805 4190 petitionem
826 4104 972 4190 principii
995 4125 1127 4190 quoque
1147 4116 1316 4174 revocatur
1331 4114 1482 4176 circulos
1499 4114 1601 4177 vitio·

431 4250 434 4259 .
475 4234 554 4291 sue,
582 4212 637 4297 qui
657 4222 729 4279 tum
747 4212 983 4289 committitur,
1003 4232 1079 4278 cum
1103 4215 1224 4299 aliquid
1244 4216 1400 4300 probatur
1424 4234 1480 4300 per
1497 4216 1597 4293 aliud,

475 4321 566 4405 quod
584 4319 726 4387 vicissim
747 4320 902 4404 probetur
919 4338 978 4405 per
996 4320 1151 4406 primum.

479 4512 731 4529 m

459 4541 462 4549 Ι
511 4589 553 4661 (ι)
591 4588 625 4648 8.
641 4587 759 4659 Thoan,
778 4578 958 4659 oposeeit,
977 4608 1041 4661 cap.
1062 4608 1104 4647 rr.

511 4678 552 4751 (2)
589 4676 623 4736 S.
637 4677 756 4747 Thoan,
772 4676 884 4749 Opuec.
899 4676 960 4745 cit„
976 4697 1041 4750 cop.
1059 4699 1101 4752 13.

510 4770 552 4841 (3)
590 4766 623 4827 S.
638 4767 744 4825 Thom.
762 4765 831 4825 ibid.
