3492 5525
530 443 571 527 98
753 471 757 477 ’
821 531 828 546 ·
943 442 1166 506 lurnouucrro
1240 466 1242 468 ·

555 629 625 711 lam
648 629 733 707 siis,
750 629 808 714 qui
831 647 987 696 summus
1004 629 1142 695 evadere
1165 627 1383 712 philosophus
1405 628 1510 710 cupit,
1537 625 1619 690 alios

488 745 638 805 auctores
652 739 800 805 consulat
812 755 947 804 necesse
961 747 1026 812 est,
1042 755 1103 802 eos
1118 737 1325 822 potissimum
1340 753 1486 819 quaerere
1504 734 1616 808 debet,

487 845 543 931 qui
563 846 646 912 inter
665 856 801 918 caeteros
821 837 968 912 doctrina
982 855 1027 911 et.
1040 844 1172 930 ingenio
1190 852 1332 930 aptaque
1355 843 1511 909 methodo
1535 841 1618 906 erni·

485 963 613 1024 cerunt.
628 955 676 1020 Ac
686 955 768 1020 tales
780 955 925 1038 proiecto
940 955 1029 1019 suere
1042 951 1247 1029 scholastici,
1262 953 1325 1018 sub
1337 951 1458 1036 quibus
1469 950 1620 1017 Philoso-

485 1061 561 1145 phia
588 1061 629 1128 ad
655 1062 860 1138 maximum,
892 1081 992 1146 quem
1026 1079 1175 1145 unquam
1206 1060 1371 1137 habuerit,
1405 1046 1615 1144 splendoiem

485 1176 597 1238 erecta
612 1177 679 1248 est,
701 1181 733 1237 et
753 1170 876 1253 quibus
891 1169 1135 1244 deficientibus,
1153 1170 1205 1234 illa
1224 1187 1358 1252 quoque
1373 1187 1457 1254 pene
1480 1167 1612 1240 defecit,

483 1287 540 1344 aut
553 1285 639 1344 certe
655 1278 853 1362 turpissimis
868 1277 1031 1344 erroribus
1049 1278 1220 1362 deturpata
1242 1286 1313 1353 est,
1330 1287 1429 1360 atque
1446 1275 1617 1342 incredibi-

484 1385 568 1452 libus
584 1384 704 1452 deliriis
718 1385 871 1470 desipuit.
884 1385 1000 1470 Neque
1014 1396 1125 1452 tamen
1138 1385 1166 1450 is
1179 1404 1244 1470 ego
1253 1386 1328 1461 sim,
1345 1384 1400 1468 qui
1411 1386 1499 1451 solos
1510 1385 1617 1452 Scho-

482 1493 612 1560 lasticos
645 1495 757 1560 audire
787 1496 907 1571 velim,
941 1511 1046 1577 eaque
1076 1495 1248 1560 dumtaxat
1281 1492 1432 1577 amplecti
1464 1512 1539 1576 quae
1567 1493 1613 1560 illi

482 1600 635 1668 docuere.
653 1600 745 1684 Sicut
760 1603 848 1667 enirn
868 1601 929 1686 ipsi
954 1602 1057 1668 multa
1077 1602 1147 1667 suis
1162 1599 1339 1685 majoribus
1361 1601 1527 1678 addidere,
1552 1621 1615 1686 po·

480 1717 618 1776 tuerunt
634 1728 769 1793 quoque
784 1718 817 1775 et
831 1708 911 1795 ipsis
925 1709 985 1774 alia
1000 1710 1121 1794 posteri
1135 1709 1271 1785 addere,
1282 1710 1369 1776 aede
1382 1712 1466 1776 tacto
1480 1709 1614 1776 addide-

482 1828 558 1885 runt
578 1815 660 1882 inre
676 1818 885 1902 potissimum
903 1817 1037 1913 physica
1061 1826 1094 1882 et
1112 1816 1361 1893 mathematica,
1386 1835 1528 1900 quorum
1550 1836 1613 1883 nos

484 1922 644 1991 rationem
676 1925 797 1991 habere
820 1934 965 2012 oportet,
991 1923 1096 1988 immo
1120 1925 1218 1990 etiam
1242 1925 1283 1990 ad
1306 1944 1419 1992 eorum
1444 1944 1611 2002 normam,

481 2031 537 2096 ubi
566 2050 651 2115 opus
673 2033 789 2108 tuerit,
815 2032 968 2116 quaedam
994 2043 1144 2098 veterum
1170 2034 1285 2118 placita
1309 2036 1493 2101 reformare.
1520 2033 1612 2101 Faxit

483 2137 591 2224 Deus,
618 2149 654 2206 ut
668 2139 873 2207 «scholastica
895 2139 1118 2224 Philosophia,
1142 2141 1182 2206 ad
1207 2143 1391 2207 maximum
1407 2141 1609 2227 Theologiae,

480 2255 580 2329 atque
592 2247 675 2313 adeo
695 2245 877 2314 christianae
897 2246 1074 2333 Religionis
1092 2250 1374 2326 emolumentum,
1395 2249 1531 2334 pristino
1550 2251 1612 2315 lto·

480 2355 550 2420 nori
564 2353 764 2432 restituatur,
781 2339 1064 2439 quemadmodum
1079 2355 1311 2423 sanctissimus
1321 2356 1482 2424 Dominus
1490 2359 1612 2424 Noster

479 2461 576 2529 variis
601 2462 725 2539 modis,
752 2482 789 2528 ac
808 2462 1020 2548 potissimum
1044 2465 1218 2550 encyclicis
1239 2463 1307 2530 suis
1328 2464 1456 2532 Litteris
1479 2468 1614 2532 AEkrni

484 2569 614 2647 Patris,
644 2571 937 2638 vehementissime
955 2589 991 2638 se
1005 2590 1125 2666 cupere
1144 2573 1304 2649 ostendit,
1325 2576 1461 2659 jamque
1479 2573 1613 2642 obtiner

484 2677 633 2763 pluribus
650 2678 683 2745 in
699 2680 779 2747 locis
792 2680 900 2765 caepit.

488 2850 492 2863 ,
554 2786 745 2855 Scribebam
781 2788 960 2856 Vallisoleti
997 2789 1049 2856 die
1086 2789 1304 2857 immaculatae
1339 2790 1462 2876 Virgini
1499 2810 1609 2872 sacro,

481 2912 570 2959 anno
590 2896 685 2983 1889.
