3492 5525
573 421 633 505 796
693 421 820 487 Locren
834 423 1066 497 Maron-Lm.
1085 433 1145 488 μ’·
1158 427 1251 491 Drsa.
1269 423 1495 504 arsamum

533 602 633 691 lytici.
654 603 686 670 Si
704 605 863 672 diceretur
881 605 915 671 in
935 607 1122 690 hujusmodi
1138 606 1301 693 principiis
1317 627 1383 675 non
1395 609 1585 676 innotescere
1600 632 1649 676 no

534 712 581 778 bis
608 711 882 779 universalitatem
909 732 946 780 ac
965 713 1191 782 necessitatem
1213 715 1284 781 sine
1303 711 1435 784 re‘cursu
1459 718 1500 782 ad
1514 717 1647 801 aliquod

532 818 619 884 aliud
646 820 855 904 principium,
894 821 1016 888 facilius
1045 834 1154 906 posset
1172 824 1317 904 tolerari;
1354 831 1387 887 at
1423 824 1540 906 opinor
1566 844 1649 890 asse·

535 926 672 992 rendum
703 946 769 994 non
790 947 878 1004 esse,
904 930 994 1014 quod
1014 930 1164 1012 praedicta
1192 929 1346 1014 principia
1373 948 1438 996 non
1459 932 1598 996 habeant
1620 932 1647 996 in

535 1034 648 1118 seipsis
667 1034 940 1104 universalitatem
959 1037 1249 1104 nenecessitatem.
1266 1038 1305 1102 Et
1318 1037 1398 1104 ratio
1412 1041 1481 1104 haec
1494 1048 1559 1116 est,
1578 1059 1647 1104 nam

535 1142 742 1225 praedicatum
762 1143 911 1221 illorum,
933 1146 984 1210 vel
1003 1144 1155 1230 exprimit
1172 1145 1321 1214 accidens
1345 1144 1487 1231 logicum
1503 1147 1647 1232 subjecti,
1708 1224 1710 1245 .

535 1251 586 1314 vel
601 1250 780 1336 proprium.
803 1250 836 1318 Si
847 1253 990 1337 primum
1009 1253 1112 1329 dicas,
1133 1241 1334 1337 impossibile
1352 1259 1402 1317 est
1418 1253 1572 1339 principia
1586 1253 1646 1326 illa,
1708 1248 1710 1319 ἶ

534 1356 630 1422 etiam
650 1358 682 1424 in
703 1358 820 1441 virtute
839 1359 985 1445 principii
997 1362 1128 1426 alterius
1141 1360 1308 1445 analytici,
1330 1358 1604 1426 universalitatem
1617 1381 1648 1425 ac

535 1465 760 1533 necessitatem
780 1467 948 1558 inducere,
965 1467 1127 1550 siquidem
1143 1467 1352 1551 praedicatum
1369 1466 1563 1534 accidentale
1577 1487 1650 1532 con·
1708 1476 1711 1561 ἒ,

534 1573 697 1658 tingenter
723 1575 878 1640 convenit
904 1576 1064 1662 subjecto.
1094 1574 1151 1640 Sin
1180 1575 1336 1651 alterum,
1363 1573 1518 1660 principia
1544 1576 1598 1640 illa
1614 1593 1650 1639 ex
1709 1584 1710 1629 l

534 1679 648 1764 seipsis
667 1681 787 1748 habent
805 1680 1080 1748 universalitatem
1101 1690 1133 1746 et
1152 1679 1394 1756 necessitatem,
1416 1700 1493 1747 nam
1513 1683 1650 1767 proprie

534 1795 583 1854 tas
600 1789 778 1855 necessario
796 1790 948 1856 convenit
964 1790 1129 1874 subjecto,
1151 1808 1210 1854 nec
1228 1790 1338 1862 solum
1352 1789 1384 1855 in
1400 1809 1468 1855 uno
1486 1791 1650 1856 individuo
1710 1834 1712 1887 ‚

534 1895 732 1979 particulari,
753 1895 863 1962 sedin
882 1897 1089 1980 totaspecie.
1110 1897 1204 1963 Unde
1232 1894 1330 1962 etiam
1355 1896 1517 1963 certitudo
1541 1899 1650 1982 hujus·

535 2002 623 2068 modi
652 2005 931 2087 propositionum,
952 2003 979 2070 si
1008 2003 1218 2088 praedicatum
1247 2003 1400 2086 exprimit
1424 2004 1648 2088 proprietatem
1710 2016 1711 2043 ¹

535 2110 807 2197 metaphysicam,
834 2112 1056 2198 metaphysica
1076 2119 1144 2185 est,
1175 2112 1202 2177 si
1221 2130 1299 2176 vero
1323 2111 1531 2195 predicatum
1550 2112 1651 2195 expri-
1711 2140 1713 2199 ς

534 2217 594 2282 mit
621 2219 852 2302 proprietatem
887 2199 1074 2304 physicam,
1108 2218 1267 2284 certitudo
1295 2217 1347 2283 illa
1374 2219 1408 2284 in
1438 2219 1548 2302 aliquo
1579 2237 1651 2284 casu
1711 2204 1712 2261 l

534 2325 713 2408 particulari
734 2345 790 2410 per
805 2325 996 2392 miraculum
1016 2325 1153 2390 delicere
1172 2333 1295 2409 potest,
1322 2337 1420 2408 atque
1439 2327 1521 2391 adeo
1545 2325 1653 2412 physi-

533 2451 572 2497 ca
590 2441 638 2498 est
666 2430 733 2521 (r);
755 2431 908 2516 quamvis
934 2451 993 2517 pro
1021 2432 1229 2518 generalitate
1257 2450 1392 2498 casuum
1421 2434 1527 2499 adhuc
1555 2443 1653 2498 meta
1712 2446 1714 2463 ¹

535 2540 669 2627 physica
695 2541 756 2617 sit,
789 2542 894 2624 qualis
922 2549 973 2607 est
1003 2541 1100 2606 etiam
1130 2539 1292 2606 certitudo
1321 2541 1513 2606 constantiae
1543 2543 1651 2626 legum
1712 2546 1713 2553 ’

536 2648 729 2715 naturalium
749 2650 928 2734 generatim
944 2648 1111 2732 inspectae.
1129 2649 1167 2712 Et
1185 2649 1264 2713 ratio
1279 2656 1346 2723 est,
1367 2646 1444 2731 quia
1457 2667 1534 2714 cum
1555 2661 1654 2714 meta-

535 2756 668 2844 physice
682 2769 807 2823 certum
823 2757 865 2823 sit
880 2755 1050 2843 physicam
1064 2755 1312 2841 proprietatem,
1334 2755 1468 2839 praeciso
1487 2757 1651 2828 miraculo,
1713 2752 1715 2770 '

535 2864 671 2930 deficere
690 2884 756 2930 non
785 2884 898 2949 posse,
926 2866 1081 2948 quoniam
1103 2883 1160 2929 nec
1184 2864 1338 2929 miracula
1365 2873 1535 2949 patrantur
1552 2886 1570 2930 a
1590 2865 1653 2929 Deo
1713 2899 1714 2954 l

535 2970 605 3037 sine
623 2990 737 3047 causa,
761 2990 819 3039 nec
838 2990 946 3038 causae
965 2970 1091 3037 idoneae
1110 2970 1255 3037 miraculi
1280 2970 1425 3055 patrandi
1447 2991 1505 3056 pro
1522 2991 1654 3057 genera·
1713 2957 1714 2962 ¹

537 3078 624 3145 litate
642 3096 779 3145 casuum
807 3087 998 3154 occurrunt,
1019 3078 1179 3145 certitudo
1207 3078 1396 3163 hujusmodi
1419 3080 1651 3165 metaphysica,

537 3187 669 3270 opinor,
686 3186 821 3253 dicenda
839 3195 902 3253 est.
1332 3204 1337 3211 ·

604 3294 827 3371 Qramobrem
838 3292 992 3377 equidem
1005 3292 1143 3359 admitto
1145 3291 1273 3380 judicie
1282 3293 1654 3377 synthetica‚eanempe

537 3418 614 3485 quae
633 3402 804 3486 praedicata
822 3400 1043 3486 contingentia
1061 3400 1210 3485 subjecto
1238 3399 1438 3475 attribuunt,
1474 3420 1550 3485 quae
1579 3421 1655 3486 prac-

338 3542 387 3571 nm
412 3542 464 3571 rna
482 3544 510 3572 t.
538 3510 644 3575 dicata
668 3528 709 3575 ex
735 3512 802 3574 sola
828 3509 952 3574 notione
978 3508 1135 3592 subjecti,
1173 3514 1351 3590 utcumque
1388 3517 1578 3591 penetretur
1609 3526 1652 3573 es·

539 3615 645 3683 sentia
662 3616 811 3700 specifica
825 3617 912 3701 ejus,
932 3614 1086 3701 cognosci
1105 3615 1234 3697 nequit,
1256 3624 1366 3679 utrum
1385 3616 1584 3682 conveniant
1601 3616 1652 3681 illi:

539 3725 614 3795 talia
632 3732 710 3789 sunt
729 3723 900 3808 praedicata
919 3725 1033 3789 harum
1052 3721 1330 3806 propositionum:
1352 3722 1464 3787 Petrus
1479 3726 1531 3788 est
1539 3726 1655 3789 dens:

542 3834 641 3897 Homo
670 3831 775 3897 currit
803 3839 865 3897 etc.
894 3828 1057 3911 Principio
1082 3836 1193 3895 tamen
1219 3828 1422 3913 synthetica,
1451 3831 1561 3911 qualia
1589 3832 1656 3897 des·

335 3940 519 3999 maurulum·
541 3940 710 4005 cribuntur
737 3960 755 4003 a
783 3936 1031 4012 recentioribus,
1060 3934 1250 4002 crediderim
1280 3935 1407 4001 admitti
1435 3938 1527 4003 nullo
1561 3938 1655 4003 modo

543 4066 651 4131 posse.
682 4045 766 4110 Nam
798 4042 952 4129 principia
979 4052 1058 4108 sunt
1084 4041 1293 4109 fundamenta
1320 4042 1528 4109 scientiarum
1549 4047 1658 4111 aede

543 4152 830 4219 monstrationum.
852 4151 891 4215 Et
917 4150 1120 4225 dividuntur,
1149 4158 1186 4213 ut
1204 4148 1354 4233 superius
1372 4148 1534 4229 vidimus,
1563 4152 1595 4217 in
1614 4154 1658 4217 in·

543 4258 809 4335 demonstrabilia
846 4257 1033 4342 simpliciter
1068 4267 1101 4324 et
1139 4255 1438 4324 indemonstrabilia
1478 4262 1657 4327 secundum

543 4367 634 4452 quid.
651 4367 720 4448 lam
741 4364 895 4450 principia
917 4362 1216 4430 indemonstrabilia
1234 4363 1420 4447 simpliciter
1446 4365 1561 4432 omnia
1588 4379 1658 4433 sunt

545 4474 720 4563 analytica,
756 4484 789 4539 et
821 4470 1056 4557 propositiones
1093 4468 1289 4567 immediatae
1325 4490 1361 4536 ac
1398 4490 1455 4571 per
1487 4492 1525 4540 se
1565 4488 1657 4542 nota.

577 4652 621 4763 Ι(ι)
657 4654 734 4745 ¹Vide
748 4686 884 4759 superius
898 4683 976 4742 dicta
989 4682 1025 4741 de
1038 4683 1234 4755 Proprietete,
1249 4701 1278 4739 n.
1297 4682 1356 4739 186.
