3492 5525
540 567 544 573 Ι
571 471 626 537 rba
767 470 892 539 Locren
912 467 1162 537 Minoa-Dran.
1189 482 1233 534 r.·
1252 468 1332 534 Car.
1358 483 1429 553 ψ

527 674 586 722 seu
605 675 670 724 non
690 657 842 723 naturalis
860 665 927 733 est,
948 675 1022 742 quae
1038 654 1129 721 aliter
1146 671 1183 720 se
1201 655 1309 720 habet.
1330 655 1432 720 Porro
1448 652 1600 738 congmit
1613 652 1647 716 in
1728 624 1729 671 i

528 764 640 848 primis
664 765 707 830 rei
731 773 869 842 naturae,
896 773 933 829 ut
954 763 1106 849 quaeiibet
1128 781 1181 830 res
1202 763 1244 831 de
1267 762 1374 846 seipsa
1389 761 1537 837 dicatur,
1564 759 1649 825 sicut

527 871 614 937 enim
627 873 886 958 unumquodque
899 872 1041 938 maxime
1052 889 1165 938 secum
1184 879 1235 938 est
1252 888 1356 936 unum
1375 887 1435 936 seu
1452 867 1644 946 identicum,

527 977 570 1043 ita
589 987 711 1045 naturae
729 980 871 1046 maxime
889 987 1147 1046 consentaneum
1173 986 1239 1055 est,
1259 986 1298 1043 ut
1314 979 1356 1043 de
1374 977 1483 1060 seipso
1502 975 1650 1041 enuntie-
1728 1012 1729 1027 ι

525 1095 590 1154 tur.
615 1085 764 1154 Secundo
788 1088 943 1153 convenit
968 1095 1106 1163 naturae,
1131 1093 1169 1153 ut
1191 1086 1223 1151 id
1246 1085 1337 1168 quod
1359 1092 1410 1150 est
1431 1084 1524 1166 quasi
1544 1084 1649 1150 torma
1728 1104 1730 1111 ’

526 1193 648 1259 dicatur
665 1195 707 1290 de
725 1213 780 1270 eo,
800 1195 890 1278 quod
908 1194 951 1259 itti
970 1196 1059 1260 vetut
1079 1192 1212 1259 materia
1230 1191 1433 1278 subjiciatur.
1446 1189 1523 1266 Ouo
1541 1191 1596 1266 tu,
1611 1199 1650 1254 ut

525 1301 591 1366 duo
609 1301 675 1368 sint
693 1287 887 1367 naturalium
910 1301 1176 1385 praedicationum
1197 1320 1333 1386 genera,
1355 1299 1539 1383 pradicatio
1559 1299 1648 1363 allen

525 1407 585 1473 tica
603 1415 636 1472 et
650 1409 783 1474 'directa
806 1408 944 1474 identica
966 1418 1033 1486 est,
1060 1408 1093 1475 in
1118 1427 1183 1492 qua
1201 1407 1387 1474 enuntiatur
1405 1405 1542 1471 omnino
1560 1405 1649 1470 idem

348 1523 359 1554 ²
402 1521 444 1554 ¹¹⁰⁶
468 1537 474 1560 ·
524 1515 564 1580 de
587 1516 722 1594 eodem,
747 1523 784 1581 ut
801 1517 894 1582 Plato
916 1525 966 1582 est
989 1517 1099 1592 Plato,
1115 1516 1243 1598 gladius
1261 1524 1312 1580 est
1329 1514 1414 1580 ensis
1436 1511 1500 1601 (r).
1523 1511 1651 1578 Directa

523 1629 589 1700 est,
606 1622 639 1687 in
658 1642 722 1706 qua
740 1623 773 1690 id
791 1623 881 1708 quod
898 1632 950 1688 est
967 1623 1059 1706 quasi
1079 1624 1199 1700 torma,
1217 1622 1408 1706 praedicatur
1426 1622 1468 1685 de
1487 1639 1543 1695 eo,
1559 1621 1651 1703 quod

523 1747 559 1795 se
578 1731 674 1796 babet
691 1730 777 1796 itlius
792 1730 1035 1814 comparatione
1054 1739 1092 1795 ut
1111 1729 1261 1806 materia,
1275 1738 1311 1794 ut
1323 1749 1399 1796 cum
1411 1729 1534 1796 animal
1545 1745 1652 1792 enun·
1728 1766 1729 1801 p

522 1837 620 1902 tiatur
637 1838 678 1903 de
696 1837 832 1914 bonine,
853 1839 960 1904 album
978 1838 1020 1903 de
1039 1838 1112 1903 nive
1129 1842 1187 1904 ete.
1207 1835 1261 1924 (Ξ)

589 1943 773 2010 Praedicatio
789 1963 855 2011 non
869 1945 1022 2012 naturalis
1032 1965 1090 2012 seu
1106 1944 1287 2011 inordinata
1302 1952 1363 2020 est,
1380 1961 1455 2028 quae
1467 1943 1510 2008 rei
1524 1949 1651 2008 naturae
1728 1990 1729 1993 ,

524 2052 658 2117 minime
672 2053 838 2120 convenit.
855 2052 986 2119 Eavero
996 2053 1119 2136 dupiex
1131 2053 1280 2128 habetur,
1292 2070 1358 2118 una
1367 2055 1476 2116 contra
1487 2055 1649 2126 natarum,
1728 2088 1730 2179 q

523 2158 591 2224 sive
605 2158 777 2237 indirecta,
801 2160 833 2225 in
852 2179 919 2244 qua
937 2161 1120 2245 subjectum
1141 2159 1293 2244 exprimit
1310 2159 1359 2235 id,
1375 2159 1467 2242 quod
1480 2167 1530 2224 est
1545 2159 1652 2223 torma
1728 2184 1730 2259 q

523 2267 573 2332 vei
588 2266 680 2348 quasi
692 2268 796 2332 torma
810 2268 990 2351 praedicati,
1011 2276 1048 2333 ut
1063 2270 1089 2335 si
1104 2269 1207 2334 dicas:
1224 2267 1358 2332 Arrintal
1369 2270 1417 2332 est
1427 2267 1527 2343 bomo,
1542 2266 1653 2330 adrem
1728 2264 1729 2355 t

522 2381 572 2439 est
586 2374 655 2440 nix.
673 2373 781 2438 Altera
796 2381 845 2440 est
854 2379 973 2456 prater
982 2380 1131 2442 naturam
1143 2376 1212 2441 sive
1227 2394 1283 2458 per
1294 2376 1440 2440 accadens
1452 2424 1459 2450 ,
1470 2393 1547 2440 cum
1560 2373 1655 2438 vide-
1728 2374 1729 2433 3

523 2481 594 2546 iicet
619 2500 678 2547 nec
698 2481 750 2556 id,
767 2483 856 2565 quod
872 2483 1063 2565 praedicatur
1075 2491 1126 2548 est
1139 2471 1243 2548 torma
1261 2484 1347 2566 ejus,
1363 2482 1452 2565 quod
1467 2481 1652 2565 subjicitur,

523 2607 629 2671 neque
643 2597 800 2666 econtra,
820 2590 877 2655 sed
892 2591 991 2656 ambo
1000 2598 1078 2656 sunt
1093 2590 1185 2674 quasi
1200 2591 1313 2655 iormae
1327 2590 1431 2684 ⁹unius
1445 2589 1548 2666 tertii,
1570 2597 1609 2652 ut
1624 2591 1655 2654 si
1728 2576 1730 2603 ’

522 2696 685 2763 dicamus:
701 2697 806 2763 album
818 2707 867 2764 est
880 2701 988 2792 alutae,⁸
1001 2699 1051 2763 vei
1065 2700 1154 2764 dulce
1169 2706 1219 2764 est
1231 2699 1356 2778 alban·
1369 2697 1424 2764 ubi
1439 2714 1545 2780 neque
1556 2697 1655 2762 dulce
1728 2688 1730 2741 l

521 2812 572 2869 est
589 2806 692 2870 iorma
714 2824 772 2872 nec
788 2805 922 2870 materia
938 2806 1020 2883 albi,
1041 2807 1099 2872 sed
1118 2814 1298 2889 utrumque
1312 2814 1362 2871 est
1376 2807 1481 2870 torma
1497 2805 1654 2889 ejusdem

522 2910 613 2977 iactis
627 2907 691 2999 (3).

566 3036 586 3101 4
589 3038 621 3105 3.
672 3019 856 3086 Praedicatio
872 3023 1025 3086 naturalis
1037 3020 1252 3087 subdividitur
1266 3021 1299 3086 in
1313 3020 1504 3085 essentialem
1519 3028 1551 3083 et
1564 3020 1659 3083 acci-

518 3126 685 3192 dentalem.
707 3128 816 3193 Potest
833 3128 921 3192 enim
945 3148 1047 3193 unum
1067 3128 1107 3192 de
1126 3128 1188 3193 aiio
1207 3127 1371 3211 praedicari
1388 3126 1598 3192 essentialiter
1617 3137 1656 3191 et

430 3286 437 3299 .
518 3234 768 3312 accidentaliter,
784 3243 817 3299 et
831 3236 1111 3319 quemadmodum
1131 3237 1309 3319 loquuntur
1320 3235 1444 3320 Logici.
1465 3234 1498 3300 in
1516 3235 1596 3319 qaid
1616 3246 1658 3301 et

519 3338 551 3405 in
561 3342 663 3425 quale.
681 3342 897 3407 Essentialiter
908 3343 1097 3426 praedicatur
1108 3342 1140 3407 id
1148 3348 1158 3419 ,·
1169 3344 1258 3426 quod
1271 3344 1311 3408 ad
1322 3343 1496 3409 essentiam
1507 3342 1659 3425 pertinet

519 3448 672 3533 subjecti,
690 3457 726 3514 ut
740 3450 781 3515 de
796 3450 928 3515 homine
941 3450 1063 3516 aninral
1075 3459 1108 3516 et
1122 3451 1287 3517 rationale.
1305 3450 1550 3516 Accidentaliter
1564 3468 1659 3533 prae-
1691 3426 1730 3514 ’ἱ

518 3555 642 3623 dicatur
661 3556 710 3632 id,
736 3559 825 3640 quod
851 3578 916 3624 non
936 3559 1075 3642 pertinet
1097 3558 1139 3624 ad
1159 3559 1335 3625 essentiam
1359 3557 1514 3642 subjecti,
1545 3565 1582 3621 ut
1607 3559 1660 3623 de

553 3775 594 3837 (r)
632 3770 714 3829 Hanc
723 3784 829 3829 tamen
839 3770 1073 3843 praedicationem
1085 3770 1239 3831 identicam
1254 3770 1424 3829 Cardinalia
1437 3771 1558 3829 Toletua
1570 3771 1658 3835 (loc.

517 3856 683 3925 ciatrem
704 3859 899 3919 inordinatam
921 3870 1028 3935 prater
1050 3862 1178 3919 ordinem
1185 3886 1196 3929 ‚-
1219 3860 1364 3934 duplicem
1385 3860 1465 3918 enim
1486 3859 1663 3935 distinguit

516 3946 749 4019 predicationem
761 3948 973 4017 inordinatam,
990 3949 1077 4008 aliam
1088 3951 1296 4020 contemeliam
1307 3960 1413 4025 prater
1427 3950 1567 4008 ordinem.
1580 3952 1661 4013 Cir.

517 4056 583 4108 quae
598 4036 673 4096 idem
687 4037 808 4097 Toletus
820 4038 890 4098 ibid.
906 4052 1010 4111 quast.
1029 4051 1067 4098 1.⁸
1080 4040 1117 4098 de
1128 4040 1336 4115 peccatone
1344 4041 1477 4098 identiea
1488 4038 1603 4109 scribit,
1619 4058 1666 4102 et

517 4125 579 4185 Cir.
596 4126 684 4186 Suar.
699 4127 776 4201 diap.
793 4149 842 4203 34.
861 4129 1005 4204 Metapa,
1021 4144 1092 4189 sect.
1111 4152 1121 4188 r
1139 4151 1168 4188 n.
1186 4152 1212 4204 7.
1304 4185 1308 4189 Α

551 4222 593 4283 (a)
631 4216 738 4289 itaque.
753 4218 974 4289 praedicationes
999 4219 1119 4279 directae
1145 4234 1218 4278 aunt
1243 4220 1466 4293 praedicationes
1488 4218 1664 4285 notionum

516 4308 698 4380 superiorum
708 4306 745 4365 dc
755 4308 957 4379 inferioribus,
967 4312 1217 4368 cambeotium
1226 4310 1264 4370 de
1272 4310 1437 4381 absolutis,
1449 4311 1664 4372 accidentium

514 4394 552 4453 de
566 4395 704 4471 subiectis
717 4410 746 4457 et
759 4400 991 4469 differentiarum
1001 4399 1040 4458 dc
1052 4401 1206 4474 speciem
1216 4402 1360 4476 propriis.-
1373 4400 1436 4460 baec
1452 4400 1533 4460 enim
1544 4402 1665 4465 omnia

516 4482 642 4544 invicem
653 4501 862 4559 comparantur
876 4488 971 4548 instar
982 4487 1085 4547 formae
1095 4489 1133 4549 ad
1147 4490 1312 4549 materiam.

549 4579 593 4643 (ι)
630 4574 671 4633 ita
690 4574 750 4635 iere
762 4576 800 4635 ad
813 4580 935 4637 verbum
949 4578 1135 4649 Conimbric‚
1150 4595 1249 4652 queat
1264 4590 1302 4639 r.·
1319 4578 1350 4640 in
1370 4583 1545 4652 Proesatr'on.
1562 4582 1668 4640 Poe·-

510 4663 629 4737 phyrii,
645 4678 700 4724 art
722 4684 750 4740 4.
769 4665 831 4725 ctr.
849 4668 991 4737 Foaacca,
1006 4670 1103 4728 instit.
1123 4670 1208 4740 diat..
1222 4669 1273 4729 lib.
1289 4692 1321 4742 a,
1337 4692 1401 4744 cap.
1418 4686 1491 4743 net
1505 4670 1601 4733 toret.
1614 4673 1668 4738 in

511 4772 574 4827 cap.
587 4756 623 4813 de
634 4752 758 4827 Genera,
775 4774 892 4831 paragr.
907 4761 953 4818 De
963 4760 1133 4829 individae,
1147 4773 1255 4833 qamt.
1270 4779 1300 4820 a.
1419 4808 1422 4813 .
