3492 5525
601 0 834 54 AR‘HC.
876 5 990 73 §.¹¹⁸
1019 0 1380 64 OBJECTUM
1408 0 2215 56 ATTmBUTtomsLomca-z.
2307 4 2476 74 1155
2565 0 2581 5 ⁷

298 184 697 256 ut-congrue
755 171 960 256 possit
998 171 1188 239 unica
1223 171 1601 241 definitione
1635 172 1950 257 proponi,
2002 180 2069 237 et
2110 172 2537 258 proprietates

297 276 565 354 habeat,
599 297 749 362 quae
783 280 867 345 de
903 278 1045 365 ipso
1084 279 1650 349 demonstrentur:
1693 278 1773 368 β)
1812 291 1884 348 ut
1921 299 2119 347 exeo
2155 281 2540 348 desumatur

294 386 578 453 scientiae
652 387 992 454 diversitas
1054 389 1336 466 caeteris,
1403 397 1470 453 et
1539 387 1777 454 idcirco
1841 397 2113 455 vocatur
2171 388 2540 476 specificati-

293 513 480 560 vum:
515 491 587 586 γ)
625 507 698 562 ut
727 496 792 561 in
830 497 1058 562 ordine
1087 497 1167 562 ad
1204 496 1434 581 ipsum,
1461 496 1957 563 considerentur
1984 506 2225 564 caetera-
2250 496 2542 563 scientiae

294 601 571 685 objecta,
615 622 764 687 quae
802 603 1108 669 dicuntur
1141 602 1448 670 attributa
1476 622 1594 671 seu
1626 605 2120 682 communitatis,
2153 622 2273 671 nec
2298 604 2422 669 alia
2457 604 2540 670 de

292 727 491 775 causa
517 710 582 775 in
612 709 1198 778 considerationem
1233 711 1530 788 veniant,
1566 711 1686 778 nisi
1717 710 1870 795 quia
1897 720 2056 779 sunt
2090 711 2264 779 illius
2292 722 2533 796 parteS,

293 818 401 884 vel
430 817 771 901 principia,
805 820 909 883 vel
938 819 1314 896 accidentia,
1347 821 1451 884 vel
1481 820 1719 903 quovis
1749 819 1948 886 modo
1979 821 2058 886 ad
2086 819 2259 886 illud.
2283 820 2576 886 ordina-⁸

294 932 395 989 ta:
437 943 585 1008 quae
622 925 944 992 ordinatio
983 926 1304 1011 praecipue
1342 927 1619 1011 spectari
1659 928 1853 993 debet
1891 928 1956 993 in
1992 937 2123 994 esse
2156 929 2424 1012 cogniti,
2466 937 2539 994 ut

294 1034 511 1118 ajunt,
553 1034 618 1098 id
657 1043 791 1109 est,
832 1036 921 1101 ita
969 1044 1042 1101 ut
1078 1046 1462 1103 caeterorum
1520 1034 1953 1102 consideratio
1990 1035 2137 1101 ideo
2172 1036 2541 1104 introducta

293 1142 380 1206 sit
415 1142 482 1207 in
521 1142 894 1218 scientiam,
938 1143 1091 1226 quia
1145 1143 1452 1209 conducit
1498 1145 1579 1208 ad
1620 1143 1978 1227 pleniorem
2037 1142 2369 1222 notitiam,
2422 1162 2541 1209 seu

293 1250 757 1331 speculativam
798 1269 917 1316 seu
955 1250 1334 1335 practicam,
1377 1250 1611 1336 objecti
1649 1250 2145 1318 attributionis»
2184 1247 2312 1339 (1).

381 1362 615 1424 Dices.
709 1356 774 1421 Si
812 1358 1066 1443 objecta
1104 1358 1410 1425 attributa
1457 1365 1815 1424 tractantur
1862 1359 1927 1423 in
1978 1358 2243 1425 scientia
2287 1363 2547 1442 propter

292 1463 626 1548 objectum
666 1461 1130 1540 attributionis,
1164 1464 1464 1532 desinent
1501 1484 1644 1532 esse
1682 1485 1834 1532 vere
1872 1467 2203 1552 objectum
2242 1468 2538 1543 formale,

296 1589 447 1636 nam
486 1573 615 1637 tale
671 1581 772 1666 est
807 1573 966 1639 illud
1007 1573 1385 1649 dumtaxat,
1429 1576 1607 1657 quod
1647 1583 1911 1658 propter
1948 1592 2027 1640 se
2065 1574 2539 1657 consideratum

292 1679 474 1761 quod
521 1689 744 1746 autem
803 1690 1067 1765 propter
1103 1682 1278 1747 aliud
1315 1681 1656 1766 attingitur
1692 1682 1775 1747 ab
1813 1683 2026 1765 aliqua
2064 1681 2362 1758 scientia,
2407 1701 2539 1748 non

293 1795 392 1852 est
433 1788 555 1854 nisi
592 1789 919 1873 objectum
963 1789 1316 1856 materiale.
1359 1790 1526 1874 Ergo
1565 1789 1868 1873 praedicta
1903 1790 2247 1874 explicatio
2282 1810 2361 1856 eo
2399 1799 2545 1858 tan-

291 1895 446 1960 dem
479 1896 778 1973 devenit,
807 1907 878 1963 ut
901 1897 1231 1983 objectum
1262 1897 1703 1965 attributionis
1729 1914 1883 1963 cum
1914 1897 2539 1991 formaliadaequato

291 2004 678 2074 confundat.
863 2003 871 2010 '

426 2118 637 2205 Resp‘.
698 2113 1277 2196 aequivocationem
1337 2114 1550 2180 inesse
1604 2114 1668 2179 in
1735 2114 1843 2178 illa
1902 2115 2213 2199 particula
2258 2118 2535 2198 propter,

291 2237 442 2302 quae
478 2220 801 2302 duplicem
849 2238 1120 2286 sensum
1173 2221 1412 2287 habere
1450 2230 1698 2305 potest,
1741 2224 2047 2299 alterum,
2087 2223 2199 2307 qui
2236 2222 2540 2309 designet

291 2327 611 2394 rationem
671 2326 845 2405 finiS,
887 2328 969 2394 ad
1006 2347 1205 2412 quem
1247 2329 1489 2411 aliquid
1527 2327 1845 2413 dirigitur:
1900 2331 2026 2395 hoc
2062 2342 2251 2415 pacto
2306 2348 2540 2397 servus

289 2436 538 2500 laborat
554 2438 813 2518 propter
839 2436 1207 2521 pecuniam,
1242 2445 1309 2501 et
1335 2444 1622 2521 aegrotus
1645 2438 1851 2503 sumit
1880 2438 2264 2503 medicinam
2284 2443 2544 2520 propter

287 2544 665 2608 sanitatem.
724 2545 801 2611 Et
856 2546 1031 2610 hunc
1087 2563 1357 2611 sensum
1399 2545 1671 2609 denotat
1728 2544 2037 2628 particula
2089 2546 2219 2620 illa,
2263 2564 2415 2612 cum
2456 2547 2592 2638 ad‘

287 2651 797 2735 exprimendum
835 2651 1076 2736 aliquid
1122 2652 1205 2718 de
1240 2651 1491 2717 actibus
1527 2652 1885 2718 voluntatis
1924 2652 2292 2728 adhibetur,
2332 2652 2539 2736 siqui-

284 2760 455 2826 dem·
497 2770 796 2845 respectu
853 2762 1210 2827 voluntatis
1258 2779 1458 2827 omne
1515 2760 1846 2846 objectum
1899 2763 2172 2827 formale
2215 2760 2535 2829 rationem

284 2868 438 2934 finis
493 2868 725 2946 induit,
770 2877 843 2936 ut
878 2869 1321 2935 communiter
1357 2867 1687 2934 asseritur.
1732 2869 1817 2933 At
1867 2887 2018 2934 cum
2057 2887 2279 2935 sermo
2316 2878 2417 2936 est
2455 2869 2537 2935 de

285 2977 537 3042 actibus
593 2978 992 3053 intellectuS‚
1053 2977 1364 3061 particula
1418 2976 1523 3041 illa
1562 2981 1820 3059 propter
1858 2994 1989 3042 non
2030 2995 2293 3061 semper
2328 2977 2533 3043 finem

284 3084 610 3169 designat,
644 3087 760 3151 sed
789 3085 1150 3169 generatim
1191 3084 1512 3169 quidquid
1548 3083 1837 3150 redditur
1872 3103 1994 3169 pro
2028 3086 2274 3151 ratione
2321 3094 2530 3161 actus,

285 3202 353 3256 et
389 3210 538 3259 cum
581 3195 664 3258 ad
701 3192 1194 3277 significandam
1227 3191 1543 3259 rationem
1581 3193 1869 3259 formalis
1899 3194 2133 3279 objecti
2163 3193 2529 3269 adhibetur,

285 3301 555 3367 denotat
602 3298 918 3384 quidquid
959 3301 1138 3365 reddi
1188 3309 1405 3385 potest
1443 3318 1561 3382 pro
1600 3299 1948 3368 sufficienti
1986 3301 2233 3369 ratione
2269 3301 2556 3386 objecti-'

286 3427 394 3485 va,
434 3410 536 3475 cui
575 3409 816 3474 directe
874 3407 1193 3474 innitatur·
1235 3417 1443 3483 actuS,
1495 3415 1770 3489 totaque
1824 3406 2029 3491 ipsius
2066 3408 2380 3475 securitas
2430 3408 2534 3474 vel

284 3517 604 3592 adhaesio,
665 3516 920 3604 vel,·ut
956 3513 1199 3599 passim
1238 3515 1506 3601 dicitur,
1549 3513 1865 3580 rationem
1923 3533 2003 3581 ex
2063 3524 2242 3600 parte
2297 3516 2536 3601 objecti

283 3627 730 3711 desumptam,
771 3643 901 3708 qua
954 3623 1414 3709 interroganti,
1455 3640 1574 3688 cur·
1619 3622 1767 3688 talis
1814 3635 1999 3691 actus
2034 3623 2313 3709 attingat
2356 3622 2537 3710 obje-

284 3743 498 3810 ctum,
539 3734 780 3800 directe
808 3731 1043 3798 satisfit
1082 3750 1196 3816 per
1233 3728 1766 3815 praepositionem
1795 3732 1970 3816 quia.
2012 3730 2406 3817 Hujusmodi
2435 3750 2536 3799 ra-

285 3843 532 3909 tionem
571 3840 879 3926 exprimit
905 3840 1010 3905 illa
1040 3839 1353 3924 particula
1381 3839 1446 3904 in
1480 3838 1606 3905 hoc
1626 3839 1896 3924 judicio:
1930 3839 2146 3906 Firma
2173 3840 2325 3907 Fide
2349 3843 2535 3908 credo

357 4027 438 4086 (ι)
513 4019 802 4088 Lossada,
856 4017 964 4076 loe.
1015 4015 1137 4085 cit„
1189 4036 1250 4074 n.
1291 4037 1344 4088 3.
1403 4014 1530 4074 Csr.
1591 4013 1975 4085 Conimbrie.,
2023 4017 2307 4087 Dialect„
2357 4037 2417 4089 q.
2479 4035 2530 4091 5.

286 4130 552 4185 prooem.,
584 4123 694 4168 art.
734 4130 791 4179 ις
825 4108 1089 4177 Fonsee.;
1118 4106 1219 4165 lib.
1265 4125 1327 4175 2,
1373 4105 1655 4179 Metapa,
1693 4126 1744 4164 c.
1787 4127 1847 4178 3,
1879 4125 1937 4177 q.
1979 4126 2035 4175 x,
2074 4118 2214 4165 sect.
2260 4128 2314 4180 3.
2343 4106 2530 4168 Tolet.

283 4205 374 4262 De
402 4201 684 4270 Dialect„
717 4198 778 4257 in
805 4217 1016 4257 comm.
1047 4216 1107 4268 q.
1142 4213 1192 4268 5.
1245 4196 1323 4257 Ut
1365 4205 1587 4265 autem5
1621 4195 2053 4268 Complutens„
2086 4197 2260 4272 Log„
2289 4196 2443 4270 disp.
2481 4218 2529 4266 1,

283 4310 550 4365 prooem„
575 4309 631 4361 q.
667 4308 722 4359 2,
755 4308 815 4346 n.
853 4307 937 4344 ιι.

174 5083 1845 5525 -
2245 5071 2261 5108 Γ
