3492 5525
275 506 392 571 Anne.
408 522 471 573 aa·
482 506 732 574 Danarrocrnro
745 527 788 575 nr
801 494 1104 575 xnouraerrr'arrone
1151 528 1208 591 313

127 692 209 759 dum
238 691 462 760 causalitatem
492 696 553 760 boc
577 695 713 762 nomine
737 707 923 774 censeatur,
953 697 1035 763 alius
1052 714 1137 763 vero.
1156 697 1250 763 inire·

127 808 268 882 quenter
300 808 334 866 et
369 801 478 867 solum
510 804 680 869 secundun
701 802 781 888 qaid
804 813 934 873 tantum
970 804 1135 871 discursus
1164 822 1249 872 nun-

125 916 287 993 cupatur»
304 905 368 996 (ι).

192 1015 324 1082 Maneat
344 1034 423 1101 ergo
445 1015 598 1094 firmum,
632 1017 673 1084 ad
702 1017 886 1085 discursum
919 1036 987 1086 non
1007 1018 1108 1085 modo
1137 1021 1248 1105 plures

125 1122 245 1207 requiri
272 1124 478 1209 cognitiones
495 1126 653 1209 pluraque
661 1124 802 1211 judicia,
822 1126 998 1194 sedetiam
1022 1138 1058 1196 ut
1082 1144 1186 1194 unum
1205 1146 1247 1195 ex

123 1232 188 1298 aiio
224 1233 397 1318 procedat,
433 1232 605 1320 colligatur
632 1252 669 1300 ac
699 1234 933 1302 determinetur
968 1235 1001 1302 in
1039 1244 1152 1302 mente
1193 1254 1248 1303 no-

122 1350 190 1408 stra
207 1337 274 1428 (a).
293 1340 387 1407 Unde
400 1347 486 1407 recte

190 1446 351 1514 Definitur
372 1446 538 1531 discursus
560 1451 613 1516 vel
638 1450 842 1518 ratiocinium
873 1470 912 1519 ea
943 1449 1064 1518 mentis
1087 1451 1243 1536 operatio,
1316 1530 1321 1541 ι
1356 1458 1378 1503 ur
1404 1474 1414 1504 r

122 1575 190 1642 qua
208 1574 249 1623 ex
267 1575 333 1622 una
351 1558 401 1622 vel
418 1556 564 1642 pluribus
582 1556 773 1626 raritatibus
790 1558 930 1645 cognitis
949 1559 989 1625 ad
1008 1560 1104 1625 aliam
1125 1578 1247 1653 cogno
1282 1556 1293 1587 ’·
1316 1544 1419 1575 ''⁶⁰¹⁸¹¹⁸'

121 1663 280 1731 scentiam
292 1663 506 1748 provehimur
519 1675 652 1750 propter
666 1669 856 1734 earumdem
872 1666 1124 1733 connexionem:
1137 1668 1202 1743 vel,
1218 1668 1246 1733 si

122 1772 228 1838 mavis
251 1768 344 1838 illum
368 1790 444 1838 cum
466 1771 624 1839 Cicerone
642 1773 793 1851 definire,
814 1784 864 1841 est
883 1774 983 1851 ratio,
1003 1793 1073 1860 quae
1093 1793 1134 1840 ex
1156 1774 1248 1841 rabies

114 1878 272 1962 perceptis
288 1881 333 1945 ad
349 1876 401 1956 ia,
414 1880 499 1965 quod
515 1900 579 1947 uon
590 1881 834 1965 percipiebatur,
860 1881 993 1948 adducit
1010 1878 1072 1969 (3).
1092 1880 1247 1967 idemque

119 1976 316 2071 exprimitur
345 2005 403 2071 per
426 1988 516 2054 illam
531 1988 627 2054 aliam
648 1988 682 2057 S.
707 1990 884 2075 Augustini
901 1988 1169 2074 descriptionem,
1198 2009 1248 2057 se-

118 2094 267 2162 cundum
282 2112 383 2178 quern
401 2093 601 2165 ratiocinatio
616 2106 667 2163 est
679 2098 856 2164 acern'sad
866 2098 1056 2163 incertorum
1068 2097 1246 2182 indagatio-

117 2222 190 2269 nem
208 2202 312 2268 uitem
323 2202 466 2285 cogitatio
479 2200 542 2292 (4).

186 2308 291 2377 Radix
309 2310 406 2394 hujus
428 2311 623 2394 operationis
642 2310 676 2378 in
700 2272 883 2378 intellectus
903 2312 1005 2378 nostri
1024 2310 1243 2379 imbecillitate
1274 2300 1440 2417 offiffi

117 2418 224 2503 posita
241 2425 305 2483 est.
335 2416 416 2483 Cum
432 2418 516 2484 euim
534 2420 708 2486 intellectus
722 2420 876 2485 bamauus
894 2422 988 2485 exeat
1000 2420 1039 2485 de
1053 2421 1190 2503 pateutrir
1208 2422 1243 2486 in
1270 2444 1349 2488 menn.
1364 2458 1403 2487 ..ω
1415 2457 1443 2487 12

115 2528 239 2602 actum,
258 2523 497 2591 sinriiitudiuem
513 2529 683 2611 quamdam
700 2527 791 2593 babet
805 2546 877 2593 cum
893 2526 984 2593 rebus
997 2526 1239 2611 generabiliter,
1283 2516 1312 2560 ³¹¹¹
1337 2515 1366 2631 f}
1377 2515 1431 2632 :f

113 2653 186 2719 qua
202 2652 268 2699 nan
283 2633 389 2699 statim
410 2634 632 2716 perfectionem
648 2654 743 2703 suam
764 2635 893 2717 babent,
914 2638 1053 2701 sedeam
1071 2638 1242 2703 successive

113 2742 297 2828 acquirunt.
318 2742 361 2808 Et
369 2741 515 2808 similiter
531 2743 705 2811 intellectus
723 2744 882 2810 humanus
895 2763 959 2810 uon
972 2743 1077 2810 statim
1091 2744 1241 2828 inprime

112 2849 356 2932 apprehensione
363 2849 449 2932 capit
452 2850 623 2935 peffcctam
634 2851 682 2917 rei
689 2851 906 2935 coguitionem
920 2853 975 2918 sed
980 2852 1085 2934 primo
1097 2853 1241 2935 aprehen-

111 2958 166 3022 ait
178 2957 304 3043 air'quid
318 2960 357 3022 de
375 2957 459 3040 ipsa,
475 2961 555 3041 puta
581 2959 788 3044 quidditatem
815 2959 916 3041 ipsius
937 2958 999 3036 rei,
1026 2977 1096 3044 qua
1112 2963 1161 3026 est
1170 2961 1240 3043 pri-
1260 2968 1263 2976 '

112 3083 200 3130 mum
216 3067 250 3130 ct
262 3063 428 3147 proprium
444 3065 595 3153 objectm
612 3066 803 3144 intetmtus,
826 3069 860 3131 et
879 3066 991 3132 dende
1007 3067 1157 3152 intellegit
1164 3075 1241 3150 pro-

107 3173 260 3255 prietates
275 3171 493 3238 etaaaidentaa
504 3177 537 3238 et
549 3173 745 3240 habitudines
759 3174 990 3253 circunstautes
1003 3173 1052 3239 rei
1062 3175 1236 3242 essentiam.

110 3281 152 3348 Et
162 3281 333 3346 secundum
343 3280 397 3345 boc
405 3297 526 3346 necesse
540 3280 630 3347 babet
641 3300 741 3348 unum
754 3281 979 3364 apprehensum
991 3281 1052 3347 ulii
1063 3290 1240 3366 componere

109 3391 145 3453 et
158 3387 317 3463 dimitere,
337 3390 423 3453 etex
440 3405 505 3453 uua
523 3389 739 3472 compositione
752 3392 786 3454 et
799 3387 955 3455 divisione
967 3391 1012 3454 ad
1023 3387 1122 3455 aleam
1133 3395 1239 3472 proce·

111 3499 211 3570 dere,
229 3497 315 3579 quod
328 3497 377 3560 est
390 3493 579 3561 ratiocinari
597 3493 660 3583 (5).

178 3599 306 3667 Etenim
333 3619 374 3667 ex
401 3600 522 3687 ingenii
548 3603 650 3669 nostri
683 3602 883 3671 hebetudine
908 3604 1088 3689 saepissime
1115 3605 1169 3684 rit,
1199 3615 1238 3674 ut

109 3709 280 3794 proposito
309 3708 403 3775 nobis
432 3710 541 3793 aliquo
569 3709 778 3788 enuntiabili,
811 3713 1012 3790 haereamus,
1044 3731 1103 3779 nec
1132 3713 1234 3798 prius,

108 3817 191 3901 quid
209 3816 252 3883 de
269 3815 343 3904 ipso
359 3816 638 3901 pronuntiandum
656 3817 714 3895 sit,
736 3817 997 3897 constituamus,
1023 3838 1122 3903 quam
1143 3841 1237 3888 men-

109 3934 179 3990 tem
206 3921 324 3990 subeat
350 3921 504 4010 cogitatio
533 3925 593 3992 alia
618 3933 650 3992 et
665 3923 824 4011 judicium
853 3943 913 3993 seu
932 3927 1124 4006 inventum,
1145 3930 1236 4013 quod

140 4178 185 4246 (r)
223 4171 402 4233 Conimbric.
418 4171 490 4232 ibid.

142 4269 185 4331 (a)
222 4261 256 4322 S.
271 4261 375 4322 Thom.
399 4262 452 4322 loc.
468 4261 647 4338 cit.,ct1p.
663 4284 694 4337 q.
713 4282 756 4340 14,
770 4263 992 4341 u.7;Cajetaq.
1008 4266 1066 4326 inr
1078 4286 1120 4341 p.‚
1137 4289 1167 4342 q.
1189 4270 1232 4342 58,

42 4399 50 4410 .
103 4378 131 4413 a.
148 4374 183 4426 33
195 4351 301 4412 Moliri.
314 4351 370 4411 ins
398 4372 439 4425 p,
455 4371 486 4424 q.
503 4353 550 4424 58,
563 4374 592 4412 a.
608 4374 640 4426 33
655 4353 807 4426 Vazquea,
827 4353 859 4413 in
877 4375 889 4412 1
906 4375 946 4428 p.‚
962 4356 1040 4430 disp.
1052 4377 1116 4431 aaa,
1127 4379 1189 4432 cap.
1206 4381 1232 4432 33

104 4443 181 4504 Ruia
193 4443 232 4503 de
245 4442 402 4516 Moerum,
416 4441 461 4500 De
476 4441 587 4503 Scient.
597 4445 657 4503 Dei
663 4486 672 4513 ,
685 4442 763 4517 disp.
780 4462 828 4517 14,
843 4459 912 4505 sect.
925 4465 952 4516 23
968 4445 1157 4519 Conimbric.,
1178 4448 1231 4508 loc.

104 4535 168 4603 cita
182 4530 348 4605 iaquierdo,
359 4531 450 4590 Pbar.
462 4535 580 4604 scient,
599 4532 677 4607 disp.
691 4553 718 4603 a,
731 4553 760 4606 q.
778 4551 803 4607 ς,
819 4547 872 4593 etc.

86 4609 115 4664 ‘·
138 4625 184 4695 (ς)
220 4620 488 4683 aeramenta.
503 4641 531 4692 2,
546 4643 572 4681 e.
586 4623 615 4681 e.

138 4715 182 4787 (4)
218 4711 265 4770 De
275 4710 460 4770 Immortalit.
475 4713 565 4772 araim.
580 4731 643 4785 cap.
657 4733 681 4771 r.
697 4732 728 4771 n.
741 4733 765 4772 r.

136 4803 181 4878 (5)
217 4799 252 4860 S.
266 4799 373 4862 Tbom
387 4819 453 4874 tp,
463 4821 494 4876 q.
504 4801 552 4876 85,
561 4821 589 4863 a.
604 4819 630 4876 ς.
648 4799 711 4863 ctr.
727 4804 763 4862 da
780 4803 888 4876 verte..
904 4823 935 4878 q.
946 4805 1016 4876 8‚a.
1035 4823 1076 4880 ¹5·
