3492 5525
521 412 596 477 ¹¹3²
626 394 756 462 Loorct
768 395 1002 471 biuros-Lus
1019 412 1093 472 μ,
1107 394 1202 461 Drso.
1214 398 1264 463 6.·
1276 398 1358 463 Ceo.
1373 414 1449 461 a·-

478 600 566 659 nem,
581 582 794 664 prinmo
810 600 849 649 ac
865 581 1046 649 relationem
1061 582 1214 658 remeo,
1243 583 1322 668 quia
1343 602 1465 668 oempe
1481 600 1603 649 omnes
1722 569 1724 644 ἶ

478 690 668 777 hujusmodi
680 690 831 758 fictiones
843 690 929 757 entis
944 692 998 756 vel
1015 689 1103 759 fiunt
1118 692 1334 775 cundperto
1345 692 1505 757 mentiz
1522 689 1606 777 (ne-
1722 729 1724 752 2

477 798 627 885 gationes
644 800 697 865 vel
716 797 935 885 privationes)
962 816 1022 883 per
1046 799 1186 865 modum
1213 801 1329 865 iormae
1344 809 1403 865 aut
1421 798 1604 865 allectionis

478 905 596 993 objecti
620 905 785 992 positive,
805 908 858 973 vel
880 906 926 973 rbi
943 898 1105 992 fingendd
1119 908 1328 983 relationem,
1348 907 1407 975 ubi
1429 909 1521 973 nulh
1537 916 1602 972 est

544 1012 615 1095 Jam
634 1012 722 1080 entia
741 1013 891 1091 rationis,
911 1033 987 1099 quae
1004 1014 1107 1099 vulgo
1124 1015 1227 1099 logica
1244 1016 1415 1091 dicuntur,
1435 1034 1504 1081 non
1521 1024 1602 1081 sunt
1722 1003 1724 1018 ²

480 1140 521 1189 ex
539 1120 709 1189 communi
727 1122 892 1189 sententia
910 1123 1103 1208 negationes
1124 1141 1187 1189 nec
1204 1123 1403 1206 privationes
1419 1124 1523 1189 instar
1541 1125 1607 1188 ior·
1722 1163 1724 1206 ἰ

481 1248 609 1297 marum
630 1228 843 1314 positivarum
867 1238 1052 1313 conceptae3
1071 1230 1131 1297 sed
1158 1230 1246 1297 entia
1272 1230 1407 1297 rationis
1434 1231 1538 1315 upra
1556 1232 1608 1297 di·
1722 1229 1724 1258 ¹

480 1346 600 1405 cuntur
616 1336 902 1405 denominationes
920 1338 962 1403 ab
978 1338 1224 1422 operationibus
1241 1338 1427 1405 intellectus
1445 1340 1607 1405 resultan-
1722 1337 1724 1430 ξ

479 1455 549 1523 tes,
571 1446 625 1511 vel
651 1444 935 1513 denominationes
957 1454 1088 1512 certum
1112 1446 1252 1511 modum
1280 1464 1351 1511 rem
1377 1445 1606 1512 considerandi
1722 1461 1724 1514 ἰ

480 1560 739 1637 consequentes,
760 1554 876 1638 quales
893 1562 974 1620 sunt
991 1554 1072 1619 ratio
1089 1554 1236 1641 subjecti,
1255 1554 1426 1636 praedrcatr'
1446 1565 1526 1633 etc.;
1553 1554 1606 1618 rel
1722 1539 1724 1606 ἓ

481 1662 509 1729 si
528 1661 632 1729 mavis
650 1680 720 1727 rem
739 1661 772 1727 in
790 1670 945 1727 concreto
974 1660 1152 1738 declarare,
1172 1670 1252 1728 sunt
1277 1661 1357 1745 ipsae
1383 1680 1436 1728 res
1462 1661 1606 1746 cognite

472 1776 580 1853 prout
592 1780 681 1837 certo
693 1769 838 1853 quodam
853 1769 955 1836 modo
967 1770 1188 1835 denominate
1199 1769 1243 1836 ob
1256 1769 1410 1845 modum,
1421 1768 1605 1835 secundum

483 1894 584 1961 quem
609 1876 875 1955 considerantur,
895 1888 934 1947 ut
958 1879 1146 1965 subjectum,
1168 1895 1285 1961 genus,
1306 1878 1422 1960 species
1441 1886 1506 1942 etc.
1529 1876 1607 1941 ltee
1722 1931 1724 1952 ;

487 2003 565 2051 vero
591 1982 745 2051 dicuntur
773 1986 858 2051 entia
884 1985 1019 2052 rationis
1046 1984 1165 2071 logica,
1185 1984 1263 2069 quia
1289 1986 1359 2051 sola
1383 1986 1454 2051 haec
1484 1984 1609 2051 cadunt
1722 2001 1724 2046 :

488 2094 552 2161 sub
568 2092 862 2161 considerationem
882 2094 1029 2181 logice.

279 2208 469 2295 memorerm
554 2201 734 2269 thomiste
764 2220 844 2286 ergo
875 2202 1073 2268 unanimiter
1105 2210 1241 2269 censent
1271 2202 1439 2286 objectum
1471 2201 1607 2265 iormale

283 2284 459 2415 'mm'
485 2308 694 2395 adaequatum
713 2308 838 2395 Logicae
852 2328 927 2377 esse
943 2328 1004 2375 ens
1022 2310 1155 2376 rationis
1171 2309 1390 2394 objectivurn,
1404 2326 1606 2392 quamquam

292 2432 443 2479 clerano·
485 2434 551 2483 non
581 2434 700 2483 omnes
728 2418 845 2483 eodem
876 2416 978 2483 modo
1009 2435 1077 2482 rem
1111 2419 1285 2500 explicent.
1320 2440 1337 2479 n
1345 2417 1488 2494 Quidam
1515 2416 1607 2480 enim

279 2504 455 2624 „ssfff'ffi‘m
482 2524 613 2591 illorum
636 2525 767 2600 dicunt,
797 2524 963 2610 objectum
993 2524 1120 2609 togicae
1146 2544 1218 2590 esse
1246 2542 1307 2591 ens
1334 2524 1467 2589 rationis
1485 2524 1519 2589 in
1537 2532 1609 2587 tota
1722 2543 1724 2620 g

264 2648 469 2696 mnnrnrrnneeo
482 2651 542 2700 sua
561 2632 746 2709 latitudine,
766 2642 803 2699 ut
822 2632 1016 2699 abstrahite
1039 2631 1236 2715 privatione,
1258 2632 1449 2716 negatione,
1469 2643 1503 2698 et
1526 2632 1609 2695 rela-
1722 2699 1724 2702 ,

300 2736 432 2852 αρῇζῗῃάῑ,
481 2740 610 2817 tione»
640 2758 740 2824 quam
774 2740 969 2806 sententiam
1005 2742 1124 2806 reiutat
1150 2738 1286 2806 Teletos
1313 2736 1378 2827 (ι).
1409 2738 1494 2806 «Alii
1523 2758 1605 2804 vero
1722 2814 1724 2823 Ι

480 2850 592 2918 dicunt
612 2867 684 2916 esse
702 2850 806 2915 solam
829 2848 1018 2914 relationem
1042 2849 1192 2924 rationis,
1212 2858 1250 2914 ut
1273 2847 1432 2915 abstrahit
1457 2869 1478 2912 a
1501 2849 1608 2933 prima
1722 2864 1724 2923 5

481 2970 514 3026 et
533 2956 675 3026 secunda
693 2956 899 3023 intentione»
917 2954 983 3044 (a).
1003 2955 1127 3022 Verum
1146 2957 1279 3023 omissis
1301 2957 1353 3022 his
1378 2956 1515 3040 aliisque
1536 2975 1610 3020 rno-

480 3065 532 3134 dis
550 3063 697 3142 dicendi,
717 3064 773 3148 qui
793 3064 891 3131 etiam
910 3084 930 3129 a
948 3064 1183 3148 posterioribus
1197 3064 1377 3131 Thomistis
1393 3063 1606 3139 deseruntur,

480 3174 641 3240 sententia
660 3180 711 3238 est
729 3173 814 3238 inter
827 3174 888 3239 hos
901 3171 1055 3248 celebris,
1071 3171 1276 3239 constituens
1290 3160 1457 3257 objectum
1472 3173 1609 3237 iormale
1722 3166 1724 3249 f

482 3281 607 3367 Logicae
626 3283 659 3348 in
679 3290 754 3347 ente
774 3281 923 3358 rationis,
944 3281 1034 3364 quod
1053 3279 1096 3346 sit
1113 3280 1287 3346 artificium
1305 3281 1357 3345 vel
1381 3280 1488 3346 iorma
1505 3279 1608 3344 artili-
1722 3314 1724 3329 ·

481 3389 568 3458 cialis
588 3389 749 3456 resultans
767 3389 799 3454 in
820 3389 954 3454 materia
969 3388 1094 3473 Logicae
1106 3406 1150 3454 ex
1161 3388 1282 3474 regulis
1297 3390 1381 3474 ejus.
1397 3386 1483 3462 Qpae
1496 3397 1609 3452 tamen
1722 3446 1724 3451 .

480 3496 643 3565 sententia
662 3496 808 3562 bilariam
828 3497 1020 3581 exponitur,
1041 3516 1078 3561 ac
1095 3496 1293 3563 defenditur.
1722 3480 1724 3499 '

326 3637 405 3686 md„
550 3605 679 3672 Primus
698 3605 817 3670 modus
836 3613 887 3672 est
905 3623 1038 3681 eorum,
1059 3604 1114 3688 qui
1140 3613 1328 3690 agnoscunt
1352 3603 1524 3670 materiam
1549 3622 1609 3668 seu

292 3712 438 3796 «ΝΜ
481 3713 645 3799 objectum
672 3711 836 3778 materiale
860 3711 990 3797 logicae
1015 3730 1087 3778 esse
1111 3713 1263 3778 formales
1290 3719 1383 3777 actus
1406 3711 1607 3784 intellectus,

278 3797 454 3911 augearffie
480 3825 621 3889 sormam
640 3839 718 3887 vero
737 3839 796 3887 seu
816 3819 993 3896 rationem,
1013 3821 1076 3886 sub
1095 3839 1161 3904 qua
1180 3820 1298 3904 Logica
1320 3837 1379 3885 eos
1404 3819 1605 3893 considerat,
1722 3878 1724 3903 ,

291 3929 441 4014 θ”κξᾶῑῑῗώ
481 3929 595 3996 dicunt
622 3945 693 3994 esse
720 3926 892 3994 artificium
923 3947 960 3993 ac
988 3927 1147 3994 rectitudo
1176 3929 1228 3993 vel
1256 3927 1416 3992 ordinatio
1444 3927 1608 4010 ipsorum,

306 3999 426 4120 ῗζῗξξζζξ
480 4057 555 4122 quae
575 4046 686 4102 tamen
706 4035 749 4102 sit
767 4033 934 4118 quoddam
953 4055 1012 4102 ens
1031 4035 1163 4102 rationis
1181 4054 1222 4100 ex
1236 4036 1413 4102 directione
1431 4054 1469 4099 ac
1488 4036 1610 4120 regulis

319 4155 418 4199 ‘tectu
481 4144 607 4231 Logicae
629 4145 662 4210 in
681 4143 797 4210 iisdem
818 4145 991 4210 resultans.
1012 4141 1092 4209 Aliis
1108 4143 1226 4219 verbis,
1245 4143 1277 4208 hi
1297 4152 1445 4208 auctores
1461 4144 1612 4208 sentiunt
1722 4148 1724 4151 ’

292 4225 439 4272 ”mmmm
480 4262 574 4322 actus
593 4251 725 4329 mentis,
742 4253 827 4318 utin
846 4252 961 4336 seipsis
979 4251 1182 4327 artificiosos,
1199 4269 1271 4317 esse
1288 4251 1455 4332 obiectum
1471 4251 1612 4316 iormale
1722 4264 1724 4331 l

485 4501 749 4516 m

516 4619 557 4681 (r)
593 4611 736 4683 Dialect,
748 4611 791 4670 De
805 4613 975 4672 Dialectica
986 4613 1021 4669 in
1032 4612 1176 4671 communi
1181 4653 1189 4680 ,
1200 4622 1306 4684 quaest·
1322 4621 1372 4684 5³,
1384 4609 1515 4671 conclus.
1536 4626 1575 4685 3.·

517 4706 559 4772 (2)
596 4703 685 4776 apud
700 4700 845 4771 Loaetde,
862 4702 916 4763 loc.
932 4700 982 4762 cit.
994 4720 1058 4776 etp.
1073 4721 1104 4775 4,
1122 4721 1152 4762 rt.
1167 4701 1195 4761 6.
