3492 5525
550 460 609 526 704
680 440 802 504 Loorcx
818 438 1049 511 Meron-Lm.
1069 455 1142 523 ase,
1160 439 1250 501 Drse.
1271 452 1314 533 ¹·'.
1327 440 1406 501 Cae.
1425 454 1496 521 μω

511 626 705 691 minationes
731 622 864 707 cogniti,
891 623 969 720 oiri,
998 622 1137 708 definiti,
1170 630 1247 700 etc„
1276 640 1342 687 non
1366 623 1474 688 inesse
1501 624 1648 704 objectis

510 732 570 799 nisi
599 731 886 798 fundamentaliter
912 750 953 795 ex
980 748 1032 805 eo,
1053 730 1143 812 quod
1165 731 1260 796 detur
1284 731 1317 796 in
1345 731 1513 796 intellectu
1543 743 1645 797 actus
1733 763 1734 770 .

507 839 703 923 cognitionis,
729 837 872 912 visionis,
892 836 1096 922 definitionis;
1121 837 1299 903 formaliter
1323 852 1434 905 nutem
1465 838 1646 923 praedictas

508 946 790 1013 denominationes
809 953 881 1009 tum
896 946 1003 1009 solum
1020 944 1103 1020 dari,
1119 965 1196 1010 cum
1214 944 1399 1011 intellectus
1411 947 1645 1029 comparando

509 1071 577 1118 rem
591 1054 759 1137 cognitam,
782 1052 896 1127 visam,
916 1052 1089 1137 definitam,
1111 1051 1252 1135 concipit
1272 1052 1474 1127 relationem,
1490 1072 1564 1135 quae
1587 1054 1645 1118 in-

508 1161 655 1237 tercedit,
685 1161 768 1225 inter
799 1178 867 1224 rem
903 1158 1068 1243 cognitam
1100 1169 1132 1225 et
1162 1160 1642 1244 potentiamcognoscentem:

507 1270 594 1335 unde
609 1268 777 1353 cognitum
798 1268 830 1331 in
856 1266 978 1331 ratione
1001 1267 1124 1351 cogniti
1143 1266 1321 1332 formaliter
1343 1267 1553 1333 constituitur
1579 1288 1645 1351 per

508 1376 693 1461 praedictam
719 1374 922 1448 relationem,
947 1382 1039 1439 actus
1067 1392 1145 1439 vero
1174 1374 1267 1440 realis
1294 1374 1491 1459 cognitionis
1521 1377 1640 1440 solum

507 1483 793 1549 fundamentaliter
811 1480 979 1547 constituit
1002 1480 1171 1566 cognitum
1191 1482 1362 1550 iuratione
1380 1482 1501 1567 cogniti
1519 1480 1532 1569 (
1559 1480 1588 1566 ).

574 1590 612 1654 Et
630 1589 785 1674 quoniam
810 1597 882 1654 tum
911 1588 1099 1673 hujusmodi
1128 1590 1241 1654 relatio
1270 1606 1350 1683 pure
1378 1590 1526 1664 rationis,
1556 1600 1640 1656 tum

508 1698 615 1763 unitas
633 1697 687 1763 illa
705 1696 845 1763 conficta
870 1696 911 1761 ad
939 1698 1121 1762 universale
1149 1697 1417 1763 constituendum
1437 1706 1516 1763 sunt
1543 1698 1640 1764 entia

508 1806 656 1881 rationis,
672 1806 825 1871 ,solemne
849 1813 900 1869 est
923 1803 1102 1869 Thomistis
1128 1804 1300 1869 decernere
1328 1805 1526 1880 universale,
1547 1804 1644 1870 sicut

382 1892 388 1906 ⁹
507 1902 605 1978 etiam
624 1912 677 1977 illa
697 1912 756 1977 alia
774 1902 926 1977 conc'reta
956 1910 1076 1995 logica,
1108 1911 1286 1977 formaliter
1313 1912 1468 1978 constitui
1495 1932 1553 1997 per
1578 1932 1644 1977 ens

327 2148 453 2196 Excluditur

317 2220 390 2265 unitas
406 2220 464 2265 fictu.

506 2019 652 2085 rationis.
1049 2063 1052 2080 .

573 2131 741 2210 Equidem
755 2131 919 2202 arbitror,
936 2133 1067 2193 nuttam
1082 2132 1281 2209 huiusmodi
1297 2132 1465 2196 unitatem
1478 2133 1521 2194 ab
1534 2132 1643 2196 intel·

506 2240 595 2301 lectu
608 2240 790 2301 confictam
805 2238 964 2317 requiriri
977 2239 1021 2300 ad
1041 2239 1239 2301 universale
1256 2240 1548 2303 constituendum.

573 2347 691 2408 Primo
709 2341 784 2424 quia
804 2348 974 2406 ostensum
991 2342 1059 2426 jam
1084 2348 1149 2415 est,
1171 2317 1215 2406 'ex
1238 2342 1307 2406 sola
1329 2341 1639 2434 praecisivacogni·

506 2448 594 2513 tione
618 2448 756 2513 existere
777 2447 808 2512 in
833 2457 946 2513 natura
966 2446 1181 2513 sufficientem
1206 2448 1365 2513 unitatem
1391 2458 1424 2513 et
1446 2452 1640 2515 communi-

503 2564 622 2629 tatem,
656 2565 692 2620 ut
720 2556 909 2620 universalis
941 2555 1104 2640 designari
1133 2555 1249 2639 possit.
1283 2554 1370 2631 Quid
1404 2575 1483 2641 ergo
1510 2557 1637 2639 aliquid

503 2661 592 2728 aliud
611 2662 775 2747 fingamus
795 2662 970 2746 praeterea?
998 2703 1002 2717 ι

548 2775 649 2838 Prob.
668 2769 720 2836 2.⁰
767 2769 881 2836 Unitas
895 2771 960 2845 illa,
973 2789 1039 2853 qua
1051 2771 1233 2836 intellectus
1248 2778 1396 2835 naturam
1413 2769 1634 2855 multiplicem

504 2885 540 2942 ut
559 2896 658 2943 unam
680 2876 818 2961 positive
836 2888 869 2943 et
887 2879 1014 2962 signate
1034 2887 1260 2962 repraesentat,
1278 2878 1382 2943 reddit
1400 2879 1629 2963 cognitionem

504 2985 636 3060 falsam,
659 2993 772 3068 utpote
790 3003 864 3068 quae
884 2985 1014 3051 exhibet
1032 2985 1158 3071 objecta
1178 2987 1283 3052 multa
1301 2995 1337 3051 ut
1355 2987 1469 3052 affecta
1489 2987 1630 3060 unitate,

504 3111 603 3175 quam
624 3090 728 3177 reipsa
748 3111 814 3157 non
834 3093 966 3158 habent.
988 3093 1072 3177 Ergo
1091 3093 1132 3157 ad
1151 3093 1420 3159 constituendum
1444 3093 1630 3160 universale

492 3218 638 3266 necesse
658 3218 723 3264 non
744 3207 793 3264 est
810 3199 1001 3284 hujusmodi
1020 3199 1179 3265 unitatem
1198 3200 1413 3265 comminisci.

570 3315 643 3375 Nec
660 3313 754 3373 dicae
774 3307 944 3373 falsitatem
968 3324 1103 3389 quoque
1125 3306 1254 3390 reperiri
1278 3307 1311 3372 in
1341 3317 1465 3374 naturae
1488 3309 1629 3384 unitate,

505 3423 603 3500 prout
621 3435 641 3479 a
659 3413 753 3479 nobis
771 3421 821 3480 est
846 3413 1015 3497 explicata.
1041 3415 1126 3478 Nam
1154 3423 1333 3497 conceptus
1360 3414 1552 3498 praecisivus
1580 3435 1632 3480 re-

505 3531 706 3607 praesentans
735 3523 844 3587 solum
874 3530 1023 3586 naturam
1051 3530 1085 3585 et
1111 3521 1287 3596 rationem,
1312 3520 1346 3586 in
1374 3540 1440 3604 qua
1462 3521 1630 3588 individua

504 3631 722 3706 conveniunt,
744 3629 821 3694 nihil
838 3631 949 3704 refert,
970 3629 1060 3711 quod
1078 3628 1111 3692 in
1132 3647 1165 3693 re
1180 3647 1246 3694 non
1266 3629 1457 3712 reperiatur,
1474 3630 1629 3713 quamvis

505 3757 571 3804 non
591 3739 728 3804 referant
746 3745 871 3828 totum,
888 3735 978 3820 quod
994 3735 1038 3800 rei
1056 3736 1089 3801 in
1107 3754 1171 3801 suo
1190 3736 1265 3802 reali
1283 3744 1369 3802 statu
1388 3735 1491 3811 inest,
1509 3756 1629 3822 nempe

505 3845 775 3929 multiplicitatem
795 3864 832 3910 ac
851 3844 1021 3910 varietates
1044 3843 1275 3926 individuales3
1296 3861 1395 3926 quare
1422 3862 1489 3909 non
1518 3853 1629 3928 potest

505 3952 557 4016 ille
584 3960 764 4035 conceptus
794 3951 969 4026 falsificari,
999 3951 1103 4016 donec
1130 3951 1259 4018 accedat
1273 3949 1431 4037 judicium
1460 3951 1629 4018 affirmans

505 4071 652 4126 naturam
682 4058 848 4142 praecisam
877 4057 995 4123 eodem
1028 4058 1128 4124 modo
1156 4058 1294 4124 existere
1322 4057 1356 4123 in
1386 4077 1464 4124 vera
1490 4061 1627 4146 physica

505 4167 646 4232 realitate
664 4175 755 4260 extra
773 4174 936 4241 mentem,
957 4185 994 4230 ac
1013 4165 1046 4234 in
1073 4165 1260 4251 cognitione
1288 4165 1481 4232 abstractiva
1501 4166 1629 4233 intelle·

503 4282 588 4340 ctus.
624 4273 666 4338 At
685 4291 763 4339 vero
794 4280 974 4357 conceptus
1005 4271 1136 4357 fingens
1163 4273 1196 4338 in
1231 4273 1354 4338 naturis
1380 4272 1627 4341 individuorum

503 4381 680 4458 unitatem,
701 4397 801 4464 quam
833 4397 899 4446 non
927 4379 1066 4458 habent,
1087 4379 1209 4463 aliquid
1235 4379 1298 4446 illis
1327 4399 1393 4446 non
1421 4382 1628 4449 conveniens

539 4634 579 4698 (r)
617 4629 692 4688 Vide
707 4629 851 4703 Semery.,
872 4627 930 4701 Op.
942 4641 973 4686 et
984 4627 1037 4687 loc.
1053 4628 1116 4698 cit,
1130 4628 1206 4701 disp.
1226 4649 1250 4698 r,
1264 4648 1296 4700 q.
1310 4647 1338 4699 2,
1361 4643 1418 4689 art.
1436 4629 1468 4699 83
1483 4629 1627 4704 Lossadn,

503 4719 618 4798 Logia,
634 4732 716 4779 tract.
735 4741 759 4789 1,
774 4718 848 4791 disp.
865 4739 892 4789 a,
905 4738 967 4790 cap.
982 4737 1008 4791 4.
1079 4739 1086 4752 ·
