3492 5525
390 474 505 540 Anne.
531 491 589 540 ψ
608 475 698 555 Quru
720 494 972 545 senousrrurrro
1140 479 1200 564 857

116 662 204 727 enim
223 660 474 737 demonstratio,
496 660 568 728 licet
592 661 648 728 frat
672 660 787 742 exiis,
808 682 883 746 quae
905 662 1088 729 secundum
1108 682 1145 731 se
1162 674 1240 730 sunt

117 769 228 834 minus
248 775 340 844 nota,
371 786 503 834 necesse
526 777 593 844 est,
620 777 657 835 ut
680 768 832 853 procedat
859 790 900 836 ex
928 770 1109 837 notioribus
1137 772 1186 837 bic
1209 775 1244 837 et

115 896 200 942 rrunc
213 876 317 951 nobis,
334 875 598 958 quandoquidem
624 876 807 954 conclusio,
825 888 939 961 utpote
952 896 1027 961 quae
1040 898 1081 944 ex
1096 880 1242 962 praemis-

116 983 161 1049 sis
180 982 329 1059 insertur,
351 1002 392 1049 ex
409 981 524 1049 iisdem
548 984 777 1068 cognoscenda
795 992 861 1062 est,
890 993 988 1069 atque
1011 985 1092 1052 adeo
1113 985 1240 1053 etiamsi

116 1090 297 1157 secundum
322 1076 416 1155 suam
436 1099 586 1157 naturam
608 1090 714 1157 notior
732 1090 773 1158 sit
802 1091 998 1176 praemissis,
1024 1104 1136 1160 tamen
1160 1112 1242 1177 qua-

115 1208 213 1265 tenus
231 1198 397 1265 conclusio
412 1208 473 1274 est,
490 1198 670 1265 necessario
683 1198 807 1267 derivat
821 1198 1133 1285 cognoscibilltatem
1144 1219 1240 1269 suam

115 1326 157 1371 ex
175 1306 248 1373 illis.
811 1378 813 1383 ,

182 1420 261 1498 Jam
280 1418 447 1480 rectitudo
460 1422 585 1481 harum
605 1417 849 1507 definitionum*
861 1428 998 1482 constat
1015 1413 1048 1480 in
1068 1416 1182 1499 primis
1200 1436 1241 1483 ex

101 1503 284 1587 'communi
311 1538 476 1587 consensu
505 1520 805 1606 Peripateticorum.
838 1520 966 1587 Probarl
995 1530 1104 1588 autem
1133 1532 1242 1607 potest

116 1640 270 1712 praeterea
286 1626 445 1693 rectitudo
461 1628 591 1713 primae,
609 1628 685 1711 quia
695 1628 777 1695 scire
791 1636 841 1694 est
855 1648 913 1713 per
926 1628 1241 1698 demonstrationem

115 1735 306 1819 intelligere,
324 1744 360 1800 ut
373 1734 505 1802 inferius
519 1734 743 1819 explicabitur.
759 1734 844 1822 Ergo
860 1736 1097 1803 demonstratio
1111 1746 1162 1805 est
1176 1739 1242 1824 syl·

116 1844 277 1927 logismus
306 1842 490 1920 scientialis,
521 1861 580 1909 seu
601 1842 721 1908 iaciens
740 1844 833 1920 scire,
861 1844 911 1909 vel
937 1852 987 1910 est
1011 1844 1238 1931 syllogismus,

116 1970 229 2033 quem,
249 1968 326 2017 curn
350 1950 525 2027 habemus,
552 1969 592 2015 eo
617 1951 689 2035 ipso
717 1949 840 2016 scimus
869 1952 914 2028 id,
948 1952 1037 2034 quod
1062 1971 1119 2036 per
1140 1954 1239 2020 talem

116 2057 350 2144 syllogismum
371 2056 600 2123 concludimus
619 2064 652 2123 et
671 2058 851 2142 probamus
869 2055 933 2145 (r).

184 2164 341 2231 Secunda
364 2183 441 2231 vero
470 2164 616 2231 definitio
644 2165 800 2249 probatur
830 2185 872 2231 ex
900 2167 1004 2251 prima
1032 2167 1094 2233 hoc
1127 2169 1238 2234 modo.

116 2272 361 2339 Demonstratio
380 2284 429 2340 est
448 2272 660 2360 syllogismus
679 2274 730 2337 vel
750 2272 990 2359 argumentatio
1005 2272 1125 2341 faciens
1143 2273 1239 2341 scire.

117 2380 182 2445 Sed
204 2381 312 2447 nullus
331 2380 544 2466 syllogismus
561 2390 668 2463 potest
687 2398 819 2445 causare
838 2378 1019 2457 scientiam,
1037 2382 1097 2447 nisi
1113 2392 1240 2449 constet

116 2505 156 2552 ex
188 2486 467 2572 propositionibus
486 2485 584 2563 veris,
605 2486 727 2571 primis,
749 2485 959 2563 immediatis,
985 2487 1157 2572 prioribus,
1183 2509 1242 2555 no-

117 2594 255 2661 tioribus
273 2594 444 2677 causisque
463 2593 691 2661 conclusionis.
708 2593 799 2680 [Ergo
817 2594 1054 2662 demonstratio
1078 2606 1127 2663 est
1141 2598 1243 2684 syllo-

115 2703 244 2789 gismus
276 2710 431 2770 constans
466 2722 507 2769 ex
542 2701 819 2788 propositionibus
856 2703 940 2770 veris
977 2714 1040 2773 etc.
1083 2704 1240 2791 Adeoque

115 2810 328 2898 syllogismus
354 2829 466 2876 carens
485 2810 645 2894 praedictis
673 2809 926 2887 conditionibus,
956 2812 1075 2896 poterit
1102 2813 1238 2896 quidem

116 2937 188 2986 esse
209 2919 461 3004 argumentatio,
484 2937 550 2984 non
569 2935 647 2983 vero
665 2917 915 2986 demonstratio.
1001 2923 1007 2934 ’
1078 2920 1085 2932 “

183 3025 289 3092 Minor
315 3033 442 3092 constat
460 3045 501 3091 ex
524 3026 738 3091 declaratione
758 3025 985 3110 predictarum
1000 3026 1238 3105 conditionum,

114 3133 287 3219 supposito
314 3134 404 3216 quod
431 3131 578 3209 scientia,
600 3141 636 3198 ut
655 3151 734 3198 mox
759 3133 895 3208 dicetur,
916 3145 966 3201 est
988 3133 1132 3219 cognitio
1155 3146 1240 3203 certa

115 3253 147 3307 et
169 3242 303 3308 evidens
322 3242 365 3307 rei
380 3260 437 3326 per
451 3259 581 3306 causam
603 3241 816 3306 necessariam
838 3252 870 3308 et
885 3241 1109 3309 immediatam
1129 3240 1193 3331 (2).

182 3349 343 3415 Caeterum
367 3347 499 3415 concedi
528 3355 636 3432 potest
664 3349 720 3413 has
745 3347 950 3414 conditiones
977 3350 1119 3415 revocari
1147 3369 1240 3418 com·

117 3459 217 3524 mode
236 3476 333 3542 posse
352 3458 392 3524 ad
415 3465 493 3533 tres,
515 3474 634 3541 nempe
658 3463 694 3521 ut
712 3456 947 3522 demonstratio
966 3455 1038 3524 liat:
1055 3455 1090 3544 α)
1103 3477 1144 3525 cx
1157 3465 1241 3541 proe·

115 3565 221 3631 missis
238 3564 339 3631 veris:
356 3563 389 3652 β)
409 3583 450 3630 ex
467 3563 653 3630 immediatis
670 3581 724 3628 seu
746 3563 1071 3630 indenwnstrabiirbus
1088 3584 1109 3632 a
1121 3566 1241 3647 priori:

114 3673 142 3738 si
160 3690 238 3738 vero
257 3674 306 3738 sin
330 3672 425 3749 tales,
445 3690 485 3737 eo
504 3670 575 3754 ipso
593 3679 688 3736 erunt
715 3689 848 3754 quoque
878 3671 1004 3754 primae:
1023 3669 1061 3764 γ)
1078 3691 1118 3741 ex
1135 3674 1240 3739 causis

114 3780 337 3846 conclusionis:
355 3779 388 3846 in
409 3797 474 3863 qua
488 3777 673 3844 conditione
684 3779 752 3864 jam
768 3777 922 3862 implicite
935 3780 1132 3855 continetur,
1149 3782 1241 3864 quod

117 3887 295 3974 praemissae
313 3887 377 3955 sint
398 3887 522 3968 priores
539 3905 576 3950 ac
594 3886 746 3962 notiores,
776 3905 875 3952 causa
899 3886 1062 3971 siquidem
1086 3887 1172 3972 prior
1191 3898 1240 3955 est

116 4005 244 4074 natura,
265 4014 364 4079 quam
393 3996 544 4070 effectus,
565 4003 597 4058 et
621 4003 670 4060 est
695 3995 792 4059 etiam
821 3993 945 4070 notior,
973 4004 1163 4078 «quatenus
1189 3996 1243 4063 illa

114 4104 271 4170 dicuntur
299 4101 439 4179 notiora,
469 4101 646 4186 inquibus
672 4101 920 4168 lundaridebet
954 4111 1068 4168 exacta
1096 4104 1241 4190 cognitio

115 4229 225 4277 rerum
247 4211 395 4286 aliarum,
415 4227 497 4293 quas
511 4217 656 4275 accurate
671 4217 704 4274 et
719 4209 871 4275 radicitus
885 4210 964 4276 scire
979 4211 1159 4277 volumus»
1174 4208 1240 4299 (3).

151 4411 192 4472 (ι)
228 4405 304 4465 Vide
322 4405 429 4500 Meum,
449 4405 631 4480 Parapinae.
653 4405 780 4464 Aristot.
800 4405 977 4471 r.·Poster.,
998 4423 1061 4476 cap.
1090 4426 1113 4474 r,
1137 4405 1242 4487 Quoad

110 4499 289 4653 segida..
308 4583 415 4650 Mauri,
434 4583 509 4654 ibid,
523 4583 630 4643 Probat
649 4583 838 4652 Aristoteles,
853 4583 1024 4654 Alamanni,
1041 4582 1130 4642 Prius.
1153 4597 1239 4656 pert..

115 4695 207 4836 qiii'
222 4687 368 4835 aliisia'da,
384 4765 499 4841 Logia,
513 4777 595 4824 tract.
611 4765 639 4834 6,
655 4763 731 4836 disp.
752 4783 779 4834 a,
794 4785 858 4838 esp.
875 4783 902 4834 2,
918 4783 948 4823 n.
967 4784 992 4822 r.

1303 1435 1410 1481 Probatur

1310 1502 1403 1564 utreque

1301 1576 1408 1623 definitio.
