3492 5525
425 460 485 542 51.
511 460 563 523 De
584 460 739 525 Nemone
758 437 996 527 uitiosorum
1208 485 1227 545 7

148 641 269 708 lumine
291 644 446 721 naturali,
464 646 522 711 sed
543 646 692 712 innititur
704 646 867 730 principiis
882 649 1042 713 revelatis.
1061 647 1142 713 ilinc
1162 650 1267 714 disces

148 752 262 827 etiarn,
292 762 328 817 ut
357 752 388 818 id
409 772 496 819 nunc
515 753 620 820 obiter
637 761 808 830 notemuS,
836 756 902 821 vim
922 756 1097 822 verborum
1122 758 1263 823 illorum:

146 858 341 940 Philosophia
355 860 519 937 Historia,
536 860 731 942 Philosophia
737 862 847 943 Juris,
864 863 1061 945 Philosophia
1076 864 1266 930 Grammati-

146 983 204 1039 co,
232 976 265 1029 et
289 966 463 1043 similium,
487 986 562 1050 quae
586 967 705 1033 nostris
727 970 931 1052 temporibus
955 981 1125 1054 tantopere
1142 974 1266 1055 jactant

148 1072 311 1138 nonnulli:
328 1074 513 1157 significant
530 1094 650 1158 nempe
664 1074 855 1157 penitiorem
879 1077 1004 1142 illarum
1022 1076 1263 1161 disciplinarum

145 1181 386 1263 cognitionem,
411 1198 485 1264 quae
508 1184 548 1247 ad
568 1199 740 1265 supremas
760 1200 864 1267 usque
885 1185 1025 1249 rationes
1044 1184 1207 1249 rimandas
1229 1206 1265 1252 ac

145 1271 620 1373 mmmmw.'

212 1395 284 1459 liuc
310 1413 459 1461 revocare
484 1396 573 1461 facile
597 1407 692 1479 potes
715 1396 939 1461 definitionem
969 1400 1054 1462 illam
1079 1418 1097 1462 a
1124 1400 1266 1464 Fonseca

144 1500 295 1577 allatam,
311 1520 375 1583 qua
392 1503 600 1586 Philosophia
615 1503 732 1569 dicitur
744 1504 873 1569 scientia
887 1524 991 1569 rerum
1002 1513 1061 1586 por
1073 1525 1178 1571 omnes
1191 1526 1266 1571 suas

144 1626 275 1683 causas,
293 1611 344 1672 vel
360 1612 410 1674 illa
424 1609 556 1693 loannis
570 1610 762 1675 Damasceni
777 1607 789 1695 (
798 1609 828 1697 r)
842 1620 875 1674 et
888 1612 1055 1678 Ammonii
1070 1609 1133 1698 (2),
1149 1624 1277 1679 secun-'

143 1714 224 1777 dum
242 1733 327 1797 quos
350 1716 556 1800 Philosophia
572 1726 621 1781 est
637 1717 772 1801 cognitio
785 1736 892 1781 rerum
905 1722 1037 1782 utsunl.
1054 1721 1165 1784 «Nam
1188 1740 1264 1785 cum

143 1840 195 1886 res
211 1841 349 1898 omneS,
372 1842 509 1905 quarum
526 1842 631 1889 causae
646 1835 854 1906 quaeruntur,
877 1826 1016 1890 habeant
1031 1844 1103 1891 esse
1117 1846 1174 1909 per
1188 1844 1265 1891 suas

142 1948 276 2009 causas;
294 1942 372 1994 tunc
388 1932 448 1995 illae
463 1933 603 2015 cognitae
623 1944 735 2007 erunt,
756 1945 791 1998 ut
810 1944 906 2008 sunt,
923 1952 999 1998 cum
1018 1952 1136 1999 omnes
1153 1953 1264 1999 earum
1356 1950 1366 1959 ⁸

142 2054 254 2101 causae
273 2036 317 2101 ita
337 2044 499 2121 perceptae
519 2038 654 2115 luerint,
678 2047 714 2103 ut
734 2041 821 2104 nulla
835 2042 903 2124 jam
923 2040 1070 2124 superior
1088 2052 1264 2123 quaeratur,

124 2145 263 2209 -saltem
280 2144 312 2208 in
329 2163 369 2208 eo
384 2164 533 2229 generes>
548 2143 611 2232 (3).
1051 2141 1053 2145 ’

211 2252 249 2316 Et
265 2252 298 2315 in
319 2253 474 2316 eumdem
495 2254 591 2319 etiam
613 2272 747 2319 sensum
770 2252 970 2337 interpretari
991 2273 1169 2337 possumus
1189 2256 1267 2320 stoi·

139 2376 259 2422 corum
275 2358 442 2441 sapientiae
462 2368 518 2424 aut
538 2359 753 2443 Philosophia
772 2360 1014 2436 definitionem,
1041 2363 1266 2446 restringendo

139 2467 231 2529 illam
249 2465 288 2529 ad
308 2466 531 2550 cognitionem
553 2485 659 2531 rerum
682 2468 750 2531 sive
765 2466 948 2533 divinarum
965 2467 1033 2533 sive
1048 2470 1264 2534 humanarum

138 2590 199 2657 per
214 2590 330 2637 causas
350 2589 465 2637 omnes
482 2591 587 2655 usque
606 2574 646 2638 ad
666 2573 808 2641 ultimas.

210 2680 299 2745 Alias
331 2679 545 2765 Philosophiae
582 2680 788 2747 definitiones
823 2702 950 2766 quaere,
990 2685 1016 2749 si
1043 2685 1149 2759 lubet,
1180 2686 1267 2769 apud

139 2788 253 2854 varios
271 2797 420 2853 auctores
440 2800 614 2874 congestas
630 2787 698 2876 (4).
1032 2860 1049 2884 Ι

186 2913 221 2976 4.
271 2895 317 2960 Ex
332 2915 399 2978 quo
409 2897 476 2980 jam
492 2915 549 2980 per
563 2915 599 2962 se
610 2897 846 2980 patetdignitas
859 2908 891 2964 et
902 2898 1022 2964 utilitas
1036 2900 1263 2983 Philosophiae.

140 3000 294 3084 Dignitas
316 3003 467 3084 quidem,
493 3003 569 3086 quia
594 3003 895 3087 praestantissimam
914 3024 1021 3069 rerum
1043 3007 1265 3090 cognitionem

139 3107 269 3192 praebet
293 3109 449 3192 expositis
460 3111 566 3175 causis
591 3111 835 3194 rationibusque
860 3130 968 3176 rerum
989 3113 1159 3177 omnibus:
1180 3115 1266 3179 unde

140 3214 387 3281 nobilissimum
415 3218 523 3283 existit
555 3218 737 3284 intellectus
761 3213 897 3283 humani
922 3229 1167 3286 ornamentum.
1205 3223 1267 3285 Ac-

138 3321 231 3386 cedit
255 3323 345 3404 quod
368 3323 502 3388 scientia
522 3344 561 3390 eo
587 3332 637 3388 est
656 3325 884 3400 excellentior,
905 3344 973 3407 quo
988 3327 1200 3392 excellentius
1215 3337 1266 3392 est

138 3429 312 3506 obiectum
327 3431 410 3494 circa
425 3432 513 3512 quod
529 3445 688 3512 versatur;
701 3432 865 3517 objectum
878 3444 988 3497 autem
1002 3445 1098 3500 coest
1109 3435 1269 3500 excellen-

138 3539 227 3610 tius,
259 3556 326 3618 quo
352 3539 457 3622 magis
477 3539 705 3614 immateriale,
732 3539 870 3622 simplex
891 3551 923 3603 et
945 3539 1136 3608 universale.
1168 3541 1268 3624 Atqui

139 3644 209 3706 tale
229 3656 282 3708 est
305 3643 471 3728 objectum
498 3643 727 3726 Philosophiae,
745 3653 860 3728 utpote
885 3647 975 3726 quod
995 3645 1149 3730 pertingit
1162 3665 1268 3729 usque

139 3753 184 3816 ad
211 3752 346 3816 ultimas
369 3770 483 3818 causas
509 3769 745 3835 supremasque
770 3769 879 3816 rerum
902 3753 1155 3836 rationes,'quae
1188 3763 1267 3820 sunt

178 4129 221 4188 (ι)
260 4125 325 4182 Lib,
339 4136 381 4197 4⁰
394 4143 454 4190 suge
470 4125 652 4182 Dr'aleclicae.

179 4215 224 4284 (a)
261 4215 348 4272 initio
363 4213 603 4271 praedicabilium.

179 4305 223 4374 (3)
260 4303 514 4361 Fonsec.loc.eit.

182 4393 224 4466 (4)
259 4391 329 4449 vid.
346 4391 378 4449 S.
395 4392 478 4461 Joan.
496 4394 629 4450 Damasc.
647 4393 775 4462 Dr'alecl,
791 4413 853 4463 cap.
871 4414 902 4464 33
919 4392 1005 4450 Pseu.
1024 4393 1053 4450 in
1069 4395 1199 4467 Epilome
1213 4395 1269 4451 Lo-

139 4486 207 4552 fic.
225 4497 253 4538 et
267 4482 298 4538 in
313 4480 412 4554 Comp.
429 4483 458 4537 in
473 4484 596 4554 quinque
613 4503 706 4547 vocem
722 4482 891 4553 Pachymem
913 4483 1061 4555 Paraplrr.
1079 4485 1111 4538 in
1130 4485 1269 4550 Aristol.;

142 4571 322 4629 Thomasin.
338 4571 382 4628 La
392 4573 522 4627 methodo
532 4573 557 4626 cl'
566 4573 678 4627 etudier
692 4587 744 4628 cte.
768 4571 815 4626 lib.
837 4592 863 4639 r,
884 4592 946 4641 cap,
971 4591 1011 4638 r.;
1031 4569 1266 4628 Conimbricens.

143 4661 273 4718 Prooem.
298 4661 329 4718 in
351 4671 412 4718 octo
434 4659 526 4717 libros
552 4659 704 4734 Physicor.
732 4663 774 4718 De
803 4661 925 4718 Nomine
951 4659 1169 4735 definitr'oneque
1195 4661 1269 4717 Plri-

142 4751 296 4824 Iosophiae.

1307 2919 1453 2976 Philosophiae

1327 2992 1429 3047 dignitas,
