3492 5525
453 480 457 491 ’
537 463 595 551 318
735 467 858 531 Locren
880 466 1034 531 Mrnon-
1039 467 1176 547 Drsn.3.
1180 464 1374 528 ‘Caranon

497 562 1616 592 ...ψ-Μ

562 652 718 736 Principia
734 652 897 737 generalia
915 652 1079 718 discursus
1097 658 1195 734 atque
1221 641 1513 733 argumentationis
1537 658 1617 707 con·

496 758 641 827 tinentur
658 760 786 844 legibus
805 760 901 826 bonae
919 766 1122 842 consequent
1123 758 1177 822 iac·
1170 754 1343 840 ‚specialia
1361 771 1439 818 vero
1454 767 1618 835 exponen

496 876 565 943 tur,
581 886 656 933 cum
669 868 710 933 de
724 867 861 953 singulis
873 864 1165 953 argumentationis
1181 862 1351 949 speciebus
1362 860 1526 945 agendum
1542 855 1615 923 erit.

863 1111 1162 1189 ARTICULUS
1184 1110 1251 1186 ΙΙΙ.
1338 1137 1342 1165 =

531 1242 801 1363 Quotuplex
818 1283 878 1346 sit
895 1281 1228 1361 argumentatio
1245 1276 1318 1342 vel
1332 1274 1585 1341 discursus.

324 1525 446 1572 „ivm
550 1494 623 1560 ¹47·
671 1477 852 1544 Divisiones
880 1476 1171 1563 argumentationis
1199 1474 1299 1558 repeti
1327 1478 1466 1557 possunt
1497 1468 1547 1533 vel
1577 1485 1619 1531 ex
1732 1526 1733 1537 ,

283 1595 487 1655 armenorum
500 1585 683 1650 conditione
712 1585 867 1663 materiae,
887 1584 969 1651 circa
996 1603 1095 1668 quam
1114 1590 1277 1658 versatur,
1303 1582 1354 1646 vel
1381 1598 1422 1645 ex
1440 1579 1544 1642 forma
1561 1592 1620 1639 seu

500 1692 710 1777 dispositione
736 1692 950 1758 terminorum
975 1710 1011 1758 ac
1039 1690 1312 1775 propositionum,
1332 1686 1453 1771 quibus
1478 1689 1618 1749 constat.

499 1798 636 1867 Ratione
655 1800 798 1866 materiae
816 1799 915 1865 dividi
933 1807 1042 1882 potest
1059 1799 1092 1863 in
1111 1797 1282 1863 evidentem
1299 1804 1332 1860 et
1348 1794 1529 1867 obscuram,
1553 1808 1621 1855 cer-

499 1911 563 1975 tam
581 1916 613 1974 et
624 1909 832 1991 probabilem,
847 1907 1039 1990 analyticam
1052 1925 1110 1973 seu
1131 1905 1333 1979 rotabnalem,
1352 1900 1555 1985 syatbeticam
1568 1897 1620 1963 vel

497 2015 764 2098 experimentalcm
782 2034 819 2081 ac
835 2015 982 2092 mixtam,
999 2023 1095 2098 prout
1112 2022 1239 2080 constet
1260 2008 1536 2101 propositionibus
1554 2006 1621 2071 evi·
1732 2020 1733 2089 j

498 2123 652 2189 dentibus
670 2125 721 2189 vel
740 2123 903 2199 obscuris,
923 2123 1018 2188 certis
1042 2130 1097 2187 aut
1115 2120 1259 2197 incertis,
1285 2117 1452 2206 analyticis
1471 2116 1523 2182 vel
1542 2135 1623 2201 syn·

498 2230 643 2313 theticis;
675 2230 716 2295 de
746 2231 866 2315 quibus
897 2230 1005 2313 potius
1037 2236 1163 2313 spectat
1196 2228 1237 2294 ad
1276 2226 1445 2312 Logicam.
1465 2225 1622 2309 Maiorem
1732 2292 1733 2319 χ

499 2337 681 2422 disputare,
711 2345 824 2422 utpote
852 2356 926 2421 quae
958 2336 1093 2403 minime
1124 2336 1249 2402 variant
1280 2335 1420 2402 formam
1456 2331 1561 2417 ipsam
1590 2338 1625 2396 et
1732 2334 1733 2351 ¹

501 2453 697 2512 structuram
717 2444 888 2521 ratiocinii,
919 2464 1020 2530 quam
1040 2444 1250 2529 potissimum
1279 2442 1519 2525 contemplatur
1537 2447 1625 2504 tam-

501 2570 601 2635 quam
617 2553 676 2619 sibi
696 2553 862 2637 proprium
882 2552 999 2639 Logica
1017 2554 1134 2619 Minor.

371 2678 383 2709 0
415 2678 447 2709 m
470 2690 478 2709 ·
568 2659 704 2726 Ratione
721 2668 833 2725 autern
854 2661 966 2725 iormae
979 2658 1081 2727 divisa
1100 2658 1161 2725 luit
1180 2658 1418 2743 argumentatio
1433 2656 1474 2722 ab
1497 2656 1625 2723 Aristo·
1732 2736 1733 2755 ,

501 2769 564 2835 tele
583 2787 619 2834 ac
638 2768 769 2852 reliquis
786 2767 913 2834 Scholae
932 2767 1136 2846 Doctoribus,
1158 2767 1191 2832 in
1210 2767 1447 2850 syllogismum,
1468 2764 1625 2831 Inductio-

501 2894 588 2952 nem,
617 2875 816 2957 Enthymcma
834 2884 867 2940 et
893 2876 1089 2958 Exemplum:
1115 2874 1235 2958 quibus
1263 2872 1482 2940 communiter
1508 2873 1625 2958 adjun-

501 2993 626 3068 guntur
657 2983 774 3049 Sorites
802 2989 834 3047 et
862 2983 1031 3050 Dilemma.
1066 2982 1112 3049 Ex
1147 2981 1267 3066 quibus
1303 2981 1480 3066 principem
1513 2982 1622 3047 locum

420 3127 425 3142 ·
502 3099 651 3174 occupat,
680 3091 770 3157 velut
797 3090 995 3156 lucidissima
1021 3090 1171 3156 omnium
1209 3088 1486 3176 usitatissimaque
1504 3090 1621 3164 tonna,

503 3195 736 3285 syllogismus.
765 3196 923 3270 Definitur
950 3205 1059 3264 autern
1088 3197 1287 3283 generatim:
1312 3197 1413 3264 oram
1436 3197 1471 3262 in
1495 3215 1558 3281 qua
1585 3215 1626 3262 ex

502 3306 624 3371 duabus
635 3305 747 3388 positis
758 3308 810 3372 acl
825 3305 977 3372 concessis
990 3305 1251 3388 propositionibus
1264 3305 1388 3371 artam
1400 3303 1511 3387 colligi
1521 3321 1625 3370 neccs-

502 3432 536 3478 sc
553 3417 616 3495 est,·
631 3414 682 3480 ve'l
696 3413 722 3479 si
738 3413 859 3490 mavis,
875 3422 925 3481 est
938 3413 1055 3490 oratio,
1070 3413 1194 3499 inqua,
1205 3411 1626 3497 mammaemammal

503 3520 582 3606 quid
601 3521 749 3605 opositis
769 3521 943 3588 necessario
955 3521 1106 3606 sequitur,
1130 3539 1165 3587 eo
1181 3523 1265 3606 quad
1286 3521 1345 3586 illa
1366 3523 1443 3586 sunt
1460 3515 1528 3608 (1):
1551 3538 1625 3603 quae

505 3628 651 3696 definitio
667 3646 746 3695 mox
765 3638 960 3714 exponetur.

572 3735 636 3802 Sed
644 3735 799 3819 quoniam
813 3737 1028 3825 syllogismus
1042 3737 1124 3806 alius
1136 3744 1244 3821 potest
1258 3753 1331 3804 esse
1345 3735 1556 3822 categoricus,
1572 3738 1625 3804 vel

505 3845 783 3929 propositionibus
806 3856 962 3914 constans
986 3845 1189 3930 simplicibus
1216 3863 1275 3911 seu
1304 3845 1510 3934 categoricis,
1544 3846 1626 3912 alius

505 3951 712 4038 compositus
728 3971 786 4019 seu
804 3963 958 4020 constans
978 3952 1255 4038 propositionibus
1274 3953 1506 4038 bypotlreticis3
1526 3961 1560 4019 et
1573 3971 1621 4020 ca·

504 4061 669 4146 tegoricus
688 4060 770 4128 alius
783 4070 834 4128 est
849 4060 1073 4144 expositoriae,
1097 4077 1156 4126 seu
1170 4061 1212 4126 de
1230 4059 1340 4128 medio
1357 4059 1499 4131 termino
1513 4059 1627 4145 singu·

506 4167 581 4246 lari,
600 4176 633 4233 et
646 4169 729 4236 alius
741 4169 930 4244 communis,
951 4167 1097 4252 itemque
1111 4168 1339 4236 aliusmolalts
1356 4167 1495 4236 aliosde
1513 4169 1627 4250 bassa·

507 4275 597 4358 prius
611 4275 849 4342 accuratissime
867 4275 1032 4362 agendum
1048 4283 1098 4342 est
1114 4275 1156 4342 de
1173 4275 1368 4363 syllogismo
1386 4275 1555 4343 communi
1573 4295 1628 4342 ca·

506 4383 668 4468 tegorico,
689 4385 799 4468 paucis
817 4383 951 4470 adjectis
968 4382 1122 4468 deinceps
1138 4393 1211 4452 tum
1225 4383 1268 4451 de
1281 4383 1362 4461 aliis,
1382 4391 1456 4452 tum
1475 4384 1573 4452 etiarn
1585 4383 1627 4450 de

508 4491 640 4576 reliquis
657 4492 771 4561 formis
787 4492 1125 4580 argumentationum.

543 4747 584 4813 (r)
619 4737 711 4804 Atict.
730 4743 874 4805 r.·Priar.
890 4743 1026 4818 Anapi..
1039 4761 1101 4818 cap.
1121 4763 1145 4802 r.
