3492 5525
809 136 1018 317 {iffi}
1059 126 1237 257 pst

841 311 966 419 μμ
1086 278 1201 372 ‘f

757 477 761 495 .
801 403 889 573 'L'
926 381 1062 497 f
1084 425 1201 508 328
1482 427 1731 492 Looica
1773 425 2271 491 Minoa—Bisa
2324 438 2414 507 3.·
2453 426 2613 490 CAP.
2662 440 2804 489 2.¹¹¹¹²

1137 609 1296 678 Duae
1333 611 1550 695 itaque
1573 610 1724 705 ⁴fieri
1769 617 2050 695 possunt
2084 611 2512 695 hypotheses:
2563 607 2633 696 α)
2668 611 2870 675 altera
2915 607 3258 689 respiciens

999 719 1360 803 qualitatem
1385 719 1894 818 prmissarum:
1932 715 2003 806 β)
2028 720 2228 785 altera
2254 717 2685 803 quantitatem,

1114 825 1205 916 e)
1254 826 1325 893 In
1387 826 1601 909 prima
1652 826 1987 911 hypothesi,
2041 826 2375 894 conclusio
2448 826 2645 891 debet
2709 842 2856 892 esse
2915 822 3246 908 negativa.

1002 934 1264 1018 Resque
1302 943 1477 1019 patet
1515 953 1598 1002 ex
1636 934 1948 1019 principio
1985 933 2455 1017 discrepantiae.

939 1084 949 1092 -
995 1094 1003 1101 .
1112 1040 1319 1130 ,β)1η
1365 1044 1568 1109 altera
1613 1042 1949 1125 hypothesi,
2002 1043 2245 1127 duplex
2306 1060 2576 1126 quoque
2624 1059 2815 1108 casus
2859 1037 3251 1123 contingere

1002 1158 1240 1234 potest,
1284 1152 1387 1215 vel
1417 1151 1596 1234 quod
1625 1150 1837 1216 ambae
1874 1150 2250 1233 praemissae,
2290 1169 2566 1234 quarum
2615 1151 2815 1214 altera
2848 1146 3254 1231 supponitur

997 1257 1401 1334 universali&
1441 1258 1640 1323 altera
1668 1258 2086 1342 particularis,
2119 1259 2249 1325 sint
2286 1257 2715 1337 affirmativae3
2749 1255 2855 1321 vel
2891 1254 3079 1337 quod
3116 1272 3253 1319 una

1002 1365 1085 1431 sit
1112 1364 1499 1431 affirmativa
1528 1374 1594 1430 et
1621 1368 1820 1431 altera
1851 1364 2174 1451 negativa,
2207 1384 2363 1431 nam
2391 1365 2604 1433 ambae
2621 1364 2941 1449 negativae
2956 1362 3251 1447 supponi

1002 1481 1337 1555 nequeunt
1372 1492 1456 1539 ex
1496 1474 1718 1558 regula
1769 1472 1872 1558 5.⁸
1912 1473 1987 1539 Et
2024 1473 2089 1540 in
2127 1483 2408 1557 utroque
2447 1490 2602 1541 casu
2658 1469 2994 1537 conclusio
3047 1469 3254 1537 debet

997 1598 1145 1646 esse
1185 1581 1610 1665 particularis..

1132 1690 1199 1759 ln
1266 1687 1476 1772 primo
1542 1688 1842 1772 quidem,
1884 1688 2035 1772 quia
2062 1695 2221 1754 tunc
2273 1706 2406 1755 non
2459 1687 2583 1753 fuit
2618 1686 2685 1753 in
2723 1687 3083 1772 praemissis
3123 1685 3253 1753 nisi

995 1815 1170 1863 unus
1207 1797 1530 1871 terminus
1567 1796 1971 1872 universaliS,
2026 1795 2330 1862 nimirum
2371 1795 2739 1877 subjectum
2779 1795 3256 1880 propositionis

993 1904 1395 1985 universalis3
1449 1903 1551 1969 hic
1600 1914 1824 1969 autem
1873 1903 2095 1970 debuit
2150 1921 2295 1969 esse
2351 1901 2609 1969 medius
2644 1903 2992 1979 terminus,
3052 1922 3256 1970 secus

992 2012 1167 2077 enim
1202 2011 1554 2077 violaretur
1579 2010 1686 2095 4⁸
1722 2013 1968 2095 regula.
2010 2010 2592 2096 Ergosubjectum
2643 2009 3085 2077 conclusionis
3132 2011 3259 2077 de-

991 2119 1134 2187 buit
1171 2137 1315 2185 esse
1355 2117 1762 2203 particulare,
1790 2126 1987 2202 atque
2007 2117 2192 2194 ade0,
2238 2118 2357 2184 nisi
2384 2117 2665 2184 velimus
2696 2126 2918 2185 contra
2943 2121 3252 2204 regulam

990 2236 1127 2294 2.·⁸²
1171 2225 1560 2312 impingere,
1603 2226 1937 2292 conclusio
1976 2224 2371 2311 particularis
2406 2226 2515 2303 sit,
2559 2236 2842 2311 oportet.

990 2324 994 2327 ’
1124 2335 1191 2399 ln
1230 2334 1521 2400 secundo
1559 2342 1783 2399 autem
1820 2351 1976 2399 casu
2009 2352 2141 2399 non
2170 2335 2434 2400 suerunt
2490 2334 2610 2400 nisi
2649 2334 2783 2400 duo
2811 2334 3075 2401 termini
3096 2336 3257 2403 uni-

990 2444 1275 2510 versales
1305 2442 1370 2509 in
1411 2443 1788 2527 praemissis,
1831 2442 2196 2528 subjectum
2226 2461 2467 2528 nempe
2498 2443 2959 2528 propositionis
2979 2445 3255 2510 univer-

988 2551 1140 2618 salis
1176 2559 1241 2617 et
1279 2534 1699 2635 praedicatum
1741 2550 2087 2636 negativae.
2130 2551 2217 2615 At
2255 2568 2428 2616 unus
2458 2551 2687 2615 saltem
2719 2550 2979 2618 illorum
3010 2552 3251 2619 debuit

988 2678 1130 2724 esse
1156 2659 1478 2724 terminus
1515 2657 1798 2735 medius,
1842 2658 1894 2724 si
1933 2659 2181 2724 salvam
2225 2658 2505 2726 velimus
2534 2663 2665 2739 4⁶¹²
2706 2660 3024 2744 regulam.
3066 2660 3249 2745 Ergo

986 2787 1106 2853 pro
1163 2766 1582 2834 conclusione
1621 2785 1755 2832 non
1795 2775 2016 2843 restat,
2066 2767 2187 2833 nisi
2217 2785 2391 2833 unus
2428 2768 2749 2835 ter-minus
2789 2768 3250 2836 universaliter

985 2885 1294 2959 sumptus
1319 2874 1380 2940 in
1405 2873 1783 2958 praemissis,
1810 2876 1948 2955 Jam
1970 2874 2303 2940 conclusio
2329 2875 2393 2940 in
2426 2866 2729 2958 praesenti
2755 2893 2909 2942 casu
2933 2878 3244 2962 negativa

984 2983 1092 3059 sit,
1114 3001 1379 3049 necesse
1417 2991 1540 3058 est,
1565 3001 1638 3048 ac
1665 2981 1937 3067 proinde
1963 2983 2381 3065 praedicatum
2404 2981 2670 3049 habebit
2695 2982 3084 3061 universale,
3113 3004 3243 3051 nec

984 3090 1107 3156 hoc
1131 3090 1305 3157 aliud
1335 3107 1480 3156 esse
1505 3098 1724 3174 potest
1752 3090 1874 3156 nisi
1904 3108 2076 3155 unus
2100 3089 2233 3166 ille,
2265 3089 2379 3173 qui
2410 3090 2716 3167 restabat,
2739 3092 3061 3158 terminus
3088 3093 3245 3158 uni—

983 3199 1313 3264 versaliter
1335 3205 1642 3282 sumptus
1669 3196 1736 3263 in
1759 3196 2136 3280 praemissiS,
2161 3217 2311 3263 nam
2338 3215 2530 3264 secus
2550 3199 2911 3266 necessario
2931 3199 3239 3267 violanda

980 3306 1100 3371 erit
1137 3303 1245 3373 εἶ’
1276 3305 1523 3390 regula.
1557 3303 1724 3390 Ergo
1754 3304 2083 3371 conclusio
2114 3305 2511 3388 particularis
2549 3323 2693 3372 esse
2730 3306 3019 3374 debebit.

1113 3413 1349 3496 Excipe
1387 3414 1559 3478 hunc
1610 3412 1903 3495 aliosque
1958 3411 2203 3479 similes
2240 3414 2688 3499 syllogismos:
2750 3414 3003 3500 Aliquis
3055 3416 3237 3482 homo

978 3524 1079 3588 est
1122 3523 1371 3587 Petrus.
1418 3506 1555 3586 'Sed
1606 3521 1827 3586 nullus
1873 3521 2034 3604 lapis
2076 3525 2175 3587 est
2216 3521 2414 3589 homo.
2460 3522 2618 3606 Ergo
2669 3525 2885 3589 nullus
2929 3525 3089 3608 Iapis
3137 3530 3240 3590 est

979 3631 1231 3696 Petrus,
1265 3630 1330 3694 ln
1373 3647 1508 3712 quo
1548 3629 1727 3694 nulla
1756 3627 2039 3696 violatur
2076 3648 2157 3695 ex
2185 3629 2459 3696 laudatis
2484 3631 2745 3716 regulis,
2775 3651 2990 3717 neque
3017 3633 3228 3700 ullum

983 3738 1280 3820 sequitur
1373 3736 1884 3802 incommodum
1968 3755 2050 3802 ex
2111 3738 2529 3804 conclusione
2610 3739 2990 3817 universali,
3074 3760 3230 3825 quae

981 3844 1350 3928 deducitur.
3211 3902 3216 3908 .

1071 3958 1332 4036 Regula
1370 3959 1464 4020 8.·
1557 3953 1657 4017 Ex
1717 3952 1963 4018 duabus
2024 3954 2522 4035 particularibus
2580 3956 2762 4021 nulla
2820 3958 2998 4042 sequi
3027 3960 3240 4040 potest

979 4059 1319 4125 conclusio.
1538 4060 1545 4067 '

1113 4167 1276 4233 Tres
1328 4168 1773 4254 hyphotheses
1807 4168 1944 4235 fieri
1996 4176 2306 4253 possunt:
2335 4169 2406 4257 α)
2439 4174 2607 4256 quod
2635 4172 2832 4238 ambae
2855 4172 3224 4255 praemtlrsae,

977 4274 1113 4340 sint
1141 4273 1532 4358 affirmativae
1591 4274 1663 4363 β)
1713 4278 1818 4341 vel
1870 4277 2069 4343 ambae
2102 4278 2423 4362 negativoe:
2458 4275 2532 4370 γ)
2583 4280 2689 4344 vel
2715 4281 2915 4346 altera
2948 4281 3227 4364 affirma-

977 4382 1133 4459 tiva,
1172 4383 1464 4466 negativa
1499 4385 1726 4451 altera.

1110 4492 1182 4555 ln
1201 4490 1414 4573 prima
1451 4491 1767 4573 hypothesi
1814 4490 1885 4582 α)
1922 4493 2254 4560 conclusio
2311 4495 2490 4562 nulla
2534 4506 2667 4571 est,
2717 4495 2868 4579 quia
2900 4495 3227 4564 terminus

980 4597 1238 4666 medius
1284 4606 1593 4684 sumptus
1628 4600 1753 4666 fuit
1787 4600 2285 4685 particulariter,
2340 4622 2413 4668 ac
2452 4602 2723 4688 proinde
2779 4603 2832 4670 si
2868 4603 3027 4689 quid
3060 4604 3229 4672 inse-

977 4714 1184 4783 ratur,
1227 4707 1502 4772 laedetur
1532 4715 1629 4791 4.·
1666 4709 1919 4793 regula.
