3492 5525
506 455 1282 587 Q?
1297 465 1377 532 Cae.
1395 480 1468 533 aum

566 646 649 712 ltem
671 650 754 715 hanc
786 668 827 715 ex
855 650 986 717 decreto
1013 650 1120 717 Sacrae
1151 649 1265 717 indicis
1299 648 1570 735 congregationis
1605 668 1626 712 a

499 754 557 820 SS.
579 754 618 823 D.
640 756 697 822 Pio
714 758 755 823 lX
775 759 953 843 approbato
971 742 1187 843 subscriptam
1201 760 1284 826 inter
1302 759 1379 825 alias
1400 776 1419 822 a
1437 758 1478 823 D.
1493 760 1626 824 Bonne-

498 871 573 950 tyo,
603 866 724 931 auctori
748 866 1016 952 Ephemeridum:
1038 869 1183 935 Annales
1198 870 1239 933 de
1260 865 1456 947 Plitosoplrie
1471 864 1626 930 abretten-

496 990 548 1035 ne.
579 970 634 1038 a*
659 972 866 1041 Ratiocinatio
890 976 953 1041 Dei
972 975 1186 1049 existentiam,
1213 973 1328 1039 anina
1356 972 1622 1057 spiritualitatem,

498 1078 630 1145 hominis
648 1081 819 1147 libertatem
836 1100 908 1147 cum
924 1082 1112 1149 certitudine
1127 1082 1263 1166 probare
1282 1084 1393 1163 potest.
1414 1081 1507 1147 Fides
1518 1083 1627 1160 poste-

496 1186 565 1253 rior
581 1191 630 1253 est
643 1188 850 1255 revelatione:
863 1189 1057 1275 proindeque
1072 1190 1326 1271 adprobandum
1344 1188 1407 1255 Dei
1427 1187 1624 1253 existentiam

495 1298 605 1360 contra
622 1296 761 1371 ammam,
780 1299 825 1362 ad
836 1298 1036 1379 probandum
1057 1298 1173 1363 anime
1190 1296 1357 1363 ralr'onatis
1369 1295 1622 1378 spirimatitatem

495 1420 533 1467 ac
551 1402 723 1469 libertatem
734 1407 847 1471 contra
860 1405 1064 1471 naturatumi
1079 1405 1285 1489 ecfatatismi
1296 1407 1474 1469 sectatorem
1486 1402 1625 1484 allegari

495 1508 711 1575 convenienter
729 1507 867 1598 nequit(
894 1509 920 1599 ).

541 1689 596 1757 92.
644 1670 838 1738 Puoeoslrlo
868 1680 920 1738 2.⁸
946 1678 1143 1740 Auctoritas
1172 1679 1229 1740 vel
1258 1694 1451 1739 consensus
1481 1674 1620 1753 generis

495 1784 639 1845 humani
657 1802 727 1847 non
745 1793 858 1863 potest
871 1785 977 1848 statui
994 1794 1033 1847 ut
1046 1803 1250 1863 supremum
1271 1794 1306 1847 et
1319 1786 1477 1862 generate
1494 1783 1620 1844 verita·

494 1890 540 1953 tis
558 1891 745 1954 criterium.

538 2055 641 2115 Nota.
687 2048 761 2114 Non
791 2067 951 2133 negamus
977 2067 1177 2116 consensum
1207 2048 1421 2115 universalem
1445 2045 1616 2114 hominurn

494 2172 590 2239 posse
609 2172 680 2220 esse
706 2154 888 2237 ¹criterium
916 2156 1039 2240 quade
1064 2175 1097 2220 re
1120 2155 1252 2222 interius
1276 2154 1442 2241 agendum
1466 2163 1531 2234 est3
1557 2152 1618 2219 sed

494 2280 653 2347 negamus
666 2280 864 2329 consensum
877 2264 969 2329 illum
986 2282 1057 2330 esse
1068 2264 1196 2328 terricum
1209 2272 1241 2328 et
1249 2270 1428 2347 supremum
1437 2260 1615 2327 criterium.

558 2376 726 2438 Probatur
746 2389 825 2455 ergo
853 2370 1043 2456 propositi0.
1075 2379 1121 2438 1.⁰
1147 2370 1313 2437 Contraria
1332 2368 1444 2453 opinio
1461 2368 1618 2454 supponit

492 2479 660 2544 facultates
688 2496 805 2544 omnes
832 2486 961 2545 nostras
982 2477 1220 2563 cognoscitivas
1246 2479 1473 2562 rationemque
1500 2476 1617 2542 indivi-

491 2586 621 2651 dualem
641 2585 788 2652 tallibiles
816 2604 947 2672 semper
973 2604 1057 2652 esse.
1078 2585 1141 2652 Sed
1161 2587 1224 2651 hoc
1245 2585 1456 2671 suppositum
1484 2582 1616 2649 salsissi-

492 2711 584 2759 mum
605 2705 671 2771 est,
699 2702 735 2759 ut
765 2712 821 2778 per
844 2712 880 2759 se
902 2694 980 2759 satis
1001 2702 1105 2778 patet,
1131 2705 1163 2759 et
1184 2713 1264 2759 mox
1282 2690 1494 2759 declarabitur
1512 2692 1544 2757 in
1563 2711 1617 2757 se-

489 2801 605 2884 quenti
623 2802 857 2886 disputatione.
878 2803 974 2889 Erg0.

535 2915 636 2976 Prob.
657 2909 710 2976 a.⁰
755 2908 853 2990 Juxta
880 2910 1082 2976 adversarios
1101 2920 1248 2985 nostros,
1272 2928 1455 2977 consensus
1477 2907 1615 2974 humani

490 3016 617 3099 generis
640 3016 801 3084 criterium
822 3026 872 3084 est
892 3019 1052 3096 veritatis,
1080 3019 1220 3102 ideoque
1248 3017 1421 3084 indubium
1449 3025 1501 3082 est
1517 3015 1614 3099 quid·

478 3122 567 3214 ¹quid
589 3141 770 3191 consensus
788 3125 950 3220 ejusmodi
969 3126 1119 3192 testatur.
1145 3125 1246 3208 Atqui
1265 3125 1457 3191 universalis
1475 3141 1615 3190 consen-

488 3248 545 3296 sus
573 3231 746 3298 hominum
772 3243 911 3300 testatur
929 3233 1087 3300 rationem
1114 3233 1347 3300 individualem
1367 3251 1425 3317 per
1443 3234 1613 3298 facultates

486 3338 723 3422 cognoscitivas
751 3358 848 3423 posse
866 3340 926 3406 sibi
948 3343 1125 3407 multarum
1146 3359 1255 3407 rerum
1280 3348 1402 3406 certam
1421 3358 1610 3423 comparare

488 3445 649 3512 notitiam.
667 3446 750 3532 Ergo
775 3467 815 3514 ex
834 3449 906 3531 ipso
922 3467 1086 3515 consensu
1105 3449 1235 3533 generis
1254 3447 1389 3514 humani
1406 3447 1612 3514 convincitur

486 3551 602 3618 erroris
619 3551 912 3622 Lamennesianum
931 3565 1091 3642 systema.

530 3667 632 3728 Prob.
665 3661 718 3730 3.⁰
764 3663 885 3746 Nequit
913 3682 985 3730 esse
1012 3663 1147 3730 unicum
1175 3682 1212 3728 ac
1245 3681 1437 3747 supremum
1466 3661 1611 3728 veritatis

484 3768 646 3835 criterium
666 3769 713 3846 id,
736 3771 827 3855 quod
844 3779 921 3836 ante
939 3790 975 3837 se
988 3771 1075 3837 aliud
1089 3770 1253 3837 criterium
1272 3770 1441 3855 supponit.
1463 3770 1611 3836 Consen-

485 3893 542 3943 sus
560 3895 638 3942 vero
655 3877 859 3957 communis,
882 3891 918 3944 ut
937 3878 1040 3962 possit
1059 3877 1222 3945 motivum
1252 3879 1387 3964 alicujus
1405 3877 1609 3944 certitudinis

483 3984 707 4069 suppeditare,
729 3986 886 4070 praevium
906 3987 992 4052 aliud
1006 3987 1170 4052 criterium
1191 3985 1360 4071 supponit.
1379 3986 1464 4051 Nam
1479 3995 1516 4051 ut
1529 4003 1611 4051 con·

482 4109 599 4158 sensus
629 4091 792 4178 ejusmodi
821 4094 860 4159 ad
890 4095 993 4160 ullum
1022 4101 1133 4160 actum
1156 4113 1289 4162 movere
1313 4091 1433 4177 possit,
1463 4102 1606 4177 oportet,

483 4206 519 4263 ut
536 4209 625 4266 certo
643 4209 773 4266 constet
792 4202 861 4284 eius
880 4201 1064 4278 existentia,
1086 4208 1120 4266 et
1137 4201 1186 4267 vis
1205 4199 1433 4286 persuadendi;
1462 4200 1533 4265 hac
1550 4219 1610 4267 au-

482 4314 549 4371 tem
569 4316 760 4392 supponunt
776 4308 983 4376 existentiam
1003 4309 1176 4374 hominum
1201 4310 1359 4386 aliorum,
1380 4326 1493 4374 eorum
1516 4307 1611 4374 locu·

482 4413 624 4492 tionem,
652 4415 879 4492 veracitatem,
910 4417 1036 4500 aliaque
1065 4417 1193 4483 similia.
1215 4415 1291 4482 Haec
1316 4431 1413 4500 porro
1438 4415 1604 4482 undenam

481 4520 575 4590 nobis
594 4525 768 4590 constant?
795 4523 941 4591 Proiecto
972 4542 1037 4591 non
1062 4544 1103 4590 ex
1121 4524 1194 4608 ipso
1220 4541 1386 4591 consensu
1413 4521 1604 4600 hominum,

485 4696 736 4710 ffl—

514 4760 556 4826 (l)
593 4755 665 4818 lbid.
684 4775 714 4817 n.
733 4755 811 4832 1506.
