3492 5525
225 502 342 568 linare.
359 516 421 587 4⁰¹
434 501 565 568 Gutture.
582 522 776 569 suttoorsur
790 486 986 570 carsoorucr
999 522 1105 569 isoes
1128 519 1185 589 325

105 689 244 773 angulis:
252 688 298 754 ila
308 689 508 773 syllogismus
515 692 562 754 cst
572 707 742 755 concursus
752 688 848 757 trium
856 690 1104 773 propositionum
1112 690 1232 757 scilicet

11 829 12 832 ¹
103 796 249 884 majoris,
268 796 401 862 minaris
417 800 449 861 et
459 796 668 863 conclusionis
680 796 715 861 in
734 795 835 863 trimo
852 796 1027 884 terminis(
1051 795 1078 882 ).
1198 788 1200 793 ’

173 904 294 971 Modus
312 902 496 991 syllogismi
515 912 565 971 est
583 902 843 995 propositionum
861 904 902 971 ad
917 904 1160 971 conclusionem
1173 903 1230 969 in·
1269 914 1419 976 cauum..

105 1013 283 1078 ferendam.
301 1020 377 1095 apta
406 1012 588 1079 secundum
615 1012 830 1096 quantitatem
858 1021 892 1078 et
920 1013 1109 1097 qualitatem
1138 1029 1229 1078 com·

103 1119 245 1203 plicatio.
282 1120 397 1203 Neque
415 1119 504 1186 enim
527 1121 568 1186 ad
597 1120 678 1196 lroc,
709 1127 746 1186 ut
772 1119 938 1186 conclusio
967 1138 1025 1204 per
1058 1120 1228 1185 formalem

102 1228 372 1311 consequentiam
403 1226 585 1294 necessario
611 1226 692 1294 lluat
718 1246 759 1293 ex
778 1227 972 1312 praemissis,
998 1226 1118 1295 sufficit
1144 1220 1229 1293 certa

102 1335 319 1409 terminorum
339 1334 528 1419 dispositio,
551 1334 612 1401 nisi
628 1333 725 1400 etiam
740 1344 773 1401 et
786 1336 975 1420 quantitatis
990 1334 1023 1400 in
1040 1334 1120 1419 ipsis
1139 1352 1231 1403 sum·

103 1442 271 1527 ptionibus
286 1442 366 1508 ratio
379 1443 548 1516 habeatur,
567 1444 639 1511 Fac.
659 1462 693 1510 v.
714 1463 749 1529 g.
766 1442 1004 1532 Syllogismum
1023 1462 1064 1509 ex
1079 1442 1157 1509 solis
1174 1462 1231 1508 ne·

102 1550 222 1635 gativis
240 1550 538 1633 propositionibus,
559 1551 612 1615 vel
630 1570 671 1616 ex
689 1550 768 1617 solis
787 1550 1043 1634 particularibus;
1064 1560 1097 1616 et
1114 1558 1231 1634 quam-

103 1676 205 1740 quam
223 1656 353 1722 termini
371 1665 446 1740 apte
475 1657 622 1741 dispositi
653 1658 793 1736 luerint,
825 1658 991 1725 conclusio
1019 1659 1109 1724 nulla
1136 1658 1229 1742 sequi

103 1764 248 1850 legitime
272 1764 402 1849 poterit.
1250 1836 1253 1843 ,

172 1873 289 1938 Forma
306 1872 416 1957 itaque
434 1872 635 1959 syllogistica
647 1866 799 1940 'coalescit
813 1892 912 1959 atque
930 1873 1110 1959 integratur
1127 1873 1230 1958 figura
1335 1927 1336 1931 η

103 1988 136 2045 et
154 1980 269 2046 modo.

461 2242 765 2319 ARTICULUS
787 2244 859 2320 IV.

202 2386 459 2475 Generales
472 2409 725 2492 syllogismi
739 2410 979 2490 categorici
995 2410 1129 2490 lorgoe.

152 2642 226 2710 ¹5²·
275 2626 461 2709 Antequam
486 2624 677 2692 varietatem
700 2626 882 2711 figurarum
907 2626 1152 2709 modorumque
1176 2644 1232 2691 ex·

11 2743 12 2746 ’
102 2752 288 2820 ponamus,
318 2733 583 2802 demonstrande
615 2742 695 2802 sunt
720 2735 890 2821 generales
926 2734 1047 2819 regulae
1078 2752 1114 2799 ac
1142 2734 1230 2818 leges

11 2860 12 2863 ’
100 2842 306 2929 syllogismi,
327 2860 402 2926 quae
421 2852 495 2909 octo
515 2851 724 2910 recensentur
741 2843 878 2911 totidem
898 2840 1065 2934 versiculis
1082 2858 1231 2926 compre-

103 2953 231 3020 hensae:

219 3165 296 3232 Tum
313 3185 364 3244 re,
385 3169 451 3233 tum
467 3184 577 3243 sensu,
598 3167 714 3249 triplex
732 3167 821 3232 neoda
840 3165 991 3232 terminus
1004 3169 1068 3232 esto
1086 3162 1149 3254 (2).

169 3275 278 3345 latias
293 3276 363 3354 ios,
378 3294 472 3362 quam
485 3276 674 3358 mammea,
693 3274 851 3341 conclusio
868 3292 931 3340 non
948 3275 1028 3340 vult.

169 3383 376 3468 Ncqteaquam
392 3375 529 3449 studium
541 3384 648 3465 capeat
662 3383 820 3449 conclusio
832 3385 960 3464 oportet.

170 3491 243 3556 Aut
257 3492 352 3556 semel
366 3493 426 3556 aut
436 3491 551 3557 iterum
567 3490 688 3556 medius
696 3489 887 3574 generaliter
903 3493 977 3557 esta.

174 3600 315 3684 Utraque
327 3599 359 3664 si
370 3599 535 3681 premissa
552 3602 658 3682 neget,
674 3598 724 3663 nil
734 3597 807 3662 inde
819 3599 977 3682 sequetur.

169 3707 282 3772 Ambae
293 3705 483 3790 affirmantes
500 3709 659 3792 nequeunt
669 3723 819 3790 generare
833 3707 1004 3788 negantem.

169 3815 311 3901 Pejarcm
323 3821 442 3896 semper
453 3813 596 3898 sequitur
611 3812 770 3878 conclusio
778 3816 914 3895 partem.

169 3921 231 3990 Nil
244 3919 387 4007 sequitur
400 3920 536 4006 geminis
552 3940 594 3987 cx
603 3919 852 4004 particularibus
866 3937 1028 4006 uniquam.

148 4142 283 4220 Regula
303 4136 355 4204 r.⁸
405 4135 544 4202 Termini
555 4137 726 4202 dumtaxat
738 4135 806 4201 sint
816 4139 879 4201 tres
896 4135 931 4199 in
949 4135 1134 4220 syllogismo.
1280 4153 1365 4210 nemu
1379 4163 1412 4199 1.·

172 4244 331 4311 Probatur
348 4264 389 4310 ex
407 4243 542 4310 artificio
557 4262 593 4309 ac
608 4251 724 4309 natura
747 4242 951 4330 syllogismi,
971 4242 1076 4326 quiin
1099 4261 1139 4307 eo
1152 4259 1231 4308 con-

100 4353 207 4429 sistit,
233 4353 324 4436 quod
341 4352 494 4419 identitas
512 4353 564 4418 vel
584 4350 747 4417 distinctio
766 4351 907 4417 duorum
931 4349 1146 4417 terminorum
1165 4351 1231 4417 col·

137 4619 182 4692 (1)
221 4617 363 4690 Opuseul.
381 4620 426 4678 De
439 4619 545 4678 Natus.
560 4617 747 4695 Syllogism„
763 4617 850 4690 paulo
869 4631 936 4690 post
950 4615 1015 4676 init.

137 4715 179 4776 (2)
218 4707 302 4766 Hane
315 4707 365 4766 alii
379 4709 421 4770 sie
434 4707 599 4769 enuntiant:
618 4709 771 4767 Terminus
785 4716 846 4766 esto
861 4707 986 4783 triplex,
1004 4707 1097 4784 major
1106 4707 1232 4768 medius·

104 4800 333 4876 queminarque.
439 4816 441 4821 ·
