3492 5525
553 480 610 566 156
737 433 1142 551 conicturam-urse.
1170 500 1212 551 r.·
1231 487 1311 554 Car».
1335 505 1407 554 aaut

511 663 619 743 Quare
642 667 723 754 lapis
738 687 803 735 non
826 677 934 755 potest
947 670 1009 738 dici
1030 687 1147 748 cacus,
1162 679 1269 756 potest
1289 681 1398 739 autem
1419 673 1482 740 dici
1502 693 1566 741 non
1578 675 1632 741 oi-

509 773 611 863 dens(
636 772 662 864 ).
1100 835 1104 840 ,

578 884 658 952 Hinc
674 884 765 952 vides
788 883 872 954 inter
892 887 1042 971 opposita
1061 886 1218 972 privative
1237 905 1304 954 non
1318 888 1387 956 dari
1401 889 1535 974 quidem
1560 909 1631 956 rne-

509 991 601 1059 dium
617 995 763 1078 generis,
779 1012 838 1060 seu
859 1003 1000 1076 naturae3
1016 995 1084 1062 dari
1106 1013 1183 1063 vero
1205 996 1351 1062 medium
1372 998 1527 1082 subjecti,
1551 1016 1630 1064 curn

510 1101 614 1185 possit
627 1102 732 1169 lorma
750 1101 965 1187 ejusdemque
987 1102 1124 1188 privatio
1141 1103 1257 1171 eadem
1277 1105 1461 1173 successive
1482 1106 1631 1192 subjecto

509 1207 665 1291 insidere;
691 1218 723 1277 et
742 1209 810 1276 dari
829 1227 963 1294 quoque
986 1209 1133 1278 medium
1158 1213 1369 1298 negativum,
1390 1213 1467 1296 quia
1491 1222 1630 1298 possunt

506 1317 576 1384 dari
590 1316 753 1404 subjecta,
771 1318 892 1402 quibus
902 1336 962 1384 nec
975 1320 1079 1386 lorma
1090 1319 1197 1404 aliqua
1210 1338 1319 1405 neque
1329 1322 1478 1406 ejusdem
1492 1319 1631 1406 privatio

508 1431 688 1510 competat.
703 1423 928 1502 Quamobrem
944 1425 1013 1493 steri
1033 1426 1119 1493 bene
1138 1435 1264 1512 potest,
1282 1437 1318 1495 ut
1333 1429 1499 1494 nonnullae
1517 1428 1632 1512 praedi·

508 1531 653 1600 cationes
676 1533 887 1618 negationem
912 1535 1025 1600 formae
1045 1536 1181 1619 aiicujus
1198 1537 1436 1621 exprimentes,
1460 1553 1544 1602 verre
1562 1534 1631 1604 sint

508 1642 561 1708 vel
575 1641 679 1720 salsae,
695 1649 791 1728 prout
805 1660 887 1728 pure
902 1643 1053 1728 negative
1072 1645 1123 1710 vel
1145 1636 1304 1728 privative
1321 1653 1508 1711 sumantur.
1536 1642 1578 1710 Ut
1603 1642 1630 1710 si

434 1771 441 1794 =
507 1749 594 1818 dicas
609 1751 764 1836 angelum
780 1749 957 1832 implumem
972 1769 1061 1828 esse,
1079 1769 1196 1818 verum
1210 1760 1277 1828 est,
1293 1751 1320 1818 si
1334 1751 1367 1818 id
1383 1769 1464 1837 pure
1478 1752 1631 1838 negative

507 1857 688 1945 inteiligas,
704 1859 821 1924 salsum
838 1859 865 1924 si
880 1857 1052 1942 privative.

573 1965 692 2033 Addita
719 1975 797 2033 sunt
824 1963 857 2030 in
887 1965 1078 2032 definitione
1106 1965 1341 2051 privativorum
1369 1968 1469 2033 verba
1496 1967 1564 2033 illa:
1596 1968 1630 2034 iu

506 2075 637 2158 lempore
656 2093 674 2140 a
693 2078 811 2140 malurn
827 2074 1009 2150 conslr'lirlo,
1025 2075 1066 2140 ad
1081 2073 1188 2160 magis
1201 2074 1428 2142 declarandam
1445 2073 1631 2158 praeceden-

504 2193 574 2252 tem
586 2183 822 2251 conditionem.
840 2180 927 2249 Sunt
940 2182 1029 2248 enim
1048 2183 1195 2268 subjecta
1213 2183 1366 2266 quaedam
1380 2183 1508 2267 capacia
1526 2195 1629 2250 certa-

506 2310 580 2359 rum
606 2292 803 2367 formarum,
828 2291 886 2357 sed
913 2308 979 2356 non
1003 2290 1036 2356 in
1059 2290 1319 2373 omnitempore:
1346 2291 1457 2375 itaque
1481 2290 1631 2356 absentia
1725 2360 1726 2367 .

505 2399 684 2467 formarum
712 2399 839 2466 illarum
868 2406 959 2465 extra
983 2408 1117 2482 tempus
1140 2418 1158 2464 a
1182 2407 1297 2464 natura
1317 2397 1535 2466 constitutum
1561 2415 1629 2463 non
1725 2442 1726 2451 .

506 2509 567 2575 erit
591 2527 667 2574 vera
692 2507 841 2592 privatio.
870 2506 915 2572 lta
937 2507 1045 2574 inians
1066 2524 1247 2592 paucorum
1269 2507 1397 2573 dierum
1423 2507 1538 2591 nequit
1564 2505 1629 2572 dici

507 2616 663 2704 privative
678 2615 823 2682 imberbis
833 2624 891 2681 aut
904 2616 1077 2682 edmlrrlus.

553 2741 608 2813 39.
655 2723 802 2791 Tandem
821 2721 1070 2790 contradictoria
1089 2722 1240 2809 opposita
1258 2731 1337 2790 sunt
1355 2741 1410 2800 ea,
1425 2739 1560 2807 quorum
1579 2725 1631 2789 al·

506 2838 604 2901 lerum
622 2834 931 2919 imporlalformam,
953 2834 1087 2897 allenrm
1103 2834 1240 2919 ejusdem
1258 2832 1467 2915 negationem
1482 2841 1520 2898 ut
1541 2831 1630 2897 mmo

506 2955 539 3012 et
561 2960 625 3007 non
647 2941 751 3018 lorrm,
772 2940 852 3023 lapr's
874 2949 908 3007 et
928 2958 993 3005 non
1014 2940 1108 3022 lapis.
1128 2939 1241 3022 ltaque
1259 2938 1508 3005 contradictoria
1529 2938 1573 3005 ita
1592 2957 1630 3005 se

506 3050 645 3127 habent,
671 3060 709 3117 ut
729 3066 834 3116 unum
858 3049 999 3114 sormam
1024 3045 1208 3131 quamlibet
1230 3046 1408 3131 exprimat,
1432 3055 1466 3112 et
1489 3047 1629 3113 aiterum

506 3157 658 3223 eamdem
673 3156 778 3241 ipsam
795 3164 910 3241 neget,
926 3156 1024 3222 simul
1038 3164 1152 3221 tamen
1170 3153 1369 3221 includendo
1379 3153 1630 3221 indeterminate
1723 3153 1724 3180 l

485 3264 626 3375 'aliquid
646 3283 686 3331 ex
708 3264 864 3331 omnibus
879 3264 995 3344 rebus,
1010 3262 1081 3329 sive
1099 3262 1185 3329 veris
1198 3232 1395 3338 finctis,
1414 3236 1498 3346 quae
1513 3269 1631 3355 praeter

412 3368 480 3433 at*
500 3374 594 3467 ‚idam
609 3391 682 3441 esse
695 3382 752 3438 aut
767 3372 902 3457 cogitari
918 3380 1069 3456 possunt.
1085 3371 1180 3437 Unde
1194 3388 1300 3436 unum
1315 3388 1357 3435 ex
1369 3368 1630 3436 contradictoriis

414 3453 424 3481 ²
505 3482 567 3549 sub
588 3500 647 3549 sua
667 3480 858 3547 extensione
880 3480 1109 3563 complectitur
1123 3480 1235 3545 omnia
1249 3479 1304 3544 illa
1316 3490 1392 3561 quae
1405 3478 1545 3544 aiterum
1561 3495 1629 3543 non

504 3600 602 3667 sunt,
618 3588 687 3656 sive
710 3588 876 3672 possibilia
887 3586 958 3653 sive
976 3584 1207 3669 impossibilia,
1231 3586 1371 3670 positiva
1387 3585 1441 3652 vel
1463 3584 1628 3670 negativa,

507 3698 602 3765 realia
617 3698 669 3763 vel
683 3695 879 3763 chimaerica.
891 3694 929 3759 Et
942 3692 988 3760 sic
1000 3692 1100 3760 simili
1109 3694 1211 3759 modo
1219 3694 1304 3760 inter
1313 3710 1387 3759 sese
1399 3702 1631 3777 comparantur

506 3806 574 3873 duo
597 3802 845 3873 contradictoria
867 3802 953 3869 sicut
970 3800 1132 3868 terminus
1142 3799 1257 3867 finitus
1275 3808 1308 3865 et
1327 3799 1486 3866 infinitus.
1506 3798 1630 3865 Exinde

506 3912 651 3999 procedit
668 3911 817 3979 absoluta
840 3908 1084 3994 impossibilitas
1100 3909 1198 3976 medii
1214 3911 1434 3995 culmumque
1449 3907 1532 3974 inter
1549 3926 1632 3973 con-
1721 3925 1722 3974 i

505 4020 709 4115 tradictoria,
740 4028 774 4085 et
801 4018 951 4084 absoluta
981 4018 1174 4092 necessitas,
1205 4026 1244 4083 ut
1273 4018 1411 4081 aiterum
1441 4034 1556 4081 corum
1588 4016 1630 4080 de

507 4146 717 4214 quacumque
731 4145 765 4193 re
778 4146 814 4192 ac
829 4126 994 4211 subjecto,
1010 4126 1079 4190 sive
1093 4124 1168 4191 reali
1182 4125 1253 4191 sive
1272 4122 1368 4199 licto,
1389 4141 1480 4199 vere,
1500 4133 1534 4188 et
1550 4125 1631 4188 alte-

508 4256 582 4305 rum
597 4238 679 4302 laiso
693 4234 897 4320 predicetur.
913 4232 997 4298 Nam
1012 4234 1116 4310 Deru,
1128 4234 1280 4316 angelate,
1297 4238 1427 4313 corpus,
1438 4230 1628 4307 substantae,

506 4346 668 4419 walens,
689 4343 852 4419 remora,
868 4342 981 4426 procui
1000 4339 1102 4409 dubio
1122 4350 1179 4406 aut
1200 4348 1251 4406 est
1267 4340 1356 4405 bomo
1371 4348 1430 4403 aut
1445 4357 1510 4403 arorr
1526 4338 1629 4416 mmo,

508 4452 589 4536 lopr's
613 4461 752 4517 autnon
766 4450 858 4532 lapis.
880 4450 999 4515 Praeter
1020 4450 1109 4514 enirn
1131 4448 1300 4513 hominem
1323 4455 1357 4510 et
1374 4465 1439 4510 non
1461 4446 1629 4521 bominem

509 4561 649 4647 lapidem
668 4577 704 4623 ac
718 4576 783 4623 aron
797 4556 949 4641 lapidea,
966 4556 1044 4623 nihil
1057 4574 1131 4622 esse
1145 4573 1204 4621 nec
1217 4554 1298 4639 tingi
1311 4562 1431 4639 potest.
1447 4552 1533 4620 Cum
1550 4572 1631 4641 ergo

544 4798 586 4861 (ι)
620 4792 691 4853 Vid.
706 4790 794 4853 Suae.
809 4788 889 4865 diap.
903 4808 949 4865 54.
960 4788 1105 4865 nempe..
1121 4800 1192 4849 acet.
1208 4804 1254 4861 ς..
1267 4804 1299 4846 ιι.
1313 4806 1342 4860 p.
