3492 5525
238 438 352 499 Anrrc.
371 449 431 497 au·
445 433 632 503 Vanacrrss
647 448 864 503 rncuursruu
879 445 1109 495 conuoscrrrvr
1144 440 1208 519 577¹

117 615 299 684 secundum
334 616 417 680 hanc
447 614 739 680 considerationem
772 631 890 679 sensus
918 613 983 678 ialii
1016 612 1106 677 nulio
1139 609 1239 675 modo

117 732 275 808 possunt,
304 723 378 808 quio
404 724 574 789 secuudum
600 722 684 806 quod
704 740 814 787 sensus
834 720 1014 803 disponitur
1037 718 1083 805 (id
1101 728 1153 785 est
1171 716 1255 784 affit

116 829 232 919 citur),
251 833 421 899 secundum
438 830 493 896 boc
506 829 737 913 dispositionem
750 841 840 895 suam
853 827 1027 894 intellectui
1037 828 1240 894 densorutrot:

115 942 201 1005 unde
214 937 413 1024 Augustinus
430 938 510 1003 dicit
524 934 559 1003 'in
576 937 758 1003 auctoritate
776 936 905 1003 inducto
917 932 981 1023 (r),
997 936 1082 1020 quod
1093 953 1158 999 non
1166 940 1241 1018 pos·

115 1050 195 1112 sunt
218 1046 342 1112 ornnino
364 1045 526 1111 enuntiare
549 1044 615 1110 nisi
629 1045 821 1129 affectionem
842 1062 933 1109 suom
953 1040 1019 1131 (2).
1040 1040 1124 1109 Cum
1152 1040 1240 1107 enim

117 1174 154 1221 v.
183 1172 217 1240 g.
246 1166 371 1239 aegroto
398 1170 506 1219 amare
536 1152 667 1237 sapiunt
688 1152 809 1236 dapes,
838 1151 907 1217 sive
929 1150 1131 1216 iilaeamarae
1154 1149 1241 1216 inse

119 1280 229 1327 revera
248 1262 329 1338 sint,
349 1260 418 1327 sive
436 1279 521 1351 non,
538 1278 652 1327 verum
671 1278 801 1343 semper
819 1260 897 1338 erit,
915 1278 992 1325 eum
1012 1257 1149 1343 experiri
1168 1276 1245 1323 sen-

118 1371 279 1436 sationem
300 1368 399 1434 amari
422 1368 559 1453 saporis.
583 1367 744 1449 Judicium
769 1376 881 1433 tamen
904 1368 947 1432 de
969 1366 1156 1433 sensatione
1179 1363 1242 1432 sub

120 1480 184 1543 hoc
208 1485 372 1561 respectu,
401 1494 467 1542 non
496 1476 673 1542 adsensus
692 1485 835 1559 spectat,
857 1476 915 1540 sed
933 1472 973 1540 ad
992 1473 1239 1549 conscientiam,

121 1603 178 1669 per
195 1585 288 1669 cujus
314 1594 423 1649 actum
444 1582 616 1667 percipitur
635 1603 653 1647 a
673 1583 767 1648 nobis
793 1582 949 1659 sensatim
971 1590 1069 1666 prout
1088 1590 1138 1648 est
1156 1591 1243 1648 certa

122 1691 319 1758 modificatio
339 1710 399 1757 nos
418 1690 469 1757 hic
489 1699 522 1756 et
540 1709 628 1757 nunc
645 1689 801 1756 afficiens.

189 1799 328 1884 Agimus
355 1818 434 1884 ergo
461 1798 513 1863 hic
542 1798 583 1863 de
610 1798 793 1864 veracitate¹
810 1815 970 1863 sensuum
994 1797 1027 1864 in
1055 1796 1243 1864 sensatione

120 1906 464 1993 objective‘spectata.
494 1905 559 1971 Sed
588 1905 693 1973 adhuc
729 1905 793 1971 sub
824 1907 887 1971 hoc
907 1915 1067 1990 ‚respectu
1098 1905 1243 1972 sensatio

119 2014 314 2082 considerari
334 2024 441 2098 potest
460 2014 510 2079 vel
529 2014 677 2079 absolute
697 2021 730 2079 et
747 2012 924 2089 abstracte,
945 2012 1101 2079 nimirum
1127 2021 1244 2096 quate·

122 2140 186 2189 nus
203 2132 252 2188 est
270 2140 360 2187 mera
378 2122 530 2204 quaedam
559 2101 934 2205 simplex'apprehensio
960 2129 993 2186 et
1020 2120 1243 2188 intentionalis
1295 2156 1302 2170 ·

121 2230 233 2315 imago
251 2230 384 2315 alicujus
403 2227 521 2313 objecti
539 2228 717 2304 sensibilis,
738 2227 818 2311 quin
848 2230 1004 2294 reseratur
1031 2230 1073 2294 ad
1100 2230 1162 2295 hoc
1191 2230 1243 2293 vei

120 2338 214 2405 iilud.
234 2338 272 2403 Et
289 2334 446 2419 quoniam
466 2335 685 2403 sensationem
700 2337 762 2403 sub
778 2338 837 2402 hac
851 2337 1112 2403 consideratione
1127 2336 1243 2402 salsam

121 2464 195 2511 esse
215 2463 281 2510 non
301 2462 397 2529 posse
421 2444 489 2529 jam
521 2462 561 2509 ex
589 2442 738 2528 superius
767 2443 927 2527 probatis,
957 2462 1033 2511 cum
1060 2444 1242 2529 generatim

120 2551 276 2637 simplicis
290 2551 556 2636 apprehensionis
570 2570 647 2617 cum
660 2550 795 2617 falsitate
811 2554 1024 2637 repugnantia
1038 2560 1242 2625 tractaretur,

121 2660 320 2727 sufficienter
347 2661 534 2745 colligatur;
561 2678 626 2724 non
654 2668 705 2725 est
733 2660 784 2725 bic
812 2660 932 2726 iterum
961 2663 1076 2726 eadem
1105 2661 1245 2744 quaestio

121 2769 285 2854 agitanda.
315 2767 455 2853 Agimus
487 2787 565 2853 ergo
597 2768 637 2832 de
666 2767 837 2834 veracitate
869 2787 1047 2846 sensuum,
1080 2777 1245 2853 quatenus

121 2877 399 2964 eorum-operatio
417 2885 582 2960 spectatur
600 2877 730 2942 relative
748 2878 788 2942 ad
805 2879 867 2943 hoc
894 2879 944 2941 vel
964 2877 1045 2942 iilud
1062 2878 1243 2964 objectum,

121 2987 165 3050 ad
183 2985 271 3068 quod
290 2985 498 3060 terminatur,
515 2985 546 3048 in
567 2993 728 3068 quantum
743 2983 784 3049 sit
797 2984 907 3070 imago
921 2983 1006 3050 illius
1022 2985 1079 3061 rei,
1096 2985 1136 3050 ad
1151 2986 1246 3070 cujus

123 3093 328 3178 praesentiam
343 3091 496 3173 habetur3
514 3110 580 3175 quo
593 3101 687 3176 pacto
699 3090 841 3158 sensatio
852 3091 968 3158 dicitur
982 3093 1124 3158 umbram
1138 3109 1245 3177 quanc-

119 3203 197 3265 dam
213 3201 329 3286 referre
338 3199 468 3288 judicii.
490 3198 615 3266 Sensus
634 3199 766 3283 quidem
798 3201 933 3265 tormaie
957 3199 1136 3286 judicium,
1157 3198 1247 3284 quod

122 3309 181 3374 uni
210 3306 384 3374 intellectui
412 3307 583 3385 convenit,
613 3326 680 3373 non
699 3289 799 3389 elicit}
829 3326 963 3385 verum,
993 3308 1151 3392 quoniam
1180 3326 1247 3374 non

123 3415 264 3502 percipit
278 3414 450 3500 qualitates
468 3414 655 3490 sensibiles,
675 3423 754 3499 puta
774 3416 937 3491 colorem,
958 3433 1110 3499 saporem
1129 3425 1192 3481 etc.
1214 3416 1247 3482 in

122 3526 287 3590 abstracto
307 3534 339 3589 et
358 3524 507 3608 praecisas
526 3541 543 3588 a
562 3522 769 3608 corporibus,
790 3523 848 3588 sed
867 3534 1025 3600 concrete,
1044 3523 1248 3608 propriisque

120 3632 276 3717 subjectis
286 3631 398 3698 affixas
413 3631 673 3715 apprehendunt,
689 3631 843 3698 nimirum
855 3651 889 3698 v.
903 3651 937 3716 g.
951 3634 1246 3710 rosamcotorotdm,

120 3740 225 3806 cibum
241 3738 400 3821 sapidum,
422 3736 556 3821 lapidem
572 3741 688 3804 durum
705 3758 744 3804 aa
758 3740 966 3821 resistentem·
980 3741 1123 3808 sensatio
1141 3739 1251 3824 impii·

121 3847 186 3914 cite
205 3833 302 3931 atque
320 3847 553 3931 aequivalenter
580 3847 640 3913 dici
671 3856 778 3942 potest
804 3849 972 3915 continere
986 3848 1160 3934 judicium,
1181 3867 1249 3931 quo

121 3955 305 4022 affirmetur
332 3936 578 4021 ratem'cotoren
600 3972 665 4021 esse
689 3955 723 4020 in
747 3955 805 4021 bac
822 3973 912 4033 roso,
940 3958 1034 4022 tutem
1051 3962 1191 4039 saporem
1213 3955 1250 4020 in

122 4064 179 4128 hoc
202 4063 281 4138 cibo,
307 4063 455 4128 duritiem
483 4063 518 4128 in
541 4063 596 4127 hoc
624 4062 738 4145 lapide.
759 4062 843 4139 Quae
873 4073 1060 4142 causaest,
1080 4083 1138 4130 cur
1161 4063 1253 4131 canis

115 4309 121 4322 ·
162 4281 201 4344 (r)
238 4276 282 4334 En
296 4277 384 4334 verba
397 4273 430 4333 S.
445 4274 604 4348 Augustini
616 4273 662 4334 hie
676 4277 713 4334 ab
727 4277 865 4351 Angelieo
879 4277 1006 4336 laudata:
1022 4279 1086 4352 Ipsi
1098 4279 1182 4336 ocuti
1194 4299 1251 4336 reon

8 4403 9 4408 κ
121 4368 311 4436 fdiiuntnos,
322 4366 463 4424 nonenim
472 4368 626 4424 enuntiare
635 4375 755 4440 possunt
769 4370 886 4426 omnino
895 4369 956 4425 nisi
967 4368 1147 4439 affectionem
1155 4387 1251 4427 suom:

123 4459 200 4531 quod
212 4459 242 4514 sr'
254 4477 349 4514 omnes
365 4458 495 4530 corporis
516 4475 619 4513 sensus
633 4459 676 4514 ito
693 4459 862 4528 enuntiant,
878 4468 911 4515 ut
924 4458 1109 4536 officiuntur,
1131 4460 1202 4531 quid
1215 4460 1252 4517 ab

123 4549 171 4605 eis
191 4548 319 4619 amplius
331 4547 454 4622 exigere
467 4546 636 4618 debeamus,
651 4548 767 4622 ignoro.
788 4546 822 4606 S.
838 4550 979 4624 August„
999 4549 1035 4608 de
1052 4548 1130 4608 Vera
1149 4549 1250 4623 Retig.

123 4657 189 4710 cap.
207 4655 250 4710 33.
274 4635 335 4694 Cir.
352 4655 414 4707 cap.
432 4635 476 4708 36.

163 4732 204 4794 (a)
242 4723 274 4786 S.
289 4724 408 4797 Thous,
419 4727 455 4785 de
469 4725 573 4800 Verre,
584 4745 614 4799 q.
632 4739 728 4798 r,art.
746 4747 787 4786 rr.

1170 4844 1207 4912 37
