3492 5525
252 412 371 473 Aarre.
389 423 450 491 4⁴²·
461 408 584 473 Urnun
598 426 730 481 oeJecr.
747 406 884 472 Loorcrc
898 391 1027 471 straus
1038 424 1113 470 aar.
1140 418 1212 487 ¹¹5¹

131 610 267 678 prorsus
286 594 338 658 vel
355 594 486 660 nomine
506 594 589 660 entis
607 592 755 670 rationis,
776 610 869 676 aeque
888 592 972 659 bene
993 598 1154 677 precepta
1173 587 1258 673 logi-

131 719 171 765 ca
190 701 345 785 cognosci
360 709 513 785 possunt.
1027 694 1033 713 '

199 808 234 899 γ)
256 806 319 875 Sed
338 808 494 894 quoniam
514 804 623 893 negari
648 808 761 891 nequit
779 808 950 873 innumera
970 804 1097 883 tractari
1111 804 1145 873 in
1164 803 1259 889 Logi-

132 936 189 991 ca,
211 934 286 999 quae
304 936 323 981 a
343 916 455 981 multis
469 914 673 999 Philosophis
685 915 837 981 dicuntur
852 915 938 981 entia
953 914 1086 980 rationis
1098 933 1132 979 v.
1149 932 1184 998 g.
1204 930 1260 996 gc·

132 1042 211 1099 nm,
241 1023 372 1106 specics,
401 1024 584 1110 adjectum,
608 1023 814 1105 practicatum
832 1031 896 1090 etc.
917 1039 1100 1105 eorumque
1115 1018 1259 1105 cognitio

134 1132 315 1197 necessaria
343 1149 478 1215 prorsus
505 1140 557 1196 est
587 1130 628 1195 ad
654 1138 814 1215 praecepta
842 1130 968 1214 logicae
994 1128 1167 1214 capienda;
1198 1146 1259 1192 nec

135 1239 245 1325 negari
266 1238 344 1303 item
374 1256 471 1323 posse
501 1239 645 1315 videtur,
676 1250 768 1304 actus
787 1238 921 1305 rationis
947 1235 1084 1302 omnino
1107 1234 1261 1320 aiogica

133 1345 352 1422 considerari,
382 1355 475 1411 actus
498 1346 620 1429 quippe
647 1347 831 1411 intellectus
850 1354 928 1411 sunt
952 1343 1259 1430 definitioformahs,

130 1455 316 1537 propositio,
336 1453 551 1538 syllogismus,
568 1454 766 1519 ratiocinatio
780 1462 861 1529 etc.,
891 1463 928 1519 ut
941 1462 1074 1537 apparet
1088 1471 1129 1517 ex
1144 1452 1261 1516 horum

134 1560 397 1627 definitIonibus:
419 1561 556 1626 dubium
577 1579 648 1627 esse
668 1569 791 1645 potest,
818 1561 897 1645 quid
921 1564 1037 1626 horum
1057 1558 1211 1643 primario
1229 1567 1262 1623 et

135 1670 258 1735 directe
278 1677 405 1753 spectet
423 1670 464 1734 ad
482 1668 776 1734 considerationem
798 1666 935 1753 Logicae.

205 1775 387 1841 Artificium
407 1794 444 1841 ac
464 1776 622 1842 rectitudo
642 1784 775 1841 actuum
797 1777 929 1841 rationis
947 1774 1097 1842 consistit
1113 1776 1146 1841 in
1162 1774 1263 1841 modo

136 1882 390 1969 repraesentandi
409 1884 548 1967 objecta.
567 1904 599 1949 ν.
620 1903 654 1968 g.
680 1882 851 1951 artiticium
872 1882 1072 1949 definitionis
1090 1884 1192 1950 situm
1213 1892 1263 1948 est

137 1994 170 2057 in
190 1991 282 2057 brevi
311 1991 597 2075 repraesentatione
617 1991 862 2075 praedicatorum
887 1990 1108 2057 essentialium
1132 2008 1261 2067 eorum,

138 2098 313 2181 inquibus
344 2116 395 2163 res
422 2097 537 2164 similis
556 2106 606 2164 est
629 2099 714 2174 aliis,
736 2096 825 2186 (haec
854 2107 1013 2163 vocantur
1035 2116 1133 2182 genus
1152 2097 1265 2179 proxi-

137 2204 244 2290 mum)
264 2215 296 2271 et
323 2225 456 2283 eorum,
477 2204 510 2270 in
540 2204 660 2287 quibus
689 2206 850 2290 discrepat
878 2206 919 2270 ab
946 2206 1102 2302 omnious
1129 2201 1265 2302 aliis(et

136 2314 254 2380 dicitur
271 2314 449 2397 differentia
467 2312 578 2378 ultim
578 2312 611 2397 ).
637 2312 790 2380 Similiter
808 2311 982 2379 artificium
1003 2311 1187 2397 syllogismi
1201 2319 1265 2377 stat

137 2422 169 2485 in
190 2428 280 2487 certa
299 2419 587 2505 repraesentatione
607 2421 870 2505 praemissarum,
892 2438 966 2503 quae
989 2421 1040 2485 vel
1062 2418 1266 2484 affirmativa

137 2530 221 2605 sint,
251 2530 304 2594 vel
335 2530 454 2613 partim
483 2528 703 2605 affirmatiuae,
733 2530 849 2613 partim
879 2527 1058 2612 negativa,
1078 2535 1266 2611 certamque

138 2636 280 2702 habeant
308 2634 523 2719 quantitatem
550 2655 585 2701 ac
614 2635 830 2702 terminorum
851 2636 1116 2720 dispositionem:
1139 2634 1172 2700 in
1198 2652 1266 2718 quo
1306 2708 1338 2722 ι,

138 2760 257 2811 omnes
276 2743 491 2819 conveniant,
513 2760 645 2810 necesse
665 2752 728 2810 est.

207 2849 372 2929 Quoniam
399 2870 477 2935 ergo
506 2863 685 2936 conceptus
712 2869 779 2917 non
798 2852 979 2918 «dicuntur
1006 2849 1146 2917 ordinati
1172 2849 1267 2935 quasi

139 2959 325 3035 entitative,
342 2959 399 3025 sed
420 2959 513 3042 quasi
532 2960 791 3042 representative
817 2967 848 3023 et
878 2967 1027 3042 respectu
1046 2958 1264 3042 objectorum,

139 3067 224 3132 circa
242 3085 317 3150 quae
335 3077 543 3143 versantur,»
563 3067 724 3131 concludit
739 3067 879 3146 joannes
899 3085 916 3130 a
936 3065 971 3133 S.
992 3065 1138 3143 Thoma,
1159 3083 1267 3150 «ergo

140 3173 358 3259 principaliter
377 3173 505 3258 respicit
523 3172 638 3257 Logica
655 3173 894 3239 ordinationem
909 3173 1132 3258 objectorum,
1146 3173 1269 3252 torma-

141 3285 206 3347 lem
226 3287 336 3346 autem
356 3281 556 3346 tendentium
571 3289 603 3345 et
626 3281 944 3364 repraesentationem
969 3289 1204 3364 conceptuum,
1231 3290 1269 3348 ut

142 3388 290 3454 medium
320 3389 500 3472 attingendi
528 3390 588 3454 ista
620 3389 746 3474 objecta
778 3389 952 3454 ordinata»
982 3388 1048 3474 (r).
1081 3389 1161 3454 item
1193 3388 1270 3472 quia

141 3495 285 3581 «Logica
311 3513 377 3561 non
407 3496 501 3561 docet
529 3495 643 3561 elicere
671 3494 784 3581 (actus
812 3493 1015 3584 intellectus)
1032 3505 1196 3580 quantum
1225 3496 1267 3563 ad

141 3623 237 3670 suam
258 3603 447 3680 entitatem,
468 3602 527 3668 sed
541 3614 577 3669 ut
602 3601 770 3668 artificiose
794 3603 1026 3688 disponantur,
1047 3613 1080 3669 et
1103 3602 1181 3688 quia
1203 3603 1270 3669 dis-

142 3711 262 3796 positio
292 3709 463 3776 artificiosa
498 3727 564 3775 non
595 3709 686 3775 aliter
713 3710 876 3776 invenitur
909 3711 942 3776 in
970 3710 1113 3787 actibus,
1147 3711 1208 3777 nisi
1236 3710 1270 3777 in

143 3826 306 3902 quantum
335 3815 501 3900 attingunt
528 3817 655 3902 objecta
682 3817 828 3884 ordinata
854 3826 887 3882 et
912 3817 1086 3902 disposita;
1106 3817 1194 3883 idem
1220 3828 1272 3885 est

141 3925 282 4010 dirigere
302 3923 453 4009 Logicam
469 3923 688 4000 intellectum,
705 3933 741 3990 ut
761 3925 865 3990 eliciat
884 3933 976 3991 actus
990 3943 1070 3991 suos
1085 3924 1269 4002 artificiose,

143 4034 235 4116 quod
253 4033 379 4117 objecta
406 4032 476 4115 ipsa
502 4048 707 4116 praeponere,
727 4032 809 4097 circa
837 4051 912 4116 quae
939 4042 1034 4099 actus
1062 4033 1270 4099 scientiarum

143 4141 328 4214 eliciantur,
351 4149 449 4221 atque
468 4139 549 4204 adeo
568 4139 676 4222 primo
693 4147 727 4205 et
746 4158 802 4224 per
821 4139 993 4224 se·Logica
1014 4138 1147 4226 attingit
1165 4141 1272 4208 inten-

143 4249 252 4314 tiones
271 4246 448 4323 secundas,
468 4245 589 4329 quibus
607 4246 733 4332 objecta
751 4246 822 4331 ipsa
845 4248 1023 4316 formaliter
1044 4249 1274 4322 dicunturor-

145 4355 283 4422 dinata»
306 4350 368 4441 (2).
390 4353 427 4420 Et
445 4352 563 4419 similia
581 4353 679 4418 ltabet
698 4355 734 4420 P.
755 4351 923 4440 Sylvester
941 4357 1059 4425 Mauri.

150 4527 394 4546 ..Μ

179 4611 221 4673 (ι)
258 4605 327 4664 Loc.
343 4603 392 4662 cit.
408 4621 524 4676 paragr.
540 4601 598 4661 Sed
615 4610 715 4660 contra
727 4602 851 4677 plainam
863 4604 1035 4691 rotationqm
1049 4614 1106 4667 est.

181 4701 221 4764 (2)
261 4693 344 4765 ibid..
361 4691 471 4752 Contra
484 4693 636 4752 sectandam
651 4693 820 4752 solutionem
833 4702 910 4752 est...
