3492 5525
554 496 589 559 3²
963 480 1187 545 lurnooucrro

514 585 831 599 ———

514 658 545 724 in
561 660 734 727 dialecticis
749 672 780 728 et
800 662 944 748 physicis
965 658 1180 727 Academicos
1196 680 1301 727 novos
1315 668 1347 727 et
1367 659 1505 728 Stoicos.
1526 658 1637 734 Quare

513 770 556 834 ita
575 768 634 835 ruit
649 754 878 846 Academicus,
899 778 936 835 ut
951 768 1228 835 Ecclecticismum
1245 767 1422 852 quemdam
1444 776 1635 833 sectaretur.

514 873 648 959 Scripsit
669 875 1100 961 praeclarissimosdialogos
1120 877 1161 942 de
1182 876 1278 943 rebus
1297 871 1546 960 philosophicis,
1567 874 1638 940 Pla-

513 994 645 1058 tonem,
658 984 818 1068 elegantia
833 984 962 1049 dicendi
972 985 1244 1068 eloquentiaque,
1262 984 1410 1067 proxime
1422 978 1582 1067 secutus(
1609 978 1635 1063 ).

580 1088 721 1157 Stoicam
734 1092 880 1157 scholam
893 1092 1092 1158 illustrarunt
1107 1092 1222 1157 Romae
1233 1109 1299 1175 prae
1316 1090 1440 1156 caeteris
1455 1090 1491 1156 L.
1504 1090 1638 1153 Annens

370 1242 444 1279 aa,
513 1198 639 1281 Seneca,
657 1198 758 1282 patria
772 1198 993 1265 Cordubensis
1011 1195 1143 1285 (3-1-65
1159 1218 1190 1282 p.
1203 1197 1272 1281 C),
1287 1196 1424 1263 Neronis
1443 1205 1635 1280 praeceptor3

513 1304 684 1386 Epitnecrus
714 1306 975 1391 hieropolitanus
995 1326 1037 1372 ex
1056 1305 1197 1392 Phrygia
1218 1304 1278 1390 (90
1298 1304 1424 1371 circiter
1446 1324 1500 1370 an.
1523 1323 1556 1387 p.
1580 1298 1638 1389 C.)

512 1430 627 1479 servus
641 1412 744 1479 liberti
764 1412 972 1498 Epaphroditi
987 1413 1195 1479 etfamiliaris
1208 1412 1364 1502 Neronis,
1380 1410 1437 1495 qui
1450 1409 1638 1477 Domitiano

512 1520 718 1603 imperatiore
742 1518 847 1586 Roma
868 1523 1009 1607 ejectus,
1034 1522 1217 1605 Nicopolim
1240 1520 1272 1585 in
1296 1520 1428 1604 Epirum
1453 1518 1636 1592 concessit,

512 1626 621 1709 ibique
636 1626 764 1705 docuit,
783 1628 1043 1713 Philosophiam3
1061 1636 1094 1693 et
1107 1628 1155 1692 M.
1172 1628 1325 1693 Aurelius
1342 1623 1533 1710 imperator.
1550 1623 1639 1689 Scri-

513 1732 575 1818 psit
589 1734 712 1801 Seneca
728 1737 851 1802 multos
867 1735 966 1802 libros
980 1745 1206 1818 tractatusque
1228 1736 1367 1800 morales
1383 1732 1639 1818 praeclarissimis

513 1840 683 1927 praecoptis
713 1845 864 1920 reienos,
893 1844 925 1908 in
957 1842 1078 1926 quibus
1105 1826 1242 1927 vestigia
1272 1843 1455 1908 christianae
1479 1838 1638 1905 doctrinae

511 1966 690 2034 agnoscere
706 1967 839 2023 necesse
852 1960 914 2016 est:
933 1950 1034 2017 vitam
1053 1959 1165 2016 tamen
1181 1969 1358 2032 moresque
1373 1966 1453 2014 suos
1468 1945 1640 2032 praeceptis

512 2054 574 2122 iliis
597 2074 713 2140 parum
738 2058 926 2123 conformes
950 2055 1103 2124 habuisse
1121 2066 1261 2124 testatur
1283 2056 1430 2122 historia.
1447 2053 1640 2139 Epithectus

512 2161 629 2229 dicitur
643 2164 827 2229 universam
841 2160 1022 2230 doctrinam
1037 2166 1194 2231 moralem
1202 2163 1250 2230 ¹>ad
1261 2165 1323 2231 hoc
1336 2170 1536 2248 praeceptum
1546 2178 1640 2225 com-

513 2271 631 2354 pendio
646 2272 856 2337 contraxisse:
875 2272 1028 2350 Susnurs,
1043 2290 1084 2338 ετ
1097 2287 1245 2349 nasitus,
1257 2268 1370 2362 ἀνέχον
1388 2294 1438 2336 και
1457 2267 1590 2357 ἀπέχον.

579 2378 740 2465 Dogmata
760 2380 844 2445 illius
864 2381 997 2465 collegit
1014 2380 1144 2446 flavius
1171 2381 1333 2445 Arrianus
1360 2375 1637 2452 Nicomediensis,

512 2485 597 2555 illius
611 2485 790 2571 discipulus
807 2486 838 2554 in
850 2488 1075 2554 Encbiridioet
1089 2488 1123 2551 in
1133 2487 1300 2554 Dentrida's.
1338 2548 1341 2553 .

579 2594 623 2659 Μ.
642 2595 792 2661 Aurelius
808 2596 996 2660 Antoninus
1009 2597 1187 2679 imperator
1199 2593 1275 2683 (121
1297 2596 1338 2678 -l-
1359 2595 1420 2661 180
1438 2613 1471 2678 p.
1487 2591 1542 2677 C.)
1554 2591 1642 2656 duo-

510 2700 616 2768 decim
633 2700 997 2787 librosscripsitronhc
1011 2720 1336 2788 tabennensiumque
1352 2704 1398 2767 ad
1409 2719 1442 2767 se
1453 2701 1556 2784 ipsum
1563 2706 1642 2782 per-

511 2807 625 2886 tinent,
646 2809 678 2874 in
703 2809 824 2892 quibus
848 2809 1065 2896 pulcherrima
1088 2821 1251 2894 praecepta
1273 2810 1449 2877 traduntur
1469 2808 1511 2875 ad
1534 2808 1640 2875 vitam

511 2927 599 2982 recte
618 2916 867 2984 instituendam.

579 3022 697 3088 Preter
719 3025 779 3089 hos
800 3026 934 3091 suerunt
958 3033 991 3089 et
1015 3025 1068 3090 alii
1099 3025 1210 3108 plures
1233 3023 1349 3090 Rornae
1373 3023 1486 3090 stoicae
1515 3021 1643 3087 scholae

514 3129 658 3206 alumni,
679 3131 815 3206 Bulbus,
841 3149 942 3214 quem
966 3151 1055 3216 saepe
1078 3131 1187 3198 iaudat
1205 3132 1321 3198 Cicero
1344 3133 1376 3197 in
1394 3133 1465 3197 suis
1488 3127 1641 3212 scriptis,

511 3237 591 3302 Ceio
627 3237 780 3303 Uticensis
804 3256 862 3304 seu
884 3237 1019 3320 Μίαν,
1053 3239 1273 3304 Athenodorus
1303 3239 1474 3305 Tarsensis
1512 3237 1645 3301 amicus

511 3343 653 3428 Augusti
668 3343 858 3428 Claudiique
873 3353 1070 3429 praeceptor,
1095 3344 1134 3414 C.
1160 3346 1328 3411 Musonius
1349 3346 1454 3430 Rufus
1482 3343 1645 3427 magister

511 3451 682 3536 Epithecti,
705 3451 836 3518 Annius
862 3453 1039 3528 Cornutus,
1062 3453 1181 3538 aliique
1203 3456 1330 3537 plures3
1351 3453 1442 3519 nulla
1463 3452 1553 3516 enim
1578 3450 1646 3514 alia

510 3571 600 3626 secta
618 3567 667 3626 tot
682 3557 795 3625 Rornre
816 3571 909 3626 nacta
929 3572 980 3627 est
994 3563 1151 3636 asseclas,
1167 3580 1268 3645 quam
1282 3560 1439 3644 Epicurea
1453 3557 1519 3646 (2).

556 3663 611 3752 36.
648 3667 907 3752 Peripateticum
927 3668 1070 3751 denique
1093 3670 1241 3734 scholam
1270 3669 1366 3752 pauci
1386 3669 1646 3750 frequentarunt

511 3775 668 3850 Romani,
695 3785 809 3858 utpote
824 3792 968 3858 quorum
982 3775 1083 3841 indoli
1098 3777 1208 3842 minus
1222 3776 1407 3841 arridebant
1425 3773 1647 3858 speculatiuae
1737 3791 1739 3796 ·

510 3881 654 3948 veritatis
670 3881 912 3966 inquisitiones.
930 3881 1132 3949 Celebriores
1154 3883 1245 3949 iuere
1264 3881 1473 3948 Andronicus
1489 3879 1650 3945 Rhodius

509 3987 569 4076 (80
581 3985 642 4054 an.
664 4009 696 4055 a.
722 3987 780 4074 C.)
802 3989 858 4072 qui
881 3987 998 4055 Romae
1018 3990 1120 4056 libros
1137 3989 1301 4076 stagiritae
1328 3989 1457 4074 primus
1474 3985 1577 4053 edidit
1608 3995 1650 4050 et

545 4225 585 4286 (r)
622 4217 748 4292 Scripsit
761 4219 864 4278 Cicero
881 4220 1063 4301 Quoestiones
1075 4221 1284 4289 Academicus,
1297 4221 1484 4301 Quests'om
1499 4217 1654 4276 Tuscula·

509 4305 742 4384 m,Dsfinibus
749 4309 875 4367 domet
885 4309 988 4376 molor.
997 4311 1043 4368 De
1055 4319 1164 4367 nawa
1174 4309 1366 4378 Deme-,Dc
1375 4309 1587 4374 Divinum,
1599 4309 1655 4365 De

510 4401 596 4466 Folo,
611 4398 656 4455 De
667 4399 812 4473 Lepidus,
828 4400 873 4456 De
883 4397 1013 4474 Officiis,
1028 4397 1073 4455 De
1085 4398 1300 4467 senecensem
1313 4399 1477 4467 Aninlic,
1489 4396 1653 4456 &mcum

510 4488 675 4562 Sdps'oas's,
690 4489 736 4545 De
755 4486 921 4561 Republica
934 4501 990 4545 etc.
1005 4485 1082 4544 vide
1096 4489 1182 4560 plura
1194 4487 1232 4545 de
1245 4486 1388 4545 Cicerone
1401 4487 1482 4559 apud
1496 4483 1657 4545 Gomlez

509 4595 612 4650 parag.
633 4577 685 4648 983
701 4575 843 4644 Bouuicr,
859 4577 904 4634 loc
923 4575 964 4634 cit
981 4577 1068 4648 chap.
1078 4577 1118 4646 V;
1130 4577 1249 4636 Cuercs
1260 4577 1316 4635 loe.
1331 4597 1405 4648 nup.
1418 4576 1471 4634 cit.
1485 4596 1589 4648 pang-
1606 4574 1654 4634 ΙΙ.

544 4669 586 4732 (a)
622 4666 661 4722 V.
678 4665 793 4724 Cueras
804 4667 858 4724 loc.
874 4686 948 4738 nup.
962 4665 1012 4723 eit.
1028 4686 1091 4738 par.
1101 4666 1157 4734 1113
1170 4666 1381 4736 Tennemn,
1397 4687 1462 4740 par.
1480 4663 1659 4734 18236011·

508 4754 606 4824 calcz,
621 4775 684 4828 par.
696 4777 748 4829 99,
766 4773 831 4824 roo,
847 4753 990 4826 Bouricr3
1004 4754 1059 4815 loc.
1074 4753 1126 4815 cit.
1137 4754 1225 4830 chap.
1239 4755 1293 4815 Vl.
