3492 5525
535 434 596 517 4⁸8
649 436 776 502 L0⁰¹⁰t
792 438 1024 514 Menon-Lm,
1045 434 1219 513 1.⁰·,Drsn.
1237 445 1281 496 a.·
1295 432 1375 498 Can.-
1392 444 1462 499 auu
1543 442 1553 452 ·

495 623 700 695 demonstrat
722 624 972 693 innumerorum
991 627 1165 707 scelerum,
1181 646 1256 711 quae
1270 626 1357 693 aliud
1379 644 1445 692 non
1459 635 1538 692 sunt
1552 624 1616 691 nisi
1730 609 1731 694 ζ

496 733 728 817 consequentia
745 733 884 818 practica
901 733 1038 801 totidem
1059 754 1219 812 errorum,
1239 734 1361 819 quibus
1374 735 1501 801 imbuta
1519 750 1617 798 mens

496 841 720 926 improborum
748 852 827 909 erat.
859 840 894 908 Si
921 860 1008 928 saepe
1036 844 1186 909 homines
1211 843 1410 927 caeteroquin
1439 850 1524 909 recte
1542 859 1618 908 sen·
1731 931 1732 940 ἵ

495 950 626 1027 tientes,
646 961 758 1016 contra
777 949 1001 1036 redarguentis
1027 951 1233 1018 conscientiae
1261 952 1412 1019 stimulos
1435 951 1615 1025 calcitrant,

495 1059 686 1142 intimisque
704 1058 969 1142 persuasionibus
993 1060 1203 1138 reluctantes,
1223 1068 1274 1125 tot
1290 1059 1480 1127 criminibus
1499 1057 1620 1124 vitian-

495 1176 561 1245 tur,
582 1166 661 1250 quid
683 1166 775 1231 tieret
798 1167 825 1233 si
852 1185 1044 1250 persuasum
1072 1168 1190 1252 cuique
1209 1169 1304 1245 toret,
1329 1167 1401 1234 sciri
1427 1186 1493 1233 non
1518 1184 1618 1251 posse

495 1275 576 1359 quid
590 1274 632 1341 sit
650 1276 788 1350 bonum,
809 1275 888 1358 qaid
904 1276 1043 1355 maium,
1059 1294 1213 1360 quaenam
1232 1275 1402 1361 utriusque
1420 1274 1616 1351 differentia,
1732 1289 1733 1298 ¹

496 1401 649 1467 quaenam
669 1390 830 1467 praecepta
847 1383 1022 1449 servanda?

562 1488 833 1557 Concludendum
853 1492 964 1575 itaque
989 1498 1039 1557 est
1055 1509 1133 1557 cum
1152 1492 1273 1577 Magno
1302 1490 1498 1576 Augustino:
1523 1490 1621 1571 Quod

495 1602 597 1666 auum
618 1598 731 1665 attinet
750 1600 793 1663 ad
809 1596 899 1663 illam
914 1599 1139 1682 differentiam,
1159 1618 1252 1685 quam
1269 1600 1308 1663 de
1324 1597 1509 1664 academicis
1526 1597 1621 1661 noeis

498 1706 601 1775 Varro
618 1705 772 1783 adhibuit,
791 1704 905 1791 quibus
922 1706 1041 1771 incerta
1054 1711 1130 1773 sunt
1140 1708 1260 1783 omnia,
1278 1706 1403 1772 ommno
1416 1704 1538 1771 Cabitm
1554 1706 1622 1771 Dei

496 1812 675 1904 (bonorum
705 1813 858 1880 nimirum
894 1811 1051 1902 societas)
1088 1817 1181 1881 talem
1209 1814 1430 1880 dubitatum
1461 1816 1622 1897 tamquam

495 1922 681 1989 dementiam
698 1923 879 1999 detestatur,
899 1922 1011 1987 babens
1023 1922 1175 1998 derebus,
1191 1941 1269 2006 quas
1281 1925 1381 1987 nuere
1393 1925 1485 2006 atque
1497 1920 1623 1986 ratione

496 2030 734 2113 comprehendit,
767 2029 892 2095 etiamsi
923 2036 1059 2112 parvam
1089 2035 1218 2113 propter
1252 2036 1364 2113 corpus
1405 2028 1626 2117 corruptibile,
1734 2019 1735 2036 ¹

496 2141 579 2224 quod
589 2140 739 2223 aggravat
749 2136 900 2236 aninam,
920 2137 1248 2222 quoniam'siculdicit
1262 2138 1443 2220 Apostolus:
1457 2142 1508 2204 Ex
1521 2150 1624 2220 parte
1734 2137 1735 2142 ’

497 2251 628 2314 semus
641 2241 705 2332 (r),
727 2246 827 2309 tamen
845 2245 1049 2311 certissimam
1061 2245 1238 2311 scientiam:
1252 2245 1409 2329 creditque
1424 2242 1566 2309 sensibus
1584 2244 1623 2309 in

496 2354 546 2419 rei
556 2354 705 2440 cujusque
717 2352 885 2430 evidentia,
904 2352 1016 2437 quibus
1030 2360 1210 2435 percorpus
1222 2352 1330 2417 anima
1342 2353 1458 2431 utinm·
1471 2351 1625 2436 qrmniam

496 2460 705 2528 miserabilius
718 2459 862 2545 fallitur,
890 2460 947 2545 qui
969 2477 1131 2544 nunqwn
1149 2462 1244 2542 putat
1260 2459 1305 2525 eis
1327 2477 1393 2543 esse
1417 2458 1622 2524 credendum.

499 2568 610 2637 Credit
619 2569 712 2634 etiam
733 2567 904 2650 scripturis
925 2568 1062 2644 Sanctis,
1082 2570 1113 2633 et
1124 2566 1278 2633 veternus
1295 2566 1440 2644 etnoar‘s,
1459 2584 1538 2651 quas
1557 2564 1625 2631 Ca·

496 2677 627 2743 monacas
643 2677 846 2759 appellamus,
864 2678 947 2741 unde
953 2676 1039 2763 fides
1057 2674 1125 2758 ipsa
1142 2679 1284 2756 concepta
1302 2677 1358 2749 est,
1378 2693 1418 2739 ex
1435 2693 1498 2758 qua
1509 2676 1624 2759 justus

496 2786 588 2863 vivit,
603 2793 663 2868 per
679 2803 773 2870 quam
790 2784 859 2849 sine
876 2784 1069 2850 dubitatione
1082 2784 1289 2859 ambulamus,
1309 2782 1461 2868 quamdiu
1478 2781 1626 2865 peregri·

497 2911 613 2958 namur
629 2883 650 2958 a
665 2893 814 2972 Domino;
827 2911 889 2976 qua
911 2894 1001 2957 salva
1018 2895 1109 2976 atque
1131 2894 1228 2966 certa,
1254 2893 1293 2955 de
1309 2889 1495 2975 quibusdam
1514 2889 1623 2966 rebus,
1736 2912 1737 2915 ¹

396 3037 399 3044 v
497 3021 575 3087 quas
591 3018 686 3086 neque
710 3018 817 3077 sensu,
842 3017 940 3085 neque
960 2999 1083 3064 ratione
1101 2999 1305 3080 percepimus,
1326 3016 1425 3082 mque
1453 2997 1542 3062 nobis
1562 3003 1627 3078 per

497 3108 692 3191 scripturam
711 3105 904 3174 Canonicam
925 3109 1119 3182 clamarent,
1148 3125 1204 3171 nec
1217 3113 1276 3188 per
1302 3109 1399 3180 testes,
1420 3105 1532 3190 quibus
1557 3123 1625 3169 non

393 3305 396 3312 .
498 3219 623 3284 credere
641 3217 812 3283 absurdum
833 3219 891 3291 est,
916 3213 951 3278 in
973 3218 1111 3279 nostram
1140 3213 1283 3278 notitiam
1304 3215 1526 3296 peruenerunt,
1553 3212 1627 3278 sim

492 3329 584 3415 justa
602 3321 835 3408 reprehensione
852 3321 1033 3388 dubitamus
1050 3317 1113 3409 (a).

721 3483 944 3551 Scenrrconuu
966 3498 1161 3550 aasumensi
1183 3496 1398 3549 orsstemrun.
1424 3519 1427 3523 -

549 3645 601 3734 56.
649 3652 757 3729 objic.
792 3653 836 3711 ιθ
863 3644 1005 3710 Maxima
1031 3643 1173 3709 cernitur
1195 3644 1281 3727 apud
1309 3643 1454 3708 diversos
1482 3643 1627 3726 populos

502 3766 535 3822 et
554 3755 704 3822 homines
727 3752 919 3837 opinionum
938 3751 1088 3816 varietas.
1109 3751 1215 3816 Immo
1239 3768 1316 3816 vero
1333 3750 1420 3833 apud
1442 3749 1531 3833 ipsos
1549 3750 1628 3816 Phi·

504 3864 659 3949 iosophos
690 3861 871 3927 innumerae
899 3860 988 3926 tuere
1016 3868 1111 3924 sectae
1138 3856 1405 3925 contradictoria.
1434 3856 1535 3941 Atqui
1560 3859 1626 3924 hoc

503 3972 647 4040 ostendit
671 3979 758 4036 certo
778 3988 794 4034 a
814 3969 909 4034 nobis
928 3986 977 4034 res
995 3967 1150 4052 cognosci
1170 3986 1237 4032 non
1257 3983 1366 4051 posse.
1387 3965 1514 4050 Ergo...

569 4087 673 4162 Resp.
700 4078 774 4144 dist.
802 4077 879 4160 Maj.
907 4075 940 4141 ln
970 4075 1126 4142 omnibus
1152 4077 1250 4142 rebus
1276 4075 1374 4139 etiam
1401 4071 1624 4150 evidentibus,

501 4207 589 4273 neg„
613 4187 645 4252 in
667 4185 830 4276 obscuris,
851 4203 939 4250 conc.
961 4183 999 4248 Et
1015 4183 1271 4249 contradistincta
1286 4183 1424 4259 Minore,
1444 4199 1531 4265 nego
1544 4198 1628 4246 con-

502 4293 718 4380 sequentiam.
745 4293 810 4359 Res
824 4292 907 4357 clara
922 4298 972 4358 est
989 4287 1053 4378 (3).

503 4487 755 4503 fi—--

537 4568 579 4631 (r)
618 4561 716 4622 rCos.
734 4583 757 4620 c.
779 4581 819 4632 13,
835 4579 863 4617 v.
879 4581 907 4632 9.

538 4659 579 4722 (a)
615 4656 659 4714 De
674 4653 803 4712 Ciuitate
818 4649 885 4719 Dei,
898 4648 949 4708 lib.
963 4669 1005 4722 19,
1021 4669 1085 4738 cap.
1098 4650 1139 4707 18.

537 4749 578 4818 (3)
615 4741 691 4801 Vide
710 4739 742 4801 S.
758 4740 876 4808 Thoen,
890 4738 941 4798 lib.
958 4759 985 4798 2.
1001 4739 1177 4814 Metapinum,
1192 4738 1258 4798 lect.
1276 4759 1304 4808 r,
1319 4755 1436 4812 paragr.
1450 4757 1475 4796 c.
