3492 5525
541 461 597 547 138
729 462 854 529 Lootcn
876 459 1124 527 Minos-Drse.
1151 475 1193 526 n·
1215 461 1293 526 Cro.
1316 477 1388 525 auu

497 571 762 586 m

384 686 402 723 ,.
495 647 648 741 dicuntur
671 667 728 733 per
752 657 939 734 respectum
963 646 1005 712 ad
1029 663 1154 721 unum,
1180 645 1305 729 inquo
1329 644 1410 712 ratio
1441 643 1620 730 significata

496 755 702 840 principalius
729 753 904 840 reperitur,
936 753 969 820 in
997 753 1129 838 reliquis
1154 763 1266 819 autem
1294 771 1372 819 cum
1402 753 1620 837 dependentia
1730 746 1731 827 ᾖ

321 2181 430 2238 Analogia

294 2252 458 2313 intqualitttit.

477 883 481 892 ·
495 872 528 928 et
542 864 654 930 ordine
669 863 709 930 ad
723 862 822 946 illud;
839 863 977 947 analoga
991 880 1070 928 vero
1084 861 1267 928 secundum
1283 861 1619 944 proportionalitatem
1730 848 1731 883 ³

495 987 562 1036 non
585 969 739 1038 dicuntur
759 971 822 1036 hoc
842 970 961 1046 modo,
979 978 1015 1034 ut
1036 968 1145 1035 videre
1164 978 1215 1035 est
1235 970 1267 1034 in
1286 969 1390 1035 allatis
1407 967 1568 1052 exemplis
1586 977 1620 1034 et
1730 984 1731 1049 j

494 1077 564 1146 aliis
587 1079 779 1156 innumeris,
794 1087 869 1162 quae
885 1087 1020 1162 possent
1036 1077 1189 1163 produci,
1204 1076 1261 1142 sed
1282 1077 1358 1160 quia
1370 1074 1617 1146 similitudinem

493 1185 637 1272 aliquam
653 1187 775 1254 habent
790 1196 939 1271 respectu
954 1184 1091 1270 alicujus
1105 1186 1257 1262 errectos,
1276 1183 1422 1251 muneris
1436 1185 1488 1251 vel
1504 1184 1617 1263 officii,

495 1291 536 1358 ad
550 1295 642 1377 quod
654 1293 864 1379 proportione
878 1293 1022 1377 quadarn
1035 1291 1131 1360 simili
1145 1292 1325 1378 comparari
1342 1302 1493 1377 possunt.

560 1401 653 1468 Unde
667 1401 700 1466 in
719 1399 867 1487 analogis
886 1401 1035 1486 analogia
1058 1399 1278 1468 attributionis
1300 1418 1367 1465 non
1391 1417 1477 1484 opus
1496 1407 1565 1476 est,
1582 1410 1619 1467 ut

492 1511 596 1576 forma
611 1508 831 1586 denominans
842 1509 885 1574 sit
899 1507 932 1574 in
947 1507 1104 1574 omnibus
1118 1508 1310 1589 intrinsece3
1327 1505 1359 1571 in
1378 1506 1525 1592 analogis
1539 1525 1619 1572 vero
1730 1498 1731 1579 ξ

492 1617 675 1684 secundum
710 1615 1047 1702 proportionalitatem
1084 1617 1189 1680 forma
1226 1615 1465 1690 denominans,
1500 1615 1618 1682 saltem
1730 1600 1732 1637 ‡

492 1725 715 1808 inadequate,
732 1723 830 1790 debet
843 1724 1019 1791 intrinsece
1032 1722 1175 1807 reperiri.
1192 1721 1245 1789 Sic
1261 1740 1384 1788 nomen
1393 1725 1486 1804 porra
1500 1723 1620 1808 ingerit
1730 1774 1731 1785 ,

491 1831 597 1899 ideam
629 1830 727 1899 medii
758 1794 1268 1917 afflingrediendum,
1296 1839 1330 1896 et
1355 1830 1439 1896 banc
1465 1831 1619 1896 eamdem
1730 1864 1732 1875 ›

491 1940 617 2016 ideam,
640 1939 713 2006 licet
733 1957 799 2004 non
819 1939 990 2023 adaequate
1009 1948 1115 2021 atque,
1126 1938 1243 2003 eodem
1265 1938 1382 2014 modo,
1404 1936 1510 2005 innuit
1528 1936 1617 2002 idem

490 2047 652 2115 terminus
673 2065 750 2126 curn
773 2046 962 2122 Beatissima
984 2046 1086 2132 Virgo
1107 2046 1307 2129 praedicatur
1318 2045 1489 2132 felixcoeli
1505 2046 1616 2111 Porta.
1730 2076 1731 2089 κ

558 2157 677 2221 Praeter
701 2155 759 2221 has
779 2154 861 2222 duas
885 2152 1069 2239 analogias,
1092 2153 1275 2219 secundum
1298 2152 1545 2219 attributionem
1568 2152 1620 2217 ni-

491 2261 610 2329 mirum
626 2269 659 2328 et
673 2262 856 2328 secundum
874 2260 1229 2346 proportionalitatem,
1253 2261 1350 2326 tertia
1366 2259 1517 2344 quaedam
1532 2262 1620 2325 solet

405 2363 409 2370 ’
489 2368 648 2455 distingui
659 2369 721 2435 sub
735 2369 868 2434 nomine
879 2367 1036 2452 analogiae
1051 2366 1295 2452 inaequalitatis,
1310 2386 1410 2450 quam
1425 2366 1461 2432 S.
1472 2367 1620 2433 Thomas

374 2523 377 2532 ,
492 2477 622 2542 vocavit
633 2477 817 2562 analogiam
831 2477 1001 2542 secundum
1008 2493 1074 2540 esre
1085 2525 1093 2551 ,
1106 2478 1139 2538 ct
1148 2493 1211 2540 non
1222 2477 1393 2540 secundum
1401 2475 1616 2540 intentionem,

491 2584 574 2652 Sunt
597 2594 708 2651 autem
734 2585 871 2668 analoga
894 2583 1077 2650 secundum
1103 2584 1359 2664 inequalitatem
1379 2602 1435 2658 ea,
1452 2582 1619 2664 quaelicet

490 2693 688 2758 conveniant
702 2691 734 2758 in
751 2709 815 2758 una
830 2691 953 2756 ratione
969 2689 1178 2775 intelligibili,
1191 2701 1303 2757 tamen
1320 2691 1443 2757 variant
1459 2709 1496 2755 ac
1511 2690 1619 2754 diver-

491 2800 659 2868 silicantur
669 2800 851 2866 secundum
867 2818 941 2865 esse
956 2797 1144 2885 physicum.
1161 2799 1206 2864 lta
1222 2797 1302 2864 ratio
1322 2798 1448 2880 quaevis
1463 2796 1616 2883 generice

491 2918 640 2994 respectu
674 2908 891 2975 diversarum·
908 2905 1092 2990 specierum
1121 2926 1155 2971 v.
1187 2926 1222 2991 g.
1253 2905 1436 2972 animalitas
1465 2913 1617 2989 respectu

437 3063 443 3077 .
491 3015 634 3083 hominis
648 3025 681 3081 et
696 3015 781 3081 bruti
796 3013 857 3081 dici
874 3022 983 3098 potest
995 3014 1133 3098 analoga
1153 3012 1215 3077 hoc
1231 3013 1349 3088 modo,
1370 3012 1447 3095 quia
1465 3013 1620 3095 quamvis
1730 2995 1732 3074 l

316 3899 433 3947 taionem
450 3896 452 3901 ’

287 3965 331 4015 duo
340 3969 397 4015 ciret
407 3984 464 4018 tna-

354 4042 404 4098 loga

491 3124 623 3189 easdem
644 3132 738 3189 notas
757 3120 976 3207 intelligibiles
994 3121 1112 3186 babeat
1128 3128 1310 3203 conceptus
1328 3119 1565 3211 animalissive
1583 3119 1618 3186 in

492 3228 625 3297 homine
639 3230 708 3296 sive
722 3232 754 3296 in
773 3230 885 3306 bruto,
900 3242 1012 3297 tamen
1028 3228 1060 3293 in
1075 3227 1146 3311 ipsa
1159 3226 1232 3293 reali
1247 3227 1421 3293 existentia
1434 3225 1619 3293 animalitas

492 3337 651 3418 hominis,
674 3347 790 3423 utpote
816 3337 946 3423 penitus
968 3336 1078 3421 quoad
1102 3353 1170 3401 rem
1195 3335 1302 3419 ipsam
1322 3334 1520 3401 identificata
1537 3353 1618 3401 curn

492 3446 721 3523 rationalitate,
734 3446 862 3511 diversa
877 3455 926 3510 est
940 3444 981 3509 ab
1000 3444 1052 3510 illa
1071 3442 1177 3521 bruti,
1193 3461 1269 3525 quae
1284 3460 1478 3509 econverso
1493 3441 1618 3508 irratio·

492 3554 574 3620 nalis
597 3563 659 3619 est.
686 3553 828 3631 Verum,
855 3562 892 3619 ut
913 3551 1026 3629 vides,
1056 3552 1125 3617 haec
1153 3550 1302 3635 analogia
1324 3568 1390 3616 non
1415 3560 1465 3616 est
1489 3551 1620 3635 propria

491 3661 657 3746 analogia,
686 3678 762 3727 cum
794 3660 972 3746 reperiatur
998 3660 1030 3724 in
1060 3657 1249 3725 notionibus
1278 3655 1514 3742 perfectissime
1543 3658 1617 3724 uni-

491 3766 610 3857 vocis(
636 3766 662 3856 ).

558 3877 630 3943 Duo
650 3886 728 3943 sunt
751 3874 932 3951 axiomata,
957 3892 1033 3958 qoae
1057 3873 1177 3958 passim
1207 3872 1320 3938 audies
1342 3873 1375 3937 in
1400 3872 1460 3937 bac
1483 3873 1620 3938 materia

490 3982 531 4049 de
556 3982 715 4070 analogia.
741 3982 887 4067 Primum
911 3990 980 4058 est,
1005 3980 1097 4064 quod
1116 3998 1239 4046 nomen
1264 3981 1442 4065 analogum
1466 3980 1619 4047 absolute

492 4092 655 4176 prolatum
671 4099 737 4157 stat
751 4108 810 4174 pro
824 4088 989 4155 famosiori
1004 4088 1180 4173 analogato
1192 4084 1256 4175 (2).
1275 4086 1425 4153 Alterum
1440 4098 1509 4163 est,
1527 4090 1620 4171 quod

414 4268 420 4281 ,
491 4198 666 4283 principale
677 4198 888 4283 analogatum
903 4196 982 4282 poni
996 4196 1093 4261 debet
1108 4196 1140 4260 in
1153 4194 1344 4261 definitione
1358 4194 1515 4277 aliorum;
1532 4207 1568 4262 ut
1591 4195 1621 4263 si

492 4306 633 4372 volueris
646 4305 808 4371 declarare
822 4305 902 4387 quid
916 4304 958 4370 sit
975 4302 1171 4369 medicinam
1194 4320 1268 4369 esse
1289 4322 1422 4381 sanam,
1439 4302 1530 4369 dices
1543 4323 1619 4370 eam

527 4578 567 4639 (ι)
605 4570 666 4630 cir.
684 4572 804 4631 Cardin.
818 4570 950 4642 Caietam
968 4569 1079 4642 Opusc.
1094 4569 1143 4629 cit.
1160 4569 1197 4627 de
1213 4570 1348 4647 Analog.
1365 4570 1485 4640 nominr,
1500 4590 1565 4643 cap.
1593 4593 1620 4643 ις

492 4664 632 4731 Fonseoa,
646 4662 696 4721 lib.
712 4681 730 4736 4
746 4662 890 4735 Metapb„
904 4681 967 4731 cap.
984 4679 1011 4729 a,
1027 4672 1131 4732 quaest.
1150 4679 1179 4730 1,
1194 4674 1264 4718 sect.
1279 4660 1312 4730 6,
1328 4673 1383 4727 ete.

527 4752 569 4825 (a)
605 4750 677 4809 Vid.
693 4750 726 4811 S.
743 4750 850 4809 Thom.
869 4757 906 4807 1.·
919 4748 991 4808 dist.
1005 4762 1057 4823 9.¹,
1072 4762 1176 4821 quaest.
1191 4768 1220 4818 r,
1235 4770 1263 4808 a.
1281 4748 1342 4808 tad
1357 4759 1418 4808 a.-
