3492 5525
555 420 631 483 1106
671 420 794 487 Loorcn
809 422 1038 498 Maron-Lm.
1056 436 1127 502 am,
1144 424 1236 488 Drsn.
1254 423 1300 485 h·
1313 422 1392 486 Gna.
1414 436 1485 485 μω

511 606 597 671 idem
613 606 795 673 intellectus
810 608 919 693 perlici
934 610 1034 675 debet·
1044 611 1161 675 saltem
1176 608 1395 692 inadaequatc,
1416 606 1496 689 quia
1515 604 1620 688 Logica

510 712 671 779 efformari
691 714 820 799 nequit,
849 718 929 799 quin
959 718 1141 801 precedant
1168 725 1261 782 actus
1287 713 1490 799 speculativi.
1520 711 1624 795 Logica

510 820 688 905 siquidem,
709 822 792 889 sicut
811 822 880 889 aliae
905 834 1005 901 artes,
1026 844 1068 891 ex
1086 824 1205 891 reflexa
1222 821 1483 889 consideratione
1501 828 1623 884 actuum

510 929 761 1012 praecedentium
781 930 898 1007 oritur,
913 942 947 999 et
965 941 1141 1016 antequam
1161 930 1345 1016 praescribat
1363 928 1536 1013 quomodo
1551 934 1624 992 recte

511 1036 682 1102 fabricandi
701 1038 765 1103 sint
783 1038 963 1130 syllogismi
983 1050 1017 1104 et
1036 1048 1151 1104 caetera
1169 1040 1388 1105 instrumenta
1406 1035 1513 1120 logica
1531 1035 1623 1100 scien
1710 1019 1712 1046 ²

510 1141 645 1219 tiarum,
663 1147 731 1229 jam
756 1146 864 1229 plures
893 1147 1079 1231 hujusmodi
1108 1158 1199 1212 actus
1227 1146 1410 1212 debuerunt
1438 1144 1621 1227 praecedere,

510 1250 549 1315 ab
569 1250 733 1317 intellectu
751 1255 954 1337 speculativo
969 1255 1092 1330 eiiecti,
1110 1263 1145 1320 et
1158 1255 1198 1321 ab
1213 1255 1330 1320 eodem
1344 1269 1456 1319 coram
1476 1247 1620 1334 propositi

508 1366 586 1423 sunt
604 1378 660 1444 per
679 1359 831 1427 reflexam
859 1362 1174 1439 considerationem,
1207 1370 1243 1427 ut
1271 1362 1358 1447 ipse,
1385 1357 1522 1442 quinam
1546 1366 1623 1422 recte
1710 1405 1712 1436 ἰ

510 1466 599 1541 lacti,
619 1467 753 1549 quinam
774 1486 851 1533 vero
867 1488 1051 1555 perperam,
1074 1470 1245 1549 iudicaret,
1261 1477 1294 1534 et
1312 1468 1432 1533 exinde
1446 1466 1573 1550 regulas
1591 1482 1621 1527 ac

469 1604 473 1611 ·
510 1584 674 1659 praecepta
693 1587 777 1641 recte
796 1576 975 1643 disserendi
994 1577 1202 1663 excogitaret.
1710 1559 1712 1640 J

553 1686 660 1765 Objic.
682 1690 732 1765 4.⁰
777 1682 897 1749 Omnis
917 1685 1050 1750 facultas
1070 1684 1224 1769 practica,
1257 1685 1307 1748 vel
1334 1691 1384 1748 est
1403 1682 1548 1768 factiva,
1578 1682 1620 1744 vel
1710 1735 1712 1758 ,

475 1870 477 1874 Ι
506 1790 627 1863 activa,
648 1797 684 1855 ut
703 1790 842 1856 sumitur
860 1810 901 1855 cx
921 1792 1093 1856 Aristotele
1111 1790 1178 1877 (r).
1198 1790 1264 1856 Sed
1282 1790 1397 1874 logica
1430 1807 1495 1855 non
1516 1798 1565 1853 est
1584 1788 1623 1850 ia·
1710 1789 1712 1820 ⁵

511 1894 613 1971 ctiva,
634 1916 710 1962 cum
731 1916 796 1963 non
817 1908 964 1964 versetur
981 1899 1064 1964 circa
1073 1898 1224 1971 ,actiones
1242 1910 1408 1973 externas,
1432 1914 1493 1961 nec
1512 1895 1621 1967 activa,

507 2002 582 2087 quia
602 2000 733 2069 scientia
752 2004 872 2080 activa,
895 2015 932 2070 ut
946 2005 1067 2071 ibidem
1089 2007 1186 2071 docet
1201 2005 1404 2078 Aristoteles,
1420 2012 1471 2069 est
1484 2003 1620 2074 circaea,

506 2130 638 2195 quorum
662 2112 853 2194 principium
871 2118 916 2178 esi
934 2114 1056 2189 electio,
1086 2118 1117 2178 cl
1132 2114 1213 2178 idem
1234 2117 1284 2177 ast
1297 2111 1413 2196 agibile
1430 2116 1461 2176 et
1475 2110 1621 2194 clegibilc.

507 2219 607 2302 Atqui
620 2220 734 2284 electio
748 2228 799 2285 est
813 2229 906 2287 actus
922 2221 1117 2297 voluntatis,
1134 2220 1189 2304 qui
1203 2219 1372 2304 respicitur
1384 2238 1450 2284 non
1466 2238 1483 2282 a
1499 2218 1621 2302 Logica,
1710 2235 1712 2250 ²

505 2327 600 2392 seda
621 2325 763 2393 scientiis
794 2328 988 2404 moralibus,
1014 2347 1088 2412 quae
1108 2327 1224 2394 idcirco
1252 2326 1365 2393 activae
1392 2327 1563 2399 dicuntur,
1592 2333 1625 2388 ut

506 2442 597 2499 notat
617 2432 656 2498 D.
677 2434 822 2499 Thomas
839 2432 905 2521 (2).
924 2434 1006 2520 Ergo
1026 2435 1139 2521 logica
1161 2453 1226 2500 non
1246 2444 1296 2501 est
1315 2435 1455 2518 practica
1472 2431 1538 2520 (3).
1710 2511 1712 2522 Ι

572 2548 677 2624 Resp.
707 2560 776 2624 aeg.
804 2543 912 2607 Minor
937 2543 1046 2625 quoad
1065 2554 1141 2611 ψ
1167 2542 1373 2617 membrum,
1405 2542 1485 2624 quin
1519 2542 1625 2607 obstet
1710 2591 1712 2620 ,

505 2648 663 2732 probatio.
684 2649 767 2714 Nam
789 2648 904 2733 Logica
925 2658 975 2715 est
994 2650 1111 2726 activa,
1134 2658 1344 2733 versaturque
1369 2650 1450 2715 circa
1470 2668 1526 2722 ea,
1546 2667 1626 2730 quo

506 2774 579 2820 rum
609 2756 823 2841 principium,
856 2777 920 2823 non
952 2757 1084 2841 quidem
1112 2758 1306 2834 elicitivum‚
1338 2766 1394 2822 aut
1422 2756 1624 2822 meritorium

504 2864 656 2939 formale,
679 2863 761 2929 utin
777 2865 929 2950 operibus
944 2867 1119 2940 virtutum,
1136 2866 1193 2931 sed
1208 2865 1437 2950 imperativum
1454 2873 1512 2929 aut
1526 2865 1627 2947 appli-

502 2972 665 3046 cativum,
704 2980 754 3036 est
788 2972 915 3070 elec-tio.
954 2971 1245 3047 Quemadmodum
1276 2973 1363 3036 enirn
1401 2971 1511 3036 scribit
1543 2969 1626 3034 Vaz-

501 3096 584 3161 quez
602 3076 665 3166 (4),
688 3079 774 3145 nuila
789 3080 934 3163 operatio
954 3080 1104 3154 rationis,
1121 3080 1224 3161 qualis
1240 3092 1289 3145 est
1307 3079 1506 3145 constructio
1526 3081 1626 3164 sylla

491 3185 616 3269 gismi,
638 3186 784 3270 dirigitur
812 3195 867 3251 aut
895 3186 932 3252 fit
962 3187 1003 3251 ab
1029 3186 1088 3251 alia
1115 3184 1301 3269 operatione
1328 3185 1532 3260 intellectuS,
1564 3185 1623 3249 nisi

502 3291 608 3358 media
628 3292 797 3374 electione;
821 3313 896 3358 narn
917 3313 957 3359 ex
974 3294 1132 3360 electione
1147 3294 1285 3377 applicat
1303 3293 1405 3358 homo
1420 3292 1622 3357 intellectum

500 3399 540 3464 ad
560 3400 740 3465 iaciendum
762 3403 847 3466 hunc
869 3401 1030 3466 velillum
1057 3401 1285 3486 syllogismum
1304 3397 1368 3486 (5).

568 3507 657 3571 Hanc
684 3507 859 3590 Vazquezii
890 3506 1047 3572 rationem
1075 3507 1326 3591 Complutenses
1355 3505 1545 3590 indignam,
1570 3505 1623 3571 cui
1710 3574 1712 3591 Ι

499 3601 717 3698 Philosophus
742 3615 952 3698 respondeat,
973 3624 1141 3699 reputant,
1169 3614 1359 3696 adduntque
1384 3631 1476 3686 earn,
1498 3613 1525 3679 si
1543 3613 1622 3696 quid

500 3721 630 3805 probat,
652 3721 787 3805 probare
810 3722 907 3787 etiam
933 3723 1057 3788 nuliam
1079 3740 1150 3787 esse
1178 3720 1347 3786 scientiam
1367 3721 1620 3804 speculativam,

498 3827 660 3912 siquidem
680 3847 797 3894 omnes
815 3838 906 3894 actus
924 3833 1162 3916 cujuscumque
1181 3827 1322 3893 scientiae
1349 3826 1435 3892 hunt
1463 3847 1483 3891 a
1508 3836 1622 3893 nostro

499 3935 662 4001 intellectu
684 3936 799 4013 libere,
820 3947 852 4001 et
876 3938 982 4002 media
1002 3936 1146 4003 motione
1173 3953 1232 4002 seu
1261 3934 1397 4018 imperio
1425 3933 1618 4000 voluntatis:

498 4062 597 4127 quare
616 4044 741 4109 dictum
762 4044 965 4123 Aristotelis,
978 4045 1066 4127 quod
1088 4043 1220 4109 scicntia
1236 4042 1340 4107 activa
1366 4046 1518 4108 versatur
1532 4043 1620 4106 circa

532 4257 573 4328 (r)
609 4257 712 4314 6.·iib.
730 4257 873 4330 Melam,
888 4277 950 4329 cap.
968 4278 992 4314 r.

532 4353 572 4410 (a)
613 4345 644 4404 S.
660 4345 728 4412 Th,
744 4347 786 4402 6.⁰
801 4347 943 4418 Meropia„
962 4346 1027 4403 lect.
1044 4366 1067 4402 r.

531 4437 572 4507 (3)
608 4435 694 4506 Apud
714 4435 847 4504 Lossad.,
867 4435 921 4492 loe.
943 4435 1003 4505 cit,
1019 4454 1081 4506 cap.
1109 4452 1155 4501 ao,
1182 4451 1213 4494 n¹
1238 4453 1279 4502 rr,
1298 4445 1328 4490 et
1347 4447 1392 4490 est
1411 4443 1620 4508 argumentum

495 4524 574 4596 quod
590 4522 699 4582 iaciunt
715 4523 925 4597 Complutens,
939 4524 993 4581 loc.
1006 4523 1064 4590 cit,
1079 4542 1107 4581 n.
1123 4523 1173 4595 67,
1189 4519 1394 4595 confirmatur.

531 4613 572 4686 (4)
609 4613 756 4685 Vazquez,
774 4614 805 4671 in
818 4621 870 4670 r.·'¹
883 4625 971 4683 part,
984 4612 1059 4684 disp.
1073 4612 1105 4681 8,
1122 4631 1151 4668 n.
1165 4631 1208 4684 19.

531 4709 573 4784 (ς)
609 4701 969 4779 Losead.,locnup.eit.
