3492 5525
143 512 514 527 'ht—uuun-

258 406 377 468 Aarrc.
393 404 585 489 prauumue
599 422 734 479 oeJecr.
751 404 888 469 Lootcm
902 422 954 470 sir
968 422 1115 469 euenor.
1141 418 1215 488 ¹¹35

517 510 1260 534 -..---.,.-.--.

204 586 242 676 β)
264 588 309 654 Ex
334 589 391 656 lib.
419 591 602 657 1.⁰·l³ostcr.
632 589 706 656 lect.
728 605 787 667 20,
809 588 864 655 ubi
882 588 953 655 haec
971 588 1147 656 habentur:
1177 586 1262 671 Quia

136 696 223 762 circa
241 696 347 763 omnio
365 716 436 782 quo
452 700 543 775 sunt,
565 698 655 763 babet
668 696 823 781 negotiari
848 696 946 773 rotro,
966 694 1081 780 logico
1097 698 1201 762 auom
1217 692 1266 761 esi

135 802 175 868 dc
192 804 335 886 operibus
361 804 512 883 rationis,
532 804 645 889 logico
661 804 756 872 etiam
768 804 831 871 erit
850 806 889 870 de
913 803 972 880 bb,
997 821 1066 887 quo
1086 800 1264 869 communic

136 914 214 976 sunt
229 912 388 989 onmibus,
407 912 444 977 ia
455 915 516 989 est,
535 914 575 979 de
591 912 815 979 intentionibus
831 910 982 988 rationis,
1001 928 1073 997 quo
1093 910 1138 975 aa
1157 926 1280 976 omnes·

137 1036 187 1084 res
208 1024 245 1085 se
269 1020 393 1087 babent.
424 1020 519 1087 Tales
546 1028 656 1087 autem
689 1010 887 1087 intentiones
910 1027 989 1087 sunt
1017 1018 1097 1086 ratio
1122 1016 1261 1103 generis,

136 1110 266 1209 speciei,
285 1128 419 1217 subjecti
435 1137 497 1196 etc.
570 1174 575 1195 .
1270 1149 1274 1155 ·

124 1232 131 1251 ”
204 1233 241 1327 γ)
255 1236 301 1303 Ex
320 1236 401 1302 libro
417 1244 468 1318 4.⁰
481 1236 740 1321 Methapbysicoc.
757 1238 833 1304 lect.
850 1254 884 1319 4,
900 1236 974 1304 ubi:
994 1237 1058 1304 Ens
1070 1239 1118 1301 est
1132 1236 1263 1319 duplex,

137 1343 261 1428 inquit,
281 1345 400 1411 scilicet
410 1364 465 1411 eccs
481 1344 619 1412 rotronis
631 1350 664 1411 et
678 1365 733 1411 ens
750 1349 884 1413 nabore.
900 1346 969 1414 Ens
987 1359 1103 1412 autem
1121 1349 1266 1413 mtionis
1386 1415 1391 1429 ,

135 1458 274 1536 proprie
291 1457 416 1521 dicitur
434 1458 477 1521 de
495 1458 563 1521 illis
587 1460 851 1531 intentionibus,
871 1477 959 1538 quas
984 1458 1071 1522 ratio
1088 1457 1267 1538 adinvenit

138 1566 175 1627 in
202 1565 307 1628 rebus
331 1566 574 1650 consideratis,
605 1567 695 1629 sicut
725 1566 871 1630 intentio
904 1567 1058 1645 generis,
1085 1565 1211 1643 speciei
1237 1562 1270 1624 ei

138 1668 306 1750 similium;
325 1687 395 1754 quo
421 1670 546 1755 quidem
562 1689 627 1737 non
651 1670 858 1737 inveniuntur
874 1669 909 1736 in
926 1687 1032 1737 rerum
1058 1671 1192 1743 nabere,
1210 1666 1269 1733 scd

137 1776 417 1843 considerationem
431 1777 566 1843 rotronis
579 1782 822 1863 consequuntur.
838 1778 878 1845 Et
890 1777 1068 1865 hujusmodi
1083 1776 1202 1843 scilicet
1212 1792 1267 1840 cns

143 1883 277 1959 rationis
293 1880 343 1950 est
352 1886 480 1969 proprie
496 1887 669 1971 subactum
686 1886 805 1970 logice
822 1882 835 1973 (
861 1884 886 1973 ).

208 1991 280 2059 Alia
297 1993 395 2059 etiam
419 1993 606 2060 testimonia
632 1995 857 2079 producuntur
876 2012 916 2059 ex
943 1992 978 2064 S.
1008 1994 1136 2059 Thoma
1153 1991 1188 2058 in
1208 2010 1266 2077 pa·

143 2100 319 2167 trocinium
339 2102 436 2186 hujus
455 2100 649 2190 opinionis(
675 2100 700 2190 ).

210 2215 311 2277 Prob.
334 2208 387 2277 c.⁰
404 2211 517 2276 eadem
533 2210 778 2277 Thomistarum
795 2210 956 2277 sententia
967 2210 1104 2277 ratione.
1119 2206 1266 2275 «Omnis
1293 2216 1398 2269 &mnu
1411 2226 1466 2273 nrt.

128 2318 285 2394 realbas,
306 2336 380 2402 quae
400 2318 537 2385 inveniri
556 2328 666 2403 potest
681 2318 714 2385 in
733 2320 860 2404 objecto
881 2318 1027 2404 Logices,
1044 2318 1094 2385 vel
1110 2325 1161 2383 est
1176 2326 1267 2383 actus

141 2426 346 2502 intellectus,
376 2446 394 2490 a
424 2443 491 2512 quo
519 2426 773 2493 denominantur
801 2444 851 2493 res
878 2427 1035 2511 cognitae,
1062 2426 1114 2491 vel
1145 2434 1196 2491 est
1215 2441 1267 2490 res

142 2533 305 2600 intellecta
329 2541 362 2599 et
381 2543 628 2618 repraesentata,
650 2534 701 2601 vel
721 2534 842 2618 aliquid
866 2535 949 2600 reale
968 2531 1214 2619 superadditum
1234 2540 1268 2598 et

143 2658 329 2707 accrescens
356 2642 569 2727 conceptibus
597 2661 637 2707 ex
665 2640 868 2708 ordinatione
897 2642 1034 2727 Logicae.
1065 2640 1139 2706 Duo
1163 2640 1268 2725 prima

144 2749 327 2815 secundum
356 2769 450 2817 suam
480 2750 656 2818 realitatem
686 2752 794 2818 solum
826 2749 990 2835 pertinent
1022 2749 1062 2816 ad
1099 2748 1266 2836 objectum

146 2855 311 2923 materiale
330 2855 474 2944 Logicae,
489 2857 620 2942 quiade
639 2857 736 2925 rebus
750 2858 907 2944 cognitis,
929 2867 965 2924 ut
980 2877 1031 2924 res
1049 2867 1143 2933 sunt,
1164 2866 1268 2943 agunt

144 2965 286 3032 scientiae
307 2968 424 3044 reales,
446 2975 479 3032 et
496 2967 537 3032 de
556 2967 784 3051 conceptibus,
805 2967 902 3033 etiam
922 2976 960 3032 ut
978 2976 1056 3033 sunt
1076 2967 1177 3031 reales
1195 2983 1269 3050 per·

144 3073 301 3140 sectiones
326 3075 525 3151 intellectus,
555 3073 621 3160 agit
648 3075 866 3160 Philosophia.
897 3074 1012 3141 Solum
1032 3093 1111 3161 ergo
1131 3076 1171 3140 de
1190 3074 1266 3150 illis,

146 3189 309 3265 quatenus
331 3181 486 3248 ordinatis
509 3183 684 3249 artificioso
710 3184 827 3260 modo,
849 3182 1026 3249 formaliter
1051 3183 1118 3268 agit
1137 3181 1266 3267 Logica.

145 3289 183 3353 Et
202 3289 292 3373 'quod
311 3292 461 3356 accrescit
480 3310 521 3356 ex
545 3290 746 3358 ordinatione
773 3290 917 3376 Logicae,
937 3292 990 3356 vel
1009 3299 1060 3357 est
1077 3291 1148 3358 sola
1165 3291 1269 3356 deno·

147 3397 282 3462 minatio
302 3397 499 3476 extrinseca,
516 3416 580 3482 qua
601 3417 651 3464 res
670 3399 849 3466 redduntur
867 3399 1025 3485 cognitae;
1041 3406 1076 3464 et
1093 3400 1157 3464 hoc
1176 3406 1270 3464 natu·

146 3503 252 3570 raliter
275 3507 317 3571 ad
344 3505 566 3591 cognitionem
595 3507 822 3590 consequitur,
856 3524 922 3572 non
947 3517 996 3573 est
1016 3514 1127 3572 autem
1147 3504 1269 3589 aliquid

146 3613 374 3690 artificiosum,
396 3613 486 3698 quod
505 3632 562 3698 per
576 3632 611 3680 se
631 3614 758 3698 respicit
778 3612 911 3699 topica,
932 3613 1011 3698 quia
1029 3625 1079 3680 est
1097 3631 1150 3680 ars
1166 3613 1270 3679 scien·

146 3721 254 3794 tifrca,
266 3720 369 3786 Debet
388 3740 467 3806 ergo
486 3739 558 3787 esse
577 3721 708 3805 aliquod
724 3721 894 3788 artificium
914 3721 1115 3788 conveniens
1133 3720 1270 3807 objectis

150 3846 215 3894 non
235 3829 268 3893 in
289 3847 339 3914 re,
361 3829 419 3894 sed
435 3837 472 3894 ut
490 3827 646 3913 cognitis;
673 3839 706 3896 et
728 3827 754 3895 si
774 3830 927 3897 convenit
946 3830 1044 3897 rebus
1063 3841 1099 3896 ut
1117 3830 1269 3914 cognitis,

147 3944 276 4003 constat
294 3955 365 4002 esse
383 3923 506 4021 aliquid
526 3935 674 4014 rationis,
689 3937 766 4021 quia
780 3936 935 4005 convenit
948 3936 1029 4014 illis,
1051 3956 1117 4004 non
1137 3946 1175 4004 ut
1192 3945 1272 4004 sunt

184 4351 225 4415 (r)
262 4347 348 4406 Hunc
362 4347 457 4406 locum
471 4346 508 4406 de
521 4361 587 4408 ente
598 4345 720 4406 rationis
734 4366 794 4406 non
808 4367 881 4420 pure
894 4345 1049 4420 objectiva,
1065 4347 1116 4407 aed
1129 4347 1272 4421 desubie·

148 4434 226 4496 ctivo
239 4457 272 4495 ac
283 4436 500 4495 denominativo
515 4435 765 4508 interpretandum
778 4457 841 4496 esse
854 4437 1005 4496 contendit
1015 4437 1048 4496 Ρ.
1062 4437 1190 4497 Loecadc
1205 4438 1272 4508 (loc.

148 4527 198 4585 cit.
214 4547 277 4600 cop.
294 4543 319 4601 5,
335 4547 365 4586 n.
384 4530 478 4598 πως)
492 4547 559 4585 cum
570 4527 636 4585 aliis
648 4527 817 4586 auctoribus
831 4525 996 4587 Societatis.

184 4621 224 4685 (a)
261 4615 336 4676 Vide
349 4637 377 4676 v.
394 4637 425 4692 g.
441 4616 551 4690 Opuse.
566 4617 604 4676 de
616 4617 735 4677 Natura
751 4617 889 4688 Generis,
911 4638 977 4691 cap.
990 4637 1024 4691 43
1040 4617 1150 4692 Opuso.
1165 4627 1226 4680 2.⁸¹¹
1239 4619 1275 4678 cie

153 4705 360 4777 Universalc'b.,·
376 4705 486 4782 Opuse.
502 4709 536 4766 de
553 4707 663 4777 Trinit,
678 4715 746 4783 sup.
762 4709 855 4779 Beer..
878 4722 983 4781 quteet.
1002 4710 1036 4780 6,
1053 4723 1109 4770 art.
1128 4729 1140 4768 r
1156 4709 1192 4770 ed
1214 4719 1275 4782 3³¹·
