3492 5525
263 454 378 521 Anno.
397 470 456 521 aa·
471 456 651 524 connexus
666 437 859 551 evruunrrta
870 474 939 521 cunr
954 472 1123 521 enarrare
1145 468 1218 539 *5117
1237 433 1240 440 ’

464 694 662 763 Solvumun
676 710 925 762 nrrrrcutrmns.

177 852 232 939 76.
279 854 412 925 ΕοΝτκΛ
431 872 555 924 aarum
573 872 834 923 rnorosrrronuu.

197 938 346 1047 objicies
374 976 422 1032 1.⁰
445 964 529 1033 Sunt
555 964 764 1033 enuntiabilia
791 965 943 1049 quaedam
974 965 1153 1041 evidentia,
1180 984 1255 1049 quae

130 1089 208 1137 vera
225 1081 320 1149 sunt,
342 1073 513 1158 supposita
531 1072 717 1139 conditione
736 1072 856 1155 aliqua,
878 1084 911 1139 et
929 1072 1008 1137 falsa
1025 1090 1133 1139 secus.
1153 1073 1254 1156 Atqui

130 1179 198 1247 ireri
224 1188 349 1264 potest,
375 1190 412 1247 ut
436 1182 509 1264 quis
534 1182 622 1246 illam
648 1165 868 1247 conditionem
893 1180 1007 1246 abesse
1029 1180 1256 1247 invincibiliter

129 1286 269 1370 ignoret.
291 1286 375 1379 Ergo
394 1279 426 1354 in
446 1308 486 1355 eo
500 1306 578 1355 casu
594 1287 764 1355 habebitur
789 1284 987 1355 enuntiabile
1005 1288 1145 1365 falsum,
1165 1269 1273 1371 quod*

129 1394 172 1460 sit
190 1394 336 1463 evidens

197 1501 250 1567 Sic
274 1522 348 1569 cum
373 1503 492 1570 Tobias
522 1503 717 1587 loquebatur
744 1522 819 1569 cum
844 1501 1026 1587 Raphdele,
1050 1504 1186 1570 evidens
1210 1503 1254 1568 illi

129 1619 197 1677 erat
216 1628 250 1675 se
270 1611 378 1676 videre
392 1622 425 1679 et
444 1612 562 1695 alloqui
573 1614 731 1697 juvenem
748 1612 946 1697 quemdam,
962 1621 995 1676 et
1009 1621 1121 1677 tamen
1135 1610 1254 1679 falsum

129 1728 198 1783 erat
212 1719 335 1784 ratione
348 1718 505 1787 miraculi.
523 1720 631 1802 Atque
646 1719 733 1785 idern
748 1719 799 1785 dic
813 1719 854 1784 de
869 1719 1027 1805 mysterio
1041 1719 1254 1786 sacrosancto

128 1824 350 1891 Eucharistiae.

196 1940 300 2017 Reap.
317 1934 394 1999 dist.
411 1935 525 2019 MaJ'or.
542 1934 581 1999 Et
596 1934 756 2019 ejusmodi
770 1934 979 2001 enuntiabilia
989 1944 1067 2002 sunt
1077 1932 1252 2010 evidentia,

126 2040 297 2124 supposita
316 2040 369 2105 illa
387 2042 591 2119 conditione,
611 2060 715 2123 corrc.,·
734 2042 786 2107 illa
806 2060 871 2108 non
897 2040 1085 2134 supposita,
1104 2060 1195 2128 nego.

195 2148 233 2213 Et
251 2166 393 2214 concessa
411 2148 543 2226 Minori,
565 2148 726 2232 distinguo
744 2149 861 2215 eodem
882 2149 982 2216 modo
999 2168 1137 2232 conseq.

197 2255 317 2321 Eadem
345 2265 416 2345 esto
445 2256 613 2341 responsio
632 2256 672 2321 ad
695 2256 849 2322 miracula
875 2258 1017 2324 adducta
1036 2275 1095 2341 pro
1114 2256 1159 2321 rei
1176 2275 1256 2323 con-

127 2364 327 2431 firmatione.
349 2364 487 2429 Evidens
508 2363 595 2428 enim
617 2374 666 2430 est
686 2364 819 2451 physice
849 2365 1057 2449 experientiae
1084 2366 1253 2431 oculorum

128 2472 315 2537 nostrorum
346 2471 544 2555 respondere
571 2490 646 2537 vera
675 2481 707 2536 et
728 2472 821 2537 realia
841 2490 990 2556 corpora,
1010 2491 1086 2555 quae
1105 2472 1255 2538 videmur

128 2578 255 2659 videre,
276 2578 422 2661 itemque
452 2578 629 2669 accidentia
652 2576 757 2669 inesse
783 2587 856 2644 actu
884 2580 916 2644 in
947 2580 1083 2664 propriis
1107 2580 1253 2665 ipsorum

127 2686 294 2770 subjectis.
316 2685 440 2751 Verum
467 2686 498 2751 in
524 2684 651 2752 casibus
678 2684 924 2770 particularibus
952 2687 1131 2763 evidentia,
1153 2706 1252 2772 quarn

128 2793 224 2859 nobis
242 2794 440 2878 experientia
460 2794 664 2877 suppeditat,
684 2794 876 2875 hypothetica
901 2805 969 2872 est,
990 2796 1143 2862 subaudit
1166 2796 1253 2861 enirn

127 2903 213 2966 hanc
238 2901 477 2976 conditionem,
499 2901 588 2984 quod
618 2901 772 2967 nimirum
803 2903 930 2967 nullum
959 2901 1016 2967 fiat
1043 2903 1251 2980 miraculum,
1372 2891 1382 2914 ‘

127 3020 162 3076 et
193 3017 301 3075 stante
329 3009 517 3092 hujusmodi
546 3007 750 3084 conditione,
785 3009 923 3075 delicere
952 3010 1076 3092 nequit.
1111 3008 1143 3074 Si
1175 3029 1253 3077 vero

127 3116 321 3181 miraculum
342 3117 424 3182 adsit
443 3126 476 3183 et
495 3117 608 3192 lateat,
629 3117 805 3183 dicendum
827 3125 893 3193 est,
915 3127 971 3182 aut
997 3119 1118 3182 nullam
1140 3118 1252 3184 adesse

128 3242 241 3290 revera
259 3223 474 3300 evidentiam,
491 3225 549 3290 sed
568 3231 697 3290 tantum
718 3235 948 3309 apparentem,
969 3243 1043 3308 quae
1066 3235 1177 3291 tamen
1198 3244 1253 3310 per

127 3329 278 3396 accidens
295 3331 389 3408 fallit,
407 3341 440 3397 et
459 3331 595 3398 habetur
614 3340 651 3397 ut
670 3349 763 3409 vera,
781 3333 856 3415 quia
876 3333 1043 3418 ignoratur
1060 3333 1173 3399 adesse
1193 3333 1254 3398 mi-

127 3439 294 3520 raculum;
316 3447 390 3515 aut,
406 3439 433 3504 si
453 3439 575 3515 mavis,
593 3440 736 3505 concede
755 3440 820 3505 dari
836 3458 875 3505 eo
893 3439 926 3505 in
946 3457 1023 3506 casu
1041 3439 1251 3519 evidentiam,

126 3565 205 3630 quae
220 3554 330 3611 tamen
350 3545 425 3630 quia
444 3547 576 3632 physica
594 3555 661 3623 est,
678 3555 786 3631 potest
805 3566 863 3631 per
880 3545 1024 3612 divinam
1042 3549 1252 3632 omnipoten-

125 3655 207 3718 tiam
228 3653 351 3730 lallere,
373 3653 447 3719 licet
475 3663 617 3737 nequeat
640 3655 827 3720 naturaliter
852 3651 917 3742 (r);
943 3655 1028 3720 sicut
1050 3654 1174 3721 dictum
1201 3665 1251 3722 est

125 3760 357 3826 certitudinem
386 3761 555 3847 physicam
585 3781 641 3846 per
665 3761 857 3828 miraculum
886 3761 1024 3828 deiicere
1048 3780 1162 3847 posse,
1192 3781 1249 3829 seu

124 3876 238 3933 actum
263 3867 407 3951 positum
428 3887 468 3934 ex
488 3867 613 3933 motivo
632 3870 742 3952 legum
761 3871 968 3955 physicarum
989 3887 1087 3955 posse
1104 3872 1251 3954 quando·

124 3993 194 4059 que
209 3975 345 4040 falsitate
361 3974 463 4050 inlici,
479 3975 715 4042 interveniente
736 3976 904 4044 miraculo.

172 4088 250 4164 obj.
272 4080 324 4149 2.⁰
370 4081 510 4148 Evidens
525 4093 575 4150 est
589 4085 693 4148 solem
710 4083 847 4150 moveri.
868 4085 902 4150 ld
916 4093 1028 4150 tamen
1047 4085 1164 4151 laisum
1179 4104 1250 4153 esse

124 4191 224 4256 docet
249 4188 473 4255 Astronomia.
494 4189 618 4275 Ergo...
1006 4254 1009 4258 s

195 4303 300 4380 Reap.
318 4297 395 4362 dist.
417 4299 533 4383 Major.
552 4298 691 4364 Evidens
710 4310 760 4367 est
779 4301 882 4364 solem
905 4301 1029 4366 moveri
1046 4311 1140 4368 motu
1155 4301 1251 4369 abso·

123 4408 199 4471 luto
217 4403 320 4489 ipsius
337 4405 433 4482 solis,
453 4423 525 4490 neg.
545 4413 638 4471 motu
658 4406 808 4482 relativo,
828 4425 914 4472 conc.

195 4510 232 4576 Et
249 4511 509 4578 contradatincta
528 4513 660 4589 Minori,
680 4531 758 4596 nego
776 4532 913 4598 conseq.

88 4798 94 4808 ,
161 4747 202 4808 (r)
240 4739 302 4800 Cir.
316 4741 415 4810 suar..
431 4741 507 4814 disp.
526 4743 595 4800 Met.
610 4764 643 4816 9,
658 4756 727 4802 acet.
743 4761 782 4811 a,
800 4763 830 4801 n.
847 4765 874 4816 7.
