3492 5525
263 491 384 556 Anne.
400 482 520 573 4³¹·Ds
532 506 797 567 ramaeqursrns
811 510 855 555 so
874 508 1166 557 omousrnsuouss
1186 491 1245 576 855

231 674 329 751 Quod
346 672 407 740 tria
425 674 493 738 haec
512 673 670 757 praenosci
688 680 851 756 oporteat,
874 677 974 739 nemo
987 674 1021 740 in
1039 674 1177 741 dubium
1194 691 1286 741 revo-
1356 664 1359 669 ’

164 800 234 849 care
254 789 373 865 potest.
394 780 482 858 Quid
500 778 587 845 enim
606 779 819 847 demonstrari
835 780 939 866 possit
951 781 993 847 de
1007 783 1174 867 subjecto,
1194 784 1285 867 quod

163 886 352 974 ignoratur?
366 897 422 954 aut
433 886 602 971 quomodo
615 886 656 951 de
670 886 818 971 subjecto
828 888 1044 955 demonstrari
1058 891 1161 973 possit
1174 890 1284 973 passio
1298 921 1303 927 ·

163 998 214 1062 trel
233 994 461 1079 praedicatum,
481 995 574 1079 cujus
588 994 701 1061 notitia
717 1013 782 1060 non
797 995 955 1063 habetur?
968 1006 1001 1062 et
1015 996 1186 1081 quomodo
1205 1016 1284 1064 con-

162 1104 264 1169 clusio
283 1102 386 1187 possit
403 1100 528 1178 inierri,
550 1102 610 1168 nisi
624 1114 863 1187 cognoscantur
879 1104 967 1186 prius
981 1103 1178 1187 praemissae,
1195 1105 1282 1170 unde

162 1211 216 1277 illa
233 1210 407 1277 derivanda
425 1208 496 1275 est?
514 1208 737 1285 Quamobrem
757 1210 816 1277 tria
840 1218 917 1277 sunt
936 1211 1146 1296 precognita.

230 1316 500 1403 Praecognitiones
519 1326 648 1393 autem,
668 1334 726 1383 seu
743 1317 849 1393 modi,
866 1315 987 1401 quibus
999 1307 1284 1403 haec‘praecognita
1370 1326 1433 1399 «Ψ,

162 1434 290 1509 oportet
308 1443 521 1509 cognoscere,
548 1432 625 1489 sunt
644 1424 734 1500 duae,
754 1444 797 1490 an
823 1428 884 1499 esi,
910 1425 1042 1510 etquid
1068 1429 1127 1491 est.
1159 1427 1284 1492 Praeco-
1305 1398 1496 1443 m⁸⁸¹⁰⁰⁰⁶¹

161 1533 266 1618 gnitio
283 1552 327 1597 an
339 1536 387 1599 est
401 1530 546 1598 bifariam
564 1532 733 1607 dividitur,
754 1531 1021 1615 quandoquidem
1041 1533 1159 1599 versari
1175 1541 1283 1617 potest

160 1639 243 1706 circa
261 1658 333 1707 esse
353 1639 413 1715 rei,
433 1639 666 1723 cognoscendo
682 1657 802 1721 nempe
822 1658 890 1705 rem
910 1640 1063 1716 existere,
1081 1649 1139 1706 aut
1165 1641 1281 1707 saltem

162 1765 234 1814 esse
253 1746 458 1831 possibilem,
475 1756 507 1813 et
520 1746 601 1812 circa
616 1764 687 1813 esse
702 1746 864 1824 veritatis,
882 1747 1037 1813 nimirum
1050 1749 1282 1833 cognoscendo

161 1855 417 1940 propositionem
437 1853 579 1938 aliquam
598 1872 668 1921 esse
693 1872 816 1921 veram.
847 1854 1000 1920 Similiter
1020 1854 1178 1937 praenotio
1205 1855 1285 1940 quid

160 1964 219 2038 est,
241 1960 374 2028 induas
402 1962 479 2028 alias
508 1962 719 2046 dispescitur,
742 1962 781 2026 'in
800 1960 880 2046 quid
894 1962 1030 2027 nominis
1053 1971 1086 2028 et
1112 1962 1192 2047 quid
1218 1963 1281 2045 rei,·

162 2070 304 2153 primum
321 2071 439 2135 horum
454 2068 592 2135 habetur
606 2088 665 2154 per
677 2068 950 2154 significationem
967 2070 1126 2145 nominis,
1142 2072 1282 2137 alterum

161 2194 218 2261 per
236 2174 461 2243 definitionem
481 2176 537 2241 rei.

228 2284 393 2351 Caeterum
412 2302 480 2369 quo
497 2283 612 2350 ordine
631 2302 666 2349 se
690 2281 829 2349 habeant
848 2284 934 2350 inter
954 2301 990 2349 se
1010 2283 1081 2350 istae
1107 2284 1282 2368 praenotio
1316 2292 1338 2328 ⁰⁸
1346 2296 1390 2341 ‘1¹¹⁰
1398 2280 1475 2327 ⁰¹⁶⁵oe

161 2408 235 2468 nes,
256 2388 405 2474 explicat
432 2389 610 2477 Angelicus
637 2391 727 2457 hisce
750 2390 871 2457 verbis:
901 2391 1079 2476 Antequam
1104 2391 1226 2459 saeue
1247 2394 1287 2459 de
1324 2368 1349 2400 ⁸⁶
1365 2353 1470 2400 m*

158 2498 276 2585 aliquo,
303 2522 347 2567 an
373 2504 436 2577 sit;
456 2518 519 2564 non
536 2501 643 2580 potest
655 2496 735 2563 sciri
755 2497 885 2581 proprie
901 2500 940 2564 dc
956 2516 1008 2575 eo,
1027 2503 1110 2583 quid
1135 2505 1198 2579 sit3
1221 2517 1285 2565 non

158 2606 277 2672 entium
294 2607 377 2672 enim
393 2624 457 2671 non
476 2609 555 2671 ssent
570 2605 779 2691 definitiones.
803 2607 894 2673 Unde
910 2606 1040 2690 quasue
1063 2628 1109 2673 an
1128 2620 1184 2674 est
1202 2614 1287 2689 pra·

158 2715 243 2781 cedit
256 2712 454 2800 quaestionem
471 2718 553 2798 quid
570 2726 636 2781 est.
652 2713 792 2780 sednon
806 2714 910 2796 potest
919 2713 1041 2780 ostendi
1051 2715 1092 2780 de
1103 2712 1221 2800 aliquo,
1240 2736 1286 2782 an

158 2836 227 2901 est,
244 2822 310 2888 nisi
320 2823 414 2905 prius
430 2821 624 2906 intelligatur
636 2825 717 2904 quid
731 2821 934 2905 significatur
941 2828 1002 2903 per
1014 2839 1136 2891 nomen.
1158 2823 1288 2905 Propter

158 2928 364 3015 quodetiam
395 2927 598 3012 Philosophus
625 2928 660 2993 in
686 2935 739 3011 4.·
769 2928 992 3011 Metaplrysicr'e
1016 2928 1049 2993 in
1076 2928 1286 3012 ds'spseiats'osre

157 3040 266 3103 contra
293 3041 441 3119 negantes
468 3033 629 3119 principia
656 3035 747 3101 docet
767 3034 904 3118 incipere
927 3053 949 3102 a
973 3034 1205 3121 significatione
1227 3055 1285 3103 no·

158 3140 355 3232 minemo).

205 3267 282 3334 244.
328 3256 409 3335 Jem
433 3255 478 3318 de
501 3255 655 3332 subjecto
672 3254 863 3333 generatim
888 3255 1062 3332 praenosci
1088 3264 1223 3335 oportet
1249 3249 1284 3317 in
1369 3266 1429 3322 Qura

161 3356 285 3442 primis,
306 3357 385 3442 quid
400 3356 457 3434 sit,
478 3357 594 3426 saltem
613 3355 722 3454 quoad
736 3373 876 3433 nomen,
892 3364 930 3422 ut
947 3375 1006 3440 per
1018 3375 1056 3422 se
1069 3365 1171 3442 patet.
1188 3356 1286 3424 Dein·
1306 3338 1489 3468 ”fimf

160 3467 202 3534 de
229 3465 505 3550 cognoscendum
532 3475 666 3552 quoqup
693 3471 743 3530 est
774 3463 815 3530 de
840 3463 1005 3548 subjecto,
1028 3483 1072 3530 an
1088 3464 1146 3542 sit,
1167 3466 1283 3532 saltem

160 3571 312 3658 possibile
330 3571 414 3660 (nisi
434 3573 516 3638 sorte
530 3572 570 3637 de
595 3570 665 3655 ipsa
684 3568 899 3654 possibilitate
921 3571 1059 3657 subjecti
1085 3571 1281 3658 disputetur,

159 3689 215 3748 aut
232 3682 273 3747 de
291 3688 366 3746 ente
384 3675 600 3767 chimaerico);
622 3695 698 3744 narn
725 3695 858 3744 necesse
885 3695 953 3744 non
983 3686 1033 3744 est
1060 3696 1281 3764 praenoscere,

159 3807 199 3854 an
218 3791 294 3855 actu
311 3786 437 3854 existat.
459 3786 603 3852 Primum
624 3785 743 3852 horum
763 3785 935 3870 probatur;
957 3801 1033 3850 narn
1058 3803 1110 3852 res
1129 3786 1283 3871 impossi-

158 3895 231 3964 bilis
251 3896 356 3962 nullas
375 3893 472 3961 habet
491 3893 558 3959 veri
579 3891 721 3959 nominis
748 3891 934 3978 passiones,
953 3911 1028 3977 quae
1050 3894 1280 3962 demonstren-

156 4013 222 4070 tur.
239 4003 313 4070 Non
331 4011 441 4069 autem
462 4019 597 4068 necesse
617 4009 666 4068 est
684 4016 886 4085 praenoscere
899 4001 990 4084 quod
1003 4000 1189 4088 subjectum
1204 4011 1278 4069 actu

157 4112 214 4189 sit,
231 4110 307 4194 quia
320 4107 399 4176 unio
415 4107 576 4193 predicati
593 4125 670 4176 cum
686 4107 832 4193 subjecto
844 4107 1051 4176 absoloitssra
1064 4113 1198 4193 tempore
1210 4107 1275 4199 (2).

156 4221 273 4304 Neque
291 4216 379 4284 enim
398 4224 436 4284 ut
453 4215 647 4283 concludam
673 4215 820 4282 animum
840 4217 1024 4284 humanum
1051 4235 1124 4284 esse
1143 4217 1280 4284 immor·

156 4328 274 4403 talem,
295 4322 468 4409 requiritur
486 4336 523 4393 ut
542 4322 671 4391 animus
690 4331 762 4390 actu
782 4323 915 4401 existat,
935 4342 1010 4390 curn
1030 4325 1208 4411 propositio
1227 4325 1279 4392 illa

193 4599 233 4660 (1)
272 4591 304 4652 S.
320 4591 426 4650 Thom.
444 4597 482 4649 n·
495 4592 668 4662 Panasion,
684 4591 748 4650 lect.
763 4611 795 4661 s,
811 4602 878 4663 poet
891 4587 1021 4650 initium.

193 4687 235 4752 (a)
273 4681 352 4752 Quid
365 4679 403 4740 sit
417 4679 644 4754 propositionem
659 4679 775 4740 absolvi
792 4701 811 4739 a
824 4689 952 4756 tempore
968 4679 1156 4754 exposuimus
1174 4680 1205 4742 in
1220 4681 1279 4744 Lo-

158 4772 222 4850 gics
236 4769 359 4844 Minori,
374 4790 405 4830 n.
423 4789 483 4830 roo.
