3492 5525
374 483 493 546 Annae.
519 497 575 546 rar
594 481 685 560 Quro
707 501 759 546 srr
781 499 907 548 srunun
1104 503 1158 566 113

89 665 233 740 ocultus,
264 667 302 728 ut
319 663 351 728 sr'
377 667 555 746 expectatur
573 666 606 730 in
625 667 795 752 futurum:
813 669 845 731 et
863 669 939 731 turre
960 665 1042 731 nihil
1061 667 1203 748 probibet
1263 708 1271 722 ·

90 787 206 834 causam
219 771 345 854 signum
356 770 409 837 sui
420 773 542 856 effectur
554 769 650 861 dici(
676 769 702 862 ).

146 877 242 961 Saepe
256 879 354 942 etiam
370 879 489 961 aliquid
502 888 552 946 est
566 881 699 965 signum
719 880 866 958 alterius,
883 882 977 966 eujus
991 900 1049 946 nec
1063 881 1200 949 eftectus

93 1003 141 1048 nec
159 1001 256 1049 causa
275 995 342 1050 est:
359 984 392 1051 id
407 988 497 1068 quod
512 988 620 1053 iocum
638 988 763 1054 obtinet
777 988 809 1054 in
833 987 935 1074 signis
955 987 1143 1072 arbitraris,
1159 990 1201 1054 de
1224 993 1425 1078 Emtmefim'

92 1091 201 1172 quibus
225 1110 316 1156 mox.
347 1093 391 1166 ita
415 1102 580 1178 sceptrum
605 1093 765 1180 significat
801 1097 924 1180 regiam
958 1097 1199 1172 auctoritatem,
1232 1096 1403 1177 ‘unificum

93 1216 191 1262 ramus
204 1198 374 1264 tabernam
390 1199 561 1266 vinariam.
1216 1165 1417 1282 „2¹3ssssqu

149 1307 338 1388 Atquehaec
351 1307 444 1372 nobis
456 1307 538 1373 circa
551 1309 635 1394 signi
648 1318 797 1376 naturam
811 1309 962 1375 sufficere
974 1298 1200 1396 uidentur(2).
1230 1308 1406 1363 minim·
1474 1352 1479 1357 -

93 1409 118 1476 Si
132 1431 205 1477 vero
221 1414 302 1478 scire
316 1415 407 1498 cupis
430 1414 509 1498 quid
527 1415 660 1500 signum
683 1417 723 1481 ab
743 1415 886 1503 imagine
904 1417 1047 1494 differat,
1063 1416 1204 1482 breviter
1239 1451 1300 1507 Quid
1311 1451 1395 1496 dmm,

94 1520 303 1603 respondebo,
319 1522 441 1606 duplex
459 1541 531 1588 esse
550 1522 736 1590 discrimen.
759 1524 870 1608 Imago
890 1524 978 1590 enim
997 1543 1039 1590 ex
1057 1523 1203 1590 doctrina
1275 1523 1363 1606 ¹5⁸¹¹¹¹¹f¹

93 1623 120 1689 S.
147 1625 282 1692 Thomae
307 1625 371 1716 (3),
401 1629 556 1713 importat
582 1629 828 1708 similitudinem
844 1650 922 1697 cum
952 1650 1002 1708 re,
1032 1631 1125 1715 cujus
1154 1637 1204 1696 est
1243 1595 1390 1650 'mmm'

94 1733 209 1818 imago,
227 1735 296 1800 sive
310 1736 493 1802 secundum
509 1747 678 1814 naturam,
695 1737 765 1804 sive
785 1739 902 1803 saltem
921 1738 1106 1805 secundum
1118 1737 1205 1823 rigu-

93 1858 171 1922 ram;
186 1842 305 1908 deinde
324 1842 433 1930 imago
452 1846 611 1929 originem
635 1843 789 1930 importat
810 1865 869 1913 seu
890 1864 1080 1931 processum
1096 1845 1138 1910 ab
1152 1847 1205 1911 ilia

94 1965 137 2023 re,
156 1950 250 2034 cujus
268 1959 318 2016 est
336 1949 459 2036 imago.
476 1953 599 2018 Harum
624 1972 702 2020 vero
727 1965 841 2021 neutra
855 1947 999 2020 conditio
1024 1953 1205 2018 necessario

94 2056 257 2138 requiritur
276 2058 315 2122 ad
335 2057 492 2125 rationem
505 2059 607 2144 signi,
627 2062 911 2144 quemadmodum
933 2068 1036 2146 patet,
1057 2080 1093 2125 v.
1114 2080 1150 2145 g.
1171 2059 1204 2124 in

93 2180 175 2228 ramo
205 2164 410 2250 significante
437 2167 605 2232 tabernam
638 2169 809 2236 vinariam.
844 2169 954 2244 Qrare
987 2167 1060 2233 iicet
1091 2168 1222 2242 omnis!

93 2267 197 2356 imago
210 2272 253 2337 sit
268 2273 417 2358 signum,
435 2292 499 2339 non
516 2283 628 2340 tamen
645 2294 745 2340 omne
760 2276 893 2360 signum
909 2284 959 2340 est
973 2275 1097 2359 imago.

1272 1823 1277 1834 ,
1347 1798 1352 1825 i

91 2479 363 2494 mun—-

122 2563 159 2622 (1)
199 2557 231 2616 S.
247 2557 303 2616 Th.
321 2559 351 2615 in
364 2565 406 2630 4⁰
418 2559 487 2618 dist.
507 2581 517 2616 1
532 2574 635 2631 quaest.
653 2581 675 2627 1,
693 2575 747 2618 art.
762 2583 792 2630 r,
805 2560 979 2632 quaestiunc.
999 2581 1022 2630 1,
1035 2561 1071 2618 ad
1087 2571 1133 2633 5.¹
1145 2558 1207 2618 Cir.

89 2643 128 2702 Dc
146 2645 279 2706 Veritcte
293 2663 397 2719 quaest.
411 2669 444 2722 9,
461 2661 519 2706 art.
534 2648 570 2706 ad
591 2669 622 2720 53
641 2671 652 2708 1
670 2671 696 2722 p.
714 2670 743 2721 q.
761 2669 796 2723 70
809 2671 836 2708 a.
850 2670 877 2707 2.

121 2741 160 2803 (2)
198 2737 293 2807 Sunt,
309 2737 361 2809 qui
375 2749 468 2797 certas
481 2739 622 2812 quasdam
643 2737 822 2798 conditiones
845 2751 984 2811 praeterea
999 2737 1153 2811 requirant
1172 2737 1209 2797 ad

88 2826 228 2884 rationem
248 2826 335 2899 signi.
352 2828 389 2886 Et
404 2827 496 2899 primo
511 2828 629 2900 quidem
643 2831 748 2887 volunt
762 2830 914 2901 proprium
929 2830 1047 2901 signum
1063 2829 1211 2901 postulare

89 2931 131 2973 ut.
148 2916 209 2974 sire
224 2938 259 2974 ex
279 2930 390 2975 naturae
402 2918 494 2989 ipsius
505 2918 607 2976 ordine
625 2918 685 2975 sive
700 2940 733 2976 ex
749 2919 902 2977 hominum
915 2919 1039 2990 placito,
1055 2918 1092 2976 sit
1105 2919 1142 2976 ad
1157 2919 1212 2976 hoe

87 3004 263 3073 institutum,
277 3006 575 3077 utspecialiterducst
584 3008 973 3080 potentiamcognoscitivam
981 3007 1210 3080 incognitionem

87 3094 215 3153 citerius.
234 3095 276 3155 lta
294 3096 371 3154 inter
390 3095 461 3155 alios
479 3090 599 3155 Cardin.
618 3098 762 3155 Francisc.
783 3098 902 3156 Toletus
917 3098 964 3163 (in
980 3086 1063 3154 libsr
1088 3096 1209 3155 Aristot.

87 3186 118 3239 de
134 3186 288 3260 interpret.
305 3207 331 3243 c.
354 3200 504 3258 1‚quaest.
528 3194 567 3257 r);
591 3188 625 3244 P.
644 3175 794 3260 Syl'vester
816 3188 939 3245 Maurus
959 3185 1082 3265 (Quaert.
1103 3186 1210 3259 philos.

88 3290 152 3331 tom.
171 3296 181 3332 1
199 3288 306 3347 quaest.
324 3282 389 3348 55);
405 3277 438 3333 P.
456 3278 560 3335 Petrus
574 3276 661 3334 Hurt.
677 3277 837 3347 (Summui.
852 3277 929 3347 disp.
948 3297 959 3332 1
977 3289 1046 3333 sect.
1058 3295 1091 3348 q,
1108 3293 1138 3333 n.
1157 3296 1167 3332 r
1189 3280 1211 3337 i.

136 3364 253 3422 Deinde
267 3365 317 3422 elii
331 3365 512 3424 contendunt
530 3364 651 3438 signum
666 3365 769 3423 debere
788 3384 851 3422 esse
870 3364 1066 3437 imperfectius
1086 3386 1118 3421 ae
1133 3362 1209 3421 dete·

87 3454 144 3511 rius
158 3453 290 3527 signato.
314 3454 355 3513 lta
371 3454 405 3513 P.
420 3455 525 3523 Jounn.
540 3476 557 3512 a
572 3454 604 3512 S.
620 3454 676 3511 Th.
693 3457 784 3532 (Log.
801 3470 905 3526 quaest.
921 3475 965 3522 aa,
982 3469 1035 3514 art.
1050 3473 1078 3526 4,
1094 3454 1214 3528 Appen·
1247 3514 1254 3527 ‚

88 3546 167 3608 dix).
189 3543 372 3617 Oppositum
389 3564 458 3603 vero
479 3544 528 3601 alii
546 3558 681 3615 censent,
704 3558 738 3601 ut
758 3544 856 3603 videre
876 3557 921 3603 est
941 3544 1020 3617 apud
1041 3545 1077 3602 P.
1100 3543 1214 3607 Ludov.

87 3632 213 3691 Lossada
230 3633 322 3699 (inst.
339 3632 459 3692 Diaieet.
477 3632 553 3705 disp.
574 3655 602 3705 r,
619 3654 682 3706 cap.
699 3654 725 3691 a.
743 3654 773 3691 n.
794 3641 847 3696 rot.

135 3722 216 3781 idem
231 3722 361 3792 joannes
375 3744 391 3779 a
406 3722 438 3781 S.
455 3722 567 3781 Thoana
582 3722 647 3781 vult
661 3722 780 3796 signum
796 3742 859 3781 esse
877 3723 982 3782 debere
995 3723 1113 3796 signeto
1129 3720 1216 3779 dissi-

87 3812 161 3869 miie:
178 3811 264 3870 unde
277 3810 359 3869 varia
373 3810 499 3880 excludit
512 3832 529 3869 a
543 3812 656 3870 ratione
669 3812 758 3885 signi.

134 3902 246 3961 abhis
260 3922 316 3975 ego
328 3900 548 3973 controversiis,
558 3901 603 3959 vei
615 3900 684 3972 quia
698 3901 756 3959 iere
770 3914 841 3959 sunt
854 3901 890 3959 de
905 3900 991 3959 modo
1005 3898 1159 3971 loquendi,
1170 3898 1227 3956 uei.

87 3990 148 4061 quia
172 3990 315 4051 tenebras
335 3991 539 4062 potiusquam
561 3992 653 4049 iucem
672 3991 822 4049 effundere
846 3990 992 4049 mentibus
1011 3988 1215 4062 incipientium

87 4080 172 4138 rideri
187 4093 334 4154 possunt,
345 4079 550 4139 abstinendum
565 4080 595 4139 in
607 4078 670 4151 ipso
684 4079 806 4153 Logices
818 4079 919 4138 limine
933 4077 1111 4148 existimavi,
1123 4077 1217 4135 iilam·

87 4188 137 4240 que
150 4169 234 4246 signi
252 4166 436 4242 praebendam
453 4188 517 4228 esse
534 4166 732 4227 definitionem
751 4190 783 4227 ac
799 4168 1040 4238 declarationem,
1057 4187 1123 4239 quae
1143 4185 1216 4224 neu·

87 4274 155 4318 tram
169 4278 206 4319 ex
221 4257 359 4317 adversis
371 4255 559 4331 opinionibus
572 4256 751 4328 excluderet,
762 4270 898 4317 neutram
910 4269 1101 4330 supponeret,
1114 4254 1165 4314 sed
1179 4254 1216 4314 ab

90 4362 209 4424 utraque
224 4347 443 4423 praecinderet.

118 4442 158 4510 (r)
197 4439 237 4499 S·
252 4438 312 4499 Th·
330 4458 340 4495 ¹
358 4458 387 4511 n·
403 4457 433 4509 s·
450 4456 498 4511 rs,
513 4451 570 4497 ert·
589 4456 619 4507 ιε
633 4456 663 4508 a·
678 4458 729 4511 93,
745 4449 801 4497 art.
817 4457 840 4495 ¹·
