3492 5525
573 419 650 487 rr4o
689 400 814 467 Locren
827 400 1059 477 Maron-Lm.
1069 415 1147 479 au,
1162 400 1251 465 Dran.
1265 399 1314 463 6.·
1328 398 1408 464 Can.
1425 409 1497 463 aet

530 584 787 672 videndumque,
802 584 837 654 in
848 604 916 671 quo
927 584 1085 655 consistat
1095 584 1255 653 rectitudo
1267 593 1301 651 et
1314 582 1486 651 artificium
1500 583 1594 661 iliud,
1606 602 1649 647 ra·

530 691 619 761 tione
638 695 732 781 cujus
750 705 844 763 actus
857 694 1042 762 intellectus
1055 693 1149 781 dirigi
1162 701 1302 780 possunt
1315 712 1334 758 a
1349 691 1480 776 Logica.
1499 689 1568 757 Nec
1580 709 1650 757 vero

530 801 605 887 quis
623 803 814 888 scrupulum
834 812 967 871 moveat
981 802 1026 869 ex
1043 822 1101 880 eo,
1121 801 1212 887 quod
1230 798 1349 887 Logica
1367 817 1434 866 non
1453 807 1548 867 actus
1567 816 1651 864 men-

529 906 590 985 tls,
611 910 670 977 sed
688 909 793 996 ipsam
813 919 960 983 mentem
974 909 1104 999 dirigat.
1123 910 1208 977 Nam
1222 908 1297 975 lieet
1311 907 1432 993 Logica
1445 907 1551 974 solam
1565 925 1651 972 men-

492 1046 496 1069 =
530 1024 599 1083 tem
614 1018 747 1105 dirigat,
769 1026 934 1104 quatenus
951 1019 1022 1085 brec
1038 1037 1105 1085 vox
1123 1017 1211 1084 idem
1234 1025 1348 1092 sonat,
1368 1034 1404 1082 ac
1427 1014 1585 1082 irrslrum
1604 1015 1649 1080 vel

530 1124 672 1203 edocere,
692 1135 804 1194 tamen
824 1145 900 1193 vere
919 1125 1017 1193 etiarn
1040 1133 1133 1192 actus
1155 1123 1283 1210 dirigit,
1313 1130 1477 1210 quatenus
1497 1121 1567 1189 baec
1592 1140 1651 1189 vox

532 1231 694 1319 significat
711 1233 832 1300 distare
845 1236 898 1300 vel
915 1236 1074 1319 regulare.

359 1374 454 1421 „·„
506 1405 513 1427 ‚
599 1339 709 1425 itaque
727 1341 862 1409 directio
889 1342 1012 1427 duplex
1036 1340 1193 1426 distingui
1221 1342 1308 1407 solet
1330 1339 1443 1406 actim
1457 1348 1492 1405 et
1514 1338 1649 1421 passivo.

385 1462 411 1492 ⁸⁶
422 1447 442 1529 ¹¹,
533 1448 673 1516 Directio
691 1450 796 1516 activa
814 1460 866 1518 est
884 1449 953 1534 ipsa
972 1450 1084 1536 regula
1103 1449 1198 1531 artis3
1217 1447 1350 1514 directio
1381 1446 1510 1532 passiva
1528 1456 1578 1513 est
1606 1465 1654 1511 or·
1724 1441 1726 1444 ’

436 1533 479 1595 ¹.'·
532 1555 657 1624 dinatio
674 1557 726 1623 vel
746 1556 922 1634 rectitudo,
942 1575 1044 1641 quam
1069 1557 1182 1644 regula
1200 1554 1299 1622 dictat
1318 1556 1351 1621 in
1372 1572 1472 1639 opere
1496 1553 1650 1619 faciendo.
1724 1579 1726 1590 =

532 1664 677 1749 Utraque
698 1664 836 1751 spectari
856 1673 965 1749 potest
983 1666 1034 1731 vel
1052 1662 1087 1731 in
1103 1674 1178 1732 actu
1197 1663 1305 1748 primo
1324 1663 1375 1728 vel
1394 1663 1428 1728 in
1446 1670 1522 1728 actu
1542 1679 1654 1728 secun·

533 1773 589 1838 do.
610 1770 726 1839 Activa
748 1772 883 1839 directio
911 1772 944 1838 in
958 1780 1041 1838 ¹actu
1068 1770 1192 1857 primo,
1211 1790 1286 1855 quae
1306 1771 1424 1856 vulgo,
1443 1770 1518 1835 licet
1536 1769 1653 1853 impro
1724 1825 1726 1830 .

533 1868 622 1965 prie.
661 1876 778 1946 dicitur
805 1879 1008 1966 dirigibilitas
1039 1878 1165 1957 activa,
1197 1888 1248 1945 est
1279 1878 1428 1964 aptitudo
1457 1879 1579 1963 regule
1616 1877 1653 1941 ad

532 1986 751 2073 dirigendum.
773 1986 888 2054 Activa
917 2006 995 2055 vero
1015 1986 1151 2054 directio
1176 1988 1209 2053 in
1236 1994 1312 2053 actu
1340 1982 1562 2053 secundo‘est
1587 1984 1655 2069 ipsa

534 2094 661 2181 regula,
682 2103 720 2161 ut
742 2104 816 2162 actu
844 2094 988 2181 dirigens
1013 2097 1083 2163 sire
1109 2095 1291 2181 praelucens
1309 2094 1352 2160 ad
1377 2092 1592 2177 operandum.
1612 2092 1656 2158 Ex
1724 2109 1726 2144 r

533 2202 670 2270 adverso
688 2202 815 2287 passiva
833 2201 967 2269 directio
981 2202 1013 2269 in
1032 2210 1106 2269 actu
1123 2202 1269 2269 secundo
1283 2200 1339 2287 :est
1358 2201 1517 2268 rectitudo
1535 2200 1654 2286 operis,
1724 2209 1726 2264 ἱ

535 2318 572 2377 ut
595 2309 669 2376 facti
689 2328 765 2377 curn
785 2309 965 2378 attentione
989 2310 1030 2376 ad
1053 2312 1199 2397 regulas3
1220 2310 1350 2395 passiva
1377 2309 1511 2376 directio
1528 2309 1561 2374 in
1585 2319 1654 2374 actu
1724 2393 1726 2408 Ι

534 2418 643 2503 primo
661 2426 711 2485 est
730 2418 880 2504 aptitudo
898 2436 957 2485 seu
984 2418 1126 2504 dignitas
1144 2417 1269 2503 operis,
1290 2426 1328 2485 ut
1345 2419 1386 2485 ab
1414 2428 1482 2484 arte
1506 2416 1655 2491 dictetur,
1724 2425 1726 2460 ²

534 2533 569 2591 et
587 2526 802 2611 approbetur,
823 2534 857 2591 et
870 2534 1008 2593 vocatur
1025 2526 1124 2592 etiam
1143 2524 1344 2611 dirigibilitas
1362 2526 1503 2610 passiva.
1724 2521 1726 2536 '

601 2631 749 2699 Observa
772 2643 885 2700 tamen
912 2634 1019 2699 adhuc
1046 2633 1192 2700 bifariam
1220 2632 1342 2717 aliquid
1369 2650 1466 2717 posse
1493 2651 1566 2699 esse
1591 2640 1655 2698 arte

449 2685 705 2827 '‘edirfgibile,
734 2742 903 2830 subjective
920 2753 953 2811 et
970 2742 1131 2831 objectiva.
1151 2740 1275 2809 Dicitur
1297 2740 1476 2828 subjective
1503 2740 1656 2827 dirigibile

362 2833 376 2862 ⁰
402 2831 475 2862 W·
535 2849 630 2926 jnud
651 2850 740 2933 quod
764 2856 942 2935 postquam
966 2850 1092 2927 existit,
1113 2860 1164 2918 est
1189 2851 1374 2936 subjectum
1399 2848 1604 2926 indifferens,
1624 2858 1658 2915 ut

534 2956 664 3042 recipiat
683 2959 734 3023 vel
755 2976 821 3024 non
841 2957 971 3042 recipiat
989 2960 1127 3025 formam
1143 2957 1363 3041 artifrciosam;
1380 2976 1448 3042 quo
1462 2968 1559 3042 pacto
1573 2960 1657 3043 ligna

534 3072 568 3130 et
586 3063 709 3151 lapides
726 3065 896 3151 dirigibilia
914 3072 993 3132 sunt
1010 3067 1052 3132 ab
1080 3065 1304 3133 architectura.
1331 3065 1527 3152 Hujusmodi
1552 3066 1658 3151 dirigi·

533 3170 646 3238 bilitati
675 3190 732 3258 per
761 3173 940 3256 quamdam
979 3174 1162 3260 analogiam
1203 3183 1411 3259 comparatur
1442 3173 1656 3240 indifferentia

534 3279 680 3357 rationis,
701 3298 802 3364 quam
824 3281 945 3346 habent
965 3281 1135 3366 praedicata
1149 3281 1357 3358 communia,
1374 3289 1411 3346 ut
1428 3282 1659 3348 contrahantur
1724 3362 1726 3365 Ι

534 3405 591 3472 per
609 3387 805 3454 differentias
832 3388 999 3474 specificas
1018 3398 1103 3456 recte
1126 3391 1178 3455 vel
1196 3390 1325 3456 vitiose.
1346 3389 1468 3455 Dicitur
1490 3409 1569 3456 vero
1587 3390 1658 3455 diri-

533 3494 632 3582 gibile
659 3493 835 3584 objective,
865 3497 956 3580 quod
979 3497 1192 3563 essentialiter
1222 3509 1272 3564 est
1303 3508 1442 3574 rectum,
1472 3495 1659 3563 indifferens
1724 3488 1726 3491 ’

533 3610 659 3678 tamen,
672 3611 709 3670 ut
721 3603 839 3671 existat
853 3606 906 3671 vel
921 3623 988 3670 non
1003 3605 1133 3686 existat3
1149 3604 1289 3689 ideoque
1302 3606 1342 3671 ab
1356 3614 1424 3671 arte
1436 3604 1577 3672 dictatur
1592 3607 1660 3692 ejus

428 3799 440 3810 θ
533 3709 706 3777 existentia
725 3709 849 3795 potius,
874 3731 974 3796 quam
994 3721 1087 3778 actus
1105 3713 1259 3797 oppositi:
1280 3732 1379 3798 quare
1400 3732 1466 3780 non
1486 3723 1536 3781 est
1555 3714 1660 3801 subje·
1724 3778 1726 3781 .

531 3825 641 3894 ctum,
662 3819 713 3886 cui
740 3837 792 3886 ars
818 3818 1052 3904 perfectionem
1081 3820 1295 3904 superaddat,
1316 3831 1354 3889 ut
1372 3829 1424 3888 est
1443 3839 1589 3887 marmor
1615 3841 1662 3886 re·
1724 3820 1726 3835 '

532 3938 646 4012 spectu
667 3927 745 3995 artis
766 3927 969 4012 sculptoriae,
990 3928 1048 3995 sed
1062 3938 1113 3996 est
1134 3928 1277 4012 ipsamet
1295 3927 1463 4014 perfectio,
1487 3948 1564 4012 quae
1582 3949 1663 4015 pra-

532 4033 716 4118 concipitur
733 4035 774 4100 ab
793 4034 926 4112 artifrce,
943 4043 977 4100 et
995 4035 1116 4121 regulis
1130 4035 1283 4122 objicitur
1299 4046 1337 4102 rrt
1356 4037 1472 4123 digna,
1493 4055 1570 4122 quae
1588 4049 1660 4104 actu

532 4153 686 4226 ponatur.
708 4141 760 4211 Sic
779 4161 797 4207 a
815 4141 892 4208 Fide
910 4141 1079 4228 dirigibilis
1098 4151 1150 4210 est
1167 4161 1259 4210 amor
1273 4143 1331 4209 Dei
1346 4145 1582 4229 superomnia,
1599 4165 1661 4212 non

532 4249 610 4332 quia
627 4248 721 4317 Fides
744 4249 862 4328 dictet,
884 4258 921 4316 ut
940 4269 1032 4318 amor
1051 4252 1181 4320 alterius
1199 4251 1317 4340 objecti
1330 4251 1388 4318 frat
1402 4271 1496 4320 amor
1514 4252 1586 4332 Dei,
1607 4240 1726 4321 sed'

533 4357 609 4440 quia
624 4356 737 4437 dictat,
754 4365 791 4423 ut
806 4368 912 4435 actus,
930 4377 1030 4443 quem
1047 4359 1256 4444 praeconcipit
1268 4379 1342 4428 esse
1355 4379 1504 4428 amorem
1520 4361 1594 4440 Dei,
1609 4362 1662 4428 eli-

534 4465 639 4532 ciatur
655 4464 782 4550 potius,
799 4484 900 4550 quam
915 4465 997 4533 alius
1011 4485 1117 4537 amor.
1131 4465 1201 4533 Hoc
1212 4467 1313 4534 modo
1325 4479 1417 4534 actus
1431 4465 1618 4536 intellectus
1632 4471 1661 4534 in

534 4572 643 4657 specie
658 4571 837 4660 dirigibiles
858 4582 936 4640 sunt
953 4595 972 4640 a
988 4573 1116 4661 Logica.
1133 4573 1210 4642 Haec
1227 4594 1307 4662 ergo
1321 4575 1481 4662 objectiva
1498 4575 1660 4664 dirigibili-

536 4687 588 4748 tas
606 4680 693 4749 idern
713 4690 763 4748 est
778 4699 817 4748 ac
834 4680 968 4750 directio
987 4683 1117 4768 passiva
1133 4681 1168 4750 in
1187 4693 1262 4751 actu
1277 4683 1399 4770 primo,
1419 4685 1471 4752 vel
1486 4685 1661 4754 intrinseca
1724 4680 1726 4743 l
