3492 5525
589 478 647 541 912
702 458 828 525 Locren
842 459 1073 535 Maron-Lm.
1092 475 1161 538 av,
1183 461 1276 524 Drsn.
1290 474 1335 543 4.·
1350 460 1429 524 Can.
1449 474 1518 523 um

549 640 770 725 cognitionem
786 642 958 726 practicam
974 640 1160 707 directivam
1177 659 1242 707 non
1260 640 1410 717 actionis,
1429 639 1488 706 sed
1499 638 1662 725 factionis.

547 749 632 815 Nam
642 749 752 833 jacere
768 758 802 815 et
818 750 919 835 factio
937 751 1044 817 solum
1063 747 1215 815 convenit
1233 748 1475 832 operationibus
1492 758 1666 815 transeun-

548 852 654 932 tibus,
676 874 718 922 ex
740 857 861 940 quibus
881 868 1026 922 remanet
1049 874 1132 941 opus
1150 857 1291 933 factum,
1313 864 1349 921 ut
1376 863 1426 921 est
1453 874 1486 921 v.
1511 874 1547 939 g.
1576 864 1664 920 actus

549 961 746 1045 aediiicandi3
768 972 801 1029 at
822 982 914 1049 agere
935 972 969 1029 et
989 963 1070 1030 actio
1087 962 1332 1047 comprehendit
1350 960 1556 1047 operationes
1570 962 1665 1028 inter-

549 1088 624 1147 nas,
650 1079 684 1136 et
705 1089 759 1137 eas
783 1072 881 1137 etiam
909 1090 951 1137 ex
978 1070 1136 1146 externis,
1166 1088 1241 1155 quae
1270 1070 1395 1136 nullum
1425 1078 1501 1154 post
1525 1088 1562 1135 se
1581 1088 1664 1153 opus

549 1178 752 1261 relinquunt,
781 1189 817 1245 ut
835 1190 886 1246 est
913 1178 1109 1266 cibariaatm
1128 1198 1161 1245 v.
1186 1198 1220 1263 g.
1241 1179 1291 1244 vei
1315 1178 1457 1253 saltatio,
1481 1177 1662 1242 secundum

549 1306 586 1351 ea
604 1304 679 1369 quae
697 1287 847 1371 superius
865 1287 1038 1353 docuimus
1058 1288 1098 1353 de
1120 1284 1356 1371 significatione
1375 1304 1493 1351 vocum
1513 1284 1617 1370 factio
1634 1296 1664 1349 et

539 1392 683 1477 factibile
696 1394 728 1460 in
744 1394 948 1479 oppositione
968 1395 1008 1461 ad
1027 1412 1123 1460 voces
1139 1394 1220 1459 actio
1234 1402 1267 1458 et
1283 1382 1410 1477 aginta.
1427 1391 1522 1458 Unde
1541 1390 1662 1457 definiri

379 1526 489 1587 quomam
546 1502 629 1567 solet
644 1520 695 1567 ars
712 1520 788 1567 cum
804 1502 990 1578 Aristotele,
1006 1501 1127 1567 babitus
1139 1519 1214 1566 vera
1227 1520 1298 1567 cum
1310 1499 1431 1567 rulime
1438 1498 1583 1585 futinus
1600 1496 1612 1585 (
1621 1497 1659 1584 r):

361 1600 383 1644 ¹³³
402 1598 508 1643 &filli
547 1610 598 1673 vei
625 1626 700 1674 cum
727 1607 761 1674 S.
781 1607 920 1685 Thoma,
948 1613 1031 1674 recta
1053 1608 1136 1675 ratio
1157 1608 1334 1692 aliquorum
1350 1614 1476 1689 operum
1499 1606 1663 1691 fanerato

395 1679 472 1720 ’mm'
546 1734 617 1780 nem
634 1711 698 1804 (2):
719 1717 769 1780 vei
784 1734 861 1781 cum
877 1714 1043 1791 Cicerone,
1060 1718 1126 1781 Ars
1138 1718 1186 1781 est
1201 1715 1378 1797 praeceptio,
1393 1732 1462 1799 qua
1475 1716 1534 1779 dal
1548 1716 1660 1779 arum

544 1822 630 1889 amm
657 1823 870 1909 rationemque
889 1822 1033 1909 jaciendi
1056 1819 1120 1909 (3).
1155 1822 1232 1887 Haec
1255 1823 1475 1888 videturesse
1502 1820 1660 1887 sententia

546 1930 583 1999 S.
599 1929 736 1995 Thomae
749 1930 782 1995 in
799 1930 879 1996 iocis
897 1928 1045 2014 superius
1063 1928 1168 1995 citatis
1182 1947 1240 2013 pro
1255 1928 1348 1996 tertia
1367 1928 1553 2013 acceptione
1570 1928 1658 2003 artis,

544 2037 602 2121 qui
619 2037 718 2105 etiam
742 2036 969 2103 animadvertit
998 2040 1083 2102 arus
1105 2036 1248 2103 liberales
1265 2036 1310 2103 ita
1337 2046 1469 2102 vocatas
1486 2053 1576 2111 esse,
1607 2054 1659 2119 per

544 2147 711 2229 quamdam
732 2142 969 2211 similitudinem
986 2162 1062 2210 cum
1082 2142 1205 2211 artibus
1220 2142 1432 2221 mechanicis,
1453 2141 1530 2226 quia
1545 2160 1658 2225 nempe

544 2251 642 2317 etiam
661 2251 693 2316 in
712 2250 775 2317 illis
797 2252 882 2316 inest
901 2250 1025 2335 aliquid
1039 2258 1099 2333 per
1119 2254 1243 2316 modum
1260 2253 1424 2339 cujusdam
1439 2250 1559 2332 operis,
1584 2253 1658 2331 puta

543 2358 729 2424 constructio
754 2358 929 2442 syllogismi
954 2355 1006 2445 (in
1037 2354 1170 2445 Logica)
1187 2362 1244 2423 aut
1264 2356 1417 2423 malueris
1439 2375 1582 2440 congrua
1606 2354 1656 2443 (in

544 2462 732 2553 Rhetorica)
758 2469 816 2531 aul
830 2473 906 2547 opus
924 2466 1113 2531 nunurandi
1140 2463 1191 2551 (in
1217 2462 1449 2553 Arithmetica)
1469 2464 1521 2529 uel
1541 2482 1658 2529 mensu·

543 2574 655 2650 randi,
678 2569 731 2661 (in
759 2570 967 2661 Geometria)
993 2569 1056 2660 (4).
1088 2572 1124 2639 Et
1148 2571 1245 2639 idem·
1260 2573 1358 2639 sentit
1385 2570 1577 2640 Dominicus
1601 2572 1658 2637 So-

543 2688 597 2747 tus
616 2677 667 2771 (5)
681 2688 714 2746 et
730 2682 765 2746 P.
782 2679 943 2766 Georgius
958 2680 1090 2749 Rhodes
1104 2676 1167 2769 (6).
1720 2662 1721 2685 ¹

383 2813 481 2860 niumm
611 2788 673 2854 Alii
704 2807 782 2854 vero
812 2788 1001 2855 existimant
1032 2806 1097 2853 non
1127 2799 1195 2854 tam
1226 2787 1333 2854 stricte
1361 2789 1557 2855 sumendam
1588 2808 1654 2854 esse

373 2886 489 2937 ’‘Mi'‘
543 2904 663 2974 artem,
697 2896 756 2962 sed
794 2897 890 2981 paulo
928 2897 1048 2973 fusius,
1083 2904 1245 2980 quatenus
1274 2899 1532 2981 comprehendat
1561 2899 1653 2962 etiam
1719 2973 1720 2982 ἵ

541 3004 678 3070 actiones
706 2991 926 3068 immanentes
951 3014 1049 3086 atque
1076 3003 1236 3080 internas,
1258 3011 1290 3068 et
1311 3003 1357 3070 sic
1376 3004 1556 3089 generatim
1581 3005 1655 3070 deii·
1719 2995 1720 3023 ¹

358 3150 420 3180 aum
435 3133 516 3180 sensi.
542 3111 637 3176 niunt
650 3121 766 3186 artem,
782 3111 991 3176 collectionem
1004 3113 1221 3200 multarumate
1235 3129 1301 3177 una
1313 3130 1348 3180 rc
1359 3113 1653 3194 comprehensiouun

378 3207 407 3250 ¹³⁰
418 3206 478 3250 '¹¹¹⁸'
540 3217 692 3302 adfinem
710 3219 847 3302 aliquem
863 3219 971 3284 utilem
988 3217 1079 3284 uita:
1098 3237 1197 3308 quam
1216 3217 1438 3286 definitionem
1459 3238 1526 3286 non
1544 3239 1652 3305 parum
1718 3285 1719 3295 ,

542 3323 628 3409 apud
647 3326 798 3410 antiquos
816 3324 977 3391 celebrem
997 3325 1096 3390 tuisse
1114 3333 1274 3392 testantur
1294 3326 1576 3393 Conimbricenses
1593 3325 1650 3413 (7).

543 3431 603 3498 Cui
631 3429 746 3497 similis
773 3440 822 3498 est
850 3430 996 3498 desmitio
1023 3431 1076 3497 illa
1104 3432 1140 3498 S.
1169 3433 1322 3509 Thomae,
1348 3433 1530 3499 secundum
1558 3451 1651 3517 quam
1717 3519 1718 3522 Ἴ

540 3539 622 3604 nibil
636 3539 727 3604 aliud
743 3558 799 3604 ars
814 3557 880 3604 esse
896 3539 1035 3617 uidetur,
1051 3557 1145 3625 quam
1161 3544 1244 3607 certa
1258 3540 1414 3606 mutuatio
1431 3541 1580 3618 rationis,
1596 3560 1652 3626 qua
1717 3527 1718 3532 ¹

535 3652 594 3728 per
610 3646 815 3712 deurmiuata
833 3647 936 3711 media
959 3649 1003 3712 ad
1019 3645 1157 3714 debimm
1169 3647 1272 3734 finem
1294 3651 1383 3714 actus
1404 3647 1534 3714 buenni
1552 3657 1653 3731 perue-

1716 3772 1717 3800 i

574 4021 616 4093 ir)
651 4019 786 4090 Ariston,
799 4018 849 4078 tib.
861 4019 896 4089 6,
910 4018 1050 4088 tithicam,
1066 4039 1129 4092 cap.
1144 4041 1171 4092 3.

575 4116 615 4176 (a)
652 4107 685 4168 S.
700 4109 818 4180 Thom.,
836 4129 860 4167 r.
876 4129 902 4168 a.
917 4126 947 4179 q.
965 4125 1008 4182 57,
1021 4128 1049 4172 a.
1066 4130 1092 4182 3.
1109 4109 1171 4169 Cn.
1189 4108 1225 4170 ib.
1243 4128 1365 4183 u.4;a.
1382 4129 1409 4169 n.
1427 4131 1457 4183 q.
1471 4131 1518 4187 47,
1533 4134 1562 4172 a.
1578 4133 1603 4184 a,
1618 4109 1648 4169 ad

540 4198 670 4258 tertium.

575 4292 616 4362 (3)
653 4286 805 4347 Cicecoad
817 4287 1012 4357 Herennium,
1028 4287 1078 4345 iib.
1098 4307 1120 4345 r.
1714 4297 1715 4381 i

575 4385 615 4452 (4)
653 4377 686 4439 S.
701 4375 818 4446 Thoan,
838 4397 862 4434 1.
882 4396 909 4434 a.
926 4396 956 4448 q.
973 4394 1021 4451 57,
1045 4396 1072 4434 a.
1098 4397 1127 4448 3,
1148 4374 1187 4433 ad
1208 4385 1268 4449 μ’
1290 4375 1352 4436 Csr.
1375 4397 1402 4436 η.
1432 4399 1458 4438 a.
1479 4393 1587 4452 quest.
1608 4401 1647 4452 47,

539 4482 595 4528 art.
610 4487 638 4538 a,
653 4468 689 4526 ad
704 4477 778 4540 3.··;
794 4465 906 4538 Opusc.
920 4465 957 4524 de
970 4465 1077 4524 Trinit.
1092 4473 1189 4540 super.
1205 4467 1299 4536 Βᾶθι,
1313 4485 1343 4538 q.
1359 4485 1391 4542 5,
1406 4487 1433 4528 a.
1453 4489 1477 4542 ι,
1491 4469 1528 4529 ud
1543 4479 1604 4544 3.-

575 4562 616 4630 (5)
651 4555 766 4630 Logia,
780 4567 885 4627 quest.
899 4573 936 4627 4,
947 4560 1078 4628 prorem,
1094 4555 1185 4614 conci.
1201 4573 1234 4626 a,
1248 4567 1279 4615 et
1292 4565 1331 4630 3.·

574 4647 615 4713 (6)
651 4645 823 4721 Philosoplr.
839 4643 952 4720 Perip„
968 4641 1019 4702 lib.
1037 4663 1062 4711 1,
1076 4643 1153 4717 disp.
1167 4665 1191 4716 r,
1206 4664 1236 4716 q,
1249 4665 1276 4714 a,
1292 4657 1359 4706 sect.
1380 4665 1407 4706 a.

575 4737 616 4810 (7)
653 4733 792 4808 Dialect,
805 4746 911 4808 quest.
928 4743 969 4794 s.·
979 4741 1109 4809 procem,
1122 4745 1179 4794 art.
1192 4752 1221 4808 a,
1236 4733 1301 4795 init.
