3492 5525
326 269 405 335 Cae.
425 286 492 335 ,um
507 270 598 352 Qum
615 291 657 338 ur
671 290 873 350 Quoruauex
890 294 1072 341 nuruouus
1139 289 1219 360 ,1045

138 456 268 522 venitur
281 457 322 521 ad
331 457 536 541 simpliciora,
553 467 589 524 ut
601 459 627 524 si
640 458 773 543 incipias
783 480 801 525 a
811 461 954 545 generali
969 461 1156 546 cognitione
1167 480 1261 546 argu·

139 564 362 642 mentationis,
379 584 458 632 mox
474 566 627 634 devenias
642 567 681 632 ad
697 568 936 653 propositiones
950 588 987 634 ac
1000 568 1171 652 terminos,
1187 587 1261 652 quae

137 683 215 738 sunt
234 682 340 756 partes
354 674 444 739 illius
462 676 717 758 cognoscendae;
738 675 883 741 secundo
902 695 919 741 a
940 675 1050 741 minus
1070 675 1259 741 universali-

137 780 201 846 bus
220 782 260 845 ad
285 782 390 867 magis
415 782 624 860 universalia,
652 792 689 849 ut
712 784 739 849 si
757 782 798 849 ab
818 782 960 849 hominis
989 783 1258 861 consideratione,

139 890 251 954 venias
264 889 302 953 ad
313 890 534 974 cognitionem
550 890 707 967 animalis,
720 890 870 968 viventis,
883 892 1040 975 corporis,
1055 890 1258 971 substantiae;

138 998 235 1063 tertio
254 997 294 1062 ab
313 999 431 1062 effectu
450 998 490 1061 ad
509 1016 658 1073 causam,
679 1008 716 1065 ut
734 1000 775 1065 ab
795 1000 903 1084 eclipsi
920 1000 960 1065 ad
979 1000 1260 1083 interpositionem

139 1090 243 1180 lu'nae,
263 1105 316 1169 vel
345 1124 363 1170 a
383 1104 447 1169 srne
475 1106 515 1171 ad
535 1105 699 1182 medium,
732 1126 789 1191 per
806 1107 898 1190 quod
915 1107 989 1173 imis
1008 1107 1060 1171 ille
1079 1106 1258 1172 obtinetur.

138 1212 250 1287 Ratio,
267 1231 324 1277 cur
343 1232 516 1296 processus
534 1213 574 1278 ab
594 1216 710 1279 effectu
730 1214 768 1279 ad
792 1233 922 1280 causam
943 1214 984 1281 sit
1010 1212 1207 1300 analyticus,
1228 1212 1260 1277 in

139 1321 254 1385 effectu
274 1338 446 1386 causarum
466 1320 730 1398 intrinsecarum,
752 1323 925 1389 materialis
954 1330 986 1387 et
1015 1321 1176 1397 formalis,
1206 1320 1261 1404 qui

138 1436 189 1492 est
207 1436 315 1493 totum
340 1430 578 1513 compositum,
605 1430 868 1496 manifestissima
896 1440 962 1505 est,
989 1428 1065 1513 quia
1089 1446 1261 1512 processus

140 1537 180 1600 ab
210 1536 396 1620 hujusmodi
423 1539 540 1602 effectu
567 1538 607 1602 ad
635 1556 765 1603 causam
792 1538 924 1622 perinde
949 1547 1011 1613 est,
1033 1557 1069 1602 ac
1089 1554 1262 1621 processus

140 1643 241 1709 totius
272 1646 312 1709 ad
342 1654 460 1727 partes.
497 1643 659 1727 Respectu
687 1665 763 1710 vero
794 1647 928 1712 aliarum
959 1664 1129 1711 causarum
1163 1644 1260 1710 etiam

140 1752 276 1817 effectus
299 1752 427 1817 videtur
445 1770 480 1817 se
510 1751 627 1817 habere
657 1754 756 1819 instar
781 1754 916 1839 alicujus
944 1754 1049 1837 magis
1076 1750 1261 1834 compositi,

140 1861 216 1943 quia
232 1879 351 1944 nempe
369 1879 441 1925 esse
464 1869 633 1926 causatum
656 1871 721 1926 eta
745 1862 799 1940 tali
818 1880 915 1927 causa
935 1861 1109 1945 procedere
1129 1878 1193 1925 una
1212 1868 1262 1923 est

141 1987 182 2032 ex
202 1967 287 2033 notis
306 1986 364 2034 seu
384 1966 530 2051 partibus
548 1968 629 2033 ideae
644 1967 808 2055 euectus(
833 1967 859 2056 ).

207 2075 381 2141 Methodus
399 2094 477 2140 vero
497 2076 677 2161 synthetica
699 2077 840 2161 procedit
860 2096 917 2161 per
936 2078 1026 2143 viam
1051 2074 1263 2159 compositio·
1311 2084 1440 2142 unhelcr·

140 2184 208 2259 nis,
223 2194 257 2249 et
276 2182 429 2268 opposito
455 2185 555 2249 modo
575 2185 780 2269 progreditur
799 2206 817 2250 a
835 2184 1086 2269 simplicioribus
1105 2192 1137 2248 et
1151 2183 1263 2267 priori-

140 2294 203 2357 bus
222 2292 262 2355 ad
277 2288 506 2375 compositiora
516 2302 548 2357 et
560 2293 749 2374 posteriora.
765 2292 1009 2377 Tripliciterque
1023 2293 1125 2358 teneri
1139 2300 1259 2375 potest:

143 2399 246 2482 primo
263 2399 469 2482 procedendo
483 2420 502 2463 a
516 2398 767 2483 simplicioribus
785 2402 826 2465 ad
846 2399 951 2485 magis
969 2398 1168 2483 composita,
1189 2408 1226 2465 ut
1244 2419 1262 2462 a

141 2506 287 2572 terminis
302 2507 342 2570 ad
359 2506 613 2590 propositiones,
631 2508 671 2572 ab
687 2506 789 2590 iisque
803 2508 842 2572 ad
857 2508 1099 2594 syllogismum;
1117 2506 1262 2572 secundo

139 2632 215 2679 cum
235 2635 253 2678 a
273 2614 379 2698 magis
398 2613 438 2677 ad
458 2614 567 2679 minus
587 2614 778 2680 universalia
798 2614 836 2679 sn
852 2615 992 2698 gradus,
1014 2624 1050 2679 ut
1068 2614 1093 2679 si
1114 2614 1203 2699 prius
1222 2614 1262 2678 de

140 2740 275 2808 corpore
293 2721 473 2807 generatim
494 2739 530 2787 ac
548 2720 701 2806 deinceps
719 2723 759 2788 de
784 2723 927 2807 corporis
946 2721 1116 2807 speciebus
1134 2730 1259 2806 agatur3

141 2831 235 2896 tertio
255 2831 482 2896 descendendo
497 2850 515 2894 a
529 2830 633 2895 causis
652 2831 691 2894 ad
713 2831 864 2906 effectus,
887 2842 922 2896 ut
937 2830 963 2895 si
983 2831 1207 2914 disputaturus
1222 2831 1263 2894 de

142 2937 249 3021 eclipsi
270 2939 358 3022 prius
378 2955 523 3022 exponas
546 2936 826 3020 interpositionem
846 2939 949 3018 lunae;
971 2938 1023 3002 vel
1051 2957 1070 3001 a
1089 2937 1203 3002 mediis
1219 2937 1262 3002 'ad

141 3046 258 3110 finem.
1348 3130 1352 3140 ,

209 3153 335 3237 Duplex
354 3156 422 3219 haec
443 3152 620 3218 methodus
641 3151 779 3236 spectari
799 3161 907 3236 potest
932 3151 965 3216 in
990 3151 1126 3237 singulis
1152 3171 1265 3237 opera·
1304 3161 1455 3244 Constituto

142 3261 286 3327 tionibus
309 3262 439 3326 mentis.
466 3261 503 3325 Et
523 3259 628 3342 primo
655 3259 788 3342 quidem
809 3260 836 3325 si
867 3259 1067 3342 concipiatur
1097 3249 1270 3345 objectum'
1292 3233 1465 3348 ‘³⁰¹'ss'22ffl'm

142 3389 198 3453 per
212 3369 481 3443 abstractionem,
499 3379 535 3433 ut
551 3367 588 3432 fit
600 3368 631 3433 in
645 3367 838 3432 formatione
852 3366 999 3433 idearum
1017 3368 1261 3443 universalium,
1278 3375 1300 3418 in
1315 3375 1384 3454 tribvs
1399 3372 1478 3454 pentir

142 3494 314 3561 processus
334 3476 514 3562 analyticus
533 3474 607 3556 erit;
638 3475 841 3559 syntheticus
865 3493 960 3551 vero,
981 3475 1007 3539 si
1029 3493 1123 3540 mens
1142 3475 1262 3540 conflet
1291 3443 1464 3500 ⁰¹'‘'⁸¹¹⁰'²¹b¹'⁸'

142 3585 285 3668 aliquam
301 3585 406 3648 ideam
417 3583 572 3648 factitiam
586 3583 636 3646 vel
651 3583 871 3665 complexam.
893 3581 1044 3647 Definitio
1058 3581 1169 3658 etiam,
1187 3599 1261 3665 quae

142 3694 181 3757 ad
214 3690 352 3775 primam
377 3690 600 3775 operationem
630 3691 769 3774 pertinet
802 3699 899 3773 prout
926 3708 984 3774 per
1014 3709 1192 3765 ascensum,
1228 3699 1264 3756 ut

142 3799 270 3874 dicunt,
293 3801 343 3863 vel
364 3817 420 3882 per
437 3801 616 3862 descensum
634 3797 816 3873 obtinetur,
833 3799 991 3882 analytice
1011 3799 1061 3862 vel
1080 3798 1261 3883 synthetice

142 3907 317 3990 colligitur.
345 3905 466 3971 Divisio
495 3923 572 3970 vero
591 3905 617 3970 si
647 3905 688 3970 sit
714 3904 828 3970 Totius
858 3906 1007 3982 actualis,
1038 3907 1212 3991 analytica,
1233 3907 1261 3971 si

143 4016 257 4080 Totius
277 4013 475 4097 potentialis,
496 4011 677 4098 synthetica
693 4022 758 4088 est,
775 4011 851 4094 quia
865 4011 903 4076 fit
923 4031 980 4096 per
990 4013 1264 4096 compositionem

146 4120 403 4188 differentiarum
422 4140 498 4186 cum
519 4119 642 4185 ratione
659 4118 801 4204 generis

180 4480 221 4542 (ι)
258 4475 429 4550 longiorgi,
445 4476 623 4534 institutam.
635 4475 767 4550 Logicoe,
781 4494 811 4532 n.
826 4473 963 4547 357»th
975 4475 1009 4534 cl.
1024 4475 1167 4549 Schiffini,
1183 4480 1272 4538 Prin·

147 4569 231 4640 cipio
245 4567 450 4641 platosoplic,
462 4585 492 4624 u.
507 4584 571 4638 412,
585 4564 617 4623 in
632 4578 710 4624 uota.
