3492 5525
545 487 604 570 376
736 486 864 550 Loorca
885 485 1134 550 Minoa-Disr.
1158 497 1201 566 3.·
1223 485 1301 548 Cap.
1328 497 1397 566 μω

504 689 760 780 conficiendum.
793 688 839 754 V.
874 709 914 774 g.
947 688 1122 756 substantia
1153 687 1330 771 intelligens
1359 687 1535 769 spirituus
1562 692 1621 753 est.

504 797 567 862 Sed
582 797 706 862 artimus
740 797 895 862 humanus
912 796 1089 878 intelligens
1110 798 1167 861 est.
1188 795 1267 878 Ergo
1288 794 1531 877 spiritulisesi.
1560 796 1625 861 Sed

504 904 677 970 substantia
690 903 866 986 spiritrcalis
884 908 931 969 est
948 903 1145 968 immortalis.
1166 904 1251 986 Ergo
1266 901 1392 967 animus
1409 902 1562 968 humanus
1577 907 1628 966 cst

503 1012 700 1076 immortalis.

569 1116 692 1183 Confici
711 1135 845 1201 quoque
859 1127 980 1202 potest
1007 1115 1122 1183 similis
1143 1117 1382 1201 argumentatio
1407 1135 1448 1182 ex
1475 1115 1623 1202 pluribus

503 1224 777 1312 enthymematis
795 1227 847 1291 vel
863 1224 962 1290 etiam
973 1243 1014 1290 ex
1025 1224 1219 1310 syllogismo
1233 1234 1267 1288 et
1276 1225 1520 1310 enthymemate
1537 1225 1623 1293 inter

503 1351 577 1398 sese
595 1332 765 1402 consertis.
894 1419 898 1426 Ι

316 1455 466 1513 Epichereme.
554 1443 626 1506 182.
674 1441 869 1523 Epichcrema
888 1441 1024 1506 demum
1044 1450 1094 1506 est
1112 1438 1332 1526 syllogismus,
1352 1441 1446 1525 cujus
1464 1439 1554 1505 alteri
1569 1442 1621 1505 vel

504 1547 634 1631 utrique
649 1550 827 1631 praemissae
848 1567 909 1613 sua
934 1548 1045 1615 statim
1064 1548 1239 1632 apponitur
1258 1546 1416 1632 probatio.
1438 1547 1479 1614 V.
1499 1567 1534 1631 g.
1558 1549 1623 1614 Eas

502 1655 666 1736 spirituale
674 1656 781 1738 parire
799 1657 916 1741 nequit,
935 1657 1010 1740 quia
1028 1657 1151 1720 nullum
1169 1655 1258 1721 babet
1272 1654 1479 1737 corruptionis
1500 1655 1624 1736 princi-

498 1761 598 1844 pium.
611 1762 675 1828 Sed
686 1761 794 1828 cninra
813 1764 948 1828 humana
965 1762 1141 1843 spiritualis
1157 1764 1213 1840 est,
1228 1780 1299 1827 cum
1312 1763 1421 1827 babeat
1431 1761 1623 1844 operationes

501 1869 692 1950 spirituales,
708 1872 903 1954 quolessunt
913 1870 1076 1936 intellectio
1090 1869 1249 1935 etvolitio.
1266 1870 1349 1954 Ergo
1365 1868 1473 1935 anima
1486 1869 1623 1934 bumana

427 2059 429 2064 ‚
497 1977 603 2058 perire
616 1973 798 2064 nequit(r).

567 2084 652 2150 Nota
670 2059 780 2150 autem
799 2085 997 2168 Epr'ctcrcma
1016 2085 1048 2150 in
1075 2083 1145 2151 aliis
1174 2103 1306 2169 quoque
1334 2083 1624 2170 significationibus

502 2209 520 2255 a
546 2190 657 2274 priscis
685 2190 890 2276 Phnosopnis
917 2203 1085 2275 acceptum
1112 2191 1226 2258 tuisse.
1255 2193 1338 2258 Nam
1359 2191 1549 2257 Aristoteles
1570 2189 1623 2279 (a)

503 2297 694 2380 Epichcrerna
709 2307 804 2364 vocat
816 2299 1046 2384 syllogismum
1061 2299 1277 2376 dialecticum,
1290 2301 1345 2382 qui
1361 2318 1479 2382 nempe
1492 2310 1623 2385 constat

502 2423 543 2469 ex
557 2404 794 2488 probabilibus3
811 2405 862 2470 alii
874 2425 952 2472 vero
964 2407 1097 2473 nomine
1111 2405 1557 2490 Epicherematisinteliigunt
1570 2404 1624 2494 (3)

502 2511 634 2577 brevem
655 2514 832 2595 quamdam
852 2533 889 2579 ac
912 2515 1141 2579 vehementem
1161 2513 1318 2579 rationem
1338 2513 1537 2596 probabilem
1557 2534 1624 2579 una
1734 2590 1735 2597 7

502 2619 680 2702 praesertim
718 2619 939 2704 propositione
966 2623 1258 2704 comprehensam:
1288 2623 1401 2704 quales
1430 2630 1509 2687 sunt
1536 2620 1621 2687 istae:

418 2786 423 2795 .
500 2725 718 2812 Materfilium
736 2727 883 2795 occidat?
902 2726 1000 2794 Tanto
1018 2732 1148 2812 tempore
1166 2727 1323 2794 vobiscum
1345 2746 1426 2806 sum,
1441 2731 1473 2792 et
1495 2745 1558 2792 non
1571 2747 1627 2793 co-
1734 2724 1736 2739 '

496 2834 648 2916 gnouistis
661 2834 730 2900 mc?
751 2832 799 2921 (4)

918 3206 1118 3293 CAPUT
1153 3208 1203 3291 V.

732 3425 836 3487 DE
865 3424 1394 3490 DIVISIONIBUS

583 3608 1041 3675 ARGUMENTATIONIS
1067 3610 1275 3675 RATIONE
1300 3609 1537 3676 MATERIAE.

334 3940 447 3987 0„;„„„
569 3908 734 3975 Hactenus
764 3907 804 3973 de
828 3906 1043 3993 speciebus,
1036 3926 1069 3974 rn
1095 3928 1177 3993 quas
1198 3912 1436 3995 argumentatio
1467 3912 1625 3980 dividitur

299 4011 489 4141 fidfflffiffi·
503 4014 626 4081 ratione
646 4017 772 4081 iormae.
792 4014 861 4094 Jam
883 4016 909 4081 si
930 4016 1117 4093 materiam,
1138 4016 1220 4082 circa
1236 4036 1337 4101 quam
1357 4020 1475 4085 versari
1494 4024 1623 4104 quavis

302 4168 376 4199 ,mm
355 4098 468 4209 ,ξω
503 4122 702 4188 ratiocinatio
718 4132 843 4206 potest,
864 4132 1069 4206 spectemus,
1086 4124 1267 4191 efflorescat
1286 4126 1455 4191 notissima
1469 4126 1521 4192 ilia
1540 4128 1624 4195 divi-

311 4223 462 4351 „311¹ssssss
502 4229 551 4295 sio
570 4228 604 4294 in
625 4230 950 4314 argumentationem
973 4231 1264 4310 demonstrativam,
1289 4251 1346 4298 seu
1368 4234 1623 4302 demonstratio

536 4424 578 4497 (r)
615 4424 691 4483 Vide
702 4424 781 4498 apud
792 4424 964 4483 Ciceronem
977 4425 1044 4490 (lib
1059 4446 1070 4483 r
1081 4426 1118 4484 de
1126 4428 1309 4499 inventione)
1317 4426 1467 4502 egregium
1476 4429 1552 4500 huju
1561 4450 1624 4489 aar*

501 4526 733 4588 gumentatroms
741 4514 907 4586 exemplum
921 4514 959 4571 ud
971 4513 1229 4574 demonstrandam
1246 4516 1459 4589 providentiam
1474 4517 1621 4578 divinam.

538 4607 578 4671 (a)
614 4602 679 4661 Lib.
695 4604 874 4677 8Topicor.,
890 4614 996 4678 cap..4

538 4694 579 4765 (3)
614 4693 702 4765 Apud
715 4694 927 4752 Fonsecalnst.
938 4695 1069 4765 dialect„
1082 4695 1134 4754 lib.
1149 4716 1177 4769 7,
1188 4715 1250 4767 cap.
1267 4696 1350 4756 ofin

538 4788 578 4855 (4)
614 4782 718 4851 Joann.
733 4803 796 4855 cap.
815 4800 857 4856 14,
867 4802 934 4855 u..9
