3492 5525
573 490 634 554 934
690 474 816 538 toarci
831 475 1073 549 innon-im..
1091 488 1148 551 2¹²¹,
1163 475 1255 539 Drse.
1270 488 1316 557 4·
1331 474 1411 535 Cae.
1437 484 1528 533 mm

1335 574 1674 593 -—--—-—-

529 648 682 741 'numque
700 649 867 736 accidunt,
893 658 1023 726 fortuita
1042 678 1140 725 nemo
1163 658 1344 736 existimat,
1364 659 1476 741 idque
1493 652 1583 721 alibi
1612 668 1675 736 pro-

532 764 628 829 batur
644 760 710 853 (τ).

599 870 755 938 Praeterea
773 872 861 939 entia
888 883 922 939 et
943 875 1080 942 effectus
1103 894 1161 959 per
1184 874 1348 949 accidens,
1380 892 1449 957 qua
1484 870 1591 945 talia,
1613 886 1667 933 non

533 977 654 1044 habent
671 981 754 1046 ullas
772 991 877 1048 certas
894 1000 932 1049 ac
951 980 1101 1049 delinitas
1118 1000 1249 1059 causas,
1265 982 1353 1049 unde
1365 976 1600 1064 proveniant,
1616 978 1664 1041 sed

531 1084 632 1151 modo
651 1087 693 1153 ab
710 1088 788 1165 hac,
817 1090 917 1156 modo
944 1091 986 1157 ab
1003 1091 1063 1156 alia
1088 1091 1278 1175 procedunt.
1308 1090 1391 1174 Ergo
1419 1106 1548 1171 neque
1573 1086 1660 1149 etiam

531 1201 686 1276 poterunt
711 1196 795 1263 circa
813 1197 866 1263 illa
893 1199 1188 1265 demonstrationes
1215 1197 1355 1273 institui,
1375 1216 1413 1261 ac
1436 1194 1592 1281 proinde
1610 1210 1659 1257 nec

531 1310 640 1385 potest
659 1301 786 1390 ¹haberi
817 1304 858 1369 de
883 1305 944 1371 illis
972 1304 1122 1381 scientia,
1148 1305 1310 1390 siquidem
1337 1303 1473 1370 scientia
1505 1302 1658 1385 importat

529 1409 752 1494 cognitionem
768 1411 811 1477 rei
826 1431 867 1478 ex
883 1412 1019 1499 propriis
1042 1412 1206 1498 principiis
1224 1400 1403 1496 causisque
1412 1430 1473 1496 per
1486 1428 1529 1477 se
1553 1428 1592 1473 ac
1609 1406 1656 1471 de·

527 1516 725 1586 terminatis.
1009 1578 1011 1585 .

535 1665 538 1671 ,
594 1623 698 1691 Simili
728 1626 828 1692 modo
859 1636 948 1711 patet
977 1629 1074 1694 etiam
1104 1629 1268 1713 objectum
1298 1626 1441 1693 scientiae
1462 1642 1536 1691 non
1567 1642 1652 1709 posse

527 1748 599 1796 esse
616 1750 675 1797 ens
695 1752 752 1816 ρετ
769 1732 917 1801 decidens
930 1736 962 1801 in
978 1736 1041 1801 alio
1055 1754 1175 1811 sensu,
1197 1754 1316 1819 nempe
1336 1744 1504 1820 quatenus
1525 1752 1589 1799 ens
1602 1752 1650 1816 ρετ

526 1837 676 1906 accidens
701 1840 787 1905 idem
808 1843 912 1907 valeat
934 1862 971 1907 ac
990 1861 1055 1908 non
1085 1861 1187 1909 unum
1218 1862 1274 1927 per
1300 1861 1353 1917 se,
1373 1842 1432 1907 sed
1458 1860 1569 1907 unum
1601 1858 1649 1923 per

450 1943 455 1952 '
525 1945 675 2012 accidens
692 1948 895 2032 diversisque
913 1960 1067 2016 constans
1085 1952 1248 2020 essentiis.
1269 1950 1353 2015 Nam
1372 1967 1433 2015 ens
1460 1947 1647 2034 hujusmodi

490 2108 495 2117 .
526 2070 584 2136 per
601 2053 748 2144 accidens
762 2075 838 2121 cum
853 2059 1013 2123 coalescat
1032 2076 1073 2124 ex
1092 2057 1227 2124 diversis
1242 2057 1409 2133 essentiis,
1427 2067 1465 2123 ut
1481 2076 1515 2123 v.
1534 2076 1572 2142 g.
1587 2072 1648 2119 rau-
1717 2112 1718 2115 ,

524 2158 609 2224 sr'cacr
626 2172 657 2228 et
683 2163 922 2245 grammaticus,
941 2165 1032 2230 albas
1051 2174 1083 2229 et
1106 2164 1260 2242 medicus,
1287 2164 1434 2230 diversas
1454 2182 1524 2247 prae
1538 2182 1574 2229 se
1593 2164 1644 2225 lert

525 2267 734 2334 formalitates
751 2279 851 2353 atque
868 2271 1046 2337 scibililatcs
1065 2290 1123 2354 pro
1142 2273 1296 2338 varietate
1315 2271 1521 2339 diversarum
1542 2288 1643 2337 essen

523 2372 655 2449 tiarum,
677 2383 754 2458 puta
776 2376 891 2443 musici
908 2387 940 2443 et
958 2378 1173 2461 grammatici,
1193 2378 1261 2444 aldi
1277 2386 1310 2442 et
1328 2377 1455 2445 musici.
1481 2378 1582 2461 Atqui
1596 2398 1638 2450 ea,

523 2497 599 2561 quae
627 2482 770 2549 diversas
800 2484 987 2551 scibilitates
1010 2486 1184 2561 exhibent,
1213 2486 1340 2570 objecta
1366 2486 1582 2569 suppeditant
1600 2486 1640 2549 di-

524 2605 689 2655 versarum
716 2592 937 2659 scientiarum.
970 2592 1052 2676 Ergo
1071 2611 1136 2659 una
1163 2594 1345 2676 eademque
1370 2592 1508 2658 scientia
1537 2592 1636 2675 nequir
1717 2622 1718 2643 ι

523 2694 576 2759 illa
593 2697 822 2782 contemplari,
838 2718 875 2765 ac
896 2700 1029 2784 proinde
1047 2718 1106 2766 cns
1125 2697 1311 2786 hujusmodi
1332 2716 1390 2783 per
1408 2699 1561 2796 accidens
1578 2716 1634 2766 non

522 2813 572 2870 est
600 2805 764 2890 objectum
793 2806 937 2873 scientiae
965 2805 1028 2894 (2).
1058 2808 1138 2873 Hinc
1161 2815 1358 2873 econverso
1376 2807 1544 2891 colligitur
1559 2807 1632 2872 entia

522 2911 727 2979 diversorum
742 2931 919 2998 generum,
941 2915 1014 2980 licet
1034 2915 1164 3000 physice
1185 2922 1350 2998 nequeant
1365 2911 1497 2980 efficere
1515 2933 1572 2981 ens
1585 2931 1632 2997 per

519 3037 573 3095 se,
589 3029 626 3084 ut
643 3039 677 3085 v.
692 3040 729 3105 g.
744 3022 831 3086 homo
844 3031 876 3087 et
891 3023 998 3102 canis;
1013 3021 1222 3088 nihilominus
1237 3039 1333 3105 posse
1347 3022 1454 3105 logice
1467 3040 1534 3087 esse
1546 3041 1629 3086 urum

514 3134 576 3208 per
594 3145 639 3201 se,
660 3146 697 3192 ac
716 3128 851 3212 proinde
869 3129 1074 3195 'constituere
1104 3129 1269 3214 objectum
1298 3127 1398 3194 unius
1423 3129 1628 3212 ejusdemque

520 3233 679 3310 scientiae,
700 3235 728 3300 si
748 3253 866 3318 nempe
886 3235 948 3302 sub
963 3254 1027 3301 una
1045 3236 1216 3304 communi
1241 3236 1365 3301 ratione
1379 3236 1625 3310 considerentur,

518 3360 553 3404 ν.
578 3359 613 3424 g.
634 3340 737 3407 homo
756 3351 790 3408 et
807 3343 908 3418 canis,
929 3342 955 3408 si
980 3351 1167 3426 spectentur.
1184 3350 1221 3408 ut
1238 3342 1411 3417 animalia,
1434 3351 1472 3408 ut
1491 3351 1627 3425 corporea

516 3447 715 3526 ndstanta'ae,
736 3460 773 3516 ut
790 3449 877 3514 anna
894 3453 1048 3534 quadam.
1422 3465 1427 3476 ·

585 3561 705 3623 Unum
718 3571 834 3624 autem
849 3571 1006 3625 notatum
1020 3564 1181 3624 volumus
1194 3555 1389 3622 «aliudesse
1408 3557 1501 3640 loqui
1513 3557 1553 3622 de
1562 3568 1624 3622 ente

518 3681 574 3746 per
592 3663 739 3729 accidens
750 3664 861 3746 ‚quoad
878 3683 946 3728 rem
967 3665 1145 3750 subjectam
1161 3664 1236 3729 huic
1250 3663 1536 3740 demonstrationi,
1551 3663 1623 3730 aliud

515 3769 557 3834 de
580 3769 719 3852 ipsamet
746 3771 871 3836 iormali
895 3771 1017 3837 ratione
1046 3771 1130 3837 entis
1155 3789 1212 3855 per
1239 3770 1407 3851 accidens3
1432 3771 1523 3854 quod
1548 3773 1624 3838 aliter

548 4041 589 4103 (τ)
625 4036 701 4097 Vide
713 4036 815 4105 Arist„
826 4035 876 4094 lib.
891 4038 919 4106 6,
935 4044 977 4095 a!
988 4038 1153 4110 Phystion,
1168 4055 1231 4108 cap.
1246 4035 1274 4105 6,
1291 4047 1363 4094 text.
1381 4037 1428 4106 58,
1444 4035 1495 4096 ubi
1507 4038 1558 4095 hoe
1568 4057 1621 4108 pro

513 4126 608 4184 batur.
649 4151 653 4156 ·

565 4215 671 4274 Totum
686 4217 741 4273 hoe
754 4229 959 4288 argumentum
974 4214 1129 4273 videndum
1142 4212 1261 4273 omnino
1271 4227 1318 4272 eet
1331 4215 1414 4286 apud
1428 4213 1463 4275 S.
1479 4215 1573 4274 Thom.
1589 4227 1619 4272 rr

510 4305 636 4373 Poster.¹
652 4305 716 4363 leet.
732 4325 767 4378 42
781 4304 847 4362 init.
863 4325 930 4362 cum
946 4303 1065 4363 Aristar„
1083 4303 1120 4361 ib.
1136 4323 1197 4375 cap.
1215 4323 1259 4376 34.
1285 4375 1288 4382 Δ

545 4397 586 4457 (2)
623 4392 698 4452 Vide
710 4394 850 4460 Fonseea,
866 4391 917 4449 lib.
936 4393 1141 4468 6·Metapleys.,
1163 4411 1188 4448 e.
1204 4411 1231 4459 a,
1244 4412 1273 4464 q.
1294 4413 1318 4461 ις
1333 4393 1513 4465 Alemanni,
1524 4395 1615 4455 Suram.

508 4483 690 4557 Philosoph„
706 4483 792 4555 prim.
808 4495 882 4554 part.
899 4503 927 4553 q.
943 4501 989 4556 29,
1004 4503 1030 4540 a.
1044 4503 1069 4552 33
1087 4480 1183 4548 Suam,
1198 4478 1228 4540 in
1243 4483 1343 4539 lodice
1358 4485 1579 4556 locupletissim.
1592 4483 1615 4540 io

508 4571 637 4646 Metapla.
654 4570 740 4630 Arist
758 4571 808 4629 lib.
823 4573 849 4638 6,
865 4591 932 4641 cap.
948 4591 973 4628 2.
989 4571 1055 4629 Non
1071 4569 1176 4628 desunt
1186 4582 1284 4628 mmen
1299 4584 1453 4643 auctores,
1470 4575 1521 4646 qui
1533 4587 1615 4647 putem

506 4660 543 4719 de
557 4660 725 4731 hujusmodi
739 4674 806 4718 ento
816 4679 869 4732 ρετ
881 4658 1011 4718 accidens
1023 4659 1084 4717 dari
1097 4677 1182 4732 posse
1196 4659 1358 4718 scientiam.
1376 4660 1460 4721 Vide
1474 4664 1613 4728 Commii,

506 4748 558 4807 lib.
575 4750 745 4820 r.⁰Poster.,
756 4769 818 4821 cap.
838 4769 879 4817 ro,
891 4769 920 4821 q.
935 4769 961 4818 2,
977 4763 1031 4806 art.
1047 4768 1070 4817 r,
1085 4767 1158 4806 vero.
1168 4748 1221 4807 fin.
1237 4747 1611 4813 insolutionodiffieultetis
