3492 5525
560 515 617 579 412
672 499 794 562 Locren
809 498 1043 574 Maron-Lan.
1064 497 1241 576 1.¹¹⁸‚Drse.
1263 512 1303 562 t.·
1318 498 1396 564 Can.
1416 513 1484 564 num
1542 481 1552 498 ’

588 679 741 746 Mensura
766 681 946 748 extrinseca
973 691 1024 750 est
1050 693 1142 748 extra
1162 701 1249 758 rem.
1268 683 1362 768 cujus
1389 689 1440 750 e'st
1458 699 1634 758 mensura,

519 786 602 852 sicut
628 790 704 854 ulna
730 799 781 856 est
809 809 963 856 mensura
989 790 1101 874 panni.
1123 790 1296 857 intrinseca
1324 809 1401 857 vero
1429 789 1567 875 pertinet
1592 791 1636 856 ad

507 911 605 971 rem,
624 897 718 981 cujus
736 908 787 963 est
805 915 974 965 mensura:
990 917 1059 982 quo
1074 909 1170 983 pacto
1187 899 1302 964 eadem
1322 899 1399 964 ulna
1414 909 1464 964 est
1483 915 1637 964 mensura

491 1069 496 1080 ,
514 991 723 1087 equalitatis,
743 1023 817 1088 quae
836 1007 1006 1072 intercedit
1023 1005 1108 1072 inter
1124 1005 1229 1090 ipsam
1254 1015 1287 1071 et
1306 1023 1466 1092 pannum.
1485 1007 1636 1089 itemque

514 1113 618 1177 lorma
636 1112 856 1180 substantialis
879 1114 1002 1192 ‚dicitur
1020 1133 1172 1180 mensura
1197 1113 1403 1198 perfectionis
1428 1113 1557 1198 speciei.
1583 1113 1636 1178 Si-

513 1219 581 1286 mili
600 1239 680 1306 crgo
700 1222 800 1286 modo
819 1219 985 1308 objectum
1005 1239 1076 1288 esse
1095 1232 1202 1306 potest
1226 1238 1379 1288 mensura
1396 1230 1489 1286 actus
1503 1221 1586 1296 veri,
1599 1229 1634 1286 ct

512 1327 724 1394 nihilominus
743 1329 904 1414 pertinere
922 1329 963 1394 ad
981 1328 1251 1396 constitutionem
1275 1328 1437 1406 veritatis,
1464 1328 1506 1393 ab
1528 1347 1634 1414 eaque
1675 1407 1684 1416 ι

508 1436 619 1504 solum
639 1435 844 1522 inadaequate
862 1436 1031 1524 distingui.

509 1629 515 1636 .
553 1549 661 1628 objic.
684 1543 737 1612 ⁵.⁰
787 1544 897 1630 Aliqui
912 1555 1005 1612 actus
1018 1552 1098 1612 sunt
1111 1546 1293 1612 necessario
1307 1553 1407 1628 atque
1420 1543 1634 1611 essentialiter

509 1650 588 1716 veri.
615 1649 715 1736 Atqui
743 1651 834 1735 quod
861 1653 1075 1719 essentialiter
1100 1671 1215 1720 verum
1243 1661 1311 1728 est,
1330 1651 1504 1718 intrinsece
1528 1672 1569 1718 cx
1594 1671 1634 1718 se

507 1759 677 1842 adaequate
711 1779 825 1826 verum
859 1769 921 1828 est.
956 1761 1039 1848 Ergo
1067 1763 1185 1828 saltem
1220 1762 1367 1827 nonnulli
1394 1768 1488 1826 actus
1519 1779 1631 1826 secum

510 1868 680 1950 adaequate
699 1867 901 1935 identificant
919 1869 1102 1935 veritatem.

574 1981 678 2060 Resp.
699 1976 773 2042 dist.
799 1977 913 2064 Major.
935 1975 968 2041 ld
986 1984 1055 2054 est,
1075 1995 1117 2042 ex
1138 1995 1198 2042 sua
1215 1975 1354 2043 essentia
1373 1976 1539 2060 postulant
1556 1993 1632 2042 esse

507 2099 621 2160 veros,
642 2091 741 2167 atque
760 2084 842 2150 adeo
861 2082 985 2150 habent
1007 2083 1098 2150 inse
1121 2083 1292 2150 intrinsece
1316 2084 1486 2148 veritatem
1510 2083 1633 2150 radica·

507 2190 592 2268 lem,
616 2209 719 2268 conc„
740 2189 773 2256 id
797 2200 864 2268 est,
885 2211 927 2256 cx
955 2209 1015 2257 sua
1041 2191 1183 2258 essentia
1209 2191 1331 2258 habent
1357 2198 1431 2256 actu
1459 2190 1630 2256 formalem

506 2295 694 2376 veritatem,
715 2315 783 2382 neg.
802 2299 887 2364 Nam
907 2299 948 2364 ad
968 2300 1137 2365 formalem
1157 2299 1344 2374 veritatem,
1367 2307 1403 2365 ut
1422 2299 1492 2384 jam
1512 2298 1633 2382 proba-

505 2413 578 2471 tum
599 2416 665 2482 est,
688 2406 858 2490 requiritur
876 2406 1066 2472 connotatio
1084 2408 1127 2474 ad
1144 2405 1323 2493 objectum.
1454 2393 1458 2402 ’

572 2512 610 2579 Et
627 2513 885 2580 contradislincla
904 2513 1038 2590 Minori,
1059 2533 1126 2598 neg.
1146 2532 1281 2598 conseq.

550 2625 658 2704 objic.
680 2620 733 2688 ⁶.⁰
780 2621 826 2688 Ex
845 2621 1044 2706 Philosopho
1061 2639 1171 2687 oerum
1198 2630 1230 2686 et
1246 2623 1370 2707 fultum
1397 2639 1463 2687 non
1489 2622 1631 2686 suntin

506 2729 612 2807 rebus,
634 2730 717 2797 sicut
735 2729 861 2797 bonum
891 2739 924 2796 et
942 2731 1085 2807 malum,
1105 2732 1161 2795 sed
1185 2729 1221 2793 in
1249 2729 1406 2819 intellectu
1431 2725 1496 2815 (ι).
1526 2729 1630 2813 Atqui

505 2840 595 2905 solus
614 2848 707 2905 actus
725 2847 774 2905 est
792 2836 826 2905 in
839 2837 1018 2915 intellectu,
1035 2857 1101 2904 non
1121 2856 1199 2933 vero
1214 2838 1394 2924 objectum.
1411 2836 1494 2923 Ergo
1508 2838 1541 2903 in
1554 2837 1630 2903 solo

505 2956 579 3014 actu
599 2946 748 3013 consistit
766 2946 937 3031 adaequate
954 2944 1086 3012 veritas.

573 3052 674 3139 Reep.
695 3073 761 3139 neg.
783 3072 920 3138 conseq.
945 3054 1069 3119 Verum
1097 3052 1184 3119 enlm
1215 3060 1249 3118 et
1276 3054 1395 3119 falsum
1414 3051 1517 3119 estin
1536 3053 1630 3119 intel·

506 3163 610 3238 lectu,
632 3160 708 3245 quia
734 3162 803 3227 sola
829 3160 972 3247 cognitio
999 3160 1136 3244 suscipit
1161 3160 1462 3227 denominationem
1486 3161 1553 3226 veri
1571 3162 1627 3225 vel

507 3269 575 3335 salsi
595 3268 704 3355 logici.
727 3266 777 3333 Ad
796 3271 858 3335 hoc
876 3278 1005 3344 autem,
1026 3276 1064 3335 ut
1081 3268 1150 3335 sola
1172 3268 1316 3353 cognitio
1334 3267 1488 3351 suscipiat
1511 3268 1625 3352 hujus·

506 3374 595 3442 modi
614 3376 933 3453 denominationem,
957 3394 1022 3441 non
1043 3384 1093 3441 cst
1112 3392 1260 3452 necesse,
1282 3384 1319 3441 ut
1341 3374 1413 3441 talis
1431 3373 1628 3440 donomina-

504 3482 550 3549 tio
568 3482 611 3549 sit
630 3480 678 3549 illl
693 3484 863 3568 adaequate
882 3483 1067 3550 intrinseca.
1083 3480 1193 3559 Quare
1207 3480 1326 3549 veritas
1339 3471 1537 3566 estquidam
1553 3483 1627 3547 sola
1744 3563 1745 3586 Χ

504 3591 536 3656 in
561 3599 633 3657 actu
662 3588 858 3677 cognitionis
885 3590 996 3675 quoad
1021 3590 1319 3669 denominatum,
1340 3608 1407 3657 non
1433 3596 1543 3655 autem
1571 3606 1628 3656 se·
1744 3651 1745 3654 ,

503 3699 651 3765 cundum
672 3717 741 3764 rem
762 3699 884 3783 ipsam,
906 3699 938 3765 in
958 3716 1023 3783 qua
1042 3698 1181 3764 essentia
1200 3697 1343 3765 veritatis
1362 3696 1540 3783 reponitur.
1744 3681 1745 3700 ¹

571 3806 663 3872 Plura
682 3806 770 3891 apud
789 3806 929 3882 Suarez,
950 3808 1059 3892 Mayr,
1079 3805 1216 3892 Semcry
1237 3802 1302 3893 (a),
1323 3803 1527 3871 Franciscum
1544 3802 1627 3869 Soa-

505 3930 558 3980 rez
578 3915 764 4009 lusitanum
782 3910 849 4001 (3);
870 3923 904 3978 et
921 3912 996 3979 vide
1010 3909 1147 3979 omnino
1166 3914 1307 3981 Lossada
1323 3910 1388 4001 (4).

540 4186 582 4249 (ι)
619 4180 683 4241 Lib.
698 4182 742 4240 ⁶.·
757 4180 965 4256 Meloplsysc'c.‚
981 4192 1053 4239 text.
1067 4179 1184 4239 Comm.
1199 4180 1228 4239 8.
1349 4186 1353 4191 ’

540 4272 581 4338 (a)
618 4271 702 4331 Locis
716 4270 823 4330 citatis.

513 4396 522 4411 ·
540 4364 583 4430 (3)
618 4362 662 4419 De
676 4362 807 4431 Animo..
820 4372 904 4419 tract.
920 4381 952 4433 3,
967 4360 1045 4433 disp.
1062 4378 1093 4429 a,
1108 4373 1178 4420 sect.
1192 4381 1226 4433 4,
1241 4380 1358 4435 paragr.
1373 4380 1389 4418 a
1409 4371 1440 4418 et
1453 4380 1481 4431 3.

541 4456 581 4523 (4)
618 4449 887 4524 Loc.cit.‚cap.a.
