3492 5525
316 454 434 519 Anrrc.
460 468 518 535 3³¹·
541 452 732 517 Srmurrun
749 472 869 517 vunnu
889 471 1086 519 carnuntum
1152 468 1216 539 2555

128 642 282 707 comatur
298 638 514 705 detminata
527 656 566 703 ex
581 636 648 714 toc,
663 638 746 723 qaod
761 638 886 723 aliquid
893 645 953 720 per
964 640 1068 705 tumen
1086 638 1259 705 intellectus

128 746 321 831 sufficienter
339 751 462 830 inspici
475 752 665 830 peripsum
678 748 790 827 potest.
804 746 840 811 In
857 746 988 811 scientia
1005 763 1079 811 vero
1089 746 1259 811 concludo·

131 872 212 921 num
233 857 382 921 causatur
405 853 623 919 determinatio
647 872 688 919 ex
706 852 777 928 boe,
797 854 881 936 quod
903 852 1061 922 coralusio
1091 854 1259 919 sedendum

130 966 237 1033 actam
252 948 388 1028 rationis¹
404 962 438 1026 in
452 960 610 1043 principia
622 966 683 1041 par
703 978 735 1025 se
751 958 822 1025 visa
846 959 1033 1041 resoluitum
1051 961 1086 1025 in
1099 961 1169 1047 Jide
1185 978 1259 1026 uera

131 1090 176 1135 ex
202 1070 271 1145 boc,
298 1070 381 1154 qaod
397 1071 543 1135 voluntas
568 1066 740 1133 intellectui
765 1066 910 1149 imperat.
928 1068 991 1135 Sed
1013 1068 1089 1152 quia
1115 1069 1259 1134 volmar
1360 1146 1371 1165 ι

132 1178 190 1245 hoc
216 1179 306 1243 mado
330 1196 393 1243 non
421 1176 609 1242 determinat
633 1175 837 1249 intellectum,
864 1178 904 1239 ut
921 1175 1031 1259 saciat
1050 1181 1172 1258 inspici
1189 1194 1260 1259 aaa

132 1287 321 1362 ereduntur,
340 1284 425 1350 sicut
439 1282 650 1366 inspiciuntur
662 1282 822 1364 principia
835 1288 943 1364 perse
960 1287 1051 1360 nota,
1070 1286 1123 1347 oet
1132 1301 1207 1366 ,quae
1223 1282 1258 1347 in

133 1392 203 1473 absa
216 1393 435 1469 resolvuntur,
445 1392 500 1457 sed
517 1390 571 1457 boe
588 1392 678 1455 modo
695 1392 734 1455 ut
749 1390 923 1457 intellectas
931 1388 1071 1474 fimiter
1087 1390 1259 1470 adhereat
1320 1390 1324 1395 ’

132 1504 211 1567 ideo
234 1504 402 1566 certitudo
419 1520 500 1583 quae
518 1511 572 1565 est
589 1504 626 1565 in
646 1502 789 1565 scientia
808 1512 842 1565 et
860 1502 1034 1566 intellectu
1051 1514 1166 1567 estex
1184 1504 1259 1582 ipss

133 1610 307 1675 evidentia
320 1629 458 1685 eorum,
476 1630 556 1690 quae
574 1620 668 1673 certa
688 1628 766 1674 esse
781 1611 943 1673 dicuntur
956 1602 1020 1694 (t).

181 1841 236 1908 97.
289 1821 466 1889 Scuouou.
515 1821 628 1888 Solent
665 1820 716 1886 hic
752 1821 945 1887 recentiores
982 1822 1076 1887 multi
1113 1840 1256 1905 quarere
1282 1830 1436 1917 ''ouaenant

133 1940 230 1996 utrua
249 1930 410 1997 evidentia
429 1930 622 2017 dignitatem
638 1932 719 1997 banc
737 1929 884 2013 supremi
905 1949 942 1995 ac
963 1931 1122 2015 generalis
1140 1930 1255 1996 criterii
1296 1907 1445 2022 affinem

131 2038 295 2113 obtineat,
315 2037 536 2123 subjectivane
555 2056 595 2103 an
616 2037 790 2121 objectiva,
812 2046 844 2101 et
863 2035 988 2103 variant
1001 2046 1170 2104 auctorum
1186 2038 1256 2121 opi·
1303 2067 1439 2107 supremum,

132 2145 266 2226 niones3
287 2145 356 2211 aliis
385 2144 600 2230 objectivam,
622 2145 691 2210 aliis
717 2143 932 2229 subjectivum
958 2144 1139 2211 tuentibus.
1161 2144 1256 2227 Equi-
1276 2125 1463 2256 'uz'ssjfflm

130 2254 210 2318 dem
229 2270 346 2321 censeo
365 2252 397 2320 in
418 2252 530 2338 primis
554 2252 809 2319 controversiam
838 2254 921 2317 hanc
949 2270 1015 2318 non
1045 2253 1155 2337 magni
1184 2270 1256 2319 esse

132 2361 308 2437 momenti,
329 2360 511 2426 dummodo
527 2360 697 2427 evidentiae
722 2360 855 2426 nomine
873 2378 939 2425 non
954 2360 1079 2444 quaevis
1100 2378 1258 2444 apparen-

130 2468 178 2535 tia
205 2476 238 2532 et
267 2468 372 2533 fucata
399 2468 523 2534 claritas
555 2466 765 2552 intelligatur,
791 2466 848 2532 sed
877 2485 952 2532 vera
980 2485 1158 2550 serenaque
1185 2476 1256 2533 tum

129 2573 263 2661 objecti,
284 2587 355 2642 tum
375 2574 570 2673 cognitionis
589 2574 812 2659 perspicuitas,
829 2592 929 2657 quam
948 2576 1019 2640 tuse
1037 2592 1136 2658 supra
1155 2575 1259 2640 decla-

130 2682 292 2751 ravimus

201 2790 322 2858 Deinde
341 2790 478 2857 arbitror
503 2790 673 2856 evidentiae
693 2789 883 2875 subjectivae
902 2809 967 2856 non
989 2799 1075 2857 recte
1103 2789 1257 2875 denegari
1338 2829 1404 2873 m„

128 2897 354 2966 conditionem
374 2896 488 2963 criterii
508 2915 549 2963 ex
569 2917 608 2963 eo
626 2899 756 2971 solum,
771 2897 868 2979 ,quod
887 2898 941 2962 illa
959 2898 1119 2964 erroribus
1137 2898 1257 2963 illusio·
1303 2900 1443 2986 quotanus

130 3006 296 3090 nibusque
315 3023 428 3070 ansam
449 3005 606 3089 praebeat;
629 3003 797 3070 nonenim
814 3004 924 3070 minus
940 3005 1180 3072 hallucinationi
1200 3025 1256 3091 pa·
1279 2974 1460 3102 ’Ἲζζζζξῗω

129 3125 200 3180 tere
228 3121 335 3197 potest
361 3112 535 3196 objectiva,
564 3130 663 3194 quarn
684 3111 861 3197 subjectiva
880 3111 1060 3188 evidentia,
1092 3115 1151 3180 nisi
1174 3117 1255 3184 ratio
1313 3119 1426 3163 ‘rituti‘
1490 3105 1496 3117 ’

131 3223 277 3288 multum
305 3219 427 3305 vigilet.
459 3219 605 3286 Proiecto
632 3239 746 3303 capere
766 3238 832 3284 non
862 3239 1018 3303 possum,
1048 3240 1105 3287 cur
1133 3224 1256 3290 facilius
1269 3192 1468 3318 ᾱὴξῇζῗᾙήῑ.

128 3328 235 3412 decipi
246 3327 369 3412 possim
383 3327 463 3392 salso
475 3326 667 3392 existimans
682 3326 885 3409 cognitionem
898 3327 1040 3410 aliquam
1057 3349 1164 3395 meam
1182 3316 1256 3398 esse

128 3435 319 3512 evidentem,
340 3452 439 3518 quam
459 3432 649 3500 existimans
671 3435 822 3522 abjectum
849 3433 957 3518 ipsum
984 3436 1171 3521 cognitionis
1193 3439 1257 3504 evi-

128 3547 210 3611 dens
230 3561 313 3609 esse.

202 3649 297 3716 Addo
312 3658 465 3734 praeterea
480 3649 563 3714 inter
577 3648 658 3714 duas
673 3649 844 3733 opiniones
858 3650 1027 3734 oppositas
1040 3651 1074 3716 in
1090 3653 1256 3737 proposita

129 3757 354 3825 controversia
373 3774 438 3821 non
455 3774 628 3841 magnum,
646 3755 755 3840 quoad
775 3774 843 3822 rem
860 3756 978 3841 ipsam,
995 3757 1195 3825 intercedere
1209 3762 1258 3827 di·

130 3865 292 3942 scrimen,
308 3863 573 3948 quandoquidem
590 3872 622 3929 et
638 3863 763 3949 patroni
781 3865 951 3949 objectivae
962 3866 1135 3932 evidentiae
1153 3868 1256 3934 taten-

131 3987 188 4043 tur
205 3972 370 4058 objectum
390 3971 523 4040 evidens
542 3989 691 4037 normam
706 3974 772 4039 veri
793 3991 863 4038 esse
885 3991 950 4038 non
966 3992 1075 4057 posse,
1093 3975 1154 4041 nisi
1171 3977 1257 4041 ctare

83 4137 88 4146 .
120 4080 337 4166 percipiatur,
351 4089 422 4145 cte
439 4078 600 4146 contrario
620 4079 661 4145 illi
682 4075 737 4162 qui
756 4079 921 4146 criterium
941 4080 974 4145 in
994 4082 1172 4167 subjectiva
1187 4085 1256 4150 evi·

125 4189 239 4257 dentia
253 4187 477 4276 reponendum
490 4205 562 4254 esse
577 4187 741 4272 judicant,
757 4188 841 4253 ultro
855 4189 1040 4255 concedunt
1053 4190 1251 4257 evidentiam

123 4295 360 4381 subjectivum,
382 4305 418 4362 ut
438 4313 512 4360 vere
540 4295 611 4360 talis
631 4294 690 4371 sit,
711 4313 747 4359 ac
776 4295 912 4378 proinde
930 4297 1036 4361 valere
1056 4316 1115 4380 pro
1134 4298 1251 4365 indicio

123 4403 281 4494 veritatis¹
301 4404 421 4490 possit,
452 4420 522 4469 esse
553 4401 670 4467 debere
701 4411 829 4484 partum
859 4403 1031 4485 objectivae
1063 4405 1252 4478 evidentia:

126 4653 382 4671 ...r—a—-U

163 4771 202 4832 (r)
242 4771 280 4837 3.⁸
293 4761 361 4821 dist.
378 4782 426 4833 η,
447 4781 475 4832 q.
493 4781 523 4830 a,
539 4783 566 4818 n.
585 4781 617 4830 2,
633 4761 719 4820 solut.
738 4769 777 4833 p·
791 4760 854 4820 Csr.
871 4761 908 4818 de
922 4759 1014 4819 Verit.
1028 4779 1058 4834 q.
1077 4781 1118 4834 14,
1134 4783 1160 4822 a.
1180 4783 1204 4822 r.
