3492 5525
333 466 451 530 Anrrc.
475 478 537 546 μ’
556 463 828 529 Pnonosrrronus
849 480 1071 529 exnonruues
1167 477 1224 547 ²75

208 649 232 713 E
249 666 411 716 oonverso
429 647 580 733 negativa
598 648 713 715 asserit
732 647 814 732 parti
830 656 975 733 exceptae
991 647 1036 724 id,
1049 648 1147 731 (ltffld
1166 648 1266 713 dene-

137 765 206 841 gat·
228 757 306 823 toti:
340 775 441 841 quare
473 757 653 824 declaratur
684 755 834 823 similiter
864 775 922 841 per
954 764 1020 823 tres
1051 754 1262 847 categoricas,

139 882 280 947 quarum
309 864 414 948 prima
439 864 588 930 enuntiat
615 864 801 948 subjectum
827 864 1021 948 exponibilis
1049 863 1091 928 de
1124 861 1264 937 termino

137 979 295 1056 excepto,
324 973 423 1037 altera
449 972 491 1037 de
518 972 584 1042 hoc¹
606 971 680 1055 ipso
706 970 849 1037 affirmat
876 972 1087 1056 praedicatum
1116 972 1264 1055 ejusdem

137 1079 350 1163 exponibilis,
375 1098 413 1145 ac
435 1078 528 1146 tertia
554 1079 641 1145 idem
669 1079 749 1145 illud
773 1079 984 1163 praedicatum
1012 1086 1111 1164 negat
1132 1079 1176 1145 de
1193 1087 1264 1145 toto

137 1197 329 1253 remanente
348 1206 384 1254 v.
403 1207 439 1273 g.
458 1187 629 1273 exceptiva
646 1187 732 1253 hec:
752 1183 870 1256 Nolito
888 1186 1057 1269 Apostolus
1068 1185 1141 1271 soil
1156 1187 1267 1269 prodi·

138 1298 189 1360 lor
207 1298 325 1378 preter
337 1294 474 1378 ludam:
493 1293 541 1360 sic
563 1294 654 1361 facile
672 1292 867 1379 explicatur:
879 1294 983 1377 ludos
996 1294 1262 1379 suilAposlolus‚
1310 1318 1332 1327 ··

126 1402 477 1488 ludossuitprodr'lor,
493 1420 549 1467 nec
576 1403 662 1468 ullus
686 1402 772 1468 alius
790 1402 1012 1483 Apostolorum
1029 1402 1175 1483 proditor
1181 1402 1263 1487 suit.

205 1510 331 1576 Verum
359 1517 465 1593 patet,
490 1507 631 1593 primam
651 1508 767 1574 harum
797 1507 897 1576 trium
925 1508 1124 1594 simplicium
1146 1528 1266 1594 propo-

136 1616 315 1694 sitionum,
346 1615 469 1701 quibus
492 1615 669 1700 aequivalet
695 1615 883 1701 exceptive,
913 1616 1022 1684 omitti
1047 1636 1162 1702 posse,
1187 1618 1265 1701 quia

138 1724 231 1791 facile
250 1724 458 1793 subauditur.

492 1954 511 2047 5
531 1956 908 2033 ill-Reoueucxnvn.

189 2174 265 2242 ¹²5·
312 2154 557 2241 Reduplicativa
575 2166 626 2223 est
644 2174 684 2221 ea
708 2154 902 2241 propositio,
918 2172 994 2240 quae
1012 2154 1151 2223 afficitur
1165 2153 1265 2240 parti·
1389 2166 1395 2179 ·

136 2265 213 2329 cula
230 2262 479 2348 reduplicativa,
498 2266 550 2340 ul,
559 2266 671 2345 prout,
690 2282 771 2348 quo,
786 2266 956 2347 quatenus,
972 2263 1006 2327 in
1019 2266 1170 2347 quonium
1184 2271 1262 2337 etc„
1293 2336 1297 2343 ,

134 2369 345 2455 exprimente
362 2370 523 2439 rationem
546 2371 599 2437 vel
617 2388 764 2447 causam,
787 2389 846 2437 cur
861 2370 1071 2454 praedicatum
1091 2370 1265 2455 conveniat

136 2480 289 2564 subjecto
301 2498 335 2544 v.
355 2498 405 2565 gx
424 2480 524 2545 Homo
533 2477 829 2561 quolenusonimal,
842 2478 957 2543 similis
970 2482 1018 2543 est
1029 2480 1129 2543 brello.
1145 2478 1266 2563 liujus-

136 2587 228 2652 modi
253 2587 506 2671 reduplicatione
529 2604 610 2652 usus
627 2586 687 2651 luit
706 2584 740 2652 S.
763 2579 981 2670 Augustinus
1002 2605 1078 2651 cum
1098 2587 1168 2651 haec
1188 2586 1265 2653 scri·

137 2694 215 2779 psit:
237 2694 301 2760 Fac
327 2688 575 2760 misericordiam
598 2693 718 2778 miquo,
745 2712 807 2758 non
833 2708 1012 2778 tamquam
1035 2692 1155 2780 iniquo.
1181 2692 1266 2759 Nam

134 2803 239 2884 ipsum
260 2800 419 2887 iniquum,
439 2808 476 2869 in
496 2815 665 2887 quantum
685 2800 813 2886 iniquus
826 2805 888 2879 est,
909 2821 951 2868 ne
969 2802 1121 2884 suscipias
1142 2798 1206 2889 (1).
1224 2802 1266 2868 Ut

135 2927 219 2994 ergo
236 2909 280 2974 sit
298 2927 373 2975 vere
397 2909 626 2994 reduplicativa
653 2902 848 2993 propositio,
880 2926 1011 2975 necesse
1030 2918 1096 2987 est,
1125 2909 1267 2994 redupli-

135 3017 302 3082 cationem
330 3017 514 3101 exprimere
531 3035 666 3090 causam
695 3017 747 3083 vel
767 3015 939 3095 rationem,
969 3036 1026 3084 cur
1053 3011 1264 3103 praedicatum

138 3124 317 3191 conveniat
334 3125 495 3210 subjecto.

204 3233 327 3300 Notare
350 3251 494 3316 namque
518 3231 636 3308 debes,
657 3232 849 3315 particulam
876 3231 1130 3320 reduplicantem
1156 3234 1267 3302 multi-

137 3341 252 3406 fariam
271 3341 358 3407 sumi
377 3357 492 3426 posse:
513 3340 620 3423 primo
638 3339 773 3424 quidem
798 3340 949 3407 insensu
976 3341 1150 3418 alienanto,
1171 3351 1209 3408 ut
1231 3343 1264 3408 in

138 3451 199 3513 hac
213 3447 452 3533 propositione:
466 3441 577 3525 Homo,
592 3447 628 3512 in
642 3446 916 3532 quantumpr'clus,
933 3467 997 3515 non
1010 3449 1161 3534 loquitur:
1176 3449 1267 3534 dein7

135 3557 180 3622 de
197 3556 342 3623 sumitur
359 3556 393 3622 in
411 3573 511 3622 sensu
528 3555 739 3632 domniono,
767 3576 801 3622 v.
821 3575 857 3640 g.
885 3556 1031 3639 AEllriops
1047 3557 1139 3624 allus
1156 3561 1206 3624 est
1218 3576 1267 3624 se-

134 3665 279 3730 cundum
293 3665 413 3730 denus.
582 3657 585 3660 ⁴

205 3769 314 3837 'lertio
340 3772 495 3857 particula
524 3769 730 3855 reduplicans
756 3769 900 3855 sumitur
916 3770 1136 3857 specoicative,
1162 3783 1199 3840 ut
1218 3773 1267 3840 di-

135 3887 235 3946 cunt:
256 3879 291 3944 id
308 3880 400 3964 quod
418 3898 486 3946 non
500 3897 569 3946 uno
587 3880 690 3945 modo
709 3879 874 3946 declarant
893 3877 1020 3965 logici,
1041 3881 1115 3949 licet
1132 3899 1267 3967 semper
1339 3901 1425 3950 snm

131 3986 362 4074 spmflcolious
398 4005 518 4054 sensus
544 3987 628 4054 solet
659 3988 853 4072 contraponi
889 3987 1127 4070 reduplicatioo.
1159 3973 1479 4102 Oeno-effiffl

134 4095 235 4164 ratim
256 4104 368 4162 autem
382 4095 538 4180 particula
560 4094 791 4179 reduplicativa
806 4103 941 4180 sumpta
960 4096 1178 4180 specificative
1198 4117 1264 4168 non
1324 4119 1438 4174 werona

134 4203 291 4287 exprimit
306 4221 453 4280 causam,
480 4221 538 4268 cur
560 4203 774 4288 predicatum
799 4201 1012 4271 tribuendum
1040 4204 1084 4292 sit
1100 4205 1262 4291 subjecto,
1298 4189 1456 4246 'mim'

135 4308 197 4377 sed
218 4310 361 4376 declarat
388 4312 440 4378 vel
459 4311 671 4394 praedicatum
695 4318 841 4396 spectare
859 4311 901 4377 ad
921 4311 1095 4379 essentiam
1114 4314 1263 4400 subjecti,

135 4425 177 4484 ut
187 4416 213 4483 si
223 4417 330 4484 dicas:
341 4418 454 4496 Homo,
473 4418 509 4483 in
527 4421 680 4504 quantum
692 4419 790 4494 homo,
806 4416 1000 4500 eslonimal,·
1016 4420 1092 4497 Ens,
1107 4417 1147 4486 ‘in
1165 4437 1267 4506 quon-

135 4529 205 4592 lam
218 4543 287 4602 ens,
303 4525 512 4613 estobjeclum
524 4525 762 4609 Metapinum
777 4525 885 4605 Color,
903 4525 1099 4612 inquontum
1109 4531 1208 4607 color,
1222 4532 1271 4596 est

173 4765 227 4856 (ι)ο
251 4760 392 4820 enarrat.
403 4759 437 4818 in
450 4756 565 4852 Psolm.
583 4777 644 4832 roa,
659 4772 690 4818 u.
709 4777 751 4834 ¹3·
