3492 5525
399 446 489 513 Drsn.
512 460 560 531 4·
580 446 630 513 ue
652 445 811 523 Sctnupm
1119 441 1180 528 879

953 551 1219 567 μ

164 635 268 712 Resp.
288 629 364 694 dist.
379 638 494 697 assert.
510 630 716 713 Quandoque
735 628 910 714 inquiritur
926 629 968 694 de
986 628 1134 713 subjecto
1148 644 1221 710 par-

94 735 238 803 ticularis
265 737 569 813 demonstrationis,
597 757 640 804 an
664 738 722 814 sit,
749 756 836 823 neg„
862 738 923 803 nisi
950 737 983 803 in
1008 736 1117 820 aliquo
1141 753 1219 802 casu

94 840 275 926 disputatio
293 843 336 911 sit
349 845 390 909 de
405 846 475 927 ipsa
482 840 535 909 'rei
551 843 686 930 aiicujus
704 844 893 926 existentia;
921 844 1094 928 inquiritur
1115 860 1157 909 an
1177 843 1220 909 sit

95 948 138 1013 de
166 950 314 1036 subjecto
342 951 451 1019 totalis
478 952 614 1037 alicujus
633 950 794 1027 scientiae,
815 952 969 1035 ‹nuaiste
989 970 1047 1035 per
1072 949 1217 1016 medium

96 1055 310 1125 intrinsecum
330 1067 366 1123 et
381 1078 400 1123 a
414 1058 528 1143 priori,
548 1076 634 1143 neg„
655 1079 673 1123 a
692 1059 860 1142 posteriori
874 1061 981 1124 velex
995 1056 1159 1142 principiis
1179 1057 1221 1123 ab

96 1163 158 1229 alia
173 1164 305 1231 scientia
325 1165 499 1243 mutuatis,
519 1156 607 1231 conc'.

166 1270 211 1335 ita
237 1270 415 1358 Theologia
445 1292 486 1339 ex
515 1271 678 1358 principiis
709 1271 939 1359 metaphysicis
971 1272 1221 1339 demonstrata

98 1378 268 1462 posteriori
287 1378 491 1452 existentiam
511 1379 587 1456 Dei,
608 1360 706 1463 idque
720 1379 788 1447 iieri
803 1376 903 1446 etiam
919 1387 1048 1464 potest,
1068 1377 1101 1445 in
1116 1378 1223 1446 scien·

100 1484 159 1551 tiis
177 1485 423 1563 subalternatis,
443 1486 633 1577 inquibus,
654 1488 680 1553 si
700 1505 832 1553 necesse
851 1487 912 1564 sit,
932 1506 975 1553 ex
993 1485 1222 1571 principiissu·

97 1591 312 1659 balternantis
331 1593 488 1679 probatur
504 1592 674 1660 existentia
693 1594 845 1679 subjecti.

168 1700 262 1765 Piura
279 1701 320 1767 de
339 1691 395 1768 his'
407 1700 495 1785 apud
507 1700 665 1782 Joannem
684 1720 702 1766 a
720 1698 755 1767 S.
775 1700 902 1767 Thoma
925 1699 1087 1785 aliosque.

167 1806 266 1885 Quod
284 1826 362 1874 vero
380 1808 495 1874 attinet
513 1807 553 1872 ad
572 1806 793 1884 definitiones,
815 1808 917 1873 fateor
930 1825 1019 1891 saepe
1030 1805 1222 1891 contingere

99 1915 141 1979 de
160 1912 222 1980 iliis
240 1914 487 1999 disputationes.
510 1915 543 1980 id
560 1923 673 1981 tamen
691 1914 805 1981 accidit
823 1914 856 1980 in
878 1914 1074 1998 quibusdam
1094 1915 1221 1979 abstru-

100 2020 239 2089 sioribus
258 2022 467 2098 notionibus,
486 2040 561 2105 quae
578 2029 666 2087 certa
683 2038 750 2087 non
769 2030 848 2089 sunt
872 2022 1087 2089 fundamenta
1104 2019 1221 2104 princi·

101 2126 195 2211 piave
215 2128 311 2195 ullius
343 2128 503 2195 scientiae.
530 2129 614 2195 Nam
635 2126 841 2195 definitiones
868 2128 984 2213 objecti
1013 2128 1218 2193 scientiarum

99 2235 227 2313 aiiaeve,
250 2254 325 2320 quae
344 2234 575 2320 principiorum
595 2235 703 2303 locum
722 2244 853 2312 tenent,
875 2253 941 2301 non
961 2236 1082 2301 debent
1110 2246 1221 2319 patere

98 2342 346 2420 controversiis,
362 2343 420 2409 sed
434 2342 580 2427 probari,
594 2360 652 2407 seu
667 2342 777 2426 potius
791 2341 942 2409 declarari
954 2342 1062 2408 solent
1075 2360 1117 2407 ex
1127 2360 1221 2407 corn·

100 2449 193 2516 muni
212 2451 385 2517 hominum
404 2468 503 2515 sensu
519 2459 617 2534 atque
635 2449 859 2535 intelligentia.

223 2825 705 3026 'nrsnunnno
747 2891 1076 3024 QUARTA.

512 3153 566 3222 DE
596 3151 805 3212 SCIENTIA.

169 3413 245 3480 Haec
264 3425 429 3499 postrema
448 3414 595 3482 tractatio
613 3423 679 3492 est,
696 3416 737 3481 ad
755 3434 854 3499 quam
884 3413 1105 3500 dirigebantur
1131 3431 1223 3497 quae-

100 3513 242 3605 cumque
261 3521 293 3588 in
312 3524 533 3607 superioribus
551 3524 715 3608 disputata
731 3536 809 3591 sunt
823 3521 893 3590 sive
911 3523 952 3588 de
966 3522 1225 3604 universalibus,

99 3629 169 3696 sive
187 3630 228 3696 de
246 3630 424 3715 principiis,
444 3631 514 3697 sive
532 3631 574 3696 de
600 3631 748 3698 discursu
768 3651 804 3696 ac
823 3630 1114 3698 demonstratione.
1134 3629 1223 3715 Sup-

102 3737 206 3822 posita
224 3736 366 3804 scientiae
392 3735 564 3805 existentia
582 3740 633 3806 vei
652 3747 741 3805 certa
764 3739 900 3804 humani
927 3737 1049 3823 ingenii
1078 3737 1120 3804 ad
1149 3755 1221 3802 eam

100 3844 336 3928 assequendam
357 3844 538 3920 habilitate,
566 3864 666 3929 quam
691 3863 753 3912 suo
771 3847 843 3914 loco
870 3844 1027 3912 adversus
1054 3843 1225 3928 Scepticos·

99 3957 133 4016 et
151 3951 362 4018 Academicos
381 3951 635 4032 vindicavimus,
652 3953 722 4018 aliae
740 3972 829 4020 nunc
843 3961 966 4020 restant
984 3951 1222 4040 investigandae

100 4060 311 4142 quaestiones.
