3492 5525
350 1035 420 1090 Leges

542 513 601 558 aaa
733 495 860 559 Loorca
881 493 1126 559 Minoa-Drsr.
1153 507 1194 558 r.·
1216 493 1285 582 Cae
1322 508 1394 578 ψ

849 787 948 854 Lacus
966 801 1076 854 secra·
1095 802 1270 855 orvrsronrs.

544 1007 600 1089 85.
647 1001 937 1079 Quemadmodum
960 999 1109 1086 superius
1137 1001 1329 1067 monuimus
1356 1001 1437 1067 circa
1459 1000 1621 1067 definitio·
1723 1025 1724 1038 ¹

286 1121 350 1151 ’ω
380 1106 484 1150 ¹'¹⁸l⁰¹²⁵³²
501 1131 590 1186 nem,
611 1111 654 1178 ita
674 1129 761 1178 nunc
781 1111 962 1177 notandum
988 1119 1050 1188 est,
1067 1108 1262 1175 divisionem
1282 1128 1347 1175 non
1367 1118 1434 1174 tam
1451 1128 1620 1175 commen-

499 1219 566 1284 dari
581 1238 620 1284 eo
635 1219 724 1302 quod
742 1236 818 1285 vera
832 1236 933 1302 quam
953 1235 992 1282 eo
1011 1217 1100 1300 quod
1114 1217 1193 1282 bona
1208 1225 1241 1282 et
1254 1221 1338 1283 recia
1352 1217 1405 1285 sit.
1423 1218 1524 1302 Leges
1543 1235 1620 1284 vero

500 1335 597 1392 rectae
615 1327 783 1393 divisionis
801 1326 900 1391 variae
918 1333 1057 1409 possunt
1079 1325 1249 1392 recenseri.

388 1474 407 1510 ,ι
432 1430 437 1436 '
543 1441 674 1518 Regula
695 1453 741 1501 r.·
784 1433 910 1498 Divisio
927 1435 1093 1518 adaquata
1118 1436 1198 1509 esfa,
1221 1451 1280 1499 seu
1302 1431 1392 1510 talis,
1416 1442 1454 1498 ut
1473 1433 1622 1498 membra

499 1541 676 1608 dividentia
690 1541 788 1607 simul
808 1551 941 1626 accepta
959 1549 1091 1624 aequent
1110 1540 1264 1607 divisum.
1281 1542 1393 1624 ltaque
1417 1539 1532 1607 vitiosa
1548 1539 1620 1617 erit,

500 1669 575 1735 qua·
590 1658 647 1716 aut
661 1650 752 1734 plura
767 1661 823 1717 aut
841 1648 993 1734 pauciora
1008 1649 1157 1714 membra
1173 1659 1360 1727 enumeret,
1381 1667 1482 1733 quam
1493 1668 1568 1732 quae
1587 1649 1619 1715 in

499 1759 606 1825 diviso
621 1760 844 1825 continentur.

543 1874 674 1950 Regula
697 1879 744 1933 a.·
789 1864 938 1931 Diaisum
954 1867 1100 1930 excedere
1115 1864 1206 1930 debet
1227 1863 1356 1948 singula
1381 1865 1518 1932 membra
1538 1865 1622 1930 divi-

497 1975 624 2056 dentia-
637 1983 746 2041 totum
762 1974 850 2038 enim
869 1973 976 2058 majus
992 1983 1042 2039 est
1061 1991 1119 2039 sua
1134 1983 1237 2057 parte.
1258 1971 1368 2048 Qrare
1391 1991 1560 2059 perperam
1575 1975 1622 2040 di-

499 2083 626 2150 videres
642 2081 762 2148 animal
781 2082 813 2146 in
831 2082 959 2159 vivens,
974 2082 1157 2147 sensitivam
1174 2101 1210 2146 ac
1228 2083 1395 2150 rationale.

543 2198 675 2274 Regula
698 2201 745 2260 3.·
791 2189 916 2256 Divisio
932 2192 1000 2277 fiat
1022 2190 1056 2253 in
1085 2190 1221 2256 membra
1248 2190 1380 2255 invicem
1406 2191 1543 2274 apposita
1568 2210 1622 2258 seu
1724 2197 1725 2226 ³

499 2299 712 2376 excludenda,
729 2299 805 2364 talia
820 2316 959 2382 nempe,
977 2315 1052 2380 quae
1071 2298 1121 2362 vel
1138 2316 1173 2363 re
1191 2299 1242 2364 vel
1269 2297 1393 2364 ratione
1407 2297 1501 2381 :inter
1520 2317 1556 2364 se
1574 2297 1622 2363 di-

499 2408 723 2496 stinguantur,
740 2424 800 2471 nec
811 2425 916 2472 unum
932 2405 965 2471 in
980 2407 1082 2471 altero
1096 2403 1314 2472 contineatur:
1332 2406 1410 2489 quia
1421 2423 1515 2472 secus
1533 2426 1624 2472 reve-

500 2534 533 2581 ra
548 2533 615 2580 non
634 2515 695 2582 erit
714 2515 881 2599 pluralitas
897 2513 1142 2588 membrorum,
1159 2531 1260 2597 quam
1276 2521 1387 2579 tamen
1407 2512 1563 2599 importat
1582 2534 1623 2579 ex

462 2613 466 2618 ’
499 2642 557 2690 sua
577 2621 719 2688 essentia
739 2620 869 2689 divisio.
892 2621 974 2686 ilinc
990 2621 1107 2688 vitiosa
1122 2619 1182 2686 erit
1201 2620 1315 2687 divisio
1330 2621 1473 2688 viventis
1486 2621 1519 2687 in
1528 2625 1624 2704 plan·
1724 2593 1725 2634 ³

500 2736 580 2809 tam,
599 2730 723 2797 aninaal
740 2738 773 2795 et
791 2730 956 2811 hominem
976 2730 1063 2795 banaa
1081 2747 1226 2813 namque
1248 2729 1311 2796 sub
1325 2728 1459 2796 aninaali
1477 2731 1625 2797 contine-

499 2849 570 2907 tur:
591 2840 738 2921 itemque
753 2838 868 2905 divisio
883 2838 1032 2913 animalis
1046 2838 1079 2903 in
1096 2839 1248 2903 rationale
1259 2857 1297 2904 ac
1311 2838 1445 2914 risibile,
1460 2858 1496 2905 ac
1507 2838 1624 2905 divisio

500 2958 592 3016 terrae
612 2948 644 3013 in
659 2948 828 3028 Europam,
851 2946 980 3023 Asiam,
1001 2946 1166 3031 Afra'eam,
1191 2944 1361 3011 Oceaniam
1380 2954 1412 3011 et
1430 2946 1564 3016 ltaliam.

568 3058 668 3123 Recta
687 3054 903 3121 nihilominus
917 3054 1055 3121 habetur
1077 3073 1118 3120 err
1137 3054 1307 3120 communi
1331 3054 1493 3121 sententia
1506 3054 1624 3121 divisio

501 3163 692 3232 substantiae
705 3164 738 3230 in
756 3163 936 3245 completam
961 3172 993 3227 et
1012 3162 1242 3243 incompledem,
1259 3162 1334 3227 licet
1356 3179 1488 3245 peccare
1510 3174 1625 3229 contra

501 3274 629 3340 tertiam
649 3274 732 3338 hanc
755 3272 863 3355 legem
892 3270 1051 3336 videatur.
1077 3270 1114 3334 Et
1138 3270 1217 3335 ratio
1241 3277 1291 3335 est
1317 3270 1394 3352 quia
1416 3288 1623 3355 quamquam

501 3382 700 3465 incompleta
713 3379 895 3446 substantia
914 3379 1097 3445 includatur
1119 3378 1152 3443 in
1170 3378 1333 3461 completa
1349 3378 1438 3443 velut
1452 3397 1526 3464 pars
1539 3381 1627 3465 ejus-

502 3492 597 3572 dem;
613 3498 723 3556 tamen
744 3506 811 3553 non
826 3488 996 3572 participat
1020 3486 1179 3552 rationem
1199 3485 1392 3552 substantiae
1403 3486 1535 3570 praecise
1550 3488 1628 3571 quia

503 3599 690 3665 continetur
704 3596 737 3661 in
751 3596 935 3680 completa,
956 3595 1012 3661 sed
1027 3592 1216 3659 immediate
1236 3610 1294 3677 per
1306 3594 1467 3677 seipsam,
1489 3604 1521 3660 et
1535 3594 1628 3661 inde-

503 3707 682 3793 pendenter
710 3703 805 3770 atali
832 3702 1048 3769 continentia:
1075 3702 1107 3770 id
1131 3700 1220 3784 quod
1244 3700 1355 3767 locum
1381 3719 1447 3766 non
1475 3700 1574 3768 habet
1592 3704 1626 3770 in
1725 3748 1726 3755 .

503 3815 606 3895 allatis
629 3811 780 3897 superius
798 3810 977 3895 exemplis,
996 3828 1071 3874 nam
1092 3806 1210 3875 risibile
1235 3826 1301 3873 non
1326 3817 1376 3874 est
1394 3806 1515 3875 animal
1535 3810 1629 3877 inde-

504 3924 683 4011 pendenter
711 3921 751 3986 ab
780 3920 931 3995 homine,
958 3938 1017 3985 nec
1046 3916 1131 3982 ltalia
1150 3924 1199 3982 est
1227 3934 1301 4000 pars
1321 3923 1414 3982 terrae
1441 3918 1501 3985 nisi
1530 3931 1628 4004 prout

504 4040 658 4100 contenta
673 4028 706 4096 in
719 4030 859 4112 Europa.
876 4026 930 4091 Ob
949 4026 1099 4091 eamdem
1117 4024 1213 4089 etiam
1230 4024 1388 4090 rationem
1409 4033 1494 4091 recta
1512 4038 1562 4093 est
1580 4030 1630 4095 di-

506 4140 588 4209 visio
611 4137 758 4205 continui
783 4134 1003 4221 permanentis
1028 4135 1060 4199 in
1085 4130 1341 4217 longitudinem,
1368 4132 1570 4199 latitudinem
1596 4148 1630 4205 et

508 4248 781 4335 profunditatem,
802 4243 876 4309 licet
888 4244 919 4308 in
935 4241 1105 4308 latitudine
1123 4232 1328 4305 contineatur
1342 4242 1440 4306 etiam
1457 4243 1629 4329 longitudo

509 4371 542 4426 et
555 4366 693 4439 utraque
707 4354 740 4418 in
760 4351 989 4437 profunditate.

573 4466 612 4529 Et
631 4461 733 4529 afferri
753 4479 887 4544 quoque
903 4466 1010 4543 potest
1031 4458 1088 4525 alia
1113 4456 1192 4521 ratio
1206 4455 1247 4520 ad
1266 4456 1525 4539 persuadendam
1538 4459 1632 4524 recti-

507 4573 655 4641 tudinem
670 4573 785 4636 harum
801 4568 1018 4643 divisionum,
1034 4565 1109 4648 quia
1129 4562 1284 4629 nimirum
1300 4572 1408 4648 potest
1427 4565 1495 4631 dari
1510 4566 1577 4633 sive
1597 4586 1631 4633 re

508 4682 576 4749 sive
588 4680 704 4746 saltem
719 4676 915 4763 cogitatione
929 4673 1100 4759 longitudo
1115 4670 1184 4737 sine
1196 4671 1381 4748 latitudine,
1396 4681 1475 4757 puta
1487 4673 1519 4739 in
1533 4672 1630 4751 linea,

509 4799 542 4856 et
560 4796 699 4872 utraque
716 4787 786 4852 sine
801 4782 1036 4868 profunditate,
1053 4778 1201 4847 videlicet
1219 4778 1252 4843 in
1264 4778 1463 4880 superficie:
1484 4756 1633 4866 itemque
