3492 5525
517 516 633 580 Auno.
658 527 719 578 υ·
738 513 871 580 Divisio
1159 532 1218 594 ²¹9

198 692 322 761 Divisio
348 694 483 762 actualis
505 694 672 780 integralis
694 712 751 779 pen
767 695 926 761 accadens:
952 695 1060 761 tabula
1082 713 1257 763 marmorea
1324 711 1415 759 uuam

73 799 82 816 ⁴
126 801 287 868 divididcr
300 801 336 867 in
343 805 468 885 partem
483 804 600 879 albam,
621 802 767 879 rubram
786 802 922 870 viridem
940 810 1003 870 etc.
1024 821 1083 888 pro
1101 804 1257 872 varietate
1270 783 1497 912 ’ἵξζέζάῗῗὲᾗ

126 911 296 986 colorum,
317 909 437 994 quibus
450 908 675 995 distinguitur.

197 1017 320 1084 Divisio
342 1019 478 1105 physica
496 1019 693 1101 essentialis3
707 1026 787 1102 pars
804 1019 955 1100 martyris
972 1021 1065 1086 ardet
1081 1019 1162 1103 igni,
1179 1027 1257 1103 pars

125 1127 293 1193 charitate:
313 1127 365 1192 vel
379 1129 480 1193 homo
494 1126 649 1195 dividitur
662 1127 696 1193 in
710 1134 849 1211 partem,
862 1142 934 1212 quo
944 1131 1055 1204 movet,
1069 1135 1103 1192 et
1115 1137 1254 1211 partem,

125 1253 199 1322 quo
216 1238 369 1301 movetur.
1241 1258 1251 1286 ι

196 1343 338 1409 Divissio
347 1342 526 1410 essentialis
543 1343 783 1432 metaphysica:
800 1344 903 1409 homo
916 1342 1074 1409 dividitur
1087 1341 1123 1408 in
1132 1346 1257 1426 partem
1295 1375 1317 1464 p
1367 1281 1530 1454 W&
1578 1337 1591 1435 i

125 1452 231 1518 brutis
242 1469 437 1520 communem
448 1451 589 1518 etaliam
601 1471 666 1517 non
681 1467 891 1534 communem
907 1452 959 1517 vei
981 1451 1129 1536 ingenus
1146 1454 1178 1517 et
1192 1451 1257 1536 dis-
1289 1481 1296 1508 ι
1406 1405 1553 1531 ΜΨ

115 1559 302 1647 strenuuin.

196 1667 320 1735 Divisio
329 1667 515 1753 potentialis
525 1685 583 1752 per
593 1667 743 1735 accidens
756 1667 873 1752 triplex
884 1685 955 1734 esse
967 1675 1087 1751 potest:
1104 1664 1140 1754 α)
1149 1667 1255 1751 prima
1327 1714 1411 1761 mo

126 1775 265 1861 subjecti
280 1775 313 1842 in
331 1773 524 1842 accidentia:
540 1787 577 1844 ut
596 1776 623 1842 si
642 1776 761 1842 animal
779 1775 945 1842 dividatur
957 1775 993 1840 in
1006 1774 1208 1878 domesticum
1222 1785 1255 1842 et
1281 1787 1456 1870 potentinum

124 1883 1048 1968 otvesmmtumiserumetimptummvelimutrum,
1061 1881 1252 1968 noicmetc„
1304 1859 1431 1984 mm

123 1994 253 2058 doctum
280 1999 312 2057 et
337 1990 511 2057 caucum.-
538 1989 739 2090 &secunda
764 1999 817 2057 est
836 1990 1010 2057 accidentis
1034 1989 1066 2056 in
1093 1991 1252 2078 subjecta;

125 2098 249 2167 utalia
267 2102 314 2165 cst
333 2086 466 2165 claritas
482 2099 574 2175 solis,
599 2098 666 2164 alto
682 2100 813 2165 claritas
829 2099 926 2174 lunoe,
946 2097 1030 2175 alto,
1049 2098 1180 2164 claritas
1196 2101 1255 2164 ste

125 2209 246 2272 Itanon
262 2203 327 2294 (1):
346 2205 384 2298 γ)
396 2206 507 2283 tertia,
523 2206 697 2273 accidentis
718 2207 752 2272 in
775 2205 971 2272 accidentia:
994 2214 1031 2271 ut
1043 2207 1150 2272 aldum
1163 2204 1256 2272 aliud

123 2315 287 2391 estdulce,
300 2314 559 2395 aliudomorum;
571 2318 672 2380 motus
682 2314 767 2382 atim
778 2317 827 2380 est
838 2313 1019 2390 circumis,
1034 2313 1120 2380 alius
1138 2317 1251 2390 rectus,

124 2424 213 2488 alius
229 2423 333 2499 velox,
351 2422 437 2488 alius
453 2424 565 2490 tarum
581 2417 648 2511 (2).

192 2530 382 2599 Notandum
405 2547 502 2614 porro
521 2538 588 2606 est,
615 2549 681 2596 non
699 2547 834 2596 omnem
858 2529 1053 2596 divisionem
1077 2527 1253 2596 accidentis

124 2658 200 2706 esse
217 2638 452 2704 accidentalem.
473 2637 600 2705 Etenim
615 2638 643 2705 si
656 2637 805 2704 accidens
819 2637 983 2703 dividatur
996 2636 1029 2702 in
1045 2637 1193 2703 membra
1212 2637 1256 2703 do

125 2747 249 2832 qttibus
272 2766 330 2832 per
351 2745 615 2831 sepcaedicetur,
640 2748 691 2813 vei
711 2766 786 2831 quae
810 2764 868 2831 per
885 2764 921 2812 se
945 2744 1011 2812 sint
1029 2746 1100 2831 ejus
1128 2756 1250 2829 partes,

123 2855 243 2923 divisio
263 2874 329 2922 non
342 2854 403 2923 erit
420 2854 638 2931 accidentalis,
652 2857 710 2921 sed
725 2874 783 2940 per
801 2874 849 2921 se:
871 2856 933 2921 hoc
952 2862 1046 2939 pacto
1063 2856 1151 2919 color
1169 2853 1253 2921 divi·
1380 2902 1385 2919 .

124 2964 216 3033 ditur
229 2962 261 3030 in
275 2964 396 3041 album,
415 2963 559 3041 nurum,
574 2963 720 3038 uiridem,
738 2972 803 3030 etc.

193 3072 248 3139 Ad
276 3071 471 3138 divisionem
494 3078 552 3155 pec
570 3076 609 3137 ‘se
640 3080 810 3138 revocatur
837 3072 936 3138 etiam
961 3072 1077 3139 divisio
1107 3073 1251 3139 concreti
1281 3064 1389 3179 W
1412 3076 1497 3159 Aa&
1535 3090 1707 3173 Qum-4·

122 3178 331 3246 accidentalis
343 3180 377 3245 n
395 3177 581 3266 subjectum
599 3187 633 3245 et
650 3180 800 3246 accuens
818 3176 883 3267 (3).
905 3180 939 3247 tn
953 3181 1013 3245 nae
1026 3162 1253 3247 tameffinu

121 3286 325 3354 divisionum
345 3286 515 3363 uarietate,
535 3286 799 3369 frequentissima
816 3288 967 3354 omnium
985 3296 1036 3352 est
1055 3286 1089 3352 in
1108 3287 1251 3355 scientiis

123 3394 325 3480 potentialis,

191 3502 287 3587 Saepe
303 3503 401 3569 etiam
416 3504 529 3571 audies
547 3503 683 3570 nomina
701 3502 875 3570 Divisionis
893 3502 1035 3569 uinvoco
1053 3511 1153 3587 atque
1172 3520 1253 3570 ana·

121 3614 212 3697 logo.
232 3610 380 3693 Univoca
403 3619 514 3677 autem
534 3621 602 3689 est,
622 3613 716 3698 cujus
738 3621 846 3695 partes
864 3628 924 3677 seu
944 3610 1093 3701 membra
1112 3611 1252 3677 univoce

122 3718 317 3805 participant
336 3718 495 3786 tationem
516 3718 628 3796 divisi,
648 3719 932 3804 quemadmodum
951 3717 1065 3785 Petrus
1080 3726 1114 3783 et
1132 3718 1251 3786 Paulus

120 3825 317 3913 participant
334 3826 502 3904 hominm,
522 3828 564 3893 et·
574 3827 676 3893 homo
702 3835 735 3892 et
752 3826 887 3894 brutum
908 3826 1099 3911 participant
1116 3826 1249 3895 anintal.

120 3935 276 4019 Analoga
295 3942 361 4009 est,
381 3934 476 4021 cujus
483 3921 601 4017 ‘partes
617 3934 783 4021 analogice
800 3934 973 4002 dumtaxat
992 3934 1184 4018 participant
1202 3953 1252 3999 ra·

119 4042 251 4109 tionem
271 4040 389 4109 totius:
406 4042 511 4126 qualis
526 4050 576 4108 est
594 4042 711 4108 divisio
729 4042 874 4109 hominis
892 4041 925 4109 in
943 4041 1052 4107 vivum
1070 4050 1103 4107 et
1116 4042 1248 4125 punam,

117 4148 271 4217 veritatis
287 4147 518 4234 informatam,
537 4150 838 4216 transcendentalem
854 4158 888 4217 et
910 4151 1070 4216 moralem

155 4422 200 4487 (t)
237 4415 272 4475 S.
288 4416 409 4475 Paulus.
427 4438 452 4476 1.
473 4416 544 4477 Cor.
558 4438 623 4499 cap.
641 4436 684 4491 ις,
702 4437 731 4475 v.
745 4436 791 4491 41.

154 4512 198 4575 (a)
235 4506 313 4565 Vide
322 4508 360 4565 de
369 4506 417 4565 his
430 4506 552 4566 Foneec.
566 4507 665 4567 instit.
681 4508 800 4567 dialect.

154 4602 200 4671 (3)
238 4596 303 4656 cu.
318 4596 449 4657 Loasada
464 4597 504 4657 ib.
518 4618 548 4657 n.
562 4618 591 4672 9.
