3492 5525
539 450 597 517 682
661 454 786 520 Locren
801 454 1035 531 Maron-Lis.
1054 470 1113 519 au·
1127 453 1220 519 Dtsn.
1241 456 1465 519 1.⁸Cltl>.2.⁰¹¹¹
1493 414 1498 423 Δ

501 656 572 703 eam
587 636 872 702 dissimilibrdinem
886 643 919 701 et
932 634 1240 716 disconvenrirnlrbm,
1254 645 1352 721 atque
1366 638 1448 702 adeo
1461 635 1626 722 distingui

502 763 568 811 non
591 752 720 809 tantum
743 743 925 810 secundum
950 760 1039 819 rem,
1058 743 1233 811 sedetiam
1261 744 1443 810 secundum
1468 761 1627 810 commu-

502 870 577 917 nem
602 850 761 917 tationem
782 859 814 916 et
832 849 1075 928 definitionem,
1097 868 1196 934 quam
1217 869 1311 917 mens
1329 859 1437 935 potest
1455 851 1624 916 fabricare.

503 959 627 1024 Habere
645 968 755 1025 autem
775 958 960 1025 distinctam
979 959 1154 1025 essentiam
1178 976 1235 1024 seu
1255 958 1415 1025 unitatem
1436 960 1626 1033 formalem,

502 1068 610 1133 solum
635 1065 712 1132 dicit
736 1066 978 1133 distinctionem
1004 1066 1205 1132 entitativam
1224 1076 1256 1133 et
1277 1067 1415 1132 realem:
1437 1084 1506 1148 quo
1525 1066 1629 1130 modo

502 1174 586 1241 sicut
605 1175 719 1241 Petrus
737 1174 835 1239 habet
853 1174 1038 1240 distinctam
1054 1174 1290 1240 humanitatem
1306 1194 1324 1238 a
1339 1173 1454 1248 Paulo,
1469 1173 1514 1238 ita
1527 1174 1629 1239 etiam

504 1284 600 1349 habet
611 1281 797 1347 distinctam
813 1280 1004 1358 essentiam,
1021 1291 1054 1348 et
1069 1282 1255 1348 distinctam
1270 1281 1429 1349 unitatem
1443 1282 1629 1356 formalem,

505 1388 657 1473 quamvis
671 1388 703 1455 in
723 1408 760 1455 ea
778 1388 845 1454 sint
859 1386 1002 1455 similes»
1023 1386 1087 1476 (t).

572 1496 740 1563 Distinctio
768 1515 847 1587 ergo
877 1496 1054 1579 opponitur
1078 1496 1253 1573 identitati,
1282 1496 1453 1565 diversitas
1482 1515 1561 1562 vero
1593 1516 1632 1562 ac

404 1648 408 1657 -
449 1606 453 1613 '
506 1604 684 1670 differentia
698 1602 917 1680 similitudini,
935 1604 1116 1686 quae,licet
1131 1622 1264 1670 summa
1277 1604 1335 1683 sit,
1354 1622 1419 1670 non
1435 1606 1545 1670 solum
1563 1624 1632 1669 non
1739 1663 1740 1672 ,

506 1710 648 1777 excindit
666 1710 806 1795 plurium
822 1709 1082 1787 distinctionem,
1103 1711 1182 1794 quin
1202 1713 1312 1797 potius
1326 1730 1399 1777 eam
1414 1712 1633 1778 essentialiter

507 1817 661 1884 vindicat:
682 1836 780 1885 nemo
799 1818 921 1903 quippe
939 1820 1068 1902 proprie
1085 1819 1198 1886 similis
1216 1820 1276 1885 sibi
1305 1819 1436 1895 dicitur,
1466 1819 1525 1885 sed
1544 1818 1630 1895 aliis,

507 1946 524 1991 a
543 1926 663 2011 quibus
682 1926 806 1991 realiter
824 1926 1047 2012 distinguitur.
1069 1927 1192 1993 Tamen
1207 1928 1339 2012 quando
1363 1928 1458 2011 plura
1475 1926 1632 1993 distincta

507 2034 591 2101 inter
609 2052 645 2101 se
665 2042 814 2105 mutuam
835 2042 953 2118 gerunt
976 2033 1223 2100 similitudinem
1243 2043 1381 2119 possunt
1400 2054 1419 2099 a
1443 2042 1556 2099 mente
1574 2054 1636 2100 no-

508 2152 586 2219 stra,
603 2140 743 2226 precisis
757 2140 948 2208 differentiis
962 2160 998 2206 ac
1013 2140 1346 2218 dissimilitudinibus,
1363 2159 1429 2208 una
1442 2141 1635 2227 cognitione

508 2248 703 2335 apprehendi
722 2267 759 2313 ac
777 2248 914 2314 definiri.
932 2248 969 2313 Et
987 2249 1120 2332 quando
1138 2248 1304 2315 individua
1322 2258 1453 2316 tantum
1472 2248 1635 2315 diversifi-

509 2366 623 2425 cantur
641 2356 726 2425 notis
743 2353 1038 2432 individuantibus,
1059 2376 1096 2422 ac
1114 2364 1268 2422 caeterum
1288 2356 1459 2441 possident
1473 2356 1636 2424 essentias

510 2466 648 2552 perfecte
666 2463 805 2540 similes,
826 2462 980 2532 dicuntur
997 2462 1038 2529 ad
1057 2465 1206 2529 eamdem
1226 2464 1368 2549 speciem
1396 2464 1571 2549 pertinere.
1599 2464 1635 2530 Si

511 2582 621 2641 autem
641 2571 795 2639 differunt
814 2581 967 2656 praeterea
980 2572 1163 2638 secundum
1178 2570 1302 2656 aliquas
1318 2581 1413 2639 notas
1427 2572 1634 2649 essentiales,

412 2713 416 2719 ·
512 2683 684 2768 perfectam
699 2679 914 2746 essentiarum
929 2678 1176 2746 similitudinem
1192 2699 1257 2745 non
1271 2681 1409 2756 habent,
1427 2699 1486 2746 nec
1498 2681 1638 2765 proinde

458 2855 460 2860 .
512 2789 668 2873 majorem
688 2787 950 2854 convenientiam
970 2807 1070 2871 quam
1090 2769 1236 2874 gene'ris,
1252 2789 1321 2855 sive
1340 2787 1480 2873 proximi
1499 2788 1571 2856 sive
1588 2807 1639 2853 re·

513 2896 670 2964 motioris.
692 2897 735 2963 Ut
753 2914 832 2981 ergo
842 2897 933 2981 plura
945 2897 1062 2962 eodem
1074 2915 1192 2982 genere
1201 2906 1259 2962 aut
1270 2897 1376 2981 specie
1391 2896 1635 2972 contineantur,

514 3023 579 3071 non
599 3003 766 3088 requirunt
786 3005 885 3069 ullam
905 3005 1023 3069 realem
1045 3003 1203 3070 unitatem
1222 3004 1284 3070 illis
1307 3004 1464 3072 omnibus
1482 3023 1637 3070 commu-

514 3132 607 3188 nem,
628 3111 686 3177 sed
704 3112 807 3176 solam
827 3109 1093 3187 similitudinem,
1113 3129 1189 3194 quae
1214 3112 1466 3179 fundamentum
1490 3113 1636 3197 praebeat

513 3219 687 3284 intellectui
699 3218 738 3285 ad
752 3237 790 3282 ea
806 3236 872 3284 uno
887 3225 923 3283 et
932 3217 1100 3283 communi
1113 3228 1272 3302 conceptu
1283 3220 1544 3304 repraesentanda
1559 3239 1636 3286 cum

514 3327 664 3402 veritate,
680 3344 752 3391 eam
771 3325 924 3391 nimirum
941 3325 1303 3411 rationemobjectivam
1316 3327 1544 3411 exprimendo,
1561 3346 1637 3412 quae

515 3454 590 3500 vere
607 3434 641 3500 in
659 3433 814 3500 omnibus
834 3433 1007 3517 reperitur,
1029 3433 1182 3516 quamvis
1201 3433 1329 3499 realiter
1347 3434 1577 3520 multiplicata,
1604 3444 1637 3500 et

514 3541 677 3625 aliquibus
696 3539 887 3607 differentiis
905 3560 942 3606 ac
960 3538 1199 3607 diversitatibus
1218 3540 1380 3607 immixta.

556 3655 705 3716 instabis
731 3656 778 3715 1.⁰
824 3649 1065 3714 Antecedenter
1083 3646 1123 3712 ad
1139 3647 1258 3714 mentis
1279 3647 1500 3733 operationem
1521 3651 1636 3716 Petrus

512 3765 544 3823 et
563 3759 681 3822 Paulus
700 3756 740 3821 ad
759 3755 910 3820 eamdem
926 3763 1121 3820 revocantur
1138 3757 1294 3839 speciem.
1311 3756 1393 3842 Ergo
1407 3757 1638 3823 antecedenter

511 3866 553 3931 ad
572 3865 691 3930 mentis
704 3861 928 3948 operationem
942 3861 1049 3944 aliqua
1064 3863 1209 3948 gaudent
1221 3863 1361 3929 unitate:
1383 3881 1449 3930 non
1461 3862 1634 3931 numerali:

511 3991 589 4058 ergo
606 3969 779 4037 essentiali.

577 4087 681 4162 Resp.
697 4078 771 4144 dist.
784 4085 905 4153 antec„
918 4077 1215 4155 fundamentaliter,
1228 4096 1330 4154 conc„
1343 4078 1536 4157 formaliter,
1547 4099 1635 4164 neg„

510 4195 544 4252 et
560 4204 636 4269 nego
654 4202 873 4268 consequens.

577 4291 663 4358 Ante
692 4291 811 4357 mentis
833 4290 1056 4375 operationem
1084 4302 1150 4356 non
1174 4299 1224 4356 est
1246 4291 1330 4357 inter
1352 4293 1446 4376 plura
1468 4292 1637 4359 individua

511 4400 618 4467 unitas
646 4398 722 4474 alia,
743 4418 843 4482 quam
863 4395 1101 4472 similitudinis,
1128 4398 1408 4480 quemadmodum
1433 4399 1634 4484 explicatum

510 4515 576 4589 est;
598 4506 722 4590 species
738 4525 817 4572 vero
830 4515 862 4571 et
874 4523 1012 4590 genera,
1029 4503 1091 4570 nisi
1110 4523 1169 4588 pro
1188 4505 1258 4590 ipsa
1271 4505 1517 4573 individuorum
1537 4509 1636 4573 colle·

544 4740 585 4812 (r)
622 4738 722 4809 Suan,
737 4737 814 4810 disp.
827 4738 960 4811 Metaplt.
975 4738 1004 4808 6,
1019 4750 1089 4815 sect.
1108 4757 1132 4807 r,
1145 4757 1175 4796 n.
1194 4755 1235 4810 14·
