3492 5525
274 464 448 528 Anneuorx
469 463 767 548 oeScuouasarcl
789 481 1031 528 otsnurnmons
1078 489 1082 495 ·
1118 481 1179 545 399

3 629 5 706 ἶ
91 647 270 713 absurdum
298 646 501 713 subauditur.
533 647 631 732 Finge
650 645 792 732 aliquem
822 647 885 713 hoc
910 646 1105 735 syllogismo
1125 647 1217 712 velle

91 753 236 820 divinam
255 754 527 840 omnipotentiam
542 751 753 840 impugnare:
769 755 808 824 si
821 753 1216 839 Derujoretomnipotens,

90 861 245 926 circulum
262 862 452 947 quadratum
467 861 627 944 effecisset.
640 861 745 946 >iqui
756 863 911 928 circulum
923 864 1113 947 qmdrctum
1130 862 1221 928 Dent

92 968 355 1054 nunqnamsecr't.
385 968 511 1053 Ergo...
539 967 639 1034 Vides
661 968 713 1034 hic
740 971 900 1054 supponi,
927 969 1117 1055 possibilem
1146 985 1219 1034 esse

93 1077 249 1143 circulum
280 1075 495 1158 quadratum;
527 1073 674 1161 itemque
702 1070 807 1142 D'eum
827 1077 901 1163 cogi
921 1078 963 1142 ad
988 1095 1025 1142 ea
1043 1075 1154 1142 omnia
1174 1076 1221 1140 la-

92 1183 224 1260 cienda,
245 1201 321 1266 quae
336 1191 455 1267 potest.

164 1289 338 1357 «Retotsio
363 1289 547 1376 argumenti
575 1291 695 1358 innoc
722 1290 884 1367 consistit,
904 1290 995 1374 quod
1016 1287 1218 1355 adversarius
1254 1320 1412 1376 mamma,

94 1417 194 1466 suum
205 1398 272 1482 ipse
282 1407 513 1482 argumentum
529 1398 655 1463 solvere
667 1408 815 1483 cogatur,
831 1409 995 1481 quatenus
1014 1399 1065 1462 vel
1080 1415 1121 1462 ex
1132 1395 1220 1481 pn'n-
1267 1391 1399 1447 nnuman

93 1503 186 1589 cipiis
204 1503 244 1570 ab
263 1503 337 1588 ipso
354 1503 506 1571 adhibitis
521 1507 571 1570 vel
591 1524 632 1570 ex
646 1505 872 1580 conclusione,
889 1524 988 1588 quam
1004 1505 1075 1590 ipse
1092 1503 1218 1579 statuit,

93 1612 289 1678 deducimus
307 1621 365 1677 aut
382 1613 500 1678 laisum
519 1630 604 1689 esse,
625 1613 714 1696 quod
734 1613 802 1696 ipse
821 1631 937 1678 verum
958 1619 1068 1697 putat,
1090 1620 1146 1678 aut
1157 1630 1223 1698 ‘ve-

94 1737 182 1796 rum,
203 1719 292 1803 quod
308 1727 401 1804 putat
420 1719 556 1794 falsum,
578 1728 635 1785 aut
652 1720 774 1803 aliquid
793 1720 880 1786 aliud
908 1719 1110 1805 colligimus,
1131 1719 1221 1803 quod

3 1917 4 1920 Ἴ
93 1827 157 1911 ipsi
183 1835 365 1910 utcumque
394 1828 573 1893 molestum
599 1827 667 1892 sit»
695 1823 759 1915 (1).
789 1827 843 1893 Sic
873 1828 1035 1913 scepticos
1063 1836 1222 1926 negantes

93 1953 229 2021 corpora
248 1933 403 2012 existere,
433 1937 496 2001 hoc
522 1943 616 2018 pacto
641 1934 804 2031 exagitare
832 1937 954 2020 poteris
983 1944 1104 2000 retorto
1125 1952 1224 2020 argu·

95 2052 223 2109 mento:
242 2043 280 2109 Si
296 2049 427 2124 corpora
439 2045 535 2126 putas
557 2061 620 2108 non
638 2043 788 2121 existere,
808 2061 869 2108 cur
893 2042 1062 2108 irruentem
1082 2046 1220 2120 taurum,

93 2153 156 2215 aut
169 2149 391 2232 impendentem
408 2149 466 2216 nti
481 2149 621 2216 declinas
635 2151 771 2229 fustem?

164 2257 245 2324 lllud
263 2267 373 2322 tamen
394 2265 487 2334 nota,
503 2275 580 2324 eum
596 2265 652 2322 aut
671 2271 810 2342 negatur
823 2259 1034 2343 suppositum
1054 2267 1110 2323 aut
1128 2276 1224 2342 argu·
1309 2286 1313 2302 ·

95 2373 247 2432 mentum
268 2372 489 2448 retorquetur,
511 2384 577 2430 non
596 2383 670 2431 esse
688 2363 830 2431 dandam
849 2365 954 2431 solam
974 2364 1223 2449 responsionem

95 2471 305 2549 indirectam,
325 2474 383 2538 sed
402 2473 586 2539 addendam
605 2469 677 2539 esse
696 2473 895 2540 solutionem
915 2473 1089 2550 directam,
1106 2491 1172 2556 qua
1189 2473 1224 2538 111

94 2581 203 2646 forma
221 2580 423 2668 syllogistica
442 2581 678 2665 respondeatur
696 2581 798 2647 modo
813 2580 985 2665 explicato.

165 2686 306 2754 inversio
324 2688 459 2753 demum
480 2687 664 2774 argumenti
684 2688 722 2754 fn
739 2706 816 2753 cum
836 2688 917 2754 illud
930 2689 1040 2773 ipsum
1061 2687 1221 2763 medium,
1255 2715 1425 2777 mmm„
1499 2703 1501 2707 ·

94 2797 188 2881 quod
206 2796 407 2863 adversarius
434 2806 548 2863 eontra
567 2815 628 2863 nos
656 2797 850 2881 assumpsit,
871 2798 912 2863 ad
940 2806 1086 2864 nostram
1105 2794 1226 2862 doctri·

95 2922 175 2971 nam
195 2905 395 2989 probandam
411 2904 595 2989 arripimus.
612 2904 832 2971 inversionem
848 2903 1039 2991 hujusmodi
1052 2924 1071 2969 a
1086 2904 1224 2970 muliere

97 3012 274 3078 Chananea
287 3012 404 3079 1111111111
417 3011 566 3079 Christus
582 3012 743 3079 Dominus
758 3012 901 3099 benigne
915 3011 1108 3097 acceptavit.
1128 3010 1225 3077 Dixe-

96 3128 147 3185 rat
165 3118 209 3186 llli
227 3117 379 3186 Servator
398 3130 528 3185 noster:
548 3118 621 3187 Non
638 3124 686 3185 est
701 3120 816 3187 bonum
831 3138 952 3186 sumere
962 3118 1226 3205 panemfiliomm

94 3232 126 3294 et
143 3226 263 3293 mittere
289 3228 430 3295 canebas.
450 3226 511 3293 Cui
527 3228 701 3297 Chananea
725 3227 892 3294 humiliter
919 3226 1098 3313 respondit:
1123 3225 1226 3292 Etiam

97 3335 234 3401 Domine
238 3354 253 3416 ;
270 3353 345 3400 nam
370 3338 401 3401 et
416 3335 521 3401 catelli
538 3337 688 3401 eduntote
705 3335 812 3411 muts,
837 3354 907 3421 que
923 3338 1044 3401 cadunt
1057 3336 1097 3399 de
1119 3352 1226 3399 mensa

95 3442 299 3509 domenorum
316 3460 445 3509 ntorum
462 3440 528 3531 (2).

167 3548 256 3625 Qtid
270 3550 312 3617 sit
328 3552 551 3635 praestandum
569 3552 730 3636 arguenti.
1240 3576 1316 3623 nme·
1323 3574 1434 3630 mesre

3 3722 5 3743 ,
167 3654 201 3745 e)
221 3657 329 3723 Primo
348 3658 495 3724 enuntiet
513 3658 794 3725 contradictoriam
819 3659 870 3723 vel
889 3656 1084 3724 contrariam
1109 3674 1228 3742 propo-

3 3754 4 3823 ἒ
97 3764 230 3843 sitioni,
260 3784 359 3848 quam
388 3766 649 3853 impugnandam
669 3764 864 3850 assumpsit,
890 3784 1030 3850 eamque
1056 3784 1135 3834 mox
1153 3782 1229 3848 pro-

96 3874 170 3941 bet.
182 3872 216 3939 ld
234 3882 345 3940 autem
365 3874 424 3939 bac
442 3876 509 3941 lere
527 3872 651 3940 ratione
669 3872 738 3940 fieri
756 3874 889 3941 assolet:
910 3874 1076 3940 Adversus
1087 3871 1230 3955 proposi-

97 3982 231 4056 tionem,
256 3981 292 4047 r'n
309 3999 372 4066 qua
386 3985 469 4047 tenes
482 4002 515 4050 v.
531 4000 567 4067 g.
581 3982 682 4048 Deum
695 4000 760 4049 esse
771 3984 939 4060 eternum,
954 3981 1002 4075 sic
1019 3984 1230 4066 argumentor:

97 4090 190 4154 Deus
202 4106 266 4153 non
282 4092 328 4155 est
339 4092 487 4155 aterum.
508 4091 587 4173 Ergo
595 4089 687 4175 falsa
706 4090 809 4156 thesis.
1163 4164 1169 4173 ,

168 4192 209 4284 β)
228 4196 380 4281 Arguens
399 4196 536 4281 probare
554 4196 651 4263 debet
666 4198 906 4282 propositiones
925 4204 1061 4282 negatas
1083 4196 1233 4263 aderen-

97 4306 216 4371 dente.
243 4300 283 4395 γ)
311 4304 397 4370 Cum
416 4322 495 4371 vero
522 4304 748 4373 distinctiones
765 4307 858 4371 facte
885 4314 964 4372 sunt
982 4324 1001 4370 a
1017 4303 1229 4393 defendente,

3 4498 5 4513 Ι
98 4412 354 4480 instaurandum
381 4420 432 4478 est
456 4422 708 4497 argumentum:
730 4410 762 4481 ld
788 4412 878 4499 quod
895 4410 1015 4498 triplici
1032 4412 1133 4479 modo
1159 4410 1230 4479 lieri

135 4666 178 4729 (1)
214 4658 388 4737 Tongiorgi,
405 4660 462 4735 Op.
479 4674 509 4721 et
522 4662 578 4721 loc.
593 4661 656 4734 cit,
670 4682 699 4722 n.
718 4682 780 4737 33¹,
799 4668 839 4737 5.·

135 4753 181 4824 (a)
217 4750 305 4810 Matt.
320 4770 385 4824 cap.
405 4769 490 4825 1ς,1.
507 4752 551 4825 ab,
569 4772 615 4829 ²7·
735 4757 739 4772 ¹
