3492 5525
553 427 613 512 786
665 429 789 496 Loornn
804 429 1035 516 Meron-Lm.
1052 444 1123 508 mv,
1136 430 1223 496 Dur.
1241 446 1285 496 a·
1300 432 1379 496 Cer.
1396 448 1470 496 ψ

581 611 662 678 Hinc
688 613 786 682 etiam
813 611 849 680 S.
870 613 1014 680 Thomas
1031 609 1084 700 (ι)
1106 624 1139 679 et
1157 615 1228 701 ejus
1237 622 1523 680 commentatores
1539 632 1636 681 com-

514 719 707 788 munissime
726 720 933 807 distinguunt
958 719 1148 787 intellectum
1168 721 1395 804 principiorum
1416 721 1633 804 reymest.

340 833 416 888 aeno
432 819 471 888 ια’
581 825 728 912 Denique
742 829 840 895 relate
850 829 893 894 ad
906 825 1061 914 principia
1074 827 1236 895 evidentia
1245 827 1458 914 speculativa,
1473 846 1632 913 quorum,

306 913 494 1041 ,pfflfflssss
514 943 550 1000 ut
569 949 655 1019 saepe
679 935 891 1012 monuimus,
920 935 987 1002 duo
1004 943 1083 1002 sunt
1098 936 1236 1020 generd,
1253 933 1411 1002 amoenata
1434 954 1556 1022 nempe
1573 953 1633 1003 seo

397 1057 478 1108 ,mre
512 1041 683 1125 dignitates
700 1054 732 1108 et
746 1042 915 1125 posimms
937 1059 997 1108 seu
1019 1042 1172 1128 principit
1204 1043 1404 1128 particutaria
1429 1043 1633 1129 singularum

350 1203 355 1212 .
375 1141 459 1244 2¹⁸0„ss
513 1147 719 1216 scientiarum
733 1151 877 1236 propria,
894 1149 1031 1216 diversae
1040 1151 1127 1235 apud
1136 1151 1351 1232 Philosophos
1360 1162 1437 1217 sunt
1447 1151 1632 1219 sententiae.

371 1269 392 1314 u·
424 1283 445 1314 m
515 1255 575 1321 Atii
595 1258 799 1324 contendunt
823 1257 936 1324 omnia
954 1255 1108 1342 principia
1126 1257 1342 1343 speculativa,
1371 1258 1440 1325 sive
1459 1257 1521 1324 sint
1540 1276 1635 1324 com-

303 1354 318 1385 ¹
342 1353 404 1385 ''¹¹⁸''
421 1353 451 1455 {¹²
468 1353 491 1384 '¹¹
514 1361 625 1429 munia
644 1364 798 1432 omnibus
812 1363 972 1440 scientiis,
992 1373 1030 1432 ut
1048 1365 1238 1450 dignitates,
1259 1365 1329 1431 sive
1355 1364 1556 1449 particularia
1572 1383 1633 1431 seu

391 1497 432 1528 m·
465 1497 484 1527 ι·
513 1467 658 1554 propria,
679 1471 827 1538 videlicet
846 1472 1040 1556 positiones,
1061 1472 1101 1539 ad
1120 1473 1275 1538 eumdem
1292 1472 1439 1538 habitum
1459 1472 1630 1555 pertinere.

404 1568 424 1607 ‘’
512 1575 555 1643 ita
575 1576 659 1644 inter
677 1577 757 1645 aiios
770 1577 910 1660 Joannes
924 1598 943 1644 a
957 1577 993 1644 S.
1004 1575 1235 1666 Thoma(a)et
1248 1577 1501 1664 eomprutenses
1515 1575 1579 1666 (3).
1596 1578 1634 1642 Et

511 1685 594 1750 hanc
625 1701 693 1752 suae
725 1685 895 1752 sententiae
923 1685 1081 1752 rationem
1109 1685 1260 1753 reddunt.
1288 1685 1396 1764 «Quia
1417 1685 1451 1752 in
1477 1686 1634 1752 omnibus

511 1789 623 1876 primis
642 1791 821 1878 principiis,
835 1792 911 1860 'sive
924 1792 991 1858 sint
1007 1792 1294 1868 communissima,
1321 1791 1390 1858 sive
1417 1793 1527 1858 minus
1539 1811 1633 1859 com-

511 1899 638 1976 munia,
668 1899 830 1967 invenitur
857 1899 972 1965 eadem
1001 1899 1080 1967 ratio
1101 1899 1252 1966 iormalis
1271 1898 1488 1975 assentiendi,
1508 1899 1631 1966 scilicet

509 2003 579 2074 sine
599 2006 708 2074 medio
727 2007 898 2092 probante.
920 2005 1017 2084 Qrod
1031 2017 1141 2073 autem
1175 2006 1304 2076 termini
1324 2006 1391 2073 sint
1409 2006 1505 2072 nobis
1524 2008 1631 2092 magis

510 2115 561 2179 vei
581 2113 695 2212 minus!
709 2113 777 2180 noti
797 2123 829 2180 et
847 2131 1058 2189 communes,
1085 2115 1224 2198 ideoque
1248 2112 1452 2181 constituant
1477 2113 1632 2199 principia

509 2219 777 2290 communissima
797 2222 847 2286 vel
868 2221 978 2287 minus
995 2220 1202 2297 communia,
1223 2221 1285 2287 hoc
1303 2221 1411 2288 solum
1431 2220 1573 2305 pertinet
1591 2221 1631 2286 ad

510 2324 684 2394 faciliorem
704 2337 737 2394 et
759 2327 1021 2396 communiorem
1042 2328 1289 2413 explicationem
1308 2327 1542 2405 terminorum,
1564 2348 1631 2394 non

510 2433 551 2501 ad
582 2434 750 2502 diversum
789 2437 926 2502 modum
960 2435 1173 2512 assentiendi,
1208 2435 1313 2520 posita
1342 2454 1459 2503 eorum
1491 2436 1633 2519 explica·

509 2541 625 2609 tione»
646 2541 709 2628 (4).

514 2683 516 2686 ·
577 2648 620 2715 At
638 2667 717 2717 vero
735 2651 771 2716 P.
793 2648 957 2718 Antonius
970 2649 1095 2718 Rubius
1109 2645 1172 2737 (5),
1193 2649 1313 2716 Suarez
1327 2647 1392 2738 (6),
1411 2649 1530 2736 aliique
1547 2651 1634 2718 arbi-
1724 2656 1726 2729 j

453 2794 456 2799 ·
508 2765 635 2825 trantur
664 2755 793 2824 habitus
816 2757 914 2827 etiam
940 2757 1170 2844 principiorum
1196 2756 1472 2841 speculativorum
1502 2757 1633 2824 eviden

460 2946 465 2957 ·
508 2864 591 2931 tium
618 2864 774 2950 distingui
795 2865 915 2948 specie,
945 2866 1124 2932 secundum
1155 2866 1245 2949 quod
1268 2866 1301 2930 in
1324 2864 1461 2931 diversis
1488 2868 1632 2932 materiis
1723 2869 1724 2896 ³

507 2972 730 3049 inveniuntur,
747 2972 790 3039 ita
810 2982 845 3040 ut
864 2973 994 3040 habitus
1013 2971 1242 3058 principiorum
1261 2972 1360 3039 unius
1375 2972 1537 3050 scientiae,
1558 2993 1633 3058 spe·
1723 3059 1725 3064 Ι

506 3079 554 3146 cie
581 3078 801 3166 distinguatur
819 3081 860 3147 ab
879 3080 991 3147 habitu
1017 3079 1243 3165 principiorum
1264 3080 1395 3146 atterius
1414 3080 1574 3157 scientiae,
1599 3092 1632 3147 et
1723 3075 1725 3096 '

506 3186 652 3254 similiter
676 3189 773 3253 etiam
794 3187 950 3273 distingui
978 3188 1108 3254 habitus
1136 3187 1365 3271 principiorum
1393 3188 1633 3255 universalissi-

506 3312 649 3370 morum,
680 3294 858 3361 sidentur.
889 3295 927 3360 Et
955 3294 1112 3361 rationem
1141 3297 1223 3361 hanc
1243 3294 1395 3361 atterunt.
1421 3294 1561 3362 Habitus
1583 3298 1633 3362 di-

505 3400 718 3487 stinguuntur
745 3420 803 3487 per
831 3400 978 3468 diversos
1005 3394 1108 3478 a'ctus,
1135 3411 1168 3466 et
1195 3410 1287 3467 actus
1317 3410 1396 3468 sunt
1423 3402 1542 3468 diversi
1574 3422 1632 3487 per

504 3508 631 3575 diversa
658 3508 796 3595 objecta.
825 3508 891 3575 Sed
917 3526 1072 3577 assensus
1099 3508 1329 3593 principiorum
1357 3508 1458 3575 unius
1486 3508 1631 3576 scientiae

505 3616 612 3700 specie
626 3614 836 3701 distinguitur
854 3616 895 3681 ab
914 3634 1050 3683 assensu
1066 3615 1295 3701 principiorum
1310 3614 1456 3697 alterius3
1471 3626 1504 3683 et
1518 3636 1632 3685 assen-

505 3742 561 3791 sus
587 3724 685 3791 unius
713 3722 858 3808 principii
888 3723 1151 3791 universalissimi
1182 3723 1393 3810 distinguitur
1423 3717 1523 3791 etiam
1555 3744 1632 3809 spc-
1721 3709 1722 3790 ξ

503 3831 552 3897 cie
574 3831 617 3898 ab
647 3848 787 3899 assensu
812 3830 955 3898 alterius.
981 3830 1064 3917 Ergo
1089 3830 1220 3897 habitus
1240 3830 1340 3898 etiam
1363 3842 1463 3898 erunt
1486 3831 1630 3900 distincti
1721 3809 1722 3830 ¹

504 3956 627 4023 specte.

537 4168 578 4241 (r)
614 4167 690 4226 Vide
705 4168 864 4251 Quoestion.
879 4168 1031 4238 deputet,
1044 4168 1081 4226 de
1093 4168 1183 4228 Verte.
1199 4186 1228 4239 q.
1243 4168 1406 4239 r6,nr;1.
1421 4188 1452 4242 p.
1466 4191 1556 4246 ψῃ,
1572 4186 1630 4231 ω.
1720 4163 1722 4196 ⁵

505 4276 552 4327 υς
564 4256 684 4316 c.⁰diet.
699 4277 748 4330 24,
765 4277 794 4329 q.
810 4276 842 4328 2,
855 4270 911 4317 art.
930 4279 955 4331 3.

514 4336 577 4413 ¹(a)
614 4345 682 4405 Loo.
699 4345 828 4419 nupcit.

537 4440 579 4508 (3)
614 4435 721 4513 Logic.
734 4434 809 4508 disp.
821 4442 870 4506 ao}
884 4456 913 4508 q.
928 4457 958 4504 1,
974 4456 1004 4494 n.
1015 4456 1042 4509 7.

535 4524 577 4597 (4)
611 4524 744 4597 joanma
760 4524 1003 4592 S.Thom.,ibid.
1053 4528 1056 4532 ’

534 4620 575 4685 (ς)
610 4614 727 4692 Logia,
742 4612 792 4673 tib.
806 4615 980 4684 1.⁰Poster.,
993 4625 1075 4673 tract.
1093 4634 1104 4669 r
1118 4612 1153 4671 de
1167 4612 1270 4671 habitu
1279 4614 1460 4691 principem.

533 4704 575 4773 (⁶)
609 4704 694 4777 unp.
705 4704 833 4779 Merope.
848 4722 896 4779 44,
909 4716 980 4766 tect.
997 4724 1040 4775 rr,
1055 4722 1086 4763 n.
1100 4702 1147 4776 48.
