3492 5525
246 436 369 501 tinere.
386 433 551 513 1.=·Qurn
567 452 609 499 ετ
622 450 824 508 Quoruennx
838 450 1092 508 coNsEQUErttta
1134 448 1191 513 307

174 616 321 683 Secunda
335 624 413 700 pars
438 616 472 682 in
498 614 611 701 primis
635 614 807 681 manifesta
828 624 878 680 est
892 612 1040 699 pluribus
1059 602 1229 697 exemplis:

108 723 210 788 Homo
226 728 276 789 est
289 724 384 807 lapis:
405 742 477 808 ergo
493 727 540 789 cst
553 723 742 808 srcbstonir‘of
762 723 875 788 Petrus
896 720 1010 788 currit:
1025 739 1094 805 ergo
1113 721 1232 787 existit:

111 829 226 896 Omnis
238 831 329 914 lapis
339 836 387 897 est
399 832 534 912 animol;
551 833 608 897 sed
622 830 725 898 omnis
742 830 830 897 homo
845 832 895 895 est
913 829 1007 913 lapis.
1028 830 1111 913 Ergo
1132 828 1234 895 omnis

17 921 18 962 ³
110 938 200 1004 homo
213 939 407 1005 estanimol.

178 1044 217 1112 Et
231 1044 314 1112 ratio
327 1055 389 1124 est,
406 1046 483 1130 quia
501 1064 569 1112 non
588 1056 749 1131 repugnat
763 1046 830 1112 duo
857 1045 1052 1111 extreman
1071 1052 1105 1109 et
1121 1042 1236 1123 Bcon·

111 1172 197 1219 nexa
215 1172 288 1219 esse
314 1155 398 1219 inter
418 1172 467 1230 se,
491 1155 565 1220 licet
592 1154 863 1237 aliquodiliorum
898 1154 949 1218 vel
969 1161 1157 1236 utrumque,
1179 1170 1235 1235 per

111 1279 256 1325 errorem
274 1260 519 1328 identificaverit
537 1261 720 1328 intellectus
743 1280 819 1327 cum
840 1261 903 1326 alio
917 1260 1014 1327 tertio
1032 1271 1179 1327 extremo
1195 1257 1236 1339 C;

111 1370 184 1434 haec
208 1368 298 1437 enim
325 1369 401 1436 ficta
426 1369 636 1435 identificatio
667 1370 780 1453 nequit
803 1370 970 1435 destruere
997 1368 1235 1435 connexionem

112 1476 255 1543 duorum
274 1478 417 1544 iliorum.
440 1476 543 1560 Atqui
558 1476 764 1544 identificatis
779 1477 807 1541 Α
822 1486 856 1542 et
870 1476 894 1541 B
911 1495 988 1542 cum
1010 1476 1040 1541 C
1056 1476 1237 1542 necessario

112 1585 265 1667 sequitur
282 1585 316 1650 in
334 1584 422 1671 bona
438 1586 670 1670 consequentia
688 1584 896 1651 identificatio
913 1584 941 1651 A
957 1602 1034 1651 curn
1055 1584 1078 1649 B
1093 1603 1133 1649 ex
1146 1583 1238 1648 iden·

113 1690 218 1758 titatis
235 1691 403 1777 principio.
424 1692 508 1777 Ergo
527 1711 593 1759 non
612 1702 773 1778 repugnat
792 1711 833 1759 ex
850 1693 933 1760 falso
951 1691 1163 1758 antecedente
1182 1710 1238 1757 ve·
1289 1684 1292 1689 ’

114 1818 192 1865 rum
212 1818 420 1883 consequens
434 1798 564 1865 inferre.

182 1906 369 1982 Quodvero
379 1909 496 1974 salsum
507 1926 640 1992 quoque
650 1908 741 1991 sequi
756 1908 860 1992 possit
874 1926 915 1973 ex
930 1907 1030 1983 falso,
1047 1904 1238 1991 probatione

114 2034 184 2081 non
208 2023 299 2101 eget,
319 2015 396 2099 quia
418 2015 585 2097 sitatsum
607 2016 718 2099 nequit
740 2034 781 2081 ex
805 2034 883 2081 vero
906 2014 1022 2092 fluere,
1048 2032 1124 2079 cum
1152 2030 1238 2097 saepe

113 2123 195 2187 iaisa
209 2123 374 2188 conclusio
387 2123 421 2189 in
434 2131 523 2188 recta
540 2124 644 2187 forma
659 2121 952 2207 argumentationis
967 2123 1138 2199 inferatur,
1155 2118 1241 2187 attri-

113 2231 247 2296 buenda
264 2229 445 2297 necessario
463 2239 514 2297 est
532 2231 612 2297 iaiso
631 2232 848 2297 antecedenti.

182 2339 269 2404 Nota
286 2347 396 2404 autem
423 2356 536 2405 verum
558 2358 624 2405 non
644 2339 737 2424 sequi
756 2357 796 2405 ex
814 2340 895 2405 saiso
913 2338 1080 2414 absolute,
1102 2356 1162 2404 nec
1185 2356 1240 2403 co·

114 2444 211 2530 gnito
236 2455 273 2510 ut
299 2445 372 2522 tali,
402 2447 461 2511 sed
486 2464 527 2511 ex
549 2446 774 2531 suppositione
793 2448 885 2532 quod
903 2464 1018 2513 verum
1039 2446 1097 2522 sit,
1119 2445 1194 2528 quia
1213 2444 1239 2510 si

114 2561 384 2636 cognosceretur,
403 2561 442 2618 ut
460 2554 596 2629 nisum,
618 2554 765 2637 nequiret
788 2572 884 2619 mens
907 2553 1081 2638 procedere
1105 2550 1241 2619 ulterius

116 2661 149 2725 in
165 2660 377 2727 discurrendo
396 2669 429 2725 et
443 2660 623 2727 inserendo.
645 2660 792 2745 itemque
810 2680 925 2728 verum
947 2679 1013 2729 non
1034 2660 1182 2744 sequitur
1200 2678 1241 2725 ex

116 2771 200 2834 iais'o
219 2787 329 2852 perse
347 2780 379 2836 et
398 2789 440 2836 ex
462 2769 584 2836 meritis
608 2770 695 2849 falsi,
719 2771 813 2854 quasi
837 2771 957 2838 veritas
980 2769 1177 2854 dependeret
1201 2768 1242 2834 ab

117 2877 185 2941 ulia
203 2876 359 2955 salsitate,
379 2896 524 2962 cumque
543 2897 581 2943 ea
593 2878 832 2943 connexionem
848 2878 998 2959 haberet3
1019 2879 1075 2944 sed
1095 2897 1153 2961 per
1166 2876 1243 2942 acci·

117 2986 216 3060 dens,
234 3003 275 3050 ex
292 2981 419 3051 influxu
440 2985 586 3070 principii
604 2987 741 3071 aiicujus
760 2985 847 3061 veri,
877 2986 968 3070 quod
980 2993 1126 3051 mentem
1140 2984 1241 3068 adigit

120 3092 162 3156 ad
182 3091 426 3158 conclusionem
446 3111 573 3172 veram,
594 3093 764 3178 supposito
783 3112 904 3159 errore.

169 3304 416 3372 Conounntun.
464 3305 496 3372 in
521 3305 625 3390 prima
643 3317 734 3394 parte
753 3307 850 3392 hujus
868 3308 988 3392 regulae
1006 3307 1161 3373 fundatur
1178 3303 1245 3374 usi-

117 3412 304 3478 tatissimus
319 3412 371 3477 ille
386 3413 506 3479 modus
521 3415 679 3500 arguendi
695 3434 736 3481 ex
750 3414 910 3482 absurdis.
923 3413 1010 3490 Quia
1022 3413 1110 3480 enirn
1125 3414 1243 3480 salsum

120 3518 241 3604 nequit
258 3538 299 3585 ex
317 3538 396 3587 vero
414 3520 525 3604 sequi,
545 3523 752 3589 ostendimus
770 3541 885 3588 verum
906 3539 978 3588 esse
997 3540 1064 3588 non
1082 3540 1178 3607 posse
1195 3519 1242 3600 id,

118 3627 212 3693 unde
229 3627 309 3693 ialsa
327 3637 360 3693 et
378 3629 519 3694 absurda
536 3639 796 3714 consequuntur.

164 3740 299 3816 Regula
317 3742 366 3817 4.·
410 3735 459 3801 Ex
476 3737 649 3802 necessario
665 3737 797 3803 nonnisi
811 3736 1021 3803 necessarium
1038 3735 1195 3821 sequidem
1212 3739 1248 3801 ai

118 3859 199 3908 vero
214 3841 423 3908 massarium
439 3841 528 3928 sequi
535 3848 636 3926 potest
650 3845 716 3911 sive
733 3863 773 3911 ex
785 3843 977 3924 necessario,
993 3845 1059 3911 sive
1071 3862 1112 3910 ex
1125 3842 1246 3910 contin-

111 3948 208 4034 genti
218 3949 285 4015 sive
298 3949 395 4016 etr‘am
412 3969 452 4015 ex
463 3951 648 4034 impossibili
663 3950 730 4041 (1).

189 4055 302 4123 Priora
314 4063 405 4140 pars.
424 4056 511 4128 Quia
530 4059 747 4128 necessarium
765 4078 897 4146 semper
915 4069 965 4128 est
983 4079 1112 4138 verum,
1132 4069 1166 4126 et
1186 4060 1248 4127 im·

119 4163 279 4250 possibile
291 4182 422 4249 semper
431 4167 562 4244 falsum,
573 4170 770 4255 contingens
782 4179 893 4236 autem
906 4169 1106 4253 quandoque
1115 4186 1245 4244 verum,

117 4271 325 4357 quandoque
337 4273 469 4341 falsum.
489 4273 523 4340 Si
541 4293 621 4362 ergo
639 4295 681 4344 ex
700 4277 882 4344 necessario
897 4275 930 4343 in
942 4275 1030 4344 bona
1043 4292 1248 4360 consequen·

154 4631 201 4705 (r)
237 4629 278 4692 V.
292 4629 398 4702 Arist,
408 4629 460 4693 tib.
471 4653 497 4694 1.
508 4631 680 4706 Passerem,
693 4655 756 4709 cup.
771 4637 800 4696 6.
815 4633 878 4697 Cir.
896 4633 929 4696 S.
943 4631 1051 4698 Thous.
1065 4633 1105 4696 ib.
1116 4633 1181 4696 leet.
1205 4657 1247 4711 η,

119 4727 283 4798 nano-s·
299 4741 383 4796 veen·
1263 4767 1265 4774 >

1340 3767 1375 3817 4⁸⁸
