3492 5525
280 468 397 530 Aarrc.
416 463 905 544 r.⁰⁸Quorrooococc1uxnrun
924 483 1090 530 paruerant
1145 460 1204 546 803

196 669 338 735 aPraeter
366 670 433 734 haec
464 686 541 734 vero
568 664 723 752 principia
756 665 940 744 notissima,
971 665 1160 750 dequibus
1190 663 1245 732 vix

128 785 254 863 potest,
272 784 309 842 ut
325 775 456 859 opinor,
473 793 546 842 esse
561 773 796 852 controversia,
810 775 891 857 quin
901 773 1063 872 propriam
1079 772 1247 858 experien-

126 886 212 956 tiam
239 901 305 950 non
334 882 515 966 requirant,
544 891 622 948 sunt
651 881 712 948 alia
740 882 838 948 etiam
866 882 961 949 valde
988 880 1181 948 universalia
1213 887 1246 946 et

126 983 317 1058 communia
335 992 399 1056 iere
417 989 573 1056 omnibus
586 988 744 1065 scientiis,
762 997 814 1055 ut:
833 983 1041 1073 &ecumque
1053 989 1246 1054 samieadem

126 1099 187 1166 uni
203 1099 313 1176 terlio,
332 1101 410 1164 sunl
423 1099 528 1163 eadem
546 1097 628 1163 inter
644 1115 694 1163 se:
708 1104 755 1162 et:
776 1095 876 1164 Omne
894 1099 990 1163 leuem
1006 1099 1053 1163 est
1067 1098 1171 1184 majus
1187 1112 1248 1160 stra

121 1209 233 1289 parre:
257 1217 306 1273 et:
337 1205 375 1272 Si
400 1205 440 1270 ab
470 1203 640 1290 equalibus
666 1203 1044 1288 equoreumque
1073 1207 1245 1281 renonent,

126 1315 260 1400 aqualia
277 1316 362 1380 stent.
383 1312 421 1378 Et
438 1312 480 1377 de
498 1313 548 1379 his
571 1311 769 1398 distinguere
796 1320 942 1396 oportet,
971 1313 1105 1396 quando
1130 1311 1246 1379 talium

128 1419 356 1506 principiorum
371 1419 484 1486 notitia
498 1419 686 1486 inventione
699 1418 887 1503 acquiritur,
902 1421 955 1487 vel
969 1419 1150 1504 disciplina.
1161 1421 1245 1486 Nam

127 1529 160 1594 in
180 1531 241 1595 hoc
261 1527 430 1615 posteriori
450 1527 550 1594 modo
572 1526 725 1594 existimo
745 1546 809 1595 non
834 1545 906 1594 esse
921 1528 1134 1594 necessariam
1152 1545 1247 1613 expe·

127 1637 274 1703 rientiam
295 1635 420 1721 proprie
438 1641 623 1719 sumptam;
643 1633 701 1700 sed
720 1635 889 1718 supposita
902 1635 971 1710 illa,
992 1653 1067 1718 quae
1081 1635 1125 1702 ad
1133 1635 1246 1702 distin·

126 1753 213 1810 ctam
234 1743 382 1810 notitiam
402 1743 616 1809 terminorum
637 1742 714 1808 satis
733 1744 791 1819 sit,
813 1754 845 1810 et
864 1743 1030 1827 explicatis
1047 1743 1247 1810 sufficienter

129 1870 187 1935 per
200 1851 378 1918 doctrinam
399 1850 576 1916 rationibus
590 1850 823 1926 terminorum,
839 1850 963 1934 absque
978 1851 1038 1916 alia
1052 1851 1245 1934 experientia

129 1978 227 2044 posse
242 1959 442 2025 intellectum
462 1957 608 2024 assentiri
623 1976 683 2024 suo
698 1958 821 2023 lumine
835 1975 913 2023 cum
928 1956 1101 2024 sufficienti
1116 1957 1248 2024 eviden-

127 2066 173 2132 tia
191 2075 224 2132 et
241 2064 443 2132 certitudine.
465 2063 602 2132 Etnatio
615 2073 682 2141 est,
698 2064 773 2150 quia
788 2066 874 2143 haec,
895 2084 969 2150 quae
984 2065 1193 2151 requiruntur
1205 2065 1247 2130 ad

129 2175 318 2259 hujusmodi
336 2191 508 2240 assensum
537 2172 741 2251 evidentem,
771 2172 841 2240 sive
869 2174 911 2238 sit
934 2173 1147 2257 experientia,
1177 2173 1246 2238 sive

128 2299 348 2365 quaecumque
367 2281 427 2346 alia
445 2279 660 2346 terminorum
679 2281 867 2356 declaratio,
890 2299 955 2345 non
979 2279 1188 2364 requiruntur
1210 2291 1246 2346 ut

128 2389 272 2457 formalis
293 2387 372 2454 ratio
391 2385 604 2464 assentiendi,
627 2405 732 2471 neque
751 2388 848 2455 etiam
869 2397 907 2454 ut
925 2386 1116 2473 principium
1136 2406 1193 2472 per
1210 2407 1247 2454 se

129 2497 272 2564 efficiens
301 2515 358 2562 seu
387 2495 517 2560 eliciens
545 2504 654 2561 actum
685 2494 901 2573 assentiendi,
932 2496 990 2562 sed
1020 2503 1057 2560 ut
1081 2494 1247 2562 sufficiens

128 2603 299 2689 applicatio
317 2603 434 2688 objecti
449 2597 502 2690 (ut
521 2619 599 2668 mox
619 2600 806 2689 videbitur).
828 2602 895 2668 Sed
911 2604 1065 2670 nullaest
1081 2602 1247 2670 sufficiens
1350 2684 1355 2692 g
1381 2567 1387 2585 ¹

129 2711 226 2788 ratio,
258 2729 332 2795 quae
360 2710 494 2779 suadeat
511 2709 742 2795 experientiam
772 2710 916 2796 rigorose
934 2719 1119 2795 sumptam,
1150 2719 1248 2797 prout

128 2818 263 2887 includit
282 2820 459 2885 multorum
479 2818 691 2904 singularium
711 2816 917 2884 intuitionem
937 2827 970 2884 et
987 2819 1194 2885 collationem
1214 2829 1250 2885 et

128 2926 363 3003 inductionem,
379 2944 452 2992 esse
471 2924 683 2992 necessariam
703 2926 744 2991 ad
758 2926 977 2992 sufficientem
997 2925 1245 3009 applicationem

128 3036 248 3101 horum
267 3034 498 3119 principiorum
518 3051 575 3117 per
593 3032 809 3099 sufficientem
826 3033 1117 3117 apprehensionem
1137 3035 1247 3101 termi-

129 3160 264 3219 norum,
285 3158 466 3227 eorumque
480 3140 642 3207 rationum
657 3140 903 3227 intelligentiam
922 3149 1099 3227 aptamque
1113 3160 1248 3225 compo·

128 3251 296 3316 sitionem.
317 3248 382 3315 Cur
402 3249 490 3314 enim
511 3266 576 3314 non
597 3259 704 3333 potest
723 3250 785 3315 hoc
805 3266 862 3333 per
882 3248 1061 3315 doctrinam
1080 3250 1245 3334 supplere,

129 3356 274 3424 adhibito
292 3356 332 3423 ad
352 3376 522 3423 summum
542 3376 609 3422 uno
627 3359 679 3422 vel
698 3358 800 3423 altero
818 3359 972 3442 exemplo
999 3356 1160 3434 sensibili,
1181 3376 1247 3441 quo

129 3465 207 3533 satis
221 3472 388 3549 penetrato
408 3482 464 3549 per
478 3463 695 3540 intellectum,
716 3463 826 3530 statim
842 3473 975 3550 apparet
990 3484 1047 3550 per
1062 3484 1099 3532 se
1112 3466 1248 3533 evidens

129 3572 248 3639 veritas
266 3570 457 3660 principilia

196 3679 332 3763 «Atque
351 3680 412 3745 lroc
430 3680 538 3763 ipsum
557 3678 730 3745 consumat
747 3679 961 3763 experientia:
982 3680 1023 3745 ad
1045 3680 1249 3748 admittenda

129 3786 217 3853 enim
236 3786 306 3867 lraec
325 3786 478 3871 principia
497 3786 531 3852 in
549 3786 702 3852 doctrinis
721 3788 830 3853 nullus
849 3797 999 3873 expectat
1018 3788 1159 3873 plurium
1184 3788 1250 3855 sin·

127 3892 288 3979 gularium
305 3893 544 3972 inductionem,
561 3895 613 3959 vel
630 3893 918 3979 experimentalem
934 3895 1174 3981 cognitionem,
1190 3897 1249 3963 sed
1275 3982 1279 3987 .

128 4002 280 4068 facillimo
298 4001 431 4087 negotio
460 4002 598 4068 rationes
620 4002 835 4068 terminorum
864 4002 1004 4088 quisque
1030 4003 1194 4089 intelligit,
1216 4012 1249 4069 et

128 4108 238 4196 statim
257 4109 387 4175 illorum
408 4108 576 4175 veritatem
596 4118 706 4175 mente
722 4109 883 4188 intuetur,
905 4112 1110 4195 praeceptoris
1125 4108 1250 4177 medio·

129 4217 172 4282 cri
191 4216 357 4303 diligentia
375 4215 561 4284 adhibita.»

196 4324 267 4389 «At
281 4341 371 4401 vero,
389 4324 444 4408 qui
459 4326 528 4390 sola
539 4320 726 4391 inventione
737 4323 890 4409 scientias
902 4324 1086 4409 acquirunt,
1101 4324 1250 4412 indigent

129 4430 326 4516 experientia
344 4432 385 4497 ad
412 4433 530 4497 horum
559 4430 790 4517 principiorum
812 4430 1052 4517 cognitionem:
1080 4432 1156 4517 quia
1178 4433 1249 4501 sine

129 4538 182 4603 illa
200 4549 233 4605 et
260 4538 329 4604 sine
356 4538 506 4606 exteriori
530 4539 689 4625 adjutorio
708 4538 914 4624 praeceptoris
939 4550 970 4607 et
998 4540 1154 4607 doctrinae
1182 4559 1248 4608 non

128 4655 269 4733 possunt
283 4647 352 4712 lraec
366 4646 519 4731 principia
532 4646 612 4713 satis
626 4646 781 4733 proponi,
802 4655 858 4713 aut
873 4648 1014 4714 rationes
1032 4647 1248 4716 terminorum
1324 4662 1329 4670 ·

127 4755 206 4823 satis
223 4754 392 4841 cognosci,
426 4764 462 4822 ut
481 4754 543 4823 illis
571 4754 706 4823 evidens
733 4755 915 4841 prebeatur
945 4774 1113 4826 assensus.
1139 4758 1249 4843 Atque
