3492 5525
537 362 615 487 oph
659 402 786 468 Locren
801 402 1031 479 Maron-Lm.
1049 416 1119 479 ψ,
1135 401 1225 465 Drsn.
1245 412 1286 465 1.·
1301 400 1383 463 Cap.
1401 414 1480 479 aum

501 598 591 677 parte
611 588 654 654 rei
680 588 835 665 existere,
863 589 1028 672 siquidem
1056 588 1239 654 uniuersale
1267 584 1444 653 formaliter
1471 584 1638 669 importat

500 706 688 765 concretum
708 694 884 765 ex'natura
896 706 929 762 et
947 698 1052 762 forma
1070 692 1320 762 universalitatis
1338 689 1402 782 (ι).

326 842 353 887 u
354 839 414 885 ιιι
415 838 452 883 ua
547 811 676 890 Quarta
696 811 970 889 peroptabatur.
1018 802 1207 870 Universale
1230 799 1517 868 fundamentaliter
1544 808 1577 863 el
1598 800 1635 864 in

302 913 341 958 ¹¹²
312 912 422 1028 ”iffi
396 920 471 955 ΜΝ
504 912 649 996 potentia
665 930 737 979 esse
755 912 866 989 rebus,
883 911 989 997 srgnrf
981 919 1043 977 cat
1056 910 1219 977 adessem
1233 909 1353 977 rebus
1345 926 1424 992 rpsrs
1438 909 1638 976 fundamen·

505 1030 577 1087 tum
593 1021 633 1086 ad
648 1022 722 1097 hoc,
744 1028 780 1087 ut
798 1020 983 1087 intellectus
996 1020 1186 1104 operatione
1203 1037 1263 1084 sua
1277 1017 1460 1083 universale
1471 1018 1633 1102 perficiat.

507 1126 607 1212 Atqui
626 1128 758 1195 datura
778 1137 868 1213 parte
885 1127 929 1193 rei
947 1127 1200 1193 fundamentum
1225 1124 1431 1213 hujusmodi,
1450 1123 1636 1192 similitudo
1665 1196 1669 1203 ,
1728 1199 1729 1206 ¹

507 1254 626 1320 nempe
646 1234 739 1301 realis
762 1234 1023 1316 individuorum;
1044 1236 1112 1299 haec
1130 1232 1219 1299 enim
1238 1232 1340 1298 estin
1358 1250 1472 1307 causa,
1498 1251 1559 1298 cur
1582 1233 1639 1299 in-
1728 1217 1729 1280 ἶ

507 1343 672 1419 tellectus,
689 1342 830 1427 praecisis
842 1340 1161 1409 dissimilitudinibus
1172 1360 1209 1406 ac
1224 1339 1413 1407 differentiis
1426 1339 1639 1407 individuam·
1728 1335 1729 1338 ’

508 1450 613 1525 tibus,
634 1451 739 1535 possit
757 1449 806 1525 id,
827 1450 859 1515 in
875 1467 943 1533 quo
957 1449 1176 1523 conveniunt,
1196 1466 1264 1513 uno
1278 1458 1437 1532 conceptu
1452 1450 1636 1534 apprehen·

509 1559 598 1635 dere,
615 1566 648 1623 et
666 1558 711 1624 sic
726 1558 907 1625 universale
925 1555 1077 1625 conflare.
1093 1555 1144 1622 Sic
1158 1556 1271 1621 Petrus
1284 1564 1318 1620 et
1333 1558 1452 1623 Paulus
1463 1570 1541 1633 cte„
1558 1556 1639 1624 licet

509 1667 693 1751 discrepent
710 1666 778 1732 suis
793 1665 982 1731 differentiis
997 1662 1290 1738 individuantibus,
1306 1672 1417 1729 tamen
1431 1664 1637 1732 conveniunt

511 1793 634 1851 revera,
656 1783 687 1839 et
706 1772 830 1839 similes
849 1790 983 1857 prorsus
1001 1780 1079 1838 sunt
1097 1772 1130 1839 in
1154 1771 1277 1837 ratione
1295 1771 1443 1847 horninir,
1470 1772 1635 1849 aniaralis,

510 1881 706 1957 substantie,
724 1899 760 1945 ac
775 1880 924 1965 proinde,
939 1878 1080 1963 praecisis
1092 1877 1293 1955 differentiis,
1308 1879 1432 1963 concipi
1442 1892 1583 1963 possunt
1596 1890 1638 1946 ut
1729 1907 1730 1918 ι

512 1990 616 2066 homo,
635 1989 771 2065 anintal,
791 1987 985 2062 substantia,
1006 1996 1038 2051 et
1066 1986 1203 2051 habetur
1230 1986 1423 2054 universale.
1450 1988 1642 2055 intellectus

513 2115 591 2183 ergo
610 2096 650 2163 ad
665 2094 906 2161 efformandum
923 2094 1121 2168 universale,
1138 2094 1253 2177 reperit
1265 2094 1299 2159 in
1314 2095 1411 2160 rebus
1425 2093 1503 2179 ipsis
1518 2096 1639 2162 funda-

514 2213 682 2283 mentum;
704 2204 773 2270 sive
793 2202 975 2269 universale
993 2200 1278 2268 fundamentaliter
1295 2210 1329 2267 et
1346 2202 1380 2267 in
1404 2202 1549 2286 potentia
1570 2206 1640 2271 exi·

512 2313 569 2379 'stit
583 2312 616 2378 in
640 2312 737 2378 rebus
756 2308 819 2398 (a).

582 2418 738 2503 Apposite
756 2417 790 2486 S.
811 2417 972 2483 Thomas:
993 2416 1107 2483 Non...
1126 2418 1248 2498 oportet
1262 2419 1361 2500 quod,
1379 2418 1472 2483 siloc
1490 2423 1537 2484 est
1547 2420 1638 2486 homo

513 2532 546 2593 et
556 2527 638 2593 illud
650 2526 753 2601 loun,
768 2528 853 2611 quod
862 2526 968 2591 eadem
980 2524 1025 2589 sit
1034 2522 1214 2589 hunanitas
1227 2524 1398 2609 utriusque,
1416 2525 1497 2591 sicut
1509 2526 1544 2591 in
1556 2530 1639 2594 duo-

514 2637 571 2701 lus
583 2634 664 2700 athis
681 2652 744 2699 non
762 2636 929 2699 estendam
946 2633 1055 2698 albedo
1072 2650 1216 2707 numero,
1236 2634 1291 2697 sed
1303 2634 1387 2716 quad
1399 2632 1638 2703 hocsimlletur

507 2748 563 2810 illi
582 2742 616 2808 in
634 2740 701 2818 hac,
717 2742 800 2826 quad
814 2740 904 2807 halet
914 2739 1145 2815 hunanitatem,
1165 2738 1249 2804 suut
1256 2739 1351 2805 illud:
1368 2743 1452 2806 uude
1461 2742 1638 2810 intellectus

514 2849 666 2932 accipt'ens
684 2849 923 2924 humanitatem,
944 2867 1007 2913 uon
1032 2847 1202 2912 secundum
1225 2849 1310 2932 quad
1331 2852 1381 2912 esf
1397 2849 1507 2933 hujus,
1526 2853 1583 2917 sad
1600 2855 1640 2917 ut

513 2960 562 3024 cst
577 2957 769 3033 hunanitas,
780 2956 908 3041 format
922 2955 1123 3022 intentionem
1139 2973 1330 3022 communem
1346 2957 1488 3022 omnibus
1505 2957 1571 3046 (3).
1587 2959 1637 3024 Si-

390 3073 394 3080 '
516 3065 603 3130 milia
622 3065 719 3130 habet
738 3063 774 3130 S.
791 3063 912 3130 Ductor
923 3063 996 3129 alibi
1011 3059 1075 3150 (4)
1091 3062 1212 3145 quibus
1225 3065 1399 3130 concordat
1416 3076 1530 3132 auctor
1543 3068 1637 3134 Sum-

515 3191 573 3238 ma
590 3171 685 3237 totius
703 3170 821 3255 Logicae
838 3170 1035 3245 Aristotelis,
1057 3171 1125 3236 haec
1143 3169 1302 3236 scribens:
1327 3171 1493 3238 rnunuani
1508 3174 1636 3240 uniuer-

515 3279 649 3346 salitatis
663 3280 828 3360 respondet
835 3282 926 3344 extra
939 3281 978 3344 ut
980 3259 1238 3361 fundannum,
1254 3278 1336 3344 illud
1344 3329 1353 3356 ,
1373 3279 1408 3344 in
1421 3299 1482 3364 quo
1493 3279 1636 3349 Sacram

516 3391 563 3454 est
576 3387 744 3472 conformis
761 3405 831 3452 cum
848 3381 922 3451 attis
940 3386 1031 3451 rems
1048 3382 1082 3472 (5
1087 3381 1112 3471 ).

300 3523 396 3640 Ἣ,
401 3523 504 3641 ⁸2⁶:ss⁶²
585 3493 915 3570 Quaecumitasint,
914 3492 1263 3614 ..planeintelligitum
1271 3511 1429 3577 cursaepe
1448 3494 1635 3619 Philosophi

340 3753 482 3853 individuis.

552 3985 593 4048 (ι)
631 3978 706 4036 Vide
730 3977 764 4038 S.
779 3975 896 4043 Thoan,
917 3975 1026 4046 Opusc.
1043 3993 1070 4032 a.
1093 3977 1127 4033 de
1151 3975 1360 4043 Universatr'h.,
1377 3976 1526 4057 Quaen'tur
1539 3991 1635 4038 autem

516 4081 613 4128 utrum
635 4068 850 4134 uniuersale...;
874 4064 985 4137 Opusc.
1000 4066 1035 4121 de
1047 4064 1166 4122 Natura
1180 4065 1310 4138 generis,
1329 4085 1391 4136 cap.
1405 4085 1434 4138 93
1454 4069 1490 4124 de
1509 4067 1587 4126 Ereta
1608 4082 1635 4130 ef

516 4159 653 4228 essentia,
666 4177 728 4228 cap.
744 4176 772 4228 4.

552 4254 592 4314 (a)
627 4244 746 4305 Vides.
756 4244 875 4312 Thom,
891 4242 1437 4314 Opusc.1.deUrriuers.‚Senterrtia...
1459 4247 1635 4309 Aristotelis

517 4348 709 4405 veraesfetc.;
724 4348 753 4393 et
764 4332 876 4405 Opusc.
886 4351 914 4390 a.
928 4333 962 4388 de
975 4331 1152 4398 Unr'versaf.,
1162 4333 1209 4390 Ex
1222 4353 1277 4406 quo
1284 4341 1372 4408 patet,
1386 4334 1461 4407 quod
1468 4335 1635 4397 intellectus

508 4428 591 4498 sucr'f
604 4425 863 4484 unmersalifafem.

552 4521 593 4589 (3)
629 4513 662 4573 S.
678 4514 736 4572 Th.
751 4523 792 4570 a.·
809 4509 881 4570 dist.
899 4531 942 4584 ιγ,
956 4531 986 4583 q.
1005 4530 1028 4568 r.
1042 4531 1071 4568 a.
1089 4531 1112 4576 r,
1129 4510 1180 4570 fro.
1192 4531 1270 4584 corp.

552 4605 594 4678 (4)
630 4603 694 4662 Lib.
714 4621 754 4661 ro.
771 4601 994 4677 Metaphysroar.
1009 4600 1073 4658 leet.
1088 4619 1112 4666 1,
1129 4604 1287 4673 pompm-d.

552 4699 594 4766 (5)
634 4693 735 4750 Totius
749 4692 852 4766 Logic.
869 4690 965 4747 arist.
979 4687 1108 4759 Summa,
1124 4701 1207 4748 tract.
1221 4711 1245 4760 1,
1260 4710 1358 4763 capa.
