3492 5525
569 472 627 537 862
676 472 800 537 Looroa·
815 472 1044 547 utnon-lia.
1061 488 1134 549 ψ,
1149 472 1244 537 Drse.
1261 484 1307 555 3.·
1320 472 1403 535 Cae.
1419 486 1490 535 neu

357 676 479 724 rumne
597 660 714 722 Primo
728 658 843 739 itaque
859 660 1059 740 praemissae
1077 659 1114 722 in
1131 658 1594 737 demonstrationem,
1613 666 1651 719 ut

347 751 489 869 2:223?
529 765 602 829 alut
626 768 846 830 neooemrioe.
870 763 955 829 Nam
984 761 1060 829 finis
1087 761 1374 829 demonstrationis
1395 740 1557 827 est'scin.
1586 759 1649 827 Sed

529 869 618 952 quod
631 870 733 935 scilrcr
742 870 833 937 aliter
846 888 918 937 esse
934 888 1000 936 non
1016 879 1140 954 potest,
1157 886 1222 935 seu*
1232 870 1414 937 necessario
1428 867 1473 935 ita
1486 879 1552 935 est.
1568 867 1650 953 Ergo

528 976 693 1044 conclusio
720 977 1010 1045 demonstrationis
1039 977 1230 1055 necessaria,
1250 985 1314 1044 est.
1349 975 1450 1061 Atqui
1482 976 1649 1043 conclusio

529 1082 705 1151 necessaria
722 1084 802 1151 sciri
818 1086 931 1170 nequit
944 1086 1010 1152 nisi
1030 1106 1071 1152 ex
1088 1083 1266 1171 praemissis
1281 1101 1341 1151 seu
1356 1082 1523 1169 principiis
1539 1101 1650 1151 neces·

527 1191 630 1258 sariis.
652 1190 778 1276 Ergo...

595 1300 701 1367 Minor
718 1299 916 1385 subsumpta
936 1307 1041 1385 patet,
1065 1300 1141 1385 quia
1164 1299 1240 1367 licet
1257 1299 1477 1367 necessarium
1501 1298 1648 1381 quando

527 1425 592 1490 que
610 1406 713 1491 possit
731 1408 846 1493 inferri
861 1426 919 1493 per
943 1408 1093 1475 accidens
1116 1427 1157 1476 ex
1185 1406 1408 1493 contingenti,
1429 1406 1518 1472 utin
1547 1406 1647 1472 Diale

527 1514 608 1580 ctica
625 1515 814 1590 docuimus,
834 1524 867 1581 at
884 1514 964 1580 sciri
980 1534 1047 1581 non
1070 1524 1179 1601 potest
1205 1535 1247 1582 ex
1273 1513 1555 1600 contingentibus.
1573 1514 1643 1580 Non

527 1620 614 1687 enim
639 1622 738 1687 scitur
766 1622 911 1707 proprie,
936 1630 977 1689 ut
991 1624 1060 1708 jam
1084 1642 1293 1708 exponemus
1311 1620 1411 1699 inira,
1434 1621 1496 1689 nisi
1515 1622 1645 1704 quando

526 1728 734 1816 cognoscitur
751 1748 846 1795 causa
865 1729 923 1795 rei.
945 1730 988 1795 At
1000 1730 1218 1797 conclusionis
1237 1729 1425 1797 necessariae
1446 1747 1548 1798 causa
1570 1746 1647 1796 con-

526 1836 656 1922 tingens
675 1855 748 1903 esse
768 1854 834 1903 non
854 1845 977 1921 potest.
997 1837 1081 1924 Ergo
1103 1837 1304 1923 impossibile
1327 1846 1379 1906 est
1399 1836 1642 1903 conclusionem

527 1944 740 2011 necessariam
760 1942 833 2011 sciri
852 1963 1004 2012 excausa
1022 1963 1080 2011 seu
1100 1945 1277 2031 premissis
1293 1940 1597 2031 contingentibus(
1620 1940 1644 2030 ).

526 2050 563 2117 Et
582 2050 652 2117 haec
670 2062 720 2118 est
738 2051 884 2119 doctrina
909 2052 1182 2120 communissima
1206 2060 1354 2119 veterum
1379 2059 1491 2118 contra
1513 2068 1643 2135 paucos.

527 2158 611 2252 lege
630 2156 807 2225 Auctorem
826 2160 964 2227 Summe
977 2161 1072 2227 totius
1089 2159 1209 2246 Logicoe
1227 2158 1409 2227 Aristotelis
1420 2155 1485 2247 (α).

592 2264 750 2333 Existimo
778 2276 892 2335 tamen
921 2286 989 2335 non
1017 2287 1150 2336 omnem
1185 2267 1501 2335 demonstrationem
1537 2284 1645 2331 veram

525 2373 644 2440 debere
673 2384 820 2441 constare
854 2375 986 2461 precise
1019 2376 1196 2461 premissis
1224 2375 1414 2442 necessariis
1442 2374 1593 2440 absolute
1609 2392 1646 2437 ac

527 2482 768 2569 metaphysice,
788 2483 846 2548 sed
865 2500 964 2568 posse
982 2482 1079 2549 etiam
1098 2491 1248 2549 constare
1266 2480 1443 2567 premissis
1461 2480 1646 2569 hypotheti-
1715 2497 1716 2500 ¹

524 2607 561 2654 ce
580 2590 688 2657 solum
708 2607 745 2656 ac
768 2591 902 2676 physice
928 2590 1131 2658 necessariis.
1159 2589 1198 2655 Et
1220 2589 1266 2657 sic
1283 2592 1364 2656 sorte
1382 2590 1416 2657 in
1440 2588 1644 2657 concordiam

524 2714 600 2764 curn
619 2697 788 2765 communi
803 2698 985 2782 aliquorum
1000 2698 1161 2766 sententia
1181 2697 1321 2766 revocari
1341 2705 1497 2784 poterunt
1513 2696 1644 2782 quidam
1715 2675 1717 2740 l

525 2805 717 2872 recentiores
734 2801 803 2894 (3),
825 2805 1050 2874 existimantes
1068 2824 1166 2891 posse
1184 2806 1283 2874 etiam
1303 2825 1344 2874 ex
1371 2805 1548 2892 premissis
1565 2823 1644 2871 con·

523 2911 728 2997 tingentibus
746 2913 862 2980 confici
881 2915 1211 2985 demonstrationem.
1230 2916 1315 2982 Nam
1335 2916 1505 3000 exempla,
1524 2931 1598 2998 quae
1612 2912 1642 2978 in
1714 2962 1715 2965 ,

523 3020 807 3088 confirmationem
827 3041 896 3088 suae
918 3023 1075 3090 doctrine
1101 3024 1303 3109 producunt,
1325 3041 1392 3090 non
1409 3023 1578 3089 continent
1597 3039 1642 3086 re·

524 3148 599 3194 vera
619 3130 803 3214 praemissas
822 3148 958 3214 prorsus
980 3132 1226 3218 contingentes,
1246 3132 1305 3199 sed
1328 3130 1558 3216 contingentes
1573 3128 1643 3213 qui-

522 3236 598 3302 dem
629 3237 852 3325 metaphysice
880 3246 979 3322 atque
1006 3239 1173 3316 absolute,
1200 3239 1259 3306 scd
1290 3237 1485 3306 necessarias
1512 3237 1642 3326 physice

523 3353 555 3409 et
575 3343 812 3432 hypothetice(
837 3342 862 3433 ).
1288 3365 1293 3374 ·

589 3456 746 3522 Secundo
760 3457 1010 3522 demonstratio
1022 3467 1182 3522 constare
1194 3457 1295 3522 debet
1306 3459 1505 3538 praemissis
1520 3459 1642 3522 haben·

336 3545 480 3660 ‘ssaffinffrf
521 3563 614 3626 tibus
632 3565 860 3643 praedicatum
878 3560 914 3648 α)
932 3564 975 3629 de
992 3567 1106 3630 omni:
1123 3559 1165 3648 β)
1186 3584 1249 3644 per
1266 3583 1322 3640 se,
1346 3575 1382 3630 et
1397 3564 1436 3654 γ)
1453 3566 1640 3632 seeundum

477 3713 483 3726 .
521 3671 613 3750 quod
631 3671 746 3750 ipsum
761 3691 823 3736 seu
838 3672 882 3735 de
895 3673 1083 3751 praedicato
1100 3673 1301 3738 universali.

566 3790 585 3838 2
589 3791 644 3860 37.
692 3774 782 3842 Prius
807 3783 919 3842 autern
949 3791 1050 3859 quam
1076 3775 1110 3842 id
1139 3776 1311 3860 probetur,
1338 3776 1542 3843 declarando
1567 3785 1639 3842 sunt

521 3881 573 3946 hae
590 3899 702 3947 voces.

555 4043 597 4110 (ι)
633 4038 708 4097 Vide
723 4037 757 4098 S.
777 4039 845 4110 Th,
864 4050 902 4099 n·
914 4042 1041 4110 Postea,
1056 4041 1122 4101 lect.
1140 4062 1160 4116 9
1178 4041 1276 4113 initio,
1290 4053 1321 4102 et
1335 4041 1400 4104 ieet.
1424 4063 1455 4117 ¹³
1472 4055 1541 4103 ante
1554 4041 1636 4110 med..

519 4147 586 4188 curn
601 4126 757 4188 Aristotele
771 4127 812 4187 ib.
824 4128 888 4188 Cir.
901 4127 1093 4202 Couimhrie„
1105 4129 1136 4190 in
1150 4130 1199 4190 lib.
1218 4141 1275 4190 ι.“
1284 4132 1411 4201 Portet..
1421 4153 1485 4207 cap.
1498 4151 1524 4206 ς,
1535 4155 1562 4207 7,
1574 4153 1604 4204 q.
1617 4151 1636 4198 n

519 4237 547 4276 a.
566 4217 701 4288 13Tolet.
718 4218 793 4277 Rub.
808 4229 862 4277 cte.
879 4219 917 4278 il.

555 4307 597 4374 (a)
633 4306 900 4380 Tract.p,cap.3.

555 4401 595 4470 (3)
632 4395 707 4454 Vide
717 4395 794 4469 apud
810 4394 932 4467 Soarm,
946 4397 1064 4472 Logia,
1080 4409 1163 4457 tract.
1177 4398 1205 4467 8,
1222 4398 1300 4472 disp.
1318 4421 1342 4471 r,
1357 4413 1427 4461 sect.
1444 4419 1458 4470 ς
1473 4401 1512 4462 ad
1525 4422 1572 4476 ²7·

554 4492 596 4558 (4)
633 4484 695 4544 Cir.
721 4485 867 4557 Losaada,
888 4506 917 4547 ν.
941 4507 971 4561 g.
987 4487 1106 4564 logia,
1122 4502 1206 4551 tract.
1226 4490 1256 4558 ⁶,
1277 4490 1353 4565 disp.
1374 4511 1401 4561 a,
1421 4511 1485 4567 cap.
1501 4513 1528 4552 a.
1551 4513 1582 4552 n.
1599 4511 1635 4558 ra,

518 4597 580 4648 erp.
594 4595 628 4650 4,
644 4595 674 4634 n.
688 4575 717 4645 6,
735 4595 778 4644 ης
791 4587 820 4634 et
834 4573 963 4647 Rubiua,
974 4575 1006 4635 in
1017 4577 1068 4638 lib.
1084 4579 1458 4655 r.·Posterior.,eap.4,q.
1476 4603 1501 4651 1,
1511 4581 1544 4642 in
1555 4603 1637 4657 argu·
1709 4596 1710 4627 ἰ

519 4665 627 4725 meotis
645 4677 673 4724 et
686 4663 898 4737 solutionibus3
912 4665 1018 4737 Jornn.
1033 4664 1094 4727 aS.
1108 4667 1227 4739 Thoan,
1241 4669 1359 4746 Logia,
1368 4684 1474 4744 quaeat.
1489 4691 1534 4746 ar,
1545 4686 1601 4734 art
1611 4691 1636 4740 ος

519 4755 641 4829 Soarez,
657 4755 773 4832 Lugio,
788 4767 871 4816 tract.
886 4755 915 4827 8,
934 4755 1012 4828 disp.
1026 4777 1055 4830 3,
1070 4769 1142 4818 sect.
1159 4775 1185 4831 ς,
1199 4775 1231 4818 u.
1250 4779 1299 4834 ¹27
1311 4779 1392 4834 seqq.
