3492 5525
555 461 616 526 904
669 441 797 507 Loorca
809 438 1040 518 Maron-Lao.
1058 458 1129 518 ψ,
1144 444 1234 507 Drsn.
1251 456 1295 527 4·
1310 444 1390 509 Car.
1410 462 1477 509 ψ

516 649 553 696 ac
572 630 787 714 Capreolum:
808 646 927 713 nempe
942 628 1058 695 voiunt
1076 627 1209 711 quidem
1228 636 1318 694 actus
1331 628 1516 695 intellectus
1533 648 1627 713 posse

514 738 578 805 dici
596 748 630 803 et
649 754 725 804 esse
741 737 884 821 praxim,
904 747 937 803 at
956 754 1022 802 non
1037 744 1127 801 actus
1146 737 1329 803 intellectus
1345 737 1431 803 nude
1451 746 1625 821 spectatos.

515 846 575 913 sed
588 854 685 929 prout
701 845 862 911 voluntati
880 844 1060 929 subjectos,
1081 849 1113 908 et
1131 852 1293 927 quatenus
1310 844 1433 910 cadunt
1447 844 1510 910 sub
1527 843 1628 927 impe

517 952 601 1019 rium
620 961 654 1017 et
671 952 863 1019 electionem
883 949 1076 1026 voluntatis,
1097 968 1136 1015 eo
1148 950 1235 1017 enim
1251 950 1350 1015 modo
1363 950 1541 1036 dirigibires
1553 962 1627 1016 sunt

516 1077 573 1144 per
591 1078 728 1125 norman
747 1078 784 1125 ac
802 1059 947 1144 reguiam
975 1058 1158 1123 intellectus
1181 1058 1231 1123 alii
1250 1066 1340 1124 actus
1360 1056 1569 1142 posteriores.
1593 1058 1627 1121 Ει

516 1168 548 1233 in
567 1167 683 1233 eodem
697 1183 797 1233 sensu
816 1167 899 1235 hanc
917 1165 1111 1233 sententiam
1131 1174 1265 1231 tuentur
1282 1166 1353 1249 ipse
1371 1163 1490 1231 Suarez
1513 1164 1626 1247 aliique

518 1276 627 1359 piures
645 1293 663 1340 e
677 1272 804 1341 Nostris
818 1292 922 1358 nuper
937 1270 1072 1349 laudati,
1091 1272 1370 1356 quemadmodum
1386 1272 1519 1356 ipsimet
1532 1272 1627 1337 diser·

515 1392 550 1449 te
568 1381 843 1449 animadvertunt.

443 1534 465 1564 ,ο
581 1489 665 1567 Quae
681 1508 757 1555 curn
777 1490 821 1555 ita
838 1487 904 1555 sint
924 1490 997 1572 jure
1016 1486 1131 1553 merito
1161 1485 1287 1571 scripsit
1312 1485 1433 1551 Suarez
1452 1486 1536 1552 inter
1562 1506 1627 1569 pre

330 1606 357 1705 ᾖ
409 1592 431 1706 ᾧ
516 1596 620 1663 dictas
648 1597 820 1681 opiniones
850 1595 1116 1662 «dissensionem
1146 1612 1218 1660 esse
1248 1595 1352 1679 magis
1382 1596 1423 1661 de
1459 1594 1625 1659 nominum

411 1736 416 1745 ·
438 1677 464 1779 f:
516 1703 769 1790 significatione,
790 1722 890 1787 quam
909 1702 950 1768 de
969 1720 1019 1767 re:
1045 1701 1121 1784 quia
1139 1700 1172 1767 in
1201 1720 1234 1766 re
1252 1712 1381 1768 constat
1399 1711 1511 1767 actum
1540 1702 1627 1767 intei-

339 1808 432 1852 Μ’
460 1838 467 1851 ·
517 1813 619 1880 lectus
638 1829 736 1896 posse
753 1811 888 1877 subesse
907 1809 1072 1876 directioni
1091 1819 1123 1877 et
1143 1810 1263 1894 regulis
1281 1810 1374 1886 artis,
1400 1817 1433 1873 et
1452 1810 1626 1875 voluntarie

516 1919 561 1985 ita
579 1918 647 1984 fieri
666 1920 792 2004 potius,
813 1936 914 2001 quam
934 1918 995 1982 aiio
1015 1918 1132 1997 modo;
1154 1935 1228 1999 quae
1246 1917 1450 1983 conditiones
1468 1916 1627 1983 sufficiunt
1709 1912 1710 1925 ²

517 2026 552 2092 in
565 2026 691 2093 actibus
705 2028 839 2093 aliarum
856 2026 1076 2111 potentiarum
1092 2021 1205 2112 (etiam
1220 2044 1261 2090 ex
1284 2034 1396 2090 mente
1419 2022 1624 2091 Scotistarum

517 2132 853 2222 immutatumque),
875 2143 912 2199 ut
929 2134 994 2200 sint
1012 2132 1131 2218 praxis.
1152 2132 1235 2217 Ergo
1263 2151 1302 2196 an
1329 2142 1422 2199 actus
1449 2133 1625 2199 intellectus

444 2290 451 2303 .
518 2242 562 2307 ita
580 2242 622 2307 sit
640 2242 851 2325 appellandus
870 2260 989 2316 necne,
1011 2249 1140 2305 tantum
1160 2247 1269 2322 potest
1288 2240 1449 2322 pertinere
1467 2240 1508 2304 ad
1535 2257 1623 2305 usum

518 2351 570 2415 vel
588 2348 857 2433 significationem
876 2368 1018 2415 vocum»
1037 2345 1101 2436 (ι).

562 2453 641 2540 256.
688 2462 777 2523 Mihi
790 2479 926 2541 quoque
943 2463 1052 2539 placet
1080 2465 1159 2524 haec
1176 2460 1327 2523 secunda
1354 2460 1542 2533 sententio,
1562 2456 1624 2520 sive

519 2582 570 2629 res
587 2563 656 2630 sive
675 2581 797 2629 nomen
815 2572 991 2647 spectetur.

585 2676 629 2737 Et
645 2676 759 2753 primo
775 2676 931 2755 quidem,
950 2676 981 2737 si
999 2693 1056 2737 res
1071 2684 1254 2753 spectetur.
1270 2671 1353 2737 Nam
1369 2670 1397 2735 si
1410 2678 1500 2735 actus
1517 2672 1625 2735 volun-

517 2779 594 2846 tatis
613 2787 810 2863 potestesse
829 2780 952 2864 praxis,
974 2781 1049 2862 quia
1068 2779 1136 2844 elici
1157 2787 1265 2864 potest
1278 2799 1318 2844 ex
1335 2779 1509 2845 directione
1522 2779 1625 2863 cogni-

518 2887 634 2963 tionis,
662 2905 737 2970 quae
755 2888 919 2962 ostendat,
949 2888 1118 2971 quomodo
1145 2887 1285 2953 exerceri
1310 2888 1415 2953 valeat
1439 2888 1623 2970 debeatque

519 3013 577 3059 cur
593 3001 686 3059 actus
704 2993 887 3059 intellectus
905 3011 970 3059 non
991 2993 1093 3079 possit
1115 3013 1187 3061 esse
1215 2993 1337 3078 praxis,
1367 2995 1624 3078 quandoquidem

520 3109 554 3166 et
571 3099 642 3185 ipse
660 3100 731 3167 clici
751 3108 859 3185 potest
878 3121 919 3167 ex
938 3101 1114 3168 directione
1132 3101 1259 3187 praeviae
1276 3101 1472 3187 cognitionis
1489 3103 1624 3187 prescri-

520 3207 629 3275 bentis
640 3210 790 3286 modum,
811 3209 996 3274 secundum
1011 3228 1111 3292 quem
1126 3217 1200 3293 apte
1213 3207 1440 3276 construatur?
1459 3210 1623 3286 Quaenam.

521 3335 644 3401 quaeso,
664 3333 761 3382 eausa
780 3316 886 3381 afferri
914 3323 1022 3399 potest
1049 3316 1257 3400 disparitatis,
1285 3318 1328 3382 ob
1353 3335 1454 3400 quam
1478 3317 1626 3383 rationo

523 3440 666 3507 menque
700 3423 806 3507 praxis
831 3423 871 3488 ad
892 3430 983 3489 actus
1012 3425 1143 3490 alterius
1161 3425 1315 3508 potentiae
1334 3423 1374 3488 ab
1398 3424 1559 3490 intellectu
1584 3443 1626 3489 re

522 3529 718 3615 stringatur?
736 3531 821 3596 Nam
839 3531 946 3614 praxis
961 3537 1060 3606 certe,
1075 3530 1352 3597 consentientibus
1365 3531 1626 3598 communissime

522 3635 743 3720 Philosophis,
773 3645 824 3702 est
841 3647 934 3704 actus
954 3638 1005 3702 vel
1033 3638 1178 3721 operatio
1197 3657 1238 3704 ex
1257 3640 1367 3724 regula
1395 3641 1513 3723 posita.
1532 3639 1625 3724 Atqui

521 3753 613 3810 actus
622 3745 805 3811 intellectus
819 3753 870 3810 est
885 3744 1041 3829 operatio,
1058 3763 1132 3828 quae
1147 3747 1188 3812 ad
1204 3764 1352 3812 normam
1366 3747 1486 3832 regulae
1500 3748 1626 3830 alicuius

521 3851 590 3916 elici
619 3859 739 3935 potest.
760 3851 845 3935 Ergo
864 3851 971 3917 donec
990 3852 1091 3918 solida
1110 3853 1216 3936 aliqua
1235 3852 1316 3918 ratio
1342 3853 1512 3930 afferatur,
1531 3855 1627 3920 dicere

521 3959 611 4041 quod
639 3969 730 4026 actus
748 3959 918 4023 ineliectus
941 3977 1005 4024 non
1023 3967 1129 4043 potest
1143 3978 1214 4025 esse
1230 3959 1352 4044 praxis,
1364 3959 1441 4042 quia
1454 3961 1558 4045 praxis
1581 3963 1628 4027 de

520 4066 575 4130 bet
599 4083 671 4130 esse
698 4074 790 4131 actus
808 4065 939 4131 alterius
967 4067 1127 4149 potentia,
1157 4075 1292 4132 nonest
1320 4067 1378 4132 nisi
1407 4086 1496 4133 mera
1522 4068 1628 4152 petitio

521 4172 666 4257 principii
685 4168 749 4259 (2).

520 4460 595 4602 ¹30)
631 4455 944 4601 Sumagmopays„
960 4456 1037 4531 dise·
1056 4475 1102 4532 44.
1120 4471 1189 4518 sect.
1215 4479 1256 4532 ις,
1274 4479 1302 4518 n.
1317 4459 1364 4519 2⁶.
1379 4459 1443 4518 err.
1464 4461 1500 4520 aa
1520 4459 1627 4526 aare..

531 4567 540 4602 1
563 4564 612 4617 .4,
627 4565 652 4602 c.
666 4566 695 4617 9,
711 4564 740 4603 ιι.
775 4590 783 4603 .

520 4723 529 4780 ¹
555 4637 613 4734 (2).
632 4633 708 4692 Vide
721 4631 841 4780 Suogez,
858 4635 934 4707 disp.
949 4655 995 4710 44,
1011 4637 1149 4711 Metapa,
1172 4637 1225 4696 loe.
1240 4637 1288 4696 cit.
1306 4659 1336 4696 ιι.
1350 4659 1395 4712 24.
1412 4639 1475 4699 Cir.
1496 4639 1626 4702 menda

531 4745 571 4782 oo.
589 4736 663 4782 crte.
678 4745 705 4795 9,
720 4743 750 4781 n.
770 4745 779 4779 1
803 4767 809 4781 .
