3492 5525
559 485 623 571 406
664 485 789 551 Loorca
801 482 1030 562 MaJon-Lre.
1049 499 1119 560 ψ,
1133 483 1226 548 Dtse.
1248 495 1293 548 1.·
1306 485 1386 550 Cae.
1407 499 1476 549 μω

521 693 659 760 pomum
672 693 748 741 vere
762 682 992 760 cognosceret,
1008 675 1104 758 eique
1119 673 1351 740 assimilaretur
1362 673 1448 740 illius
1459 671 1640 758 perceptio,

521 800 587 848 non
606 782 739 866 quidem
759 783 929 867 adaequate
942 790 977 846 et
989 782 1166 866 complete,
1181 781 1240 846 sed
1253 780 1456 865 inadequate
1466 790 1500 847 et
1514 782 1644 848 incom-

522 890 618 974 plete.
639 891 684 956 lta
701 889 799 956 etiam
818 907 895 955 vera
907 888 1038 966 dicitur,
1058 898 1092 954 et
1109 896 1172 963 est,
1188 887 1332 954 hominis
1344 889 1467 974 imago,
1484 889 1558 955 licet
1572 907 1642 956 non

521 1005 628 1064 toturn
648 999 809 1082 exprimat
828 996 1010 1073 hominem,
1030 998 1090 1063 sed
1107 993 1223 1062 taciem
1242 996 1349 1062 solum
1367 997 1531 1080 ejusdem.
1560 1051 1565 1058 .

586 1105 655 1187 Jam
675 1106 716 1172 de
735 1104 880 1172 veritatis
907 1105 1077 1171 existentia
1096 1104 1262 1190 probanda
1281 1123 1348 1169 non
1366 1113 1434 1181 est,
1453 1123 1512 1170 cur
1533 1105 1642 1170 simus

346 1219 372 1249 ‘¹
440 1217 469 1248 ¹⁸·
519 1211 663 1290 solliciti,
684 1221 735 1280 cst
752 1212 840 1278 eninr
858 1210 1040 1279 evidentior
1054 1211 1233 1278 meridiana
1251 1213 1335 1277 luce.
1355 1213 1440 1278 Nam
1459 1213 1641 1299 propositio

519 1321 723 1388 existentiam
743 1320 887 1388 veritatis
905 1338 1042 1405 negans,
1061 1331 1111 1388 est
1130 1337 1195 1385 una
1206 1320 1447 1412 illarum-quae
1464 1319 1642 1388 intrinsece

403 1415 406 1422 ’
435 1471 451 1504 ,,
519 1437 740 1514 repugnantes
753 1427 921 1504 dicuntur,
937 1445 1040 1511 seque
1057 1428 1145 1511 ipsas
1166 1428 1386 1494 destmentes.
1410 1427 1473 1494 Fac
1495 1427 1640 1512 aliquem

519 1554 656 1622 negare,
677 1535 768 1621 quod
786 1535 882 1602 detur
899 1535 1035 1601 veritas:
1056 1533 1234 1619 propositio
1256 1534 1328 1619 ejus
1345 1535 1398 1600 vel
1422 1543 1475 1601 est
1492 1555 1569 1601 vera
1581 1538 1641 1621 ,vel

406 1667 411 1680 ·
519 1644 614 1728 talsa3
630 1641 656 1710 si
675 1661 768 1720 vera,
785 1643 853 1728 jam
873 1643 966 1708 adest
979 1641 1089 1726 aliqua
1107 1641 1242 1718 veritas,
1269 1642 1424 1709 nimirum
1447 1643 1502 1710 illa
1520 1661 1643 1728 propo-

477 1819 483 1826 ,
518 1749 593 1817 sitio
608 1769 732 1835 negans
750 1749 817 1817 dari
832 1750 1016 1818 veritatem.
1032 1748 1064 1815 Si
1083 1767 1160 1815 vero
1178 1750 1257 1814 falsa
1274 1758 1325 1816 est
1343 1749 1504 1835 ejusmodi
1524 1769 1643 1835 propo

517 1857 608 1933 sitio,
621 1859 690 1944 jam
709 1875 826 1924 verum
845 1867 895 1924 est
913 1855 980 1923 dar'i
996 1857 1177 1924 veritatem.
1195 1857 1346 1923 Veritatis
1366 1876 1446 1942 ergo
1468 1858 1642 1927 existentia

518 1967 569 2032 vel
588 1966 658 2050 ipsa
676 1965 824 2050 ejusdem
846 1966 1020 2050 negatione
1039 1964 1158 2030 invicte
1175 1963 1387 2030 confirmatur
1403 1962 1468 2053 (r).

562 2091 594 2160 3.
644 2073 754 2156 Atque
778 2072 829 2138 his
856 2071 1056 2139 sufficienter
1073 2071 1200 2137 videtur
1222 2072 1366 2138 veritatis
1384 2083 1563 2158 conceptus
1583 2074 1643 2139 de-

516 2180 641 2248 clarari.
660 2179 824 2247 Caeterum
844 2180 926 2246 duas
944 2178 997 2245 hic
1014 2178 1179 2265 agitabant
1193 2177 1381 2246 scholastici
1396 2179 1465 2247 ot).
1485 2181 1642 2266 quaestio·

518 2305 594 2364 nes,
615 2289 656 2356 ad
675 2295 825 2355 naturam
841 2287 954 2372 logicae
973 2284 1115 2353 ueritatis
1128 2294 1325 2369 spectantes,

335 2421 476 2475 Quartana
584 2401 702 2463 Prima
718 2401 868 2480 quaestio
887 2403 955 2469 est,
975 2403 1087 2485 utrum
1107 2393 1263 2459 habitudo
1281 2395 1333 2459 illa
1351 2395 1589 2462 conformitatis
1606 2397 1640 2463 in

329 2503 471 2540 ⁰⁰¹¹'‘⁰'“⁸'
516 2522 582 2587 qua
601 2504 767 2588 reponitur
786 2505 866 2569 ratio
886 2502 1030 2569 veritatis
1047 2503 1178 2587 logicae,
1198 2502 1408 2588 intelligenda
1426 2503 1579 2588 primario
1597 2505 1641 2572 sit

330 2564 475 2710 ruffin·
516 2612 599 2678 inter
617 2619 812 2697 conceptum
833 2611 1004 2676 formalem
1024 2617 1057 2675 et
1075 2627 1161 2685 rem,
1181 2628 1222 2674 an
1243 2629 1322 2676 vero
1340 2609 1423 2678 inter
1441 2623 1639 2697 conceptum

311 2725 495 2777 cravennam.
514 2719 713 2807 objectivum
732 2727 765 2785 et
784 2737 871 2795 rem,
890 2727 987 2803 prout
1000 2725 1051 2783 est
1064 2717 1097 2784 in
1112 2735 1149 2784 se
1161 2714 1225 2805 (2).
1242 2717 1326 2784 Nam
1341 2718 1374 2785 in
1389 2714 1553 2787 intellectu
1569 2707 1639 2787 iem

516 2827 656 2912 aliquam
672 2846 747 2895 vere
761 2834 1001 2913 cognoscente,
1021 2826 1080 2892 tria
1100 2834 1241 2909 possunt
1259 2824 1433 2911 distingui:
1458 2840 1641 2915 conceptus

517 2936 661 3003 formalis
679 2952 736 3003 seu
757 2944 848 3002 actus
863 2936 933 3019 ipse
952 2932 1088 3009 mentis.
1105 2943 1285 3019 conceptus
1303 2934 1486 3019 objectivus
1508 2955 1568 3004 seu
1588 2958 1641 3005 res

517 3052 614 3129 prout
633 3053 782 3129 percepta
801 3042 842 3108 ab
860 3041 1026 3108 intellectu
1050 3060 1107 3127 per
1125 3060 1235 3108 suum
1247 3049 1374 3119 actum,
1402 3052 1436 3109 et
1454 3062 1506 3113 res
1522 3046 1640 3113 eadem

517 3162 612 3235 prout
631 3158 682 3217 est
700 3152 733 3217 in
761 3169 822 3218 sua
850 3149 979 3235 propria
1006 3150 1141 3215 entitate
1168 3156 1258 3215 extra
1285 3148 1503 3219 intellectum.
1534 3153 1588 3219 Sic
1604 3153 1639 3221 in

517 3258 660 3343 imagine
681 3258 816 3325 Caesaris
835 3257 895 3325 tria
922 3254 1013 3323 facile
1038 3255 1235 3347 distingues:
1262 3256 1439 3341 imaginem
1464 3258 1568 3344 ipsam
1588 3280 1642 3327 se·

515 3367 662 3434 cundum
682 3365 731 3442 id,
754 3365 845 3451 quod
863 3372 914 3431 est
932 3364 965 3430 in
985 3383 1037 3441 se,
1054 3371 1133 3448 puta
1151 3364 1312 3448 depictam
1331 3365 1477 3432 tabulam
1490 3376 1549 3434 aut
1567 3388 1642 3435 mo·

516 3478 581 3541 lem
595 3492 812 3541 marmoream
823 3490 831 3554 ;
842 3471 1005 3538 Caesarem
1020 3481 1118 3557 prout
1133 3480 1404 3557 representatum
1416 3474 1469 3539 illa
1481 3474 1638 3561 imagine3

517 3600 553 3649 ac
572 3583 707 3649 demum
723 3580 896 3648 hominem
912 3598 1029 3646 verum
1043 3588 1076 3645 et
1095 3574 1212 3646 reale'rir
1228 3579 1366 3647 Caesaris
1381 3581 1515 3648 nomine
1528 3586 1641 3669 appel·

519 3692 633 3757 latum.

585 3796 617 3862 ln
637 3796 697 3862 hac
715 3813 793 3880 ergo
811 3793 1033 3861 controversia
1052 3793 1225 3860 Durandus
1238 3790 1291 3880 (3)
1308 3802 1341 3859 et
1360 3794 1516 3863 ilervaeus
1534 3795 1586 3887 (4)
1600 3818 1641 3867 ac

519 3912 633 3989 postea
652 3905 687 3971 Ρ.
711 3900 840 3969 Gabriel
861 3901 1016 3985 Vazquez
1034 3897 1086 3988 (5)
1104 3900 1222 3985 aliique
1238 3898 1374 3981 docent,
1400 3902 1572 3972 veritatem
1590 3908 1642 3973 lo·

518 4013 623 4098 gicam
645 4009 797 4094 primario
811 4009 988 4076 consistere
1005 4008 1037 4073 in
1052 4006 1277 4075 conformitate
1290 4019 1470 4095 conceptus
1484 4012 1638 4100 objectivi

403 4304 406 4311 ,
550 4249 589 4311 (ι)
628 4242 670 4301 lta
698 4242 729 4301 in
755 4238 845 4300 simili
872 4250 1047 4314 argumento
1075 4237 1315 4299 Academicorum
1341 4238 1444 4301 delir‘m
1470 4242 1641 4318 profligavit

514 4332 546 4393 S.
563 4332 760 4408 Augustinus,
777 4329 828 4389 lib.
844 4351 859 4403 3
876 4329 978 4389 Contr.
994 4329 1101 4396 Acad,
1116 4349 1141 4386 c.
1156 4349 1183 4401 9.

549 4428 590 4492 (a)
627 4421 707 4495 Quid
721 4421 761 4481 ait
769 4431 926 4493 conceptus
935 4416 1065 4477 formalia
1078 4430 1108 4477 et
1123 4416 1285 4491 obiectivuo
1293 4418 1471 4480 declaratum
1479 4434 1525 4482 eat
1538 4422 1570 4483 io
1582 4423 1642 4485 Lo-

512 4513 577 4589 gica
592 4512 701 4572 Minori
715 4532 744 4571 n.
761 4530 805 4569 ao.

548 4610 590 4675 (3)
627 4602 660 4661 ln
678 4613 716 4661 r.·
731 4600 809 4660 uisa.
827 4618 869 4673 19,
884 4618 914 4670 q.
932 4616 958 4670 5.

548 4698 589 4767 (4)
627 4692 796 4776 Quodlibet.
812 4712 838 4762 3,
851 4709 882 4762 q.
902 4710 926 4758 ι,
942 4700 997 4746 art.
1012 4706 1038 4756 a,
1055 4708 1081 4759 3.

549 4788 590 4857 (ς)
627 4782 660 4842 ln
677 4792 733 4841 r.·¹¹
747 4792 870 4855 partem.
887 4792 958 4840 tom.
977 4776 1154 4850 1,diap.76.
