3492 5525
400 458 514 521 Anne.
539 472 598 520 ate
618 456 707 533 Quin
728 476 899 521 snutnurut
1110 454 1173 540 895.

87 653 119 710 et
139 645 385 711 universaliores
402 644 602 731 assequitur,
623 634 711 711 unde
730 644 828 711 etiam
847 644 921 721 fret,
943 655 980 711 ut
996 644 1100 728 aptior
1114 644 1156 709 sit
1171 642 1211 709 ad

88 751 302 818 docendum»
323 749 353 839 (r
361 766 388 837 f.

155 858 277 935 Quinta
294 860 438 927 conditio
453 870 519 927 est:
542 860 636 944 Quod
651 860 710 927 illa
727 862 766 925 de
781 876 911 925 nummo
935 859 1139 925 scientiarum
1160 868 1212 923 sa'·
1295 882 1355 926 urna

83 967 203 1047 pa’entia
216 972 273 1043 est,
285 984 354 1053 quae
362 975 423 1051 per
438 967 685 1051 seestelegitilis
707 972 737 1033 et
753 967 952 1044 uoluntaria,
972 966 1008 1033 id
1027 969 1088 1043 est,
1114 966 1213 1031 volita

85 1074 195 1157 gnada
205 1074 356 1151 ‘scientim
376 1079 409 1141 et
418 1078 548 1165 propter·
559 1075 660 1157 ipsum
677 1076 774 1151 scire,
790 1080 885 1159 quam
902 1074 960 1139 illo
971 1074 1119 1150 scientio,
1142 1091 1213 1173 quo

87 1186 136 1246 est
150 1200 245 1247 causa
262 1200 522 1268 quorumcumque
539 1182 675 1249 aliorum
705 1182 970 1266 contingentium,
998 1200 1067 1265 quae
1079 1184 1217 1264 possunt

88 1308 130 1353 ex
147 1290 275 1371 scientia
286 1289 451 1373 generari:
469 1289 642 1377 cujusmodi
658 1292 706 1355 est
720 1288 886 1357 necessitas
898 1288 983 1366 vita,
998 1288 1158 1355 delectatio
1183 1291 1215 1354 et

89 1396 269 1482 hujusmodi
278 1397 345 1463 alia
368 1393 382 1485 (
406 1394 432 1483 ).
742 1404 749 1411 ’

158 1504 196 1567 Et
216 1504 295 1570 tatio
311 1512 378 1579 est,
398 1503 475 1588 quia
493 1503 583 1587 quod
603 1522 659 1588 pet
681 1522 716 1569 se
734 1511 906 1588 appetatur
924 1503 1063 1587 aliquid,
1082 1503 1213 1588 adeius

90 1609 283 1697 dignitatem
306 1610 461 1694 pertinet,
483 1619 519 1675 ut
539 1629 596 1694 pet
612 1629 649 1677 se
667 1622 806 1678 constat.
830 1610 943 1675 «Cum
959 1629 1039 1695 ergo
1057 1611 1214 1694 sapientia

91 1718 284 1801 dignitatem
303 1718 482 1801 quamdam
501 1729 533 1786 et
547 1717 771 1786 excellentiam
791 1718 874 1784 inter
892 1718 1041 1783 scientias
1055 1718 1212 1794 obtineat,

92 1844 159 1890 non
184 1836 234 1892 est
262 1826 413 1901 dubium,
443 1824 522 1909 quin
541 1824 574 1891 in
594 1844 633 1891 eo
652 1845 771 1911 genere
795 1824 1002 1891 scientiarum
1027 1826 1214 1892 collocanda

91 1932 149 2009 sit,
175 1950 249 2015 quae
273 1942 405 2016 propter
426 1932 535 2017 ipsum
556 1933 636 1999 scite
659 1940 862 2017 quaeruntur,
883 1942 916 1997 et
934 1933 1026 2017 quod
1049 1934 1081 1998 in
1097 1952 1137 1999 eo
1158 1934 1215 1998 lta-

92 2042 168 2105 beat
198 2058 391 2124 supremum
419 2040 598 2124 quemdam
625 2049 657 2105 et
685 2042 899 2106 excellentem
931 2041 1089 2125 gradum,
1117 2050 1215 2125 atque
1302 2078 1307 2098 ·

93 2147 175 2214 adeo
189 2148 278 2231 quod
298 2162 428 2232 propter
445 2166 479 2213 se
498 2147 541 2213 sit
561 2146 703 2214 maxime
722 2148 929 2232 appetibilis»
950 2144 1013 2236 (3).

161 2254 261 2321 Sexta
278 2254 422 2320 conditio
441 2255 577 2320 demum
597 2264 664 2332 est,
680 2254 770 2338 quod
784 2254 950 2338 sapientiae
965 2255 1132 2339 proprium
1149 2263 1212 2331 est,
1295 2293 1363 2325 aa..

95 2372 236 2446 praeesse
257 2362 325 2427 aliis
343 2362 503 2439 scientiis,
526 2363 634 2447 potius
653 2382 751 2445 quam
770 2364 817 2429 eis
837 2362 1019 2429 ministrare
1038 2363 1089 2427 vei
1109 2364 1215 2429 tamu-

94 2471 163 2536 lari.
184 2470 277 2550 Quod
288 2469 412 2553 quidem
424 2488 464 2534 ex
475 2470 654 2555 psahabitis
668 2469 805 2553 intelligi
815 2474 926 2552 potest.
942 2469 1026 2537 Nam
1041 2470 1076 2534 in
1092 2471 1216 2537 artibus

93 2577 281 2643 mechanicis
289 2577 486 2671 famulantes
511 2578 771 2662 sentiumque
793 2583 1004 2675 assequuntur
1029 2597 1126 2645 manu
1147 2586 1216 2660 ope÷
1337 2646 1341 2658 ,

95 2687 197 2751 rande
214 2689 367 2768 praecepta
385 2685 578 2768 superiorum
596 2685 769 2774 artificum,
788 2704 865 2772 quos
887 2694 983 2770 supra
1000 2687 1215 2754 architectores

93 2797 127 2858 et
141 2793 292 2875 sapientes
309 2794 486 2859 nominavit
501 2791 749 2879 (Philosophus).
771 2793 812 2859 Et
826 2797 910 2878 quod
930 2795 1031 2878 magis
1051 2795 1220 2860 conveniat

96 2901 178 2966 ratio
195 2901 341 2982 sapientae
358 2901 496 2967 scientiis
513 2901 754 2984 imperantibus,
774 2921 866 2987 quam
876 2903 1128 2987 famulantibus,
1140 2909 1215 2985 pro-

95 3011 152 3074 bat
171 3005 400 3096 (Aristoteles)
424 3016 483 3091 per
512 3011 586 3074 duo.
617 3009 744 3086 Primo,
769 3011 844 3094 qm'a
864 3010 1002 3078 scientie
1019 3011 1215 3096 famulantes

54 3181 58 3189 ,
95 3117 287 3182 ordinantur
304 3117 549 3198 asuperr'orilus
562 3117 714 3184 scientiis.
728 3117 822 3183 Artes
833 3117 918 3183 enim
921 3117 1117 3202 famulantes
1129 3118 1217 3184 ordi-

96 3227 219 3289 nantur
237 3225 272 3288 in
285 3223 386 3308 finem
402 3223 573 3307 superioris
590 3225 687 3300 artis,
717 3224 799 3290 sieut
818 3243 873 3291 ars
898 3225 1048 3312 equestris
1065 3227 1109 3291 ad
1122 3227 1218 3303 tinem

97 3331 259 3399 militaris.
276 3331 340 3397 Sed
351 3331 517 3413 sapientem
534 3333 703 3398 seeundum
720 3331 858 3399 omnium
870 3332 1045 3415 opinionem
1056 3337 1222 3400 non‘deaet

96 3439 245 3505 ordinari
262 3441 300 3506 ab
313 3439 393 3516 aleo,
413 3441 469 3504 sed
481 3441 583 3521 ipsum
594 3439 701 3522 potius
718 3441 798 3507 alios
816 3441 975 3507 ordinare.

165 3548 239 3612 ltem
253 3546 418 3630 inferiores
427 3547 657 3622 architectores,
668 3551 902 3629 persuadentur
915 3567 935 3614 a
947 3548 1168 3631 superioribus,
1182 3549 1218 3616 in

98 3658 249 3738 quantum
272 3657 405 3720 credunt
429 3654 638 3736 superioribus
664 3654 839 3739 artificibus
864 3657 951 3722 circa
981 3659 1139 3738 operanda
1167 3659 1220 3723 vel

88 3761 214 3848 fienda.
232 3761 343 3828 Credit
353 3760 436 3827 enim
446 3762 623 3847 navisaator
630 3763 833 3846 gubernatori
844 3763 982 3842 menti,
995 3765 1100 3850 qualis
1112 3765 1221 3831 debeat

98 3887 163 3934 esse
172 3868 283 3953 forma
300 3869 404 3937 navis.
424 3869 568 3951 Sapienti
578 3875 681 3936 autem
699 3889 762 3936 non
779 3871 938 3948 convenit,
959 3874 997 3937 ut
1011 3873 1052 3937 ab
1067 3872 1132 3938 alio
1147 3879 1220 3955 per·

98 3979 283 4055 suadeatur,
303 3980 360 4043 sed
370 3979 453 4062 quod
469 3977 533 4060 ipse
550 3977 625 4044 aliis
633 3981 825 4060 persuadeat
832 3997 923 4044 suam
935 3979 1096 4047 nuntiam
1109 3976 1187 4068 (4).·

166 4084 235 4150 lstae
252 4085 349 4169 rpilur
364 4089 441 4151 sunt
456 4087 532 4150 tales
558 4086 735 4168 opiniones,
760 4104 838 4171 quas
855 4085 992 4152 tornines
1007 4086 1167 4171 mapiunt
1182 4090 1221 4152 de

99 4189 252 4274 sapientia
271 4197 303 4258 el
316 4192 464 4276 sapiente.
480 4193 529 4260 Ex
546 4193 659 4278 quibus
675 4193 816 4260 omnibus
824 4197 926 4277 potest
942 4196 1084 4279 quadam
1097 4195 1220 4279 sapien·

136 4483 177 4546 (ι)
215 4475 346 4547 Sueten,
362 4479 415 4537 loc.
433 4475 490 4546 cit,
509 4497 539 4538 n.
559 4500 600 4538 tt.

136 4573 177 4638 (a)
214 4567 248 4627 S.
258 4567 362 4627 Thom.
374 4589 408 4626 ex
421 4567 555 4638 Ariston,
567 4569 620 4627 loc.
634 4567 682 4628 cit.

136 4663 178 4730 (3)
214 4657 334 4728 Sueten,
347 4657 400 4717 loe.
413 4655 473 4727 eit„
491 4677 521 4717 n.
541 4677 581 4718 ra.

135 4753 178 4822 (4)
216 4747 249 4808 S.
268 4747 519 4821 Thom.,loe.cit.
