3492 5525
317 404 434 465 Anne.
453 416 511 484 μ’
525 400 717 465 Gvuemus
732 419 853 465 mvlslo
868 420 1088 467 scienviieun
1142 416 1219 485 1025

203 583 242 649 El
259 572 347 649 alibi:
367 585 409 650 Et
423 582 509 648 sicru
522 584 649 649 diversa
664 602 781 667 genera
798 583 1002 651 scientiarum
1019 584 1262 668 dislingnuntur

136 694 305 757 secundnm
323 692 389 768 loc,
407 693 491 775 qnod
506 710 557 757 res
570 695 648 758 arnt
661 691 867 757 diversimode
880 712 900 757 a
911 690 1044 759 matema
1060 692 1262 775 separative

136 800 183 864 ita
199 800 293 886 etiam
304 800 339 864 in
356 798 492 882 singulis
504 798 654 874 scuntiis,
673 804 705 865 et
715 799 870 881 praeipne
888 799 924 863 in
941 806 1085 867 scientia
1098 806 1258 877 naturali,

136 906 373 989 distinguuutir
383 910 490 988 partis
506 907 645 973 scuntiu
661 908 831 972 secuudum
840 906 1000 973 diversum
1013 906 1219 989 separationis
1233 910 1266 973 et
1285 904 1288 909 ’

135 1013 339 1080 concretionis
364 1017 501 1082 modum.
521 1016 563 1080 li
578 1014 653 1098 ania
669 1013 864 1079 universalia
882 1017 960 1079 sunt
976 1015 1073 1098 magis
1090 1033 1111 1079 a
1128 1015 1262 1081 nmuria

137 1121 383 1203 separata,idio
401 1121 437 1187 in
455 1122 585 1189 scientia
601 1122 747 1188 naturali
765 1123 808 1188 ab
828 1122 1061 1187 universalibus
1087 1124 1133 1188 ad
1157 1122 1262 1189 minus

140 1229 332 1295 universalia
352 1229 542 1311 proceditur,
562 1228 645 1295 sum
666 1229 871 1312 Philosophus
886 1232 976 1297 docet
988 1230 1093 1311 primo
1114 1229 1262 1311 Physica·

135 1355 220 1403 rum.
231 1337 333 1409 ‚Unde
350 1341 382 1403 ct
393 1342 575 1405 scientiam
592 1343 786 1404 naturalem
799 1336 913 1419 incipit
929 1340 1053 1404 tradere
1064 1338 1104 1403 ab
1121 1337 1173 1414 iis,
1192 1354 1262 1421 quie

135 1448 213 1510 sunt
232 1426 482 1510 communissima
508 1445 650 1511 amians
672 1445 883 1521 naturalibus,
914 1464 983 1529 qua
1013 1450 1089 1511 seul
1115 1447 1215 1511 molus
1233 1448 1267 1511 et

131 1552 323 1635 principium
348 1556 461 1633 mottcs;
487 1556 519 1617 et
532 1554 655 1617 demum
668 1552 821 1634 processit
834 1560 894 1635 per
910 1554 1035 1618 undum
1056 1552 1262 1618 cancerationis

134 1659 201 1725 sive
212 1660 428 1743 applicationis
441 1660 671 1742 principiorum
682 1660 891 1740 communium
904 1663 949 1725 ad
960 1662 1102 1744 quiedam
1117 1644 1262 1726 determi-

134 1771 211 1832 nata
234 1772 385 1846 mobilia,
405 1784 538 1851 quorum
553 1770 698 1851 quiedam
720 1781 802 1835 sunt
819 1789 964 1850 corpora
989 1764 1155 1847 viventia3
1175 1767 1261 1833 circa

134 1874 315 1959 quantiam
335 1875 435 1940 simili
451 1876 542 1941 modo
554 1875 709 1957 processit
717 1880 935 1957 distinguens
960 1884 1051 1941 hanc
1067 1880 1263 1942 considera-

133 1988 266 2050 tionem
291 1988 328 2049 in
355 1996 429 2050 tres
453 1996 581 2065 partes.
611 1982 696 2049 Nom
721 1982 825 2065 primo
851 1972 1209 2066 quidem'consideravit
1224 1984 1263 2049 de

134 2091 244 2155 animo
272 2092 442 2155 secundum
458 2091 511 2166 se',
540 2090 634 2173 qnasi
661 2090 697 2155 in
724 2092 860 2175 quadam
882 2090 1100 2157 abstractione.
1119 2091 1262 2157 Secundo

132 2199 409 2265 considerationem
415 2198 504 2283 facit
520 2200 560 2262 de
573 2198 633 2273 his,
658 2216 727 2282 qna
743 2202 822 2263 sunt
836 2198 951 2264 animle
968 2188 1137 2263 secundnm
1154 2216 1263 2284 quam-

133 2309 209 2371 dam
225 2306 449 2372 concretionem
466 2324 522 2372 seu
539 2303 775 2388 applicationem
792 2309 836 2371 ad
848 2314 970 2389 corpus,
986 2308 1042 2372 secl
1058 2306 1093 2371 in
1108 2307 1259 2389 generali.

140 2413 244 2479 Tertio
260 2414 535 2479 considerationum
542 2414 628 2499 facil
640 2414 826 2497 applicando
843 2414 948 2480 omnia
966 2414 1029 2481 lac
1046 2414 1087 2479 ad
1108 2418 1261 2496 singulas

134 2527 269 2605 species
291 2526 493 2589 animalium
511 2535 546 2588 et
563 2528 770 2603 plantarum,
784 2521 1020 2587 determinando
1038 2521 1115 2605 quid
1127 2521 1171 2585 sit
1188 2529 1263 2603 pro-

128 2630 240 2712 prium
269 2630 439 2714 unicnique
461 2629 585 2710 specim
605 2628 715 2694 Prima
741 2629 844 2712 igitur
859 2628 1067 2695 consideratio
1084 2628 1265 2695 continetur

133 2738 172 2802 in
189 2737 270 2803 libro
281 2738 320 2802 de
334 2742 474 2805 Anima:
496 2736 588 2803 tertia
601 2755 675 2802 vero
688 2736 896 2802 consideratio
909 2736 1088 2802 continetur
1104 2736 1139 2802 in
1158 2736 1260 2815 libris,

132 2863 212 2929 quos
229 2846 359 2927 scripsit
378 2848 416 2910 dc
433 2845 624 2911 animalibus
642 2849 674 2910 et
684 2845 815 2926 plantis.
836 2844 943 2909 Media
961 2863 1034 2910 vero
1055 2845 1263 2910 consideratio

132 2953 314 3018 continetur
332 2953 486 3029 inlibris,
506 2971 583 3036 auos
597 2953 726 3033 scripsit
740 2954 779 3018 de
796 2951 998 3035 quibusdam,
1019 2971 1088 3036 quie
1104 2952 1267 3034 pertinent

132 3054 187 3126 vel
201 3064 245 3126 ad
260 3061 366 3126 omnia
378 3060 544 3136 animalia,
561 3063 611 3125 vel
621 3062 665 3125 ad
673 3062 770 3142 plura
785 3079 902 3143 genero
919 3079 1038 3135 eornm,
1054 3060 1210 3126 ueletiam
1220 3061 1264 3126 ad

132 3168 242 3233 omnia
259 3169 413 3250 viventia;
423 3169 509 3233 circa
527 3187 597 3252 quie
613 3154 708 3253 liujus
720 3168 797 3233 libri
813 3165 868 3254 (de
882 3166 986 3234 Sensu
1003 3175 1036 3232 et
1050 3166 1204 3257 Sensato)
1217 3171 1266 3233 est

133 3276 279 3358 intentio.
307 3276 397 3343 Unde
414 3276 677 3341 considerandum
694 3279 757 3352 est,
775 3278 860 3360 qnod
877 3275 912 3340 in
929 3277 1063 3341 secundo
1084 3277 1123 3341 de
1143 3276 1262 3342 Anima

134 3387 271 3468 quantor
294 3385 417 3467 gradus
433 3383 605 3449 viventium
622 3382 844 3449 determinavit
860 3380 1098 3472 (Aristoteles).
1121 3383 1262 3464 Quorum

129 3491 256 3573 primns
272 3495 447 3567 esteorum,
463 3509 532 3576 quie
549 3492 664 3556 labent
674 3494 774 3557 solam
788 3495 911 3572 partem
921 3510 1046 3566 anima,
1061 3491 1259 3567 nutritivam,

130 3605 193 3681 per
203 3618 298 3684 airam
314 3580 438 3673 vivunt,
457 3599 541 3664 sicut
554 3602 632 3664 sunt
641 3600 772 3681 planta.
795 3598 948 3679 &Mam
965 3602 1070 3664 antem
1086 3602 1177 3673 sunt,
1193 3615 1263 3683 quie

135 3725 208 3772 cum
227 3707 282 3772 hoc
304 3706 521 3771 labenteliom
537 3723 662 3770 sensum
678 3706 748 3771 sine
764 3711 850 3772 niam
864 3706 1070 3792 progressiva,
1089 3705 1174 3770 sicut
1187 3707 1266 3771 sunt

135 3813 290 3880 animalia
300 3812 490 3898 imperfecta,
505 3816 583 3894 puta
598 3813 783 3895 Conclylia.
804 3814 958 3896 Qadam
970 3817 1075 3878 autem
1094 3816 1180 3888 sunl,
1193 3829 1263 3898 qne

138 3921 252 3986 balent
277 3921 403 4003 insuper
432 3925 548 3986 molum
577 3922 704 3985 localem
726 3921 972 4004 progressuum,
1003 3919 1264 3986 sentententia

132 4029 279 4113 perjeela,
299 4032 448 4112 aliquus
465 4031 498 4093 et
512 4029 576 4095 ios.
593 4033 763 4114 Quaedam
777 4051 861 4096 vero
875 4035 1017 4112 insuper
1035 4035 1260 4107 intellectum,

136 4141 227 4203 sicut
256 4141 460 4204 homines...
493 4136 615 4201 Horum
650 4139 753 4200 autem
782 4136 955 4202 intellectus
985 4136 1111 4222 quidem
1142 4136 1263 4202 nullius

131 4243 238 4326 partis
254 4242 394 4326 corporis
418 4245 507 4308 acen
535 4246 597 4317 est,
629 4246 667 4307 ut
688 4243 844 4325 probatur
866 4252 919 4327 3.⁰
948 4246 986 4309 de
1017 4243 1151 4310 Anima:
1180 4245 1264 4308 unde

135 4367 201 4416 non
222 4353 329 4432 potest
350 4349 547 4416 considerari
565 4357 625 4432 per
642 4350 866 4416 concretionem
892 4351 945 4416 vel
968 4349 1204 4434 applicationem
1221 4350 1266 4416 ad

134 4465 260 4540 corpas,
275 4461 327 4523 vel
338 4459 382 4522 ael
394 4457 524 4542 aliqmd
539 4476 693 4540 organum
712 4465 904 4540 corporeum.
929 4457 1073 4525 Maxima
1090 4457 1173 4524 enim
1190 4475 1264 4523 con-

134 4566 235 4632 cretio
250 4567 317 4654 q'iis
338 4569 385 4631 est
409 4565 444 4629 iu
468 4563 590 4645 auima;
608 4583 728 4632 summa
750 4568 854 4632 antem
878 4569 947 4653 ejus
973 4565 1142 4633 abstractio
1166 4565 1263 4632 estin

139 4673 326 4741 substantiis
334 4673 499 4756 separetis.
515 4672 557 4738 Et
567 4672 760 4770 ideoprater
769 4674 885 4741 libncm
898 4675 936 4739 de
951 4673 1071 4740 Anima
1080 4674 1266 4758 Arisloleles

1162 4788 1199 4872 bs
