3492 5525
259 487 374 551 Anrrc.
393 500 452 570 μ’
466 484 636 565 Quououo
650 503 768 556 conce.
785 503 945 549 ΑττιΝῡΑτ
959 503 1143 552 nsmnrssns
1162 483 1221 569 845

141 674 318 760 prioribus,
339 693 397 759 per
414 692 496 757 quas
515 672 687 757 probetur,
708 671 784 755 quia
803 692 924 758 nempe
938 674 1037 741 habet
1054 675 1088 740 in
1106 692 1143 740 se
1161 671 1262 738 ratio-

141 801 217 847 nem
237 782 408 848 formalem
428 798 599 855 assensus,
620 798 719 863 quarn
731 780 797 846 'sibi
817 765 1005 867 proponens
1023 782 1064 847 ad
1082 780 1263 847 assentien-

140 888 221 956 dum
241 887 488 955 determinetur.
509 887 593 972 Ergo
607 894 734 953 tanturn
751 888 861 965 abest,
878 896 915 953 ut
928 888 1095 955 conclusio
1113 887 1264 953 intrinse-

140 1016 178 1062 ca
196 996 335 1079 attingat
360 995 524 1079 objectum
553 992 814 1077 praemlssarum,
841 1004 878 1060 ut
904 1016 922 1060 e
951 1012 1110 1065 converso
1136 994 1265 1060 desinat

140 1098 213 1169 esse
229 1102 413 1177 conclusio,
434 1101 460 1167 si
479 1101 644 1185 objectum
664 1100 849 1167 istiusmodi
868 1102 1006 1188 attingat
1023 1100 1089 1191 (r).

209 1215 314 1293 Resp.
339 1226 406 1292 nep.
428 1216 601 1275 assertum.
622 1206 796 1292 Conclusio
812 1210 901 1311 enim
927 1210 1041 1293 nequit
1069 1209 1129 1275 sibi
1149 1226 1265 1293 reprae-
1298 1297 1300 1302 Ι

141 1324 272 1384 sentare
290 1335 327 1382 ac
345 1326 528 1401 proponere
552 1316 717 1402 objectum
737 1315 998 1401 praemissarum,
1028 1318 1107 1402 quin
1129 1334 1267 1402 praeces·

142 1423 246 1491 serint
264 1422 455 1508 praemissae.

209 1533 324 1615 Neque
352 1550 448 1607 veru,
469 1539 506 1595 ut
532 1491 710 1615 propositio
729 1530 854 1597 dicatur
872 1530 1079 1608 immediata,
1094 1532 1174 1599 satis
1201 1541 1265 1609 est,

142 1638 256 1721 quod
247 1638 419 1705 intrinsece
431 1638 571 1722 attingat
586 1639 747 1705 motivum
760 1656 934 1716 assensus,
950 1658 1045 1705 secus
1059 1640 1147 1706 enirn
1163 1641 1267 1725 hypo·

141 1746 262 1811 thetica
282 1748 350 1811 haec
371 1746 564 1829 propositio:
586 1746 686 1811 Homo
703 1749 752 1821 est
766 1746 916 1823 risibilis,
940 1747 1022 1831 quia,
1038 1750 1088 1814 est
1101 1746 1267 1812 admirati-
1299 1752 1303 1767 ·

142 1872 218 1930 vus,
239 1854 322 1918 soret
345 1853 544 1918 immediata.
567 1853 609 1919 Ut
628 1872 706 1937 ergo
730 1853 907 1938 propositio
930 1854 972 1920 sit
999 1854 1186 1936 immediata
1210 1863 1267 1920 aut

145 1978 254 2053 perse
272 1968 365 2037 nota,
382 1961 555 2043 requiritur
566 1960 754 2026 immediata
769 1960 998 2027 convenientia
1012 1961 1174 2045 praedicati
1185 1980 1262 2028 curn

145 2068 308 2151 subjecto,
336 2084 394 2133 seu
413 2067 505 2150 quod
525 2064 686 2132 motivum
707 2086 743 2132 ac
766 2068 847 2134 ratio
866 2086 1020 2135 assensus
1046 2086 1113 2134 non
1136 2069 1265 2134 aliunde

146 2182 293 2259 petatur,
319 2174 429 2241 sedin
449 2174 526 2259 ipsis
554 2174 731 2240 rationibus
760 2176 978 2242 terminorum
1006 2176 1192 2259 reperiatur.
1222 2177 1267 2241 At

146 2283 309 2351 motivum
337 2282 555 2349 conclusionis
573 2282 789 2368 -syllogisticae
804 2284 860 2371 yet
887 2292 937 2349 est
959 2282 1179 2360 extrinsecum
1206 2284 1268 2348 ob-

141 2390 227 2473 jecto
241 2389 341 2465 illato,
362 2397 399 2455 ut
416 2388 450 2453 in
470 2390 532 2454 hoc
549 2388 754 2474 syllogismo:
781 2386 1000 2471 Testimonium
1013 2390 1159 2473 pavium
1173 2390 1268 2455 histo-

144 2496 283 2561 ricorum
288 2502 348 2578 pro
360 2514 435 2562 vero
448 2486 619 2561 hadamuta
628 2500 686 2561 est:
703 2496 803 2581 Atqui
810 2498 994 2581 gravissimi
1006 2496 1148 2562 historici
1151 2497 1271 2582 serunt

144 2598 326 2692 Pompejum
342 2604 460 2670 vntum
476 2622 497 2669 a
517 2604 642 2669 Coesare
651 2604 775 2689 juisse:
790 2607 872 2690 Ergo
888 2588 1054 2693 Pompeius
1069 2606 1171 2671 victus
1187 2610 1268 2672 esta

147 2712 290 2794 Caesam
307 2714 359 2778 vel
385 2712 499 2778 saltem
524 2711 568 2777 ita
587 2712 711 2778 ratione
738 2710 948 2790 distinctum,
977 2722 1014 2779 ut
1032 2713 1138 2779 vocari
1165 2712 1269 2799 possi·

145 2819 299 2899 medium
318 2819 405 2885 unde
424 2809 493 2903 ipsa
513 2817 610 2884 etiam
630 2819 794 2886 conclusio
808 2840 884 2886 vere
899 2831 960 2897 est,
974 2839 1012 2886 ac
1025 2820 1270 2906 diciturpropo-

146 2928 220 2993 sitio
237 2927 389 3002 medenda,
412 2935 526 3011 utpote
554 2936 650 2992 utens
669 2928 793 2995 motivo
813 2946 850 2993 ac
870 2927 979 2993 medio
1007 2947 1040 2993 re
1067 2937 1125 2994 aut
1150 2931 1267 2995 saltem

147 3035 270 3099 ratione
282 3033 435 3101 distincto
454 3029 517 3121 (a).
634 3071 639 3079 ·

191 3147 300 3223 obite.
325 3149 375 3223 4.⁰
421 3140 532 3206 «Cum
558 3141 671 3207 notitia
690 3142 931 3226 praemissarum
956 3143 999 3208 sit
1023 3159 1120 3209 causa
1146 3142 1270 3208 notitiae

146 3247 382 3323 conclusionis,
399 3249 427 3314 si
442 3257 532 3313 actus
546 3247 638 3313 ridem
654 3249 827 3333 attingeret
844 3249 1029 3332 premissas
1043 3261 1075 3316 et
1089 3248 1271 3316 conclusio·
1347 3319 1354 3338 Ι

148 3372 241 3437 nem;
263 3356 349 3421 idem
370 3369 461 3422 actus
475 3365 561 3421 esset
576 3373 672 3422 causa
687 3355 847 3439 suipsius,
863 3356 953 3439 quod
967 3355 1036 3422 fieri
1051 3356 1191 3440 nequit»
1205 3354 1268 3443 (3).

213 3463 409 3546 Resp.'neg.
430 3463 556 3546 sequel.
576 3463 660 3527 Nam
677 3472 786 3538 actus,
803 3482 859 3547 per
873 3481 960 3546 quos
970 3464 1145 3549 praemissis
1160 3472 1270 3529 assent

145 3571 258 3655 timus,
288 3579 366 3636 sunt
392 3567 511 3636 diversi
537 3569 577 3634 ab
605 3578 680 3634 actu
711 3571 943 3646 conclusionis,
973 3589 1040 3654 quo
1073 3571 1272 3637 assentimur
1310 3623 1315 3630 .

146 3678 274 3763 objecto
286 3677 374 3768 illato
393 3686 524 3761 propter
543 3677 740 3760 praemissas.
760 3678 833 3743 Non
854 3697 934 3764 ergo
948 3678 1043 3743 datur
1060 3679 1147 3744 ullus
1160 3697 1273 3744 assen-

148 3803 217 3861 sus,
237 3785 295 3869 qui
317 3785 358 3850 sit
376 3800 472 3850 causa
491 3783 645 3867 suipsius,
676 3783 734 3866 sed
759 3785 878 3851 dantur
900 3786 1072 3853 dumtaxat
1102 3777 1270 3860 assensus,

151 3893 207 3974 qui
226 3900 303 3958 sunt
322 3909 419 3958 causa
438 3891 569 3957 alterius
588 3908 743 3957 assensus
761 3889 824 3979 (4).

191 4005 300 4082 objtc.
322 4005 355 4066 5.
359 3998 375 4030 ⁰
413 3999 493 4066 ¹nita
511 4015 547 4064 se
565 3999 687 4066 habent
707 3998 934 4066 conclusiones
951 4001 993 4067 ad
1007 3966 1161 4085 principia
1175 3999 1209 4065 in
1223 4000 1273 4067 in·

151 4106 383 4192 telligibilibus‚
413 4116 449 4171 ut
468 4125 504 4171 se
533 4106 652 4174 habent
672 4106 779 4172 media
804 4107 844 4173 ad
872 4126 952 4174 suos
974 4107 1097 4174 lines
1083 4127 1121 4174 rn
1147 4107 1274 4194 agibili-

185 4506 225 4567 (ι)
260 4496 348 4571 Apud
363 4496 507 4568 Loseada‚
522 4495 577 4556 loo.
595 4497 644 4556 cit.
659 4499 705 4572 96.

185 4592 225 4660 (a)
260 4587 337 4647 Vide
351 4588 494 4657 Lossada,
513 4587 564 4646 loc.
581 4587 632 4646 cit
648 4607 678 4646 n.
699 4607 758 4647 roa.
919 4641 923 4647 .

185 4685 225 4752 (3)
262 4677 350 4750 Apud
365 4677 507 4748 Fonseca
523 4677 667 4751 Metapa,
681 4677 731 4738 lib.
747 4677 780 4748 6,
795 4697 859 4751 cup.
876 4699 906 4749 ι,
925 4697 957 4751 q.
973 4697 1005 4752 4,
1021 4693 1093 4740 sect.
1111 4700 1218 4756 larg,
1237 4697 1277 4745 10·

185 4769 227 4843 (4)
264 4765 782 4840 ctr.Fonseea,tbsect.3ed1.··
