3492 5525
565 496 620 565 50²
677 481 801 545 Locren
816 478 1047 554 Maron-Lm.
1067 492 1134 552 rau,
1152 478 1247 542 Daca.
1266 490 1309 540 a·
1324 476 1402 540 Car.
1420 488 1490 539 aaa

407 739 413 750 ,
521 676 576 736 tur
595 666 739 751 potentia
766 674 799 733 et
826 666 930 752 gloria
954 664 1082 731 Summi
1100 662 1302 739 Conditoris,
1322 662 1350 729 si
1373 661 1571 745 quandoque
1602 660 1647 725 ob

518 776 626 864 justas
638 790 753 841 causas
764 772 929 841 artissima
938 791 1007 839 suae
1022 770 1188 856 sapientiae
1201 780 1296 835 notas
1311 768 1463 835 miracula
1477 776 1645 851 operetur.

588 883 701 965 Neque
715 899 847 947 necesse
864 890 931 957 est,
948 888 985 947 ut
998 878 1087 945 Deus
1101 878 1196 945 nobis
1211 879 1300 962 prius
1312 877 1468 950 declaret,
1484 871 1646 959 quidnam

522 990 664 1057 facturus
678 989 736 1065 sit,
753 989 812 1056 sed
829 988 965 1067 sufficit,
982 997 1019 1053 ut
1037 1000 1112 1072 post
1125 987 1245 1053 sactum
1265 985 1306 1050 de
1321 980 1476 1051 miraculo
1495 993 1644 1059 moneat,

516 1097 803 1181 ,quemadmodum
818 1094 970 1181 contigit,
986 1114 1062 1161 cum
1078 1094 1301 1179 Archangelus
1315 1091 1444 1159 Gabriel
1458 1091 1566 1176 specie
1580 1093 1648 1156 ior-

523 1205 607 1271 mosi
623 1204 753 1290 ]uvenis
767 1212 816 1271 tot
831 1202 978 1288 praestitit
996 1202 1152 1269 beneficia
1169 1201 1373 1283 rubratam
1392 1199 1419 1265 si
1439 1198 1526 1264 Deus
1541 1199 1647 1264 lacere

522 1320 647 1397 potest,
669 1332 726 1397 per
744 1312 877 1395 aliquod
892 1311 1103 1387 miraculum,
1121 1311 1201 1376 utin
1217 1326 1373 1377 sensuum
1389 1307 1543 1373 relatione
1557 1307 1648 1373 deci-

521 1420 650 1504 piamur
667 1420 700 1486 in
717 1420 826 1502 aliquo
844 1436 938 1494 casu,
955 1419 1053 1485 etiam
1073 1418 1168 1484 nobis
1182 1436 1248 1483 non
1268 1416 1417 1491 monitis,
1433 1432 1475 1481 ex
1492 1416 1648 1480 adversa-

522 1526 642 1594 riorum
667 1526 828 1593 sententia
855 1526 886 1592 in
913 1526 1049 1612 singulis
1073 1526 1203 1591 casibus
1228 1543 1294 1590 non
1320 1541 1498 1608 possumus
1524 1522 1647 1589 habere

520 1653 631 1700 veram
647 1634 892 1710 certitudinem,
908 1636 968 1700 sed
986 1652 1141 1719 magnam
1156 1633 1367 1699 solummodo
1382 1630 1645 1714 probabilitatem

522 1743 561 1807 de
581 1753 719 1817 eventu,
740 1742 796 1825 qui
812 1742 907 1809 nobis
922 1741 1085 1809 obversari
1101 1741 1242 1808 videtur.
1257 1740 1453 1806 Timendum
1469 1739 1557 1803 enim
1568 1739 1645 1822 jure

521 1858 626 1926 esset,
647 1851 679 1916 in
698 1848 835 1935 singulis
853 1848 983 1915 casibus
1002 1848 1244 1933 particularibus
1264 1867 1305 1913 ne
1324 1867 1389 1914 non
1413 1860 1492 1914 tunc
1509 1848 1646 1930 praecise

521 1976 578 2042 per
594 1958 771 2041 potentiam
791 1956 936 2023 divinam
956 1958 1158 2041 contingeret
1170 1957 1317 2041 exceptio
1335 1955 1388 2022 illa
1401 1956 1550 2022 absolute
1565 1974 1647 2039 pos·

520 2063 633 2133 sibilis.
1030 2124 1034 2130 .

588 2168 695 2255 Atque
714 2172 801 2237 idem
820 2190 896 2237 curn
916 2172 1123 2256 proportione
1141 2171 1201 2239 dici
1221 2180 1330 2255 potest
1347 2171 1389 2236 de
1407 2171 1516 2236 divina
1534 2171 1647 2255 provi-

475 2358 479 2367 ,
519 2278 628 2347 dantia
646 2280 727 2345 circa
746 2281 826 2345 lacta
846 2278 1020 2348 historica·

587 2387 695 2471 ltaque
713 2405 790 2453 cum
816 2387 991 2471 perspectis
1009 2386 1186 2471 adjunctis,
1216 2384 1305 2453 nulla
1323 2386 1459 2452 occurrit
1482 2389 1563 2453 ratio
1582 2388 1647 2453 du-

519 2494 640 2563 bitandi
669 2495 710 2560 de
735 2495 842 2579 aliqua
869 2494 1061 2579 exceptione
1095 2494 1285 2561 miraculosa
1310 2503 1366 2559 aut
1393 2502 1581 2562 monstrosa
1610 2497 1645 2561 in

518 2602 699 2669 constantia
735 2600 857 2669 ordinis
893 2600 963 2667 sive
995 2602 1118 2688 physici
1150 2602 1218 2669 sive
1251 2602 1399 2683 moralis;
1433 2603 1506 2668 licet
1535 2604 1646 2669 adhuc

520 2694 737 2798 metaphysica
758 2728 823 2777 non
849 2722 1045 2797 repugnaret
1063 2710 1224 2794 ejusmodi
1243 2709 1406 2795 exceptio,
1423 2712 1510 2776 nulla
1531 2711 1646 2778 formi-

518 2821 561 2886 do
581 2817 760 2894 rationalis,
781 2827 814 2885 et
834 2838 900 2884 non
925 2837 1058 2902 prorsus
1086 2837 1201 2885 amens
1228 2827 1326 2902 atque
1344 2820 1502 2906 sceptica,
1531 2821 1643 2886 locum

519 2928 632 3008 habet,
660 2945 766 3010 neque
793 2927 858 2991 ulla
885 2927 982 2992 etiam
1007 2927 1163 3010 suspicio,
1184 2925 1305 3010 quippe
1327 2946 1418 3009 quae,
1440 2937 1476 2992 ut
1495 2927 1645 3012 prudens
1725 2918 1726 2929 ’

518 3033 577 3110 sit,
608 3033 748 3117 aliquam
769 3036 885 3100 saltem
907 3035 1011 3098 levem
1041 3035 1183 3118 postulat
1203 3036 1373 3100 rationem.
1396 3034 1538 3119 ideoque
1566 3056 1646 3121 pru·

518 3143 633 3208 denter
660 3142 870 3225 supponitur,
902 3142 1004 3207 immo
1037 3161 1114 3207 vero
1142 3143 1318 3226 prudenter
1349 3143 1493 3228 agendo,
1530 3147 1645 3226 nequit

520 3268 585 3316 non
605 3249 762 3333 supponi,
783 3251 873 3332 quod
898 3250 984 3314 nulla
1003 3250 1098 3315 detur
1117 3250 1167 3314 hic
1185 3258 1217 3314 et
1236 3269 1323 3316 nunc
1345 3251 1492 3334 exceptio
1510 3250 1543 3315 in
1563 3252 1645 3337 legi·

518 3358 582 3423 bus
614 3356 755 3443 physicis
791 3375 828 3422 ac
867 3356 1062 3432 moralibus,
1091 3357 1164 3422 licet
1191 3358 1258 3423 dari
1291 3359 1437 3423 absolute
1465 3358 1641 3441 potuisset.

493 3465 586 3530 'Hac
612 3483 689 3530 vero
707 3465 891 3530 conditione
918 3464 1102 3549 supposita,
1128 3473 1233 3548 patet,
1254 3483 1426 3532 assensum
1452 3484 1519 3532 non
1543 3485 1643 3550 posse
1723 3512 1724 3561 3

520 3591 586 3640 non
606 3591 677 3639 esse
695 3572 935 3640 firmissimum.

442 3825 467 3855 ur
566 3784 623 3871 65.
674 3787 921 3853 Conocuuuun.
938 3785 1039 3852 Vides
1049 3789 1136 3872 jam,
1153 3787 1185 3851 in
1198 3776 1265 3870 quo
1280 3787 1465 3871 reponenda
1478 3790 1522 3854 sit
1536 3789 1645 3856 relati-

522 3915 563 3961 va
589 3895 774 3978 praestantia
805 3903 904 3976 atque
928 3895 1118 3965 excellentia
1141 3894 1274 3978 triplicis
1299 3895 1396 3979 hujus
1421 3897 1641 3964 certitudinis.

523 4002 606 4066 Nam
626 4002 779 4068 dilierunt
798 4011 863 4067 tres
887 4002 1030 4086 praedicti
1059 4002 1181 4086 gradus
1209 4005 1291 4068 inter
1317 4022 1354 4068 se
1378 4003 1412 4069 in
1439 4003 1553 4088 majori
1584 4016 1644 4072 aut

523 4109 640 4176 minori
661 4108 884 4176 infallibilitate
905 4129 943 4174 ac
967 4109 1181 4194 repugnantia
1207 4128 1282 4175 cum
1307 4108 1460 4185 falsitate,
1488 4129 1530 4178 ex
1548 4123 1644 4196 parte

522 4225 614 4282 actus
640 4215 741 4301 ipsius
770 4216 865 4296 certi;
896 4235 937 4284 ex
967 4225 1055 4300 parte
1085 4236 1162 4283 vero
1189 4216 1374 4284 intellectus
1396 4217 1429 4283 in
1455 4218 1643 4287 adhaesione

520 4325 724 4406 appretiarive
751 4323 864 4410 majori
897 4333 955 4392 aut
980 4324 1117 4401 minori,
1151 4326 1275 4392 ratione
1300 4325 1393 4410 cujus
1425 4325 1457 4390 ln'
1486 4327 1644 4394 conflictu

521 4431 620 4497 trium
651 4433 765 4497 harum
797 4431 1029 4499 certitudinum
1058 4433 1192 4498 deberet
1219 4433 1353 4521 physica
1382 4434 1514 4510 morali,
1547 4438 1643 4502 salvo

521 4557 599 4605 casu
619 4539 782 4616 miraculi,
800 4540 929 4621 utrique
947 4558 1026 4604 vero
1040 4541 1261 4627 metaphysica
1275 4540 1428 4625 praeferri.
1441 4541 1534 4608 Sicut
1547 4561 1643 4609 amor

522 4647 579 4713 Dei
606 4647 816 4731 appretiative
843 4665 996 4712 summus
1024 4647 1155 4723 dicitur,
1181 4647 1259 4731 quia
1280 4657 1468 4714 caeterarum
1487 4649 1641 4717 omnium

522 4773 630 4822 rerum
658 4753 761 4820 amori
792 4755 1012 4839 preferendus
1036 4765 1103 4829 est,
1132 4763 1170 4820 ut
1197 4757 1225 4824 si
1250 4764 1307 4821 aut
1328 4753 1417 4822 Deus
1433 4763 1491 4821 aut
1512 4757 1640 4824 bunum
1719 4840 1720 4847 ἵ
