3492 5525
3 497 4 504 r

3 505 5 514 r

3 515 5 522 r

245 474 361 538 harre.
380 487 440 557 3³¹¹
454 473 531 551 Quo
546 491 638 538 spec.
654 493 745 538 nouo
760 493 810 538 sla
823 495 902 540 vare
919 495 953 538 ru
967 493 1100 548 Juorcro
1132 493 1196 556 429

180 661 282 722 Prob.
311 654 599 722 minoe-omne
622 654 781 739 judicium
811 675 851 720 eo
879 667 1063 732 revocatur,
1094 664 1133 721 ut
1159 673 1234 738 quae

113 781 210 830 mens
228 763 441 846 apprehendit
460 763 550 846 prius
568 763 609 828 de
628 781 679 839 re,
704 781 764 829 seu
782 763 952 848 cognoscit
974 783 1031 848 per
1049 763 1232 848 simplicem

112 868 424 954 apprehensionem,
445 889 482 936 ea
500 871 542 936 de
560 871 616 936 illo
633 870 799 938 enuntiet:
821 873 883 936 hoc
901 880 951 936 est
968 871 1056 936 enim
1080 870 1234 954 praedica·

112 987 186 1042 tum
199 977 345 1060 subjecto
358 977 552 1054 attribuere,
565 978 849 1060 quemadmodum
860 979 955 1045 docet
964 978 998 1044 S.
1011 978 1155 1044 Thomas
1166 976 1232 1066 (ι).

114 1085 159 1150 Ut
184 1094 294 1152 autem
324 1103 418 1150 mens
446 1085 550 1168 possit
578 1085 785 1169 praedicatum
813 1087 981 1152 enuntiare
1009 1087 1050 1150 de
1072 1087 1233 1171 subjecto,

114 1201 260 1277 oportet,
280 1200 317 1258 ut
334 1191 442 1258 videat
460 1202 700 1278 cognoscatque
723 1193 927 1260 identitatem
947 1212 1005 1260 seu
1028 1194 1236 1259 conformita-

114 1311 184 1366 tem
204 1302 317 1365 formae
330 1301 541 1383 apprehensae
556 1320 631 1366 cum
647 1320 679 1366 re
694 1287 775 1384 ipsa.
796 1301 896 1384 Atqui
912 1321 976 1367 non
992 1311 1101 1387 potest
1111 1320 1236 1386 cogno-

115 1427 205 1474 scere
223 1407 425 1474 identitatem
451 1418 484 1474 et
502 1409 762 1476 conformitatem
790 1411 905 1475 formae
930 1412 1143 1495 apprehensae
1161 1428 1236 1475 cum

117 1536 151 1582 re
175 1515 296 1581 nisiex
323 1515 394 1600 ipso
422 1516 670 1599 quodammodo
687 1528 866 1602 cognoscat
883 1519 1144 1584 conformitatem
1170 1535 1238 1583 suae

114 1622 384 1708 apprehensionis
411 1641 469 1690 seu
498 1623 693 1708 cognitionis
724 1643 801 1690 curn
830 1625 981 1691 retiae
1014 1635 1065 1692 est
1093 1626 1239 1694 doctrina

116 1731 152 1798 S.
172 1729 309 1796 Thomae
325 1747 391 1796 non
411 1749 478 1797 uno
497 1731 528 1796 in
544 1731 616 1797 loco
631 1731 843 1799 disertissime
861 1733 980 1799 tradita
998 1731 1064 1821 (2).

185 1843 254 1906 Sed
269 1835 544 1905 dices-Contra
560 1839 793 1922 experientiam
822 1849 890 1918 est,
909 1853 946 1908 ut
971 1840 1004 1905 in
1030 1859 1242 1924 quocumque

118 1962 198 2011 vero
211 1945 334 2030 judicio
348 1963 590 2030 cognoscamus
604 1947 804 2012 intellectum
819 1957 852 2013 et
860 1948 1083 2032 cognitionem
1096 1954 1241 2014 nostram

119 2055 247 2138 objecto
264 2051 397 2138 cognito
414 2054 622 2120 conformari.
647 2053 680 2119 ld
698 2053 785 2120 enim
805 2057 914 2122 solum
938 2056 1124 2140 experimur
1142 2055 1175 2120 in
1190 2055 1245 2139 ju·

119 2161 211 2226 dicils
229 2159 375 2238 reflexis,
403 2162 499 2243 quale
518 2172 568 2228 est
587 2162 665 2238 hoc,
694 2183 727 2227 v.
749 2183 784 2248 g.
806 2163 924 2229 Verum
945 2167 993 2229 ast
1012 2163 1164 2228 damiatem
1179 2179 1244 2226 esse

118 2268 288 2350 risibilem
306 2287 374 2335 non
393 2276 504 2335 autem
523 2269 556 2334 in
568 2268 712 2346 directis,
726 2270 911 2355 cujusmodi
925 2285 974 2337 est
988 2272 1066 2337 hoc:
1087 2271 1188 2336 Homo
1198 2271 1244 2334 est
1360 2265 1364 2271 '

120 2376 266 2442 risibilis.

189 2487 393 2566 Respondes
420 2483 638 2567 distinguendo
661 2493 836 2552 assertum.
865 2486 988 2552 Contra
1013 2484 1245 2569 experientiam

121 2601 189 2675 est,
207 2599 244 2656 ut
261 2591 293 2656 in
318 2609 530 2675 quocumque
545 2591 668 2675 judicio
692 2612 770 2660 vero
791 2611 1031 2678 cognoscamus
1047 2593 1169 2676 signate
1187 2611 1247 2660 seu

120 2699 157 2767 in
174 2701 247 2765 actu
262 2698 382 2782 signato
399 2699 621 2784 cognitionem
637 2709 782 2766 nostram
795 2701 925 2787 objecto
941 2719 1014 2767 esse
1027 2703 1246 2777 conformem,

120 2826 228 2887 conc.,·
246 2815 283 2873 ut
309 2824 549 2891 cognoscamus
573 2808 728 2885 exercite,
749 2828 807 2875 seu
827 2808 860 2873 in
887 2812 961 2875 actu
984 2810 1136 2886 exercito,
1157 2828 1245 2893 nego.

122 2916 162 2980 Et
180 2914 299 2980 eodem
321 2914 420 2980 modo
436 2913 604 2999 distinguo
620 2916 779 2983 rationem
799 2918 944 2984 allatam.

193 3020 320 3089 Solutio
335 3022 434 3107 hujus
449 3021 646 3089 difficultatis
661 3024 830 3091 veritatem
847 3025 947 3111 hujus
961 3025 1114 3091 secundae
1133 3026 1251 3110 proba-

125 3129 227 3196 tionis
246 3129 351 3215 magis
369 3130 555 3196 declarabit.

196 3238 402 3322 Cognoscere
421 3238 531 3321 itaque
558 3238 726 3305 veritatem
753 3240 878 3323 signate
901 3258 961 3306 seu
984 3240 1019 3305 in
1035 3242 1110 3307 actii
1125 3240 1250 3325 signato
1317 3266 1410 3325 Quas,

125 3355 179 3411 est
200 3344 422 3429 cognitionem
451 3344 616 3413 terminari
643 3346 684 3413 ad
711 3347 880 3415 veritatem
906 3348 971 3413 sub
993 3348 1066 3433 ipso
1087 3358 1250 3432 conceptu
1299 3354 1462 3456 “tm'‘‚d

126 3451 283 3519 veritatis.
304 3450 357 3517 Sic
377 3471 544 3538 cognosco
562 3452 689 3538 signate
706 3454 884 3533 veritatem,
905 3474 982 3523 cum
1007 3456 1118 3540 cogito
1135 3420 1445 3539 νιτὶία-Μᾚηψ

124 3564 187 3628 rem
204 3560 319 3643 ipsam,
340 3578 416 3627 cum
432 3563 503 3645 ejus
521 3560 745 3627 definitionem
766 3573 878 3629 mente
896 3582 1004 3640 verso,
1024 3582 1101 3631 cum
1120 3582 1253 3647 expres·

125 3686 163 3735 se
175 3668 399 3735 animadverto
411 3668 631 3753 cognitionem
646 3670 789 3753 aliquam
805 3688 877 3737 esse
890 3671 1020 3756 obiecto
1033 3672 1249 3737 conformem.

127 3775 337 3859 Cognoscere
356 3776 527 3843 veritatem
552 3777 687 3843 exercite
704 3795 764 3843 seu
789 3778 823 3843 ln
839 3782 914 3844 actu
929 3778 1064 3845 exercito
1090 3786 1140 3845 est
1158 3779 1260 3845 intera

164 4050 205 4111 (1)
240 4040 299 4101 Sea
311 4043 423 4118 quando
443 4042 630 4111 (intellectus)
645 4022 765 4119 judicia
778 4064 838 4102 rem
859 4047 903 4105 ita
924 4066 955 4105 se
977 4047 1091 4117 habere,
1112 4048 1193 4107 sicut
1212 4057 1255 4108 est

117 4137 232 4205 sonno,
246 4152 331 4207 quam
345 4134 379 4191 de
394 4154 425 4192 re
439 4134 642 4209 apprehendit,
658 4144 727 4193 tunc
741 4136 834 4211 primo
849 4138 997 4213 cognoscit
1011 4146 1039 4195 el
1056 4139 1128 4197 dicit
1141 4158 1253 4197 uuum:

126 4233 157 4282 et
169 4224 223 4281 hoc
235 4223 307 4289 facit
321 4226 513 4299 componendo
526 4233 555 4281 et
568 4224 731 4284 diuidendo.
746 4226 823 4283 Nam
840 4227 873 4283 in
888 4228 968 4284 omni
981 4229 1181 4301 propositione
1198 4230 1256 4287 ati·

125 4332 214 4387 qaam
224 4310 349 4385 sormam
371 4312 575 4388 significatam
589 4322 642 4390 per
663 4316 863 4390 praedicatum,
885 4318 936 4375 net
954 4318 1087 4392 applicat
1107 4319 1203 4377 alicui
1212 4319 1258 4379 rei

125 4400 309 4479 significare
318 4410 374 4477 per
386 4402 557 4479 subjectum,
571 4408 622 4463 vet
634 4414 759 4465 removet
774 4408 810 4463 ab
826 4426 872 4464 aa.
890 4428 901 4464 1
918 4427 947 4479 p.
963 4426 992 4479 q.
1008 4408 1051 4478 16,
1062 4428 1091 4467 a.
1105 4428 1133 4468 a.
1147 4408 1256 4469 Totum

127 4494 211 4551 hune
224 4492 380 4551 articulum
396 4492 511 4568 egregie
524 4492 746 4567 felicissimeque
766 4494 975 4569 interpretatur
989 4498 1024 4557 P.
1047 4496 1206 4573 Gregorius
1218 4500 1256 4558 de

130 4580 278 4653 Valentia,
299 4582 333 4641 ln
348 4592 405 4642 rt·
419 4598 494 4657 part.
509 4583 588 4657 disp.
603 4606 628 4655 r,
640 4604 670 4656 q.
689 4586 732 4656 16,
747 4600 848 4659 punct.
863 4607 892 4645 a.

166 4674 209 4739 (a)
244 4670 321 4730 Vide
335 4670 368 4732 S.
383 4672 490 4732 Thom.
507 4692 520 4731 r
542 4694 572 4747 p.
586 4692 616 4747 q.
636 4675 679 4745 16,
693 4688 750 4736 art.
764 4696 795 4749 23
808 4677 1009 4739 Periiterrnen.
1028 4677 1081 4739 lib.
1107 4700 1133 4749 r,
1148 4678 1215 4741 lect.
1227 4698 1255 4756 33

127 4761 329 4838 Metaplrysic.
344 4762 397 4823 lib.
411 4765 440 4835 ό,
456 4763 521 4824 lect.
536 4784 564 4839 4,
580 4784 696 4840 paragr.
712 4786 737 4825 c.
