3492 5525
506 441 624 507 Arenio.
651 457 709 507 ψ
729 441 905 508 Demmno
1167 460 1224 528 ²03

144 625 211 692 trie.
223 623 261 690 Et
279 623 378 692 variis
388 623 495 691 modis
513 622 582 690 nen
607 631 735 709 potest:
756 620 791 712 a)
804 630 865 706 per
880 623 1194 708 oocisemrologrianr.
1211 624 1267 693 Sic
1281 657 1334 708 qm
1349 647 1420 694 moon
1434 649 1472 695 on

146 733 214 798 Eva
228 740 343 799 vocata
361 731 422 799 tuit
435 731 559 817 virago,
575 731 705 816 quiade
718 731 788 798 oiro
801 736 924 815 sumpto
942 728 1010 820 (t):
1028 731 1075 798 sic
1088 735 1200 799 consul
1217 742 1267 802 est

145 841 204 923 qui
215 840 326 924 patriae
337 840 489 916 connalit,
505 847 538 906 et
551 838 720 925 inulliere
735 839 966 924 interpretatur
980 838 1157 926 Angelicus
1171 840 1266 924 quasi

144 948 233 1013 irenes
252 949 352 1032 legere
369 943 433 1035 (2):
455 944 491 1035 β)
503 953 564 1029 per
580 947 666 1013 vocis
686 945 969 1030 interpretationem
988 955 1021 1011 et
1038 947 1267 1014 conversanum

142 1055 186 1120 al
201 1072 270 1122 uno
291 1055 331 1132 in,
347 1054 445 1121 deon
460 1053 613 1139 linguam.
629 1054 824 1138 Exemplum
854 1054 956 1122 habes
972 1051 1005 1120 in
1032 1053 1094 1120 inis
1123 1051 1158 1124 S.
1178 1053 1265 1121 Pauli

145 1160 277 1228 verbisz'
294 1163 334 1228 ln
349 1180 412 1247 quo
432 1164 605 1229 cumanus
616 1167 731 1240 Abba,
752 1169 870 1232 Pater.
891 1159 904 1250 (
911 1158 959 1249 3).
974 1159 1020 1229 lta
1036 1160 1134 1230 etiam
1149 1161 1265 1250 Logica

143 1268 300 1338 definitur
311 1269 479 1352 disciplina
495 1269 673 1340 rationalis.

211 1375 254 1470 γ)
271 1379 336 1445 Per
346 1371 436 1446 voces
447 1379 531 1446 aleus
541 1381 679 1468 ejusden
691 1379 810 1464 lenguae
822 1377 974 1444 clamores
990 1376 1265 1444 etcommunr'ores:

143 1495 181 1554 ut
199 1487 227 1554 si
234 1488 393 1572 frameam
411 1487 545 1554 definias
562 1487 666 1554 telum
684 1487 868 1572 quoddam,
889 1493 921 1551 et
938 1503 1041 1551 ensem
1058 1483 1218 1570 gladium.

211 1594 300 1661 Usus
322 1593 520 1665 delinitionis
543 1595 718 1663 nominalis
739 1597 893 1679 frequens
915 1595 982 1670 est,
1010 1612 1117 1676 neque
1135 1581 1265 1678 ineptus

142 1703 236 1768 initio
254 1702 483 1788 disputationis
500 1704 542 1769 ad
561 1705 648 1770 viam
666 1703 876 1771 sternendam
892 1701 966 1768 reali
981 1699 1164 1766 diuniuoni.
1179 1701 1264 1766 Nam

140 1814 309 1894 antequam
325 1809 446 1877 sciatur
466 1813 506 1876 de
521 1810 645 1897 aliquo,
664 1826 708 1876 au
729 1825 859 1899 sn,non
879 1811 982 1894 potest
995 1807 1074 1874 sciri
1088 1809 1127 1873 de
1143 1826 1178 1874 eo
1189 1813 1266 1890 pro-

135 1918 228 1999 prie,
246 1933 327 1991 Quru
343 1933 404 1983 sn.
423 1921 497 1988 Non
513 1919 630 1984 enuun
646 1919 731 1984 enim
743 1937 806 1984 non
817 1916 1110 2004 suntdefinitiones.
1126 1915 1190 1982 Sed
1202 1933 1266 1980 non

136 2027 243 2106 potest
255 2025 377 2092 ostendi
395 2028 435 2091 de
455 2026 577 2111 aliquo,
601 2041 644 2092 nu
667 2042 734 2103 sn,
758 2025 825 2091 nisi
840 2024 934 2106 prius
956 2023 1167 2108 intelligatur,
1189 2021 1268 2106 quid

139 2131 342 2219 signiricuner
347 2140 408 2216 per
426 2152 537 2200 nornen
555 2130 619 2223 (4).
634 2134 737 2218 idque
749 2143 830 2200 tunc
845 2133 1055 2218 potissimum
1070 2131 1138 2198 fieri
1152 2130 1262 2206 debet,

139 2260 218 2306 cum
236 2241 365 2308 diversa
382 2243 492 2308 existit
503 2240 587 2308 inter
605 2242 770 2326 sapientes
783 2239 873 2308 vacis
887 2240 1022 2326 alicujus
1036 2239 1261 2326 intelligentia.

138 2348 236 2415 'lunc
262 2348 351 2415 enim
384 2339 462 2418 ante
485 2349 597 2416 omnia
622 2349 721 2416 debet
746 2349 888 2433 quisque
912 2357 1059 2415 accurate
1085 2365 1122 2414 ac
1139 2347 1263 2414 sincere
1296 2337 1299 2344 ’

138 2457 321 2533 declarare,
341 2454 423 2540 quid
440 2475 498 2542 per
516 2476 652 2523 nomem
672 2455 806 2540 aliquod
819 2455 997 2543 intelligat,
1018 2475 1060 2521 ne
1074 2463 1144 2521 tota
1158 2463 1265 2521 verta-

137 2571 196 2629 tur
212 2564 435 2630 controversia
451 2563 534 2630 circa
558 2583 693 2633 vocem:
721 2576 795 2648 quo'
812 2563 891 2630 nihil
915 2571 966 2630 est
987 2561 1135 2649 sapiente
1153 2561 1264 2628 minus

136 2666 363 2758 dienumtsi·
1220 2745 1224 2752 .

205 2778 309 2850 Quod
328 2781 355 2847 si
373 2779 464 2847 vocis
480 2782 584 2866 ipsius
601 2783 788 2868 acceptione
808 2800 875 2849 non
903 2800 1007 2849 unum
1027 2780 1069 2850 sit
1088 2782 1261 2849 hominum
1319 2816 1346 2920 9
1377 2840 1397 2887 d
1475 2846 1549 2886 cn..

133 2886 315 2971 judicium,
333 2884 875 2973 significationominisaccipienda
892 2891 1061 2967 cotaleo,
1081 2893 1165 2977 quod
1179 2897 1263 2957 cont
1336 2858 1390 2997 :L
1406 2856 1462 3038 ,ἐ
1475 2944 1510 2993 Α,
1522 2859 1721 2993 ᾐω-

135 2994 278 3061 nnmiter
293 2995 464 3063 intendunt
476 2997 623 3063 mines.
644 2996 788 3065 Libertas
805 2998 895 3064 enim
923 3000 1071 3065 mutandi
1090 3018 1149 3085 pro
1167 2998 1261 3065 libitu

136 3121 261 3170 vocum
280 3101 535 3189 significationes
551 3103 662 3191 ipsum
677 3106 861 3175 humanum
875 3106 1111 3173 commercium
1128 3106 1261 3193 penitus

135 3219 313 3278 everteret.

181 3334 202 3402 7
205 3337 240 3405 ³·
288 3312 442 3393 Delinitio
456 3320 550 3389 realis
563 3329 613 3388 est
625 3321 745 3399 oratio,
766 3321 847 3408 quid
865 3341 918 3390 res
934 3321 995 3400 sit,
1011 3324 1175 3408 explicans
1194 3320 1257 3413 (6).
1282 3356 1471 3406 mmm„

134 3425 262 3494 Dicitur
279 3428 396 3505 nano,
416 3446 476 3497 seu
494 3429 698 3499 terminorum
713 3430 884 3514 complexio
888 3449 903 3512 ;
918 3448 995 3497 cum
1010 3431 1098 3499 enirn
1114 3430 1260 3501 definitio

168 3756 214 3824 rr)
251 3750 355 3813 Gener.
369 3772 488 3824 e.a.,v.
502 3772 548 3827 ²3·

169 3847 214 3909 (a)
252 3842 366 3912 Quaeet.
384 3864 395 3901 1
411 3845 447 3902 de
465 3842 625 3905 Veritert.
643 3846 1259 3922 12.Ejusmodidefinitu,quandonomen

129 3932 176 3992 rei
187 3944 346 3991 eonserm
357 3931 600 4007 significationem
613 3935 704 4004 νοοίε,
723 3958 741 3995 ι
753 3957 813 4010 qua
824 3938 986 4008 derivatur,
999 3955 1106 4002 novato
1118 3944 1258 4006 rambula

127 4020 327 4095 appellatura
341 4020 482 4083 Cicerone
492 4024 601 4084 notatio
609 4026 688 4099 apud
699 4027 837 4088 Fonseee.
847 4030 929 4096 (least.
943 4032 1060 4093 dialect.
1075 4032 1125 4095 tib.
1142 4052 1168 4109 5.
1180 4056 1206 4097 e.
1219 4040 1258 4106 r.)

167 4118 212 4184 (ς)
250 4112 337 4171 Rom.
351 4132 414 4187 asp.
428 4113 464 4182 8,
477 4133 507 4172 v.
522 4132 563 4188 15.
617 4110 628 4125 '

167 4206 213 4275 (4)
249 4198 286 4261 S.
300 4200 357 4263 Th.
373 4202 404 4262 in
421 4210 460 4262 s.·
471 4205 643 4278 Posterior„
653 4206 719 4267 ieet.
733 4228 760 4268 a.
771 4207 834 4269 cn.
845 4208 939 4271 Cicer.
951 4230 979 4271 a.
988 4214 1024 4271 de
1037 4214 1168 4275 Finalrus.
1180 4214 1258 4276 Peae-

126 4304 314 4379 ceptumque
326 4292 382 4351 hoe
396 4291 430 4352 S.
447 4292 557 4355 Doctor
568 4296 701 4370 exemplo
712 4317 766 4359 suo
778 4299 979 4374 eonnmevn,
988 4316 1073 4363 tumr
1091 4324 1120 4377 p.
1129 4325 1159 4378 q.
1175 4324 1209 4381 75
1224 4305 1256 4367 in

124 4400 227 4453 corp„
243 4392 308 4439 tum
321 4380 390 4441 alibi
404 4400 501 4457 saepe:

162 4474 212 4544 (ς)
247 4468 326 4531 um
339 4472 482 4547 sapuistis
495 4484 541 4534 est
553 4496 611 4535 noos
622 4496 727 4539 curare
739 4481 775 4538 de
788 4482 970 4554 nominibus,
985 4482 1082 4557 inquit
1094 4484 1255 4560 Angelieus

124 4564 156 4628 (a
169 4559 246 4619 diae
263 4581 290 4632 3,
303 4580 334 4633 q.
351 4582 363 4619 s
378 4582 406 4621 a.
424 4570 473 4631 r.).
488 4563 553 4625 Csr.
568 4566 602 4628 S.
615 4568 742 4643 Aaron.
757 4570 809 4631 lib.
821 4572 858 4630 de
872 4572 964 4651 orig.
979 4575 1079 4633 Arsino.
1095 4596 1121 4635 e.
1136 4595 1181 4635 ar.

159 4650 209 4723 (6)
247 4648 326 4709 Hine
337 4649 419 4712 rides
430 4652 589 4716 discrimen
602 4656 679 4717 inter
692 4660 868 4720 nominalem
882 4682 916 4723 ao
925 4664 1031 4723 realem
1040 4664 1251 4727 definitionem.

124 4737 300 4800 nominatis
319 4739 397 4801 enirn
417 4743 510 4805 wlem
528 4760 628 4807 vooem
642 4746 785 4823 declarat,
803 4749 840 4813 de
857 4772 890 4811 re
909 4772 978 4814 vero
991 4752 1053 4827 ipsa
1068 4751 1145 4816 nihii
1157 4774 1209 4829 per
1222 4774 1254 4816 ee
