3492 5525
553 401 628 471 1152
675 387 800 454 Locren
814 388 1043 463 Maiore-Lm.
1061 402 1132 467 ate,
1147 388 1296 455 Drsrab.¹
1310 389 1389 453 Car.
1405 404 1478 452 aum

578 570 702 639 Verum
726 573 913 659 hujusmodi
939 572 1188 639 consecutiones
1211 592 1277 639 non
1306 572 1521 639 satisfaciunt.
1549 569 1630 635 Nam
1717 555 1719 632 ἔ

510 687 636 745 certum
655 689 705 746 est
724 681 877 766 [ogicam
898 700 963 747 non
982 680 1150 747 intendere
1168 680 1408 747 ordinationem
1425 680 1631 765 objectorum

510 786 543 853 in
561 786 677 873 seipsis
694 788 877 855 secundum
895 787 1064 876 physicam
1085 806 1196 855 earum
1216 789 1403 863 entitatem,
1423 788 1483 854 sed
1504 786 1633 853 ordina
1717 777 1719 790 '

510 894 634 961 tionem
654 894 900 962 intentionalem
919 895 1082 965 rationum
1102 895 1373 983 intelligibilium,
1395 894 1542 981 generis,
1566 900 1632 975 spe·
1717 971 1719 976 ,

508 1000 585 1079 aiei,
617 1002 816 1087 differentem
836 1003 978 1089 subjecti,
1005 1003 1188 1087 praedicati,
1212 1003 1452 1087 propositionis,
1479 1000 1629 1089 Majoris,

508 1108 661 1187 Minoris,
693 1110 927 1186 conclusionis,
956 1111 1190 1190 Extremorum,
1227 1112 1324 1177 aredii
1351 1120 1415 1177 etc.
1446 1119 1527 1190 etc.;
1556 1126 1629 1190 quae
1717 1191 1719 1194 Ι

508 1216 619 1283 omnia
636 1218 663 1283 si
681 1229 831 1284 concrete
849 1226 1040 1296 sumantur,
1058 1237 1123 1286 non
1138 1227 1215 1285 sunt
1230 1219 1290 1286 nisi
1311 1237 1362 1285 res
1375 1227 1465 1283 certo
1482 1216 1627 1301 quodam
1717 1203 1719 1230 '

509 1324 609 1390 modo
627 1336 793 1409 conceptae
815 1344 873 1391 seu
901 1334 1011 1391 mente
1036 1345 1210 1411 expressae.
1240 1326 1324 1411 Ergo
1350 1324 1511 1410 quidquid
1534 1324 1629 1389 docet

508 1431 623 1516 Logica
655 1433 695 1498 de
723 1431 789 1510 his,
820 1435 884 1501 huc
911 1442 1098 1521 revocatur,
1131 1445 1168 1501 ut
1195 1435 1347 1500 ostendat
1371 1432 1491 1498 modos
1511 1446 1629 1496 omnes

506 1540 665 1616 diversos,
686 1540 866 1606 secundum
886 1560 970 1624 quos
988 1560 1039 1609 res
1057 1541 1278 1626 repraesentari
1291 1542 1343 1607 vel
1353 1547 1468 1605 mente
1487 1538 1628 1623 exprimi

506 1655 657 1729 possunt.
678 1646 761 1713 Nam
782 1666 832 1715 res
851 1648 896 1716 ita
913 1657 1157 1733 repraesentata,
1175 1657 1211 1714 ut
1230 1649 1381 1715 exhibeat
1400 1656 1496 1714 notas
1515 1664 1628 1711 essen

505 1754 613 1831 tiales,
634 1755 863 1840 praetermissis
889 1756 1076 1822 differentiis
1103 1774 1183 1839 pure
1211 1755 1482 1831 individualibus,
1512 1754 1626 1837 specr'es

505 1871 570 1945 est;
603 1882 655 1930 res
680 1872 906 1948 repraesentata
937 1864 1119 1929 secundum
1148 1883 1202 1931 eas
1228 1872 1322 1929 notas
1351 1864 1560 1937 essentiales,
1593 1862 1625 1926 in

504 1970 624 2054 quibus
651 1972 850 2037 conveniunt
876 1972 968 2055 plura
991 1970 1075 2036 inter
1100 1990 1136 2036 se
1163 1970 1395 2056 discrepantia,
1417 1989 1484 2036 non
1514 1970 1624 2035 solum

447 2114 450 2120 -
504 2077 685 2145 secundum
718 2078 915 2145 differentias
947 2079 1178 2156 individuales,
1210 2079 1268 2145 sed
1307 2078 1405 2143 etiam
1438 2077 1624 2144 secundum

503 2185 580 2251 alias
594 2186 792 2263 essentiales,
813 2204 914 2271 genus
924 2194 987 2253 est.
999 2184 1064 2253 Res
1078 2194 1234 2272 concepta
1248 2196 1284 2253 ut
1302 2186 1349 2263 id,
1363 2186 1404 2253 de
1418 2204 1487 2270 quo
1502 2183 1625 2268 aliquid

502 2292 694 2371 affirmatur,
718 2294 888 2381 mojectum
904 2302 970 2375 est;
987 2312 1038 2359 res
1051 2302 1208 2378 concepta
1226 2300 1264 2359 ut
1281 2292 1326 2370 id,
1341 2294 1433 2376 quod
1452 2294 1495 2357 de
1514 2292 1625 2374 aliquo

379 2482 380 2485 Ἴ
500 2401 704 2478 enuntiatur,
731 2400 938 2483 predicatum
956 2409 1018 2469 est.
1037 2401 1151 2487 figura
1176 2418 1255 2467 vero
1280 2411 1312 2466 et
1339 2402 1450 2465 modus
1470 2398 1625 2465 coalescit

501 2527 542 2574 ex
559 2516 648 2574 certo
672 2508 784 2574 ordine
808 2508 1025 2576 terminorum
1055 2527 1092 2573 ac
1119 2507 1330 2592 dispositione
1356 2504 1623 2592 propositionum

394 2702 397 2707 ¹
500 2616 681 2682 secundum
702 2615 918 2699 quantitatem
937 2624 971 2680 et
984 2616 1187 2698 qualitatem.

566 2722 653 2801 Quid
672 2741 749 2790 vero
768 2722 907 2789 intendit
933 2722 1048 2808 logica
1073 2722 1273 2789 omnia·ista
1301 2721 1520 2809 pertractans?
1545 2722 1624 2788 Non

499 2827 585 2897 aliud
609 2831 751 2915 proiecto
768 2830 826 2896 nisi
857 2831 986 2907 docere,
1015 2831 1149 2915 quinam
1179 2831 1268 2896 modi
1288 2829 1545 2914 repraesentandi
1572 2849 1625 2894 res

499 2938 672 3005 adhibendi
704 2939 784 3015 sint,
816 2938 892 3022 quia
916 2939 1009 3014 recti,
1039 2938 1171 3022 quinam
1201 2957 1278 3004 vero
1303 2937 1508 3022 respuendi,
1543 2937 1626 3020 quia

498 3045 622 3121 vitiosi,
661 3045 694 3110 in
731 3044 933 3112 assecutione
964 3045 1183 3112 scientiarum.
1213 3026 1298 3130 E‘rgo
1330 3045 1468 3111 ultimus
1496 3062 1626 3128 scopus
1717 3060 1719 3117 ξ

499 3152 624 3238 Logicae
643 3171 709 3219 non
728 3152 812 3220 sistit
831 3152 863 3218 in
883 3151 1085 3219 ordinatione
1103 3170 1211 3218 rerum
1235 3160 1291 3217 aut
1314 3152 1478 3218 rationum
1497 3153 1626 3219 intelli·
1717 3204 1719 3219 .

496 3259 663 3346 gibilium‚
685 3262 743 3327 sed
760 3259 894 3328 ulterius
914 3259 1018 3326 tendit
1031 3259 1064 3325 in
1084 3258 1320 3327 ordinationem
1336 3267 1471 3326 actuum
1493 3258 1626 3324 intelle·

497 3381 586 3445 ctus,
597 3385 656 3435 seu
671 3367 788 3453 quaerit
799 3368 932 3436 tandem
943 3353 1111 3434 artificium
1125 3377 1158 3432 et
1172 3365 1372 3434 rectidunem
1385 3366 1624 3452 praedictorum

496 3484 646 3552 actuum,
666 3494 702 3541 ac
717 3475 851 3560 proinde
865 3475 927 3542 boc
941 3485 990 3542 est
1004 3475 1181 3561 objectum,
1202 3475 1291 3559 quod
1309 3471 1431 3542 directe
1448 3482 1484 3538 et
1504 3493 1566 3559 per
1586 3493 1625 3540 se

495 3584 678 3651 considerat
696 3579 760 3670 (r).

563 3689 686 3758 Verum
700 3701 766 3766 est,
782 3689 872 3772 quod
889 3687 1001 3754 omnia
1018 3689 1103 3762 lraec,
1123 3705 1198 3773 quae
1213 3708 1231 3753 a
1244 3688 1358 3754 multis
1376 3688 1464 3754 entia
1484 3688 1625 3754 rationis

496 3797 599 3885 logica
624 3797 793 3874 dicuntur,
825 3796 933 3881 qualia
950 3805 1028 3862 sunt
1047 3813 1163 3880 genus,
1182 3794 1311 3878 specr'es,
1344 3803 1423 3871 etc„
1447 3794 1533 3863 siant
1565 3816 1626 3880 per

495 3915 588 3973 actus
607 3905 800 3981 intellectus,
818 3905 873 3988 qui
890 3902 1057 3970 retlectens
1075 3901 1107 3969 in
1126 3910 1231 3980 actus,
1247 3921 1304 3986 per
1317 3920 1404 3987 quos
1422 3903 1624 3987 hujusmodi

495 4015 645 4082 atteiacta
672 4012 773 4090 liunt,
802 4011 939 4078 advertit
965 4011 1127 4094 quosdam
1159 4010 1284 4076 illarum
1319 4009 1517 4076 artificiosus
1548 4031 1623 4078 esse

495 4141 554 4190 seu
575 4129 679 4188 rectos
697 4120 892 4206 dignosque,
909 4125 946 4184 ut
965 4117 1083 4202 regulis
1096 4116 1174 4183 artis
1192 4115 1419 4201 praecipiantur
1437 4127 1622 4201 tamquam
1717 4170 1719 4205 Ι

485 4230 621 4316 aptiad
641 4247 690 4296 res
712 4229 796 4294 bene
811 4225 976 4303 sciendas,
995 4225 1155 4308 quosdam
1179 4242 1255 4291 vero
1279 4225 1428 4310 ineptos,
1450 4226 1621 4310 quianon

494 4337 580 4408 bene
592 4355 643 4404 res
656 4342 906 4421 repraesentant3
927 4342 960 4400 et
979 4333 1042 4400 hoc
1056 4331 1188 4400 tandem
1204 4331 1305 4398 modo
1326 4349 1379 4399 ars
1393 4329 1502 4418 logica
1520 4342 1623 4400 enata

530 4588 571 4662 (ι)
608 4586 671 4648 Cir.
700 4583 832 4658 Semery,
863 4580 921 4655 Op.
936 4579 985 4642 cit.
1008 4593 1081 4641 tom.
1110 4599 1134 4650 ις
1159 4578 1278 4656 Logia,
1299 4577 1376 4652 disp.
1401 4599 1427 4651 r,
1449 4581 1619 4654 prooemial,

493 4689 596 4753 queat.
615 4699 639 4749 r,
655 4687 711 4736 art.
729 4695 770 4745 11,
787 4672 836 4732 fin.
