3492 5525
300 470 417 533 Anxie.
439 486 502 531 am
524 446 754 532 quuoorsnus
776 484 1027 531 uxporuurrcus
1131 482 1186 550 351

104 654 192 722 illius
212 655 441 741 disjunctionis
460 660 511 721 est
528 672 688 732 asserere,
708 654 760 722 sin
784 655 895 721 minus
919 667 1116 739 utrumque,
1139 660 1229 723 certe

104 764 249 829 alterum
263 762 492 829 doctissimum
508 762 673 828 medicum
694 780 777 828 esse.

174 869 292 938 Stricte
306 888 343 944 ac
359 871 487 955 proprie
504 869 720 954 disJunctivus
735 869 952 956 syllogismus
966 869 1087 955 duplici
1101 878 1231 937 constat
1303 879 1384 935 dune:

105 977 225 1065 figura.
246 977 354 1043 Prima
374 996 417 1043 ex
434 978 614 1045 assertione
632 977 729 1043 unius
747 977 888 1043 membri
903 978 936 1043 in
952 977 1083 1054 minori,
1100 978 1231 1044 alterius
1252 950 1266 995 ⁶

1268 966 1322 1007 aura
1333 953 1354 995 in
1365 953 1435 1006 primo

1331 1038 1389 1067 eeeee

106 1086 330 1152 exclusionem
349 1084 445 1151 infert
463 1085 496 1150 in
514 1084 737 1153 conclusione.
752 1084 795 1153 V.
814 1104 865 1171 g.:
884 1085 997 1151 Petrus
1011 1088 1071 1153 aut
1084 1085 1235 1151 vioitaut
1303 1038 1329 1079 ‘e

105 1197 249 1260 morderes
266 1197 322 1261 cst.
336 1194 401 1260 Sed
415 1192 507 1258 uiuit.
527 1192 608 1276 Ergo
626 1194 753 1258 nonest
773 1195 927 1259 mortum.
949 1190 1098 1259 Secunda
1116 1212 1157 1259 ex
1176 1211 1232 1258 ne-

105 1300 242 1385 gatione
265 1300 363 1369 unius
381 1300 519 1367 membri
547 1298 774 1383 disjunctionis
801 1299 897 1365 infert
920 1300 1116 1384 positionem
1149 1301 1233 1365 alte·

107 1410 188 1475 rius.
209 1406 253 1475 V.
273 1424 322 1493 g.:
339 1409 409 1474 Aut
421 1404 715 1491 Clrisdrsfallitur,
727 1409 935 1473 autmundus
948 1410 1045 1474 errat.
1062 1408 1125 1477 Sed
1143 1406 1234 1475 Chri-

106 1520 189 1592 stus,
209 1534 273 1581 non
282 1515 428 1599 fallitur.
447 1514 527 1596 Ergo
543 1517 680 1579 mundus
696 1519 795 1583 errat.

178 1622 274 1691 Ratio
291 1640 388 1706 porro
406 1640 444 1687 ac
461 1620 697 1687 demonstratio
713 1620 833 1705 petitur
847 1641 889 1688 ex
901 1622 1009 1689 indole
1027 1621 1137 1689 stricte
1155 1641 1234 1688 con-

107 1729 274 1796 ditionalis
314 1711 562 1814 propositionis,
598 1728 692 1812 cujus
718 1746 794 1795 cum
832 1738 951 1797 mutuo
987 1748 1022 1796 se
1059 1730 1234 1797 excludant

110 1836 278 1914 membra,
300 1856 361 1901 nec
378 1836 477 1903 simul
497 1855 590 1910 vera,
611 1854 671 1901 nec
683 1837 782 1904 simul
796 1837 874 1903 falsa
889 1856 961 1904 esse
976 1848 1120 1921 queunt,
1140 1848 1172 1905 et
1186 1838 1233 1905 sic

108 1963 145 2011 se
164 1944 289 2011 habent
310 1943 411 2010 instar
429 1942 768 2021 contradictoriarum,
788 1953 821 2009 et
842 1955 1084 2029 consequenter
1098 1945 1233 2032 'legibus

109 2050 433 2118 contradictoriarum
467 2062 633 2135 regantur,
668 2060 809 2134 oportet.
843 2051 928 2136 Ergo
955 2072 996 2118 ex
1028 2052 1163 2118 veritate
1195 2072 1233 2119 ac

110 2159 249 2243 proinde
269 2158 430 2244 positione
445 2160 548 2244 unius
561 2166 646 2225 recte
660 2160 796 2226 insertur
807 2159 941 2237 salsitas,
963 2170 1062 2245 atque
1076 2161 1158 2227 adeo
1177 2179 1234 2227 ne·

107 2266 200 2352 gatio
219 2266 366 2333 alterius:
387 2275 420 2332 et
438 2286 456 2330 e
474 2282 646 2333 converso.

179 2372 324 2458 Singula
351 2375 491 2440 duarum
513 2376 629 2439 harum
647 2372 826 2458 figurarum
845 2383 956 2441 ternos
975 2376 1096 2443 habent
1115 2376 1234 2443 modos
1332 2418 1379 2449 em.

109 2481 238 2548 ratione
265 2480 490 2550 affirmationis
509 2481 559 2547 vel
580 2480 774 2565 negationis.
802 2483 869 2548 Aut
893 2483 980 2549 enim
1005 2491 1142 2568 utraque
1161 2490 1270 2567 parsm
1301 2476 1389 2521 ΗΜ
1430 2474 1448 2522 ¹⁸

107 2588 255 2654 affirmat
273 2609 314 2655 ν.·
330 2608 367 2673 g.
393 2589 452 2653 Vel
471 2590 520 2655 est
533 2586 601 2653 dier
621 2590 674 2653 vel
689 2606 764 2653 nox.
785 2589 887 2673 Atqui
908 2594 956 2656 est
968 2591 1048 2659 dies.
1070 2592 1153 2675 Ergo
1171 2609 1234 2657 non
1310 2562 1400 2667 ,ssssum

107 2700 158 2763 est
174 2714 259 2764 nox:
275 2704 331 2763 aut
357 2704 495 2780 utraque
513 2703 612 2781 negat
630 2715 664 2762 v.
690 2715 725 2781 g.
745 2696 818 2763 Aut
832 2714 896 2763 non
912 2701 960 2764 est
980 2698 1066 2776 dies,
1089 2703 1148 2766 aut
1171 2717 1235 2764 non

106 2810 156 2871 est
173 2823 252 2881 nox,
272 2803 336 2870 Sed
356 2822 420 2872 non
446 2808 494 2870 est
507 2804 587 2870 dies.
612 2804 692 2888 Ergo
715 2807 762 2869 est
780 2823 857 2872 nox.
886 2805 954 2872 Aut
976 2806 1116 2890 denique
1135 2808 1234 2874 altera

109 2929 187 2996 pars
214 2908 454 2999 (quaecumque
479 2932 518 2976 ea
540 2909 603 2998 sit)
628 2910 787 2987 affirmat,
821 2913 921 2979 altera
949 2923 1065 2999 negat:
1094 2915 1165 2982 Aut
1187 2915 1238 2981 sol

108 3022 210 3096 lucet,
229 3022 367 3085 autnon
383 3023 431 3085 est
445 3019 525 3086 dies.
541 3020 703 3104 Atquisol
718 3021 812 3085 lucet.
832 3022 912 3104 Ergo
929 3022 996 3088 dies
1014 3025 1070 3088 est.
1086 3021 1124 3089 Et
1138 3021 1233 3090 simili

111 3126 216 3192 modo
238 3137 476 3192 construuntur
494 3126 578 3192 terni
596 3126 686 3192 modi
705 3126 837 3194 alterius
854 3127 986 3212 figurae,
1007 3130 1176 3215 arguendo
1194 3148 1236 3196 ex

108 3235 210 3300 unius
225 3233 365 3300 membri
378 3233 567 3300 exclusione
576 3234 618 3299 ad
631 3235 762 3301 alterius
772 3234 982 3319 positionem.
994 3235 1061 3303 Sed
1071 3256 1122 3304 res
1132 3246 1234 3322 patet.

176 3341 299 3407 Notare
313 3351 425 3409 autem
445 3341 562 3416 debes,
579 3359 655 3406 cum
669 3341 842 3425 disjunctio
857 3344 990 3428 majoris
1004 3344 1236 3430 propositionis

107 3455 241 3516 constat
253 3449 410 3516 membris
417 3447 572 3533 visormae
589 3449 857 3526 contradictoriis,
879 3450 1041 3522 committi
1056 3453 1147 3518 lacile
1161 3472 1237 3537 pos·

108 3575 158 3633 se,
180 3554 322 3640 pueriles
340 3556 490 3622 fallacias:
507 3567 544 3623 ut
558 3555 585 3622 si
599 3557 673 3639 quis
687 3557 731 3622 ita
744 3557 1003 3626 ratiocinaretur:
1022 3561 1093 3626 Aut
1103 3561 1234 3637 dormis,

106 3666 170 3729 aut
192 3681 258 3728 non
282 3663 413 3730 dormis.
438 3663 541 3748 Atqui
561 3663 692 3730 dormis.
713 3665 792 3748 Ergo
809 3685 872 3732 non
886 3667 1023 3734 dormis:
1042 3666 1115 3734 Vel:
1135 3667 1238 3754 Atqui

106 3790 175 3839 non
192 3769 325 3837 dormis.
346 3771 425 3854 Ergo
440 3769 573 3840 dormis.

177 3876 275 3944 Ratio
294 3878 426 3944 fallaciae
444 3878 477 3945 in
497 3897 537 3945 eo
554 3886 635 3953 stat,
656 3880 746 3962 quod
765 3899 877 3946 revera
895 3900 961 3948 non
977 3883 1123 3969 arguitur
1142 3905 1161 3952 a
1179 3903 1238 3970 po-

107 3987 230 4054 sitione
243 3986 343 4051 unius
361 3985 501 4051 membri
520 3985 560 4051 ad
580 3985 711 4052 alterius
725 3988 967 4068 exclusionem,
988 3993 1039 4057 vel
1059 3991 1234 4082 viceuersa,

107 4092 297 4161 secundum
316 4091 439 4178 figuras
458 4112 562 4178 nuper
579 4094 763 4178 expositas;
785 4098 843 4162 sed
866 4115 884 4161 a
904 4097 1065 4182 positione
1081 4100 1178 4167 unius
1196 4101 1237 4168 ad

106 4199 246 4268 alterius
263 4198 474 4285 positionem,
496 4201 548 4268 vel
562 4221 581 4266 a
595 4201 768 4286 negatione
787 4203 884 4272 unius
902 4206 944 4271 ad
963 4209 1171 4292 negationem
1191 4211 1237 4275 al·

107 4309 226 4376 terius:
237 4305 271 4372 id
286 4307 378 4394 quod
392 4307 563 4374 manifeste
576 4318 737 4395 repugnat
750 4309 851 4379 indoli
861 4312 1235 4399 disjunctionis-stricta.
1376 4303 1512 4427 ’μω
1632 4339 1639 4349 ·

178 4415 262 4482 lllud
279 4413 379 4482 etiam
398 4423 493 4492 nota,
514 4415 620 4483 «nihil
638 4417 833 4504 syllogismo
857 4420 1056 4506 disjunctive
1073 4427 1235 4504 concludi,
1306 4417 1414 4506 quum
1445 4491 1463 4526 θ
1524 4501 1539 4528 a
1574 4419 1576 4424 ’
1669 4477 1679 4486 -

108 4522 172 4592 nisi
191 4521 301 4588 Minor
320 4522 426 4607 possit
443 4541 517 4590 esse
535 4542 612 4590 vera
634 4522 668 4590 in
694 4542 794 4593 sensu
812 4529 999 4612 composito
1023 4527 1155 4616 Majoris
1173 4533 1239 4599 dis·
1274 4517 1427 4577 ¹⁸¹¹⁸¹⁶¹²⁰”¹''

109 4633 116 4648 .
204 4632 211 4644 .
329 4630 336 4646 .
405 4629 411 4643 ·
515 4631 522 4646 .
649 4630 656 4645 .
937 4637 943 4651 ,
1283 4593 1426 4651 quatemus

103 4639 281 4716 junctrvae:
310 4648 337 4696 sr
360 4647 448 4696 enrm
468 4632 565 4715 hujus
591 4639 759 4698 veritatem
785 4651 966 4703 necessario
983 4637 1145 4716 destruat,
1167 4642 1240 4708 nul·
1276 4661 1430 4721 rotmarus.
1496 4619 1548 4680 ‘⁰‘
1570 4614 1598 4680 α’
1623 4629 1691 4692 ⁰¹²7

106 4741 175 4804 lam
204 4737 481 4822 consequentiam
510 4737 635 4824 parit...
665 4737 760 4806 Unde
786 4761 828 4808 ex
855 4743 922 4812 iris:
954 4744 1015 4812 Vel
1040 4746 1155 4814 Perms
1175 4767 1238 4816 non
1313 4753 1442 4882 πμ
1484 4751 1596 4841 Ηῆι
