3492 5525
576 433 636 500 810
691 435 813 502 Locren
827 415 1061 511 Meron—'Lim
1078 451 1149 514 μ’,
1166 436 1260 500 Drsv.
1278 450 1323 518 3.⁸
1335 435 1416 499 Cre.
1437 449 1505 498 ψ·

533 621 703 707 principia,
724 630 757 687 et
775 621 862 689 aliud
881 622 1114 707 experientiam
1134 640 1206 688 esse
1224 620 1438 688 necessariam
1459 639 1524 687 non
1543 623 1654 688 solum

532 730 572 796 ad
598 729 814 798 sufficientem
842 730 1135 816 apprehensionem
1160 727 1395 805 terminorum,
1413 747 1530 800 verum
1554 729 1655 794 etiam

532 838 572 904 ad
590 837 852 923 complexionem
874 845 906 903 et
922 837 1077 904 unionem
1097 837 1303 904 eorumdem.
1324 836 1470 902 Primum
1494 854 1554 902 nos
1573 853 1657 920 quo-

531 963 596 1029 que
621 944 815 1012 admisimus
845 964 921 1012 cum
949 945 1117 1011 communi
1144 944 1303 1012 sententia
1322 945 1355 1009 in
1374 943 1510 1010 articulo
1535 963 1654 1029 praece-
1711 954 1713 1011 ζ

530 1052 636 1134 dentl;
658 1054 794 1118 alterurn
814 1061 944 1128 autem,
965 1053 1070 1118 donec
1094 1052 1268 1138 probetur,
1290 1051 1445 1117 nolumus
1467 1051 1653 1116 admittere.
1711 1070 1712 1073 ’

575 1167 677 1228 Dices
704 1168 754 1228 αθ
801 1161 886 1226 Cum
915 1159 1088 1246 Caietano:
1117 1160 1163 1225 Ex
1189 1160 1362 1226 Aristotele
1388 1156 1440 1246 (r)
1458 1157 1654 1244 experientia

531 1266 723 1346 edocemur,
744 1268 835 1354 quod
854 1271 923 1333 haec
941 1267 1101 1335 medicina
1122 1266 1232 1334 Calliae
1252 1269 1407 1352 profuerit
1431 1267 1578 1350 itemque
1597 1266 1653 1331 So

531 1375 625 1453 crati,
647 1394 683 1440 ac
701 1376 817 1442 eodem
834 1377 935 1441 modo
959 1375 1106 1460 pluribus
1120 1375 1320 1460 singulatim.
1343 1377 1426 1461 Ergo
1450 1357 1654 1459 experimen·

530 1483 603 1548 talis
626 1481 771 1568 cognitio
790 1483 960 1569 complexa
979 1494 1047 1560 est,
1069 1501 1136 1549 non
1155 1502 1244 1549 mera
1261 1481 1401 1568 simplex
1421 1483 1649 1568 apprehensio,

530 1600 563 1658 et
593 1598 832 1675 consequenter
862 1591 1044 1675 complexae
1074 1589 1253 1675 cognitioni
1279 1590 1465 1658 intellectus
1495 1589 1648 1656 deservit

530 1698 604 1764 ldeo
623 1697 719 1764 etiam
743 1698 959 1782 Philosophus
975 1697 1019 1762 ait
1039 1695 1088 1784 (2)
1107 1699 1197 1781 quod
1215 1717 1257 1764 ex
1275 1699 1521 1782 experimentali
1540 1697 1652 1782 cogni·

529 1807 618 1874 tione
638 1807 735 1890 hujus
754 1814 786 1871 et
800 1805 886 1872 illius
905 1805 962 1872 tiat
977 1806 1160 1872 universale
1174 1808 1397 1891 complexum.
1712 1872 1713 1877 ,

598 1921 702 1997 Resp.
723 1915 841 1979 iterum
862 1916 1004 1998 negando
1022 1913 1300 2007 consequentiam.
1327 1914 1404 1979 liaec
1433 1913 1521 1979 enim
1541 1913 1650 1978 solum
1712 1930 1713 2007 ξ

534 2020 672 2105 probant
695 2019 985 2106 experimentalem
1014 2007 1236 2106 cognitionem
1260 2039 1331 2086 esse
1365 2020 1579 2087 necessariam
1613 2019 1651 2083 ad
1712 2022 1713 2079 l

534 2129 778 2196 assentiendum
798 2128 978 2213 principiis,
1000 2145 1066 2194 non
1084 2135 1196 2194 autem
1215 2129 1355 2211 probant
1367 2147 1441 2196 eam
1456 2147 1526 2194 esse
1542 2147 1653 2194 neces·
1712 2104 1713 2163 ἶ

534 2237 650 2303 sariam
681 2233 747 2302 n'on
780 2238 890 2303 solum
921 2236 963 2302 ad
993 2234 1053 2301 rite
1085 2237 1302 2321 penetrandos
1332 2235 1507 2313 terminos,
1536 2255 1651 2302 verum
1712 2224 1713 2311 ἶ

535 2345 632 2411 etiam
652 2346 694 2411 ad
712 2344 885 2412 uniendos.
1712 2318 1713 2403 l

599 2457 702 2519 Dices
721 2450 774 2520 ³.⁰
821 2451 960 2537 Oportet
978 2469 1099 2535 ponere
1117 2449 1247 2534 aliquod
1268 2451 1429 2518 motivum
1449 2459 1483 2518 et
1500 2451 1654 2517 determi

535 2561 680 2627 nativum
701 2560 883 2625 intellectus
902 2557 942 2623 ad
961 2559 1059 2623 talem
1079 2559 1342 2642 complexionem
1362 2558 1555 2626 faciendam.
1579 2559 1654 2625 Ter·

533 2665 613 2734 mini
649 2675 778 2742 autem,
817 2664 953 2732 seorsim
991 2665 1131 2750 accepti,
1179 2667 1252 2731 licet
1293 2667 1320 2732 si
1363 2678 1652 2751 componerentur,

509 2776 690 2855 ,haberent
703 2795 745 2842 ex
762 2794 798 2842 se
817 2774 1032 2851 evidentiam,
1055 2792 1121 2839 non
1140 2774 1307 2840 sufficiunt
1325 2784 1438 2840 tamen
1459 2776 1498 2842 ad
1518 2794 1654 2842 moven
1713 2789 1715 2846 l

534 2884 613 2950 durn
640 2892 673 2949 et
700 2882 986 2949 determinandum
1013 2880 1213 2947 intellectum
1232 2881 1274 2947 ad
1299 2882 1386 2947 hanc
1407 2872 1536 2967 potius,
1556 2902 1654 2967 quarn
1713 2889 1715 2899 ²

517 2992 622 3058 'illam
641 2989 925 3074 compositionem.
945 2986 1136 3075 Experimur
1153 2989 1241 3055 enim
1260 3007 1366 3073 saepe,
1391 2991 1483 3072 quod
1496 2990 1654 3056 habemus

535 3100 590 3167 diu
610 3100 789 3166 multorum
817 3098 1034 3164 terminorum
1059 3106 1239 3180 conceptus
1262 3098 1385 3180 absque
1408 3096 1522 3164 notitia
1540 3098 1656 3182 princi·

536 3208 664 3294 piorum
684 3208 951 3297 complexorum,
977 3223 1052 3289 quae
1071 3188 1260 3271 ex'illorum
1285 3204 1501 3271 terminorum
1520 3208 1654 3291 conjun·
1713 3263 1714 3266 ,

537 3316 645 3382 ctione
662 3322 800 3383 constat.
827 3314 941 3379 Fateor
960 3310 1046 3377 enim
1071 3330 1125 3375 me
1150 3311 1345 3395 cognovisse
1363 3312 1442 3395 quid
1465 3313 1508 3379 sit
1525 3317 1652 3399 oeqrrole,

539 3422 617 3506 quid
641 3424 776 3497 dernere,
806 3419 885 3504 quid
906 3437 1082 3495 rnnanere,
1114 3416 1287 3485 nescivisse
1315 3427 1426 3487 tamen
1453 3420 1516 3487 hoc
1540 3421 1650 3505 princi·

466 3564 471 3575 ·
541 3528 648 3614 pium:
676 3528 715 3593 Si
738 3529 777 3593 ab
801 3527 973 3613 equalibus
1000 3526 1136 3611 apulia
1157 3526 1280 3601 demas,
1305 3544 1375 3611 quoe
1398 3533 1564 3595 remanent
1587 3532 1658 3594 sunt

540 3636 685 3722 cqualtb.
717 3634 855 3720 Oportet
879 3654 958 3720 ergo
982 3636 1064 3700 ultra
1089 3644 1266 3718 conceptus
1290 3626 1521 3702 terminorum
1534 3634 1655 3703 incorn

488 3734 491 3741 ’
542 3746 710 3831 plexorum
747 3761 867 3829 ponere
904 3742 1035 3825 aliquod
1072 3740 1358 3808 determinativum
1394 3760 1453 3809 seu
1495 3744 1653 3811 motivum

542 3853 723 3919 intellectus
738 3851 780 3916 ad
797 3851 894 3915 talem
909 3848 1198 3934 compositionem.
1214 3847 1291 3913 Tale
1305 3859 1416 3916 autem
1432 3848 1596 3920 motivum
1610 3860 1654 3916 est

541 3962 573 4025 in
600 3976 717 4035 sensu,
747 3958 823 4042 quia
852 3956 1043 4023 Aristoteles
1074 3964 1148 4021 ante
1172 3956 1394 4042 cognitionem
1424 3956 1653 4043 principiorum

543 4069 669 4135 nullum
689 4064 850 4133 motivum
867 4060 957 4132 novit
977 4064 1037 4132 nisi
1055 4082 1204 4133 sensum.
1218 4066 1301 4151 Ergo
1321 4066 1501 4132 necessario
1515 4067 1655 4152 cognitio

541 4177 714 4261 complexa
732 4173 964 4258 principiorum
984 4172 1117 4257 requirit
1141 4172 1330 4239 sensitivam
1357 4173 1652 4257 experimentalem.

609 4290 713 4366 Resp.
735 4281 887 4347 eamdem
906 4300 979 4347 esse
1002 4280 1198 4347 solutionem
1223 4281 1320 4366 hujus
1345 4280 1545 4366 argumenti.
1572 4284 1656 4349 Fate-

545 4410 619 4456 mur
646 4391 751 4465 enim,
782 4407 822 4454 ex
851 4388 944 4455 dictis
971 4389 1003 4453 in
1030 4386 1164 4455 articulo
1197 4388 1406 4471 precedenti,
1439 4389 1654 4473 cognitionem

580 4644 619 4706 (r)
656 4639 720 4697 Lib.
739 4647 776 4697 r.⁸
791 4640 930 4715 Melaplr„
947 4636 1009 4711 co'p.
1028 4660 1039 4696 r
1056 4638 1087 4697 in
1103 4658 1223 4711 prooem.

583 4734 624 4797 (a)
661 4728 732 4788 ibib.
