3492 5525
548 466 608 539 454
749 456 873 521 Locren
895 458 1121 532 MnJoR-Lru.
1141 474 1209 537 ψ,
1232 458 1323 523 Drsn.
1347 470 1391 521 2.·

578 645 683 723 Resp.
703 639 779 708 dist.
798 641 912 726 Major.
935 640 1061 708 Veritas
1080 650 1130 707 est
1149 640 1327 707 similitudo
1345 642 1525 728 importans
1550 659 1635 723 qua-

512 748 722 830 lemcumque
736 748 1012 825 convenientiam,
1024 767 1106 831 nep,
1123 748 1304 833 importans
1323 748 1583 831 adaequationem
1597 756 1635 812 et

511 856 866 923 commensurationem
882 857 1141 935 intentionalem,
1157 856 1257 923 modo
1266 857 1336 941 jam
1351 856 1525 933 declarato,
1539 873 1630 920 conc.

580 963 616 1028 Et
633 964 889 1029 contradislincta
908 964 1040 1038 Minori,
1060 982 1127 1048 neg.
1148 982 1282 1047 conseq.

349 1116 397 1145 rm
420 1114 485 1145 aem
559 1088 612 1157 32.
661 1070 840 1137 Scuouuu.
867 1067 1021 1137 Solebant
1036 1071 1086 1137 hic
1100 1072 1207 1155 plures
1225 1071 1331 1156 logici
1350 1071 1474 1153 antiqui
1494 1080 1526 1159 et
1539 1070 1632 1135 illam

321 1173 467 1286 'effugit
513 1179 632 1263 agitare
661 1179 892 1261 quaestionem,
924 1180 1174 1245 utrum'eadem
1203 1178 1382 1263 propositio
1405 1178 1508 1262 possit
1527 1178 1631 1247 ,simul

513 1305 585 1352 esse
601 1305 677 1352 vera
695 1295 728 1351 et
746 1288 839 1361 laisa,
861 1287 930 1353 sive
950 1296 1099 1372 respectu
1122 1288 1324 1352 diversorum
1344 1286 1544 1370 objectorum
1560 1285 1634 1350 sive

390 1387 437 1429 ⁸³³·
514 1402 660 1477 respectu
689 1394 849 1478 ejusdem.
875 1392 1036 1478 Respectu
1059 1394 1262 1459 diversorum
1282 1394 1484 1480 objectorum
1505 1392 1635 1458 videtur

513 1502 618 1586 prima
637 1502 742 1567 fronte
762 1502 940 1585 propositio
960 1520 1056 1587 posse
1075 1502 1172 1567 simul
1192 1521 1267 1566 vera
1286 1511 1318 1566 et
1336 1502 1414 1566 falsa
1432 1518 1521 1576 esse,
1541 1500 1568 1565 si
1586 1499 1634 1565 sit

513 1601 712 1693 copulativa,
738 1608 859 1673 ratione
884 1610 1025 1691 plurium
1051 1609 1274 1674 membrorum
1284 1594 1305 1685 ,⁶
1318 1626 1459 1690 quorum
1483 1607 1568 1672 aliud
1585 1608 1633 1674 sit

512 1734 647 1790 verum,
670 1716 757 1781 aliud
776 1716 911 1793 falsum,
933 1725 969 1781 ut
988 1716 1014 1781 si
1033 1716 1136 1783 dicas:
1156 1716 1305 1799 Magister
1321 1716 1409 1781 docet
1428 1734 1466 1780 ac
1482 1715 1638 1797 discpuli

511 1826 643 1889 cantant
658 1823 691 1887 in
710 1823 825 1887 schola.
847 1823 897 1888 Sit
915 1823 1057 1905 primum
1083 1825 1199 1888 horum
1221 1842 1334 1889 verum
1359 1832 1392 1887 et
1414 1824 1551 1887 alterum
1572 1824 1635 1888 lal-

511 1948 605 2007 sum,
632 1938 663 1995 et
687 1930 820 1995 habebis
840 1930 1096 2014 propositionem
1126 1940 1274 2013 respectu
1302 1929 1504 1995 diversorum
1529 1930 1632 1995 simul

512 2057 621 2104 veram
642 2048 675 2103 et
694 2038 821 2102 salsam.
837 2036 1056 2103 Nihilominus
1075 2037 1102 2102 si
1121 2037 1154 2101 in
1174 2038 1368 2102 memoriam
1385 2054 1535 2111 revoces,
1555 2055 1634 2119 quae

511 2145 551 2213 de
579 2144 761 2229 copulativa
791 2144 1011 2227 propositione
1036 2144 1121 2209 dicta
1147 2153 1240 2219 sunt,
1270 2144 1352 2209 illico
1382 2143 1507 2211 videbis
1538 2145 1632 2210 illam

511 2272 620 2320 veram
650 2253 746 2319 simul
775 2260 807 2316 et
834 2252 946 2317 salsam
975 2270 1131 2317 essenon
1156 2268 1274 2334 posse.;
1300 2269 1376 2316 cum
1396 2250 1483 2316 enim
1503 2250 1634 2317 indoles

511 2360 596 2427 illius
624 2378 660 2425 ac
686 2368 800 2425 natura
828 2359 974 2443 postulet
1004 2358 1234 2423 simultaneam
1269 2358 1439 2424 veritatem
1476 2360 1633 2425 omnium

511 2468 670 2553 partium,
699 2466 726 2531 si
755 2464 861 2548 aliqua
889 2484 1000 2531 earum
1031 2464 1166 2531 salsitate
1192 2465 1332 2540 laboret,
1353 2474 1423 2530 tota
1440 2465 1634 2549 simpliciter

510 2577 589 2641 laisa
607 2574 743 2641 dicenda
757 2583 819 2638 est.
837 2571 880 2639 At
899 2573 975 2655 quia
994 2572 1064 2637 istae
1083 2572 1322 2655 propositiones
1341 2572 1537 2655 aequivalent
1556 2574 1634 2656 plu-

511 2684 598 2749 ribus
617 2680 833 2765 simplicibus,
854 2698 895 2745 ex
918 2697 1057 2763 quarum
1081 2679 1286 2764 copulatione
1311 2680 1519 2757 coalescunt,
1539 2699 1633 2765 saepe

508 2791 754 2857 considerantur
773 2789 865 2872 quasi
885 2787 1050 2854 dissolutae
1070 2807 1105 2853 ac
1121 2787 1232 2854 divisae
1252 2786 1283 2852 in
1293 2779 1387 2863 illas,
1403 2797 1437 2854 et
1450 2791 1512 2855 hoc
1527 2790 1633 2855 modo

413 2971 415 2976 ,
509 2898 734 2966 conceduntur
745 2896 854 2979 quoad
869 2907 994 2979 partem
1010 2913 1133 2969 veram,
1150 2903 1184 2960 et
1198 2906 1359 2981 negantur
1375 2896 1484 2978 quoad
1500 2898 1630 2965 salsam.

301 3249 360 3302 Quid
368 3247 486 3293 dicendum

575 3003 686 3071 Relate
706 3005 746 3069 ad
770 3021 873 3070 unum
894 3002 1048 3085 idemque
1067 3003 1232 3086 objectum
1257 3012 1367 3068 ulrum
1388 3002 1492 3086 possit
1510 3022 1636 3087 propo-

509 3113 583 3180 sitio
602 3131 679 3178 vera
697 3111 795 3177 simul
819 3128 891 3176 esse
916 3129 953 3174 ac
978 3111 1073 3195 laisa,
1099 3109 1238 3175 dubitari
1263 3117 1370 3193 potest
1394 3121 1525 3195 propter
1547 3111 1633 3176 illud

508 3239 615 3307 genus
642 3216 917 3304 propositionum,
942 3235 1017 3300 quae
1040 3217 1220 3282 insolubiles
1244 3217 1305 3283 dici
1328 3218 1435 3284 solent
1458 3237 1496 3283 ac
1511 3217 1634 3299 seipsas

312 3319 478 3435 d‘lffiif‘l
500 3329 731 3425 falsificaretur,
752 3343 826 3409 quae
847 3343 966 3408 nempe
985 3325 1072 3389 ialsae
1092 3323 1243 3389 videntur
1261 3342 1333 3391 esse
1359 3343 1399 3389 eo
1424 3325 1512 3409 ips0,
1537 3329 1633 3408 quod
1741 3362 1742 3367 κ

294 3463 495 3507 insolubillime
510 3446 588 3504 sunt
624 3435 728 3508 verae,
762 3442 795 3497 et
826 3451 911 3496 verae
948 3434 1010 3496 hoc
1041 3431 1128 3514 ipso,
1160 3430 1267 3533 quod·
1287 3443 1364 3498 sunt
1402 3434 1503 3498 salsae.
1537 3433 1633 3503 Dicat

351 3550 373 3580 re
385 3549 444 3591 ipsus

309 3605 485 3663 falsificatum.

510 3565 544 3611 v.
563 3563 599 3628 g.
616 3543 746 3625 aliquis:
773 3541 838 3624 Ego
855 3557 940 3604 nunc
961 3540 1032 3604 dico
1046 3541 1186 3624 salsum,
1209 3558 1327 3624 nempe
1352 3539 1387 3605 in
1412 3543 1468 3607 luc
1490 3544 1558 3624 ipsa
1574 3563 1634 3609 as-

509 3651 644 3718 sertione
661 3668 740 3716 nuo.
762 3648 795 3713 Si
815 3666 892 3712 vera
910 3655 960 3712 est
979 3646 1041 3710 ista
1060 3646 1255 3732 propositio,
1274 3666 1313 3712 eo
1332 3646 1404 3732 ipso
1423 3650 1501 3716 salsa
1520 3659 1584 3730 est;
1603 3655 1634 3723 si
1741 3690 1742 3701 κ

510 3761 597 3826 enim
626 3777 740 3824 verum
768 3763 817 3821 est
841 3774 895 3818 me
920 3771 1008 3819 nunc
1025 3753 1131 3818 dicere
1150 3755 1288 3829 salsum,
1308 3774 1386 3840 ergo
1405 3753 1524 3823 falsum
1542 3757 1632 3834 dico,
1741 3768 1742 3815 t

510 3877 609 3950 atque
635 3867 716 3931 adeo
744 3862 822 3929 salsa
842 3870 893 3926 est
921 3879 994 3925 mea
1015 3860 1073 3925 illa
1101 3862 1296 3945 propositio,
1326 3881 1365 3928 eo
1388 3863 1461 3949 ipso
1479 3865 1568 3948 quod
1584 3869 1635 3932 sit

510 3994 597 4042 vera.
618 3973 650 4038 Si
670 3981 780 4038 autem
801 3971 919 4036 salsum
938 3979 988 4035 est
1007 3987 1060 4032 me
1080 3986 1168 4034 nunc
1189 3969 1294 4035 dicere
1318 3972 1451 4046 salsum,
1477 3991 1555 4057 ergo
1572 3994 1635 4039 ve-

511 4103 584 4150 rum
605 4080 694 4161 dic03
716 4098 752 4144 ac
772 4076 908 4162 proinde
921 4095 997 4140 vera
1012 4087 1062 4142 est
1082 4095 1156 4141 mea
1175 4077 1369 4161 propositio,
1390 4098 1430 4144 eo
1453 4081 1524 4164 ipso
1538 4085 1635 4163 quod

512 4191 592 4256 salsa
611 4193 826 4272 supponatur.
848 4183 948 4268 Finge
974 4182 1072 4259 item,
1094 4183 1183 4266 quod
1208 4184 1287 4249 dum
1311 4183 1426 4252 Petrus
1448 4187 1524 4255 dicit
1545 4187 1636 4254 intra

511 4317 562 4366 se:
581 4298 704 4363 Paulus
722 4311 808 4358 nunc
825 4291 963 4375 affirmat
975 4309 1102 4366 unum,
1124 4292 1243 4357 Paulus
1261 4311 1278 4356 e
1297 4311 1456 4361 converso
1474 4295 1632 4362 affirmat:

512 4407 626 4472 Petrus
644 4400 929 4484 affinnatsalsum:
950 4397 1012 4462 ista
1030 4398 1097 4464 duo
1111 4399 1230 4484 judicia
1252 4400 1334 4464 circa
1355 4399 1443 4466 idem
1461 4402 1632 4487 objectum

511 4533 588 4580 vera
607 4510 704 4576 simul
728 4516 806 4574 sunt
825 4507 967 4579 etialsa.
987 4507 1071 4570 Nam
1094 4505 1121 4572 si
1141 4506 1300 4591 judicium
1320 4508 1404 4574 Petri
1428 4529 1541 4576 verum
1565 4523 1632 4588 est,
1740 4554 1741 4559 κ

510 4615 585 4688 vera
605 4625 655 4684 est
679 4613 857 4701 propositio
886 4613 987 4678 Pauli.
1008 4611 1075 4677 Sed
1098 4614 1217 4679 Paulus
1242 4613 1336 4692 dicit,
1357 4615 1519 4698 judicium
1545 4620 1634 4685 Petri
1740 4660 1741 4675 ,

510 4730 628 4795 falsum
649 4742 736 4793 esse..
756 4722 839 4805 Ergo
858 4723 885 4788 si
900 4718 1058 4804 judicium
1081 4720 1163 4785 Petri
1183 4739 1297 4788 verum
1324 4740 1396 4788 esse
1419 4726 1631 4808 supponitur,
1740 4750 1741 4783 ;
