3492 5525
569 452 632 518 940
683 434 806 501 Loorcn
821 431 1055 508 lirion-Lm.
1074 434 1252 510 2.⁸¹·,D1s1³.
1271 446 1315 515 4·
1331 430 1407 495 Cae.
1429 444 1501 506 rau·

532 619 700 689 secundum
716 616 860 698 diversas
877 620 911 681 et
930 616 998 683 ideo
1012 618 1144 698 possum
1166 633 1233 681 esse
1256 615 1354 682 simul
1376 611 1441 702 (ι).
1470 615 1542 693 Qui
1571 616 1655 680 locus

533 724 614 791 adeo
632 724 723 791 visus
744 734 795 791 est
813 723 1005 809 perspicuus
1024 724 1075 794 vel
1094 722 1173 807 ipsis
1195 722 1507 807 Complutensibus,
1529 731 1568 789 ut
1587 724 1656 788 scri

533 832 656 916 pserint
686 830 721 899 S.
752 831 914 899 Thomam
943 831 976 897 in
1005 831 1237 916 posterioribus
1267 832 1421 917 operibus
1455 831 1655 897 sementim

533 958 628 1007 suam
647 948 794 1007 mutasse
809 936 875 1027 Ι(2).
896 938 934 1006 Et
961 939 1112 1022 quamvis
1140 940 1275 1023 quidam
1302 939 1373 1005 haec
1399 938 1597 1004 testimonia
1622 938 1655 1003 ad

533 1048 622 1117 solos
640 1047 771 1115 habitus
784 1046 938 1123 reserant,
970 1064 1035 1113 non
1055 1064 1132 1111 vero
1151 1048 1191 1112 ad
1214 1052 1322 1125 actus,
1352 1044 1522 1131 generalia
1550 1058 1655 1113 tamen
1707 1128 1708 1145 χ

438 1232 447 1251 .
533 1174 605 1222 esse
624 1157 791 1230 videntur,
810 1172 847 1223 ac
871 1172 969 1239 posse
986 1154 1049 1223 sub
1067 1172 1103 1223 se
1121 1154 1399 1239 comprehendere
1422 1162 1457 1221 et
1476 1153 1656 1219 habituser
1707 1158 1708 1235 ᾗ

533 1272 637 1331 actus.
1707 1246 1708 1281 r

603 1370 695 1437 Circa
712 1370 841 1437 habitus
859 1389 956 1446 vero,
975 1379 1111 1437 censent
1130 1369 1277 1435 habitum
1297 1368 1441 1437 scientie
1470 1380 1579 1453 atque
1597 1370 1659 1452 opi-

534 1478 641 1549 nionis
667 1478 766 1547 simul
792 1478 826 1545 in
853 1479 971 1545 eodem
995 1478 1160 1545 intellectu
1190 1478 1297 1561 deque
1324 1477 1441 1543 eodern
1468 1477 1659 1545 enuntiabil

534 1564 631 1672 posse
649 1587 756 1653 inesse
774 1604 840 1652 non
860 1586 968 1652 solum
988 1595 1155 1660 auctores,
1175 1585 1231 1669 qui
1251 1584 1337 1650 idem
1357 1595 1513 1651 asserunt
1528 1586 1573 1651 de
1591 1586 1661 1649 acti-

533 1696 609 1775 bus,
627 1712 742 1761 vorum
757 1695 855 1761 etiarn
868 1712 935 1759 non
951 1694 1045 1778 pauci
1060 1712 1100 1759 ex
1116 1692 1204 1769 aliis,
1218 1703 1255 1761 ut
1268 1691 1409 1769 Rubius,
1431 1693 1587 1759 Fonseca
1601 1692 1659 1779 (3).

534 1801 688 1869 Mastrius
705 1798 774 1889 (4),
796 1802 930 1868 Pontius
942 1798 1055 1888 (5),et
1074 1801 1138 1877 alli,
1160 1802 1379 1883 eamdemque
1398 1801 1592 1867 doctrinam
1612 1802 1662 1865 ad-

535 1910 635 1976 mittit
658 1910 755 1975 relate
773 1908 814 1974 ad
830 1905 976 1974 divinam
995 1907 1266 1992 omnipotentiam
1289 1908 1426 1975 Cosmas
1446 1909 1490 1975 de
1510 1909 1629 1975 Lenna
1645 1928 1661 1973 e

535 2017 572 2083 S.
592 2016 841 2083 Praedicatorum
860 2014 984 2082 Ordine
1000 2012 1064 2103 (6).

601 2123 750 2207 Denique
769 2122 917 2189 nonnulli
940 2140 1069 2201 eorum,
1091 2122 1145 2207 qui
1166 2134 1288 2209 negant
1306 2123 1375 2190 sive
1389 2130 1504 2189 actum
1519 2124 1661 2189 scientie

535 2251 611 2299 curn
629 2241 704 2297 actu
716 2230 896 2315 opinionis,
917 2232 985 2297 sive
1000 2231 1099 2297 etiam
1119 2230 1266 2297 habitum
1287 2231 1429 2299 scientiae
1448 2250 1531 2299 cum
1553 2232 1662 2297 habitu

535 2338 697 2425 opinionis
714 2347 800 2405 stare
819 2356 933 2423 posse;
954 2339 1196 2422 comparatione
1208 2340 1291 2405 iacta
1305 2340 1478 2405 habituum
1493 2358 1576 2406 cum
1591 2339 1663 2405 acti-

534 2448 611 2523 bus,
622 2454 757 2514 censent
770 2466 846 2511 cum
861 2446 975 2511 habitu
990 2444 1132 2513 scientie
1146 2447 1231 2512 bene
1249 2447 1411 2513 oohaerere
1432 2466 1534 2531 posse
1555 2458 1661 2513 actum

535 2556 714 2640 opinionis,
732 2572 797 2620 non
813 2572 892 2619 vero
907 2553 1054 2621 liabitum
1069 2554 1232 2638 opinionis
1246 2573 1321 2625 curn
1341 2566 1416 2620 actu
1436 2554 1599 2621 scientiae.
1623 2558 1661 2619 lta

536 2663 621 2730 inter
639 2662 719 2729 alios
740 2661 888 2727 Salvator
907 2662 1025 2729 Roselli
1049 2658 1112 2749 (7).
1134 2672 1165 2727 et
1183 2662 1324 2743 loannes
1344 2682 1362 2727 a
1388 2663 1423 2729 S.
1444 2663 1581 2728 Thema
1600 2661 1614 2749 (
1639 2662 1659 2746 ).

603 2772 707 2838 'lanta
735 2769 926 2854 opinionum
959 2771 1128 2837 diversitas
1158 2770 1382 2836 difficultatem
1412 2772 1456 2836 rei
1489 2773 1661 2838 manifeste

537 2881 758 2946 demonstrat:
779 2877 812 2942 in
837 2897 903 2961 qua
927 2878 1007 2960 quid
1037 2878 1132 2944 nobis
1160 2879 1378 2945 verosimilius
1397 2897 1471 2946 esse
1499 2879 1659 2946 videatur.

537 3005 679 3071 sequens
697 2985 876 3070 propositio
894 2987 1046 3052 declarat.
1065 2985 1071 3004 ‘
1709 2985 1710 3002 ¹

367 3183 381 3212 u
402 3167 507 3212 eroseo-
583 3144 660 3215 268.
709 3147 911 3224 Ploeosmo.
958 3151 994 3212 Si
1012 3169 1130 3214 sermo
1147 3153 1193 3214 sit
1215 3153 1257 3214 de
1281 3155 1457 3231 opinione,
1478 3155 1661 3216 formalem
1709 3139 1710 3192 3

394 3254 405 3282 ⁸
432 3240 453 3284 ⁵⁸
537 3271 574 3325 et
602 3262 771 3324 actualem
796 3259 1018 3321 formidinem
1049 3277 1119 3321 non
1150 3261 1361 3335 includente,
1391 3263 1531 3324 videtur
1569 3274 1662 3324 aetus

538 3369 710 3448 opinionis
727 3368 834 3430 simul
850 3384 932 3429 cum
949 3376 1027 3428 actu
1045 3367 1202 3430 scientiae
1220 3377 1313 3430 stare
1329 3387 1434 3446 posse
1455 3370 1552 3430 circa
1574 3371 1661 3432 idem

539 3478 710 3556 objectum
728 3475 764 3538 in
782 3474 905 3537 eodem
923 3475 1096 3536 intellectu
1114 3492 1156 3537 ex
1174 3475 1324 3538 diversis
1342 3477 1499 3538 motivis.

607 3632 694 3698 Licet
713 3631 905 3715 plerumque
923 3626 1033 3712 opinio
1052 3631 1169 3696 lrabeat
1176 3631 1347 3716 foroiulem
1360 3635 1412 3706 vel
1427 3634 1587 3699 acuculam
1606 3635 1662 3698 ior·

541 3741 716 3815 midinem,
747 3737 891 3804 diximus
920 3745 1031 3803 tamen
1062 3754 1122 3803 suo
1150 3739 1238 3813 loco,
1263 3758 1336 3805 earn
1357 3740 1572 3808 essentialem
1601 3759 1659 3806 non

576 4014 616 4076 (l)
653 4015 693 4080 3?
706 4005 781 4066 Dist
797 4025 846 4078 31,
862 4026 891 4077 q.
909 4025 939 4072 2,
955 4025 981 4063 a.
1001 4025 1029 4074 r,
1044 4005 1131 4066 solut.
1149 4026 1179 4075 1,
1193 4005 1230 4064 ad
1243 4017 1305 4080 4¹¹

575 4104 616 4165 (a)
653 4095 1031 4169 Complutenses,Dialect.,
1043 4093 1120 4168 disp.
1135 4113 1186 4167 ao,
1200 4116 1228 4168 q.
1244 4115 1277 4168 4,
1294 4117 1322 4154 n.
1335 4117 1383 4170 43,
1398 4097 1436 4156 ad
1448 4109 1510 4172 3.··
1526 4099 1632 4158 locum.

543 4200 547 4204 ’
577 4194 618 4258 (3)
655 4186 741 4246 Locis
753 4185 860 4244 citatis.

578 4283 619 4350 (4)
655 4277 742 4352 Log.,
753 4274 830 4346 disp.
844 4292 891 4347 14,
903 4294 932 4345 q.
948 4293 979 4343 a,
995 4293 1025 4331 n.
1040 4293 1083 4332 aa.

577 4367 618 4439 (ς)
655 4367 772 4441 Logia,
788 4363 863 4435 disp.
876 4384 925 4432 22,
941 4385 970 4435 q.
989 4385 1020 4436 3,
1035 4364 1126 4424 conci.
1137 4386 1165 4437 7,
1180 4385 1211 4424 n.
1228 4385 1270 4436 51·

579 4458 620 4522 (6)
657 4457 771 4531 Logia,
789 4454 839 4511 lib.
854 4454 883 4523 8,
899 4473 927 4524 q.
947 4455 988 4511 16.

578 4552 619 4617 (7)
655 4543 764 4602 Summ.
783 4544 967 4617 Philosoph„
984 4557 1053 4601 tom.
1073 4564 1100 4614 1,
1116 4558 1219 4616 quaest.
1236 4565 1284 4618 30,
1299 4559 1354 4604 art.
1371 4568 1398 4606 2.

578 4636 620 4707 (8)
655 4634 773 4708 Logia„
788 4645 829 4690 ι·
843 4652 927 4708 pars,
943 4646 1046 4704 quaest.
1062 4651 1095 4706 ος
1104 4675 1111 4703 ,
1126 4653 1153 4691 a.
1171 4652 1201 4706 5,
1218 4653 1332 4708 paragr.
1349 4637 1440 4696 Circa
1454 4642 1576 4700 tertiam
1597 4659 1658 4700 corr

542 4725 735 4800 parationem.
