3492 5525
263 438 382 503 Annio.
400 453 459 500 ast·
473 436 679 501 Exissensm
692 452 821 499 cenni.
838 452 970 501 conant
984 435 1105 501 Socer.
1147 449 1203 515 491

125 618 570 701 ipsorum-ratiocinationem
591 620 769 687 realitatem
790 622 985 707 objectivam
1010 640 1047 687 ac
1061 619 1244 693 veritatem,

126 736 222 811 prout
240 728 272 793 in
292 748 328 795 se
347 738 415 817 est,
436 728 573 796 minime
593 730 721 797 reterre.

191 841 296 919 Resp.
325 844 375 904 2.⁰
402 838 549 921 Negando
570 837 741 922 Majorem.
768 835 856 903 Licet
883 834 972 901 enim
1000 834 1125 903 sintin
1152 832 1246 900 nobis

123 942 348 1027 cognitiones,
378 963 453 1028 quae
486 944 628 1010 referunt
660 944 786 1029 objecta
818 944 1003 1011 secundum
1034 942 1125 1027 quod
1156 950 1245 1006 cerro

123 1050 269 1131 quodam
294 1051 394 1117 modo
418 1070 479 1117 nos
502 1050 663 1133 afficiunt;
685 1059 717 1115 at
744 1070 821 1117 vero
840 1060 919 1118 sunt
937 1051 1036 1116 etiarn
1063 1050 1132 1115 aliae
1151 1048 1247 1114 innu-

124 1176 225 1223 merae
250 1159 452 1243 cognitiones
481 1159 674 1245 detegentes
701 1158 895 1244 objectivam
924 1158 1119 1233 realitatem,
1150 1165 1259 1240 prout*

123 1272 175 1330 est
193 1264 225 1331 in
245 1284 282 1331 se
300 1264 382 1350 ipsa.
1307 1251 1315 1273 s

168 1378 277 1455 obite.
312 1373 365 1457 7.⁰
413 1374 455 1441 Ut
487 1393 581 1441 mens
610 1374 791 1457 quidquam
821 1360 911 1441 certo
939 1381 1082 1448 teneret,
1112 1370 1247 1436 deberet

127 1480 213 1546 illius
243 1491 391 1547 naturam
423 1488 521 1565 atque
545 1481 700 1548 attn'buta
726 1479 837 1547 omnia
864 1479 1098 1565 perfectissime
1121 1496 1247 1563 cogno-

123 1606 231 1670 scere;
251 1607 346 1655 secus
374 1589 461 1654 enim
490 1608 621 1672 semper
647 1588 783 1655 dubium
803 1588 941 1655 suboriri
960 1594 1089 1671 posset,
1112 1605 1152 1653 ne
1178 1603 1244 1651 non

122 1695 256 1780 aliquod
275 1694 468 1762 attributum
488 1697 591 1761 latens
610 1694 695 1773 aliis,
717 1714 791 1780 quae
808 1696 939 1781 cognita
960 1696 1019 1761 rite
1037 1685 1243 1767 videbantur,

123 1811 332 1887 repugnaret.
371 1803 479 1899 Atqui·
505 1803 624 1869 nullius
662 1804 706 1869 rei
742 1822 922 1888 possumus
953 1801 1064 1867 omnia
1092 1800 1246 1866 attributa

122 1929 332 1995 cognoscere.
353 1910 478 1996 Ergo...
1153 1983 1156 1989 .

190 2022 409 2102 Respondes:
442 2037 516 2101 nego
544 2018 657 2104 Major.
687 2020 824 2105 ejusque
852 2016 1091 2102 probationem.
1120 2015 1250 2082 Revera¹
1362 2081 1366 2089 ,

121 2124 242 2191 sufficit
273 2125 381 2192 circuli
415 2134 564 2192 naturam
597 2126 746 2204 novisse,
779 2127 854 2193 licet
886 2127 1000 2193 multae
1031 2125 1245 2212 proprietates

122 2234 269 2318 ejusdem
289 2233 496 2318 ignorentur,
518 2242 555 2300 ut
581 2244 670 2300 certo
699 2235 803 2317 possit
828 2232 961 2318 judicari
989 2232 1148 2300 circulum
1178 2252 1244 2299 non

122 2360 196 2407 esse
216 2342 426 2424 quadratum.

166 2454 275 2544 objie.
297 2456 348 2516 8.⁰
393 2448 470 2525 Res,
493 2465 568 2532 quae
596 2449 751 2534 cognosci
770 2459 907 2533 possent
933 2450 984 2515 vel
1003 2457 1081 2517 sunt
1099 2457 1243 2525 aeternae,

121 2558 173 2621 vel
190 2556 299 2631 sactae,
321 2556 371 2621 vel
391 2555 572 2639 possibiles.
595 2554 696 2639 Atqui
716 2563 853 2623 aeternas
873 2556 1048 2641 nequimus
1066 2575 1246 2643 cognosce-

121 2684 172 2739 re,
192 2682 269 2730 cum
289 2663 496 2749 ignoremus,
516 2662 595 2746 quid
614 2662 656 2728 sit
674 2662 853 2744 aeternitas3
876 2683 935 2730 nec
962 2654 1160 2749 temporales
1183 2682 1243 2732 seu

120 2775 239 2847 lactas,
260 2771 337 2855 quia
356 2771 460 2838 motui
480 2791 515 2837 ac
534 2771 702 2838 variationi
728 2773 914 2857 subjacent,
935 2773 1068 2839 scientia
1094 2792 1172 2839 vero
1195 2781 1246 2840 est

119 2881 162 2946 de
181 2877 438 2946 inmutabilibus.
460 2877 554 2945 Unde
579 2900 597 2943 a
626 2879 747 2945 fortiori
775 2879 968 2964 ignoramus
987 2898 1038 2946 res
1057 2879 1242 2965 possibiles.

187 2994 292 3071 Resp.
313 3005 380 3071 neg.
402 2987 520 3052 Minor.
540 2987 624 3070 Nam
643 2986 765 3052 scimus
784 2985 863 3071 quid
883 2986 926 3053 sit
943 2986 1125 3066 aeternitas,
1142 2996 1175 3054 et
1194 3007 1245 3055 res

118 3113 255 3180 quoque
282 3103 420 3161 aeternas
448 3095 557 3178 aliquo
587 3094 687 3160 modo
714 3094 796 3160 scire
826 3112 1018 3182 possumus.
1049 3093 1114 3163 Res
1145 3097 1243 3164 etiarn
1358 3186 1360 3189 Ι

118 3203 333 3286 temporales,
361 3201 435 3270 licet
461 3202 571 3285 quoad
596 3201 803 3268 existentiam
836 3203 1010 3270 mutationi
1039 3204 1241 3289 subjaceant,

118 3320 316 3376 nontamen
336 3309 445 3394 quoad
467 3319 562 3375 notas
587 3308 789 3378 essentiales.
813 3309 962 3396 Denique
990 3330 1031 3376 ex
1053 3312 1150 3378 rebus
1177 3313 1245 3378 exi-

116 3417 283 3486 stentibus
301 3435 479 3501 possumus
497 3417 595 3484 etiam
615 3417 723 3501 aliqua
742 3416 908 3501 possibilia
925 3417 1138 3506 intelligere(
1165 3416 1191 3506 ).

163 3531 272 3609 Objtc.
294 3531 345 3608 9·⁰
391 3523 454 3590 Res
474 3541 545 3596 non,
558 3523 791 3608 cognoscimus
811 3523 872 3592 nisi
892 3543 1094 3609 persensus.
1111 3528 1156 3593 At
1173 3545 1245 3593 sen·

115 3653 175 3701 sus
195 3651 261 3699 non
281 3633 464 3718 attingunt,
485 3631 546 3698 nisi
565 3639 717 3698 externas
736 3631 1009 3702 modificationes.
1025 3633 1151 3718 Ergo...

186 3747 292 3834 Reep.
314 3739 432 3806 Praeter
451 3757 569 3806 sensus
595 3739 754 3806 habemus
779 3741 999 3818 intellectum,
1020 3741 1076 3824 qui
1101 3759 1144 3808 ex
1168 3759 1243 3808 sen·

117 3867 219 3916 suurn
241 3846 396 3914 relatione
419 3846 566 3932 pervenit
593 3847 634 3912 ad
662 3846 812 3914 notitiam
843 3867 976 3924 eorum,
1001 3867 1077 3932 quae
1104 3868 1241 3918 sensum

116 3955 282 4040 effugiunt
300 3952 364 4043 (a).

187 4061 420 4140 Difficultates,
441 4081 516 4147 quae
534 4082 578 4129 ex·
590 4063 780 4129 facultatum
800 4072 986 4130 nostrarum
1006 4065 1243 4152 cognoscitiva·

115 4191 193 4239 rum
223 4171 413 4238 lallibilitate
440 4159 681 4255 depromuntur
707 4190 725 4236 a
753 4171 919 4256 scepticis,
953 4191 1014 4239 suo
1047 4174 1120 4240 loco
1147 4173 1242 4240 dissi-

112 4281 295 4368 pabuntur.

112 4457 370 4472 m

149 4539 192 4600 (l)
228 4529 314 4679 Pallidi,
321 4531 441 4602 Roscii,
457 4529 577 4590 Summa
590 4531 705 4590 Pictos.
722 4544 744 4589 t.
763 4551 790 4599 r,
807 4552 837 4603 q.
854 4551 903 4605 29,
919 4551 945 4591 ι.
964 4554 988 4590 ι.

148 4627 192 4690 (2)
264 4619 294 4678 .i
317 4663 323 4677 .
