3492 5525
560 490 617 560 544
671 475 798 540 Locren
812 475 1042 549 Maron-Lm.
1062 476 1239 552 1.¹¹·,Drsr>.
1259 489 1302 559 3:
1317 477 1397 541 Cap,
1415 492 1485 541 ,aa

482 689 485 700 ¹
518 661 667 726 barathro
688 679 813 727 mersos
832 662 954 726 haerere
978 656 1043 747 (ι).
1064 658 1204 743 ideoque
1233 660 1359 745 primus
1385 668 1477 726 actus
1504 658 1648 724 rationis

518 778 636 835 nostrae
657 777 718 835 est:
740 770 799 851 [afro
812 769 921 845 credo,
943 765 998 851 qui
1019 766 1078 832 nisi
1097 766 1188 850 prius
1207 777 1426 851 supponatur,
1451 786 1644 851 numquam

518 884 628 959 posset
647 893 758 953 mens,
780 894 821 941 ne
847 862 954 959 ipsam
973 874 1107 958 quidem
1131 873 1296 959 propriam
1321 875 1527 941 existentiam
1551 874 1647 941 affir-

518 1001 607 1047 mare
625 979 691 1069 (2).

584 1090 693 1173 ltaque
715 1089 814 1167 fides,
836 1091 948 1175 generi
967 1092 1111 1155 humano
1131 1090 1290 1174 prestita,
1311 1088 1440 1155 initium
1461 1090 1647 1175 estcogni·

516 1196 645 1261 tionum
667 1208 869 1275 nostrarum,
898 1198 1150 1264 fundamentum
1170 1207 1281 1262 autem
1308 1198 1418 1264 omnis
1436 1197 1647 1265 certitudinis

517 1311 550 1367 et
562 1304 724 1369 criterium
743 1304 888 1370 veritatis
904 1312 954 1370 est
972 1322 1155 1371 consensus
1173 1305 1365 1370 universalis
1379 1306 1508 1389 generis
1522 1306 1648 1370 huma-

519 1411 566 1485 ni,
588 1413 639 1476 vel
663 1430 772 1477 seusus
799 1412 988 1489 communis,
1016 1412 1067 1477 vel
1095 1412 1177 1477 ratio
1200 1412 1375 1495 generalis,
1405 1412 1456 1478 vel
1483 1413 1648 1495 generatis

516 1518 705 1595 auctoritas,
722 1520 772 1585 vel
791 1520 992 1604 conformitas
1002 1521 1235 1603 perceptionum
1252 1529 1285 1585 et
1298 1520 1497 1605 conformitas
1499 1520 1647 1605 judicto

516 1643 605 1701 rum,
626 1644 700 1709 quae
719 1627 944 1695 manifestatur
962 1646 1020 1712 per
1044 1627 1289 1693 testimonium:
1311 1628 1361 1692 his
1385 1628 1472 1693 enim
1503 1627 1646 1711 aliisque

519 1732 706 1800 nominibus
725 1734 846 1817 passim
861 1734 1054 1801 describitur
1067 1753 1249 1801 consensus
1268 1736 1321 1801 ille
1344 1734 1641 1801 lamennesianus.

583 1840 784 1907 Sententiam
801 1844 884 1908 hanc
898 1843 972 1926 plus
988 1842 1140 1909 minusve
1155 1840 1373 1908 modificatam
1390 1852 1645 1927 propugnarunt

516 1947 566 2013 alii
581 1928 729 2033 'quoque
752 1948 899 2033 juniores
926 1932 1129 2034 Philosophi,
1161 1967 1303 2034 quorum
1332 1969 1398 2017 non
1429 1959 1480 2016 est
1505 1969 1644 2016 necesse

517 2073 605 2121 nunc
622 2058 672 2121 vel
693 2056 842 2134 nomina,
860 2058 911 2122 vel
930 2065 1193 2142 temperamenta
1212 2057 1399 2123 minutatim
1416 2058 1545 2122 reterre.

561 2234 617 2303 91.
665 2218 860 2290 Pnot‘ost'rlo
894 2226 941 2286 t.⁸
964 2224 1091 2286 Divina
1116 2223 1280 2285 revelatio
1302 2224 1421 2303 nequit
1442 2240 1521 2285 esse
1537 2224 1644 2285 crite-

516 2329 608 2391 rium
619 2332 777 2407 generale
790 2348 828 2392 ac
840 2348 1045 2408 supremum
1059 2330 1233 2404 veritatis,
1250 2332 1489 2411 motivumque
1503 2339 1646 2393 natura·

516 2436 559 2499 lis
578 2436 807 2500 certitudinis.

561 2598 663 2659 Prob.
688 2606 736 2659 1.⁰
781 2592 866 2659 Sunt
890 2594 1069 2660 innumerae
1093 2596 1245 2660 veritates
1269 2594 1478 2670 certissimae,
1508 2596 1549 2660 de
1567 2595 1645 2679 qui·
1739 2645 1740 2654 2

515 2700 577 2766 bus
594 2700 702 2768 divina
718 2702 870 2768 revelatio
885 2720 1019 2787 prorsus
1038 2704 1125 2771 silet.
1146 2702 1272 2790 Ergo...

561 2815 661 2876 Prob.
684 2823 733 2876 2.⁰
779 2809 894 2875 Divina
913 2811 1065 2877 revelatio
1080 2811 1191 2895 nequit
1210 2831 1282 2876 esse
1298 2813 1450 2896 generale
1463 2831 1500 2876 ac
1520 2831 1638 2896 supre-

515 2935 607 2981 mum
628 2917 770 2985 veritatis
787 2915 969 2995 criterium,
990 2919 1017 2984 si
1036 2921 1108 3004 ejus
1135 2937 1215 2986 usus
1232 2919 1389 3004 supponit
1409 2919 1544 2985 aliarum
1564 2921 1640 3003 plu·
1738 2938 1739 2999 3

516 3023 599 3090 rium
619 3025 791 3091 veritatum
811 3025 1052 3092 certitudinem.
1070 3026 1169 3110 Atqui
1190 3028 1232 3092 ita
1251 3045 1287 3093 se
1306 3045 1358 3092 res
1375 3027 1488 3094 habet.
1738 3010 1739 3019 ἵ

581 3131 678 3209 Nam,
708 3143 744 3198 ut
772 3133 818 3198 uti
848 3135 1042 3200 revelatione
1069 3134 1178 3201 divina
1196 3135 1339 3219 possim,
1365 3141 1495 3220 oportet
1514 3143 1550 3200 ut
1568 3135 1642 3220 ejus

485 3251 487 3256 ·
515 3247 643 3305 constet
658 3239 818 3306 evidentia
830 3250 862 3306 et
875 3261 1007 3308 summa
1020 3241 1246 3324 infallibilitas;
1263 3252 1300 3308 ut
1315 3261 1393 3307 vero
1409 3241 1478 3307 haec
1492 3249 1639 3326 pateant,

514 3355 602 3412 certo
632 3349 773 3414 tenenda
801 3347 889 3432 prius
916 3360 966 3417 est
992 3351 1163 3416 existentia
1189 3360 1221 3415 et
1244 3348 1370 3415 infinita
1394 3350 1544 3434 perfectio
1565 3349 1639 3418 Dei.

516 3453 662 3538 Denique
691 3456 759 3540 ipsa
788 3455 844 3521 Dei
873 3457 1096 3524 existentiaet
1124 3456 1250 3524 infinita
1265 3455 1438 3543 perfectio,
1460 3457 1547 3522 unde
1567 3457 1641 3543 ejus

515 3561 672 3628 omniscia
698 3562 870 3647 sapientia,
901 3573 935 3629 et
961 3566 1078 3631 erroris
1111 3564 1218 3630 nescia
1254 3563 1411 3630 veracitas
1447 3561 1636 3642 efflorescit,

515 3671 691 3736 multarum
729 3670 863 3736 aliarum
902 3689 1011 3738 rerum
1047 3672 1270 3757 cognitionem
1307 3683 1430 3738 certam
1463 3671 1637 3748 subaudit,

514 3777 794 3860 quemadmodum
821 3777 854 3843 in
872 3776 1051 3865 Theologia
1069 3779 1326 3846 demonstratur.
1342 3779 1413 3861 lam
1434 3780 1503 3845 haec
1522 3780 1640 3844 omnia

550 4051 590 4113 (1)
627 4045 784 4121 Incapoble
795 4048 1018 4104 naturetlement
1031 4048 1066 4104 de
1078 4047 1218 4120 parvenir
1230 4053 1250 4102 at
1264 4047 1294 4104 ta
1307 4048 1463 4116 certitudo,
1475 4047 1641 4105 contrainte

514 4135 548 4192 dc
562 4136 661 4193 deuter
673 4136 707 4192 de
723 4143 784 4192 tout
797 4144 825 4193 et
839 4137 875 4192 de
889 4136 934 4192 tui
943 4141 1045 4204 meme,
1061 4137 1092 4193 la
1105 4137 1204 4194 rar'son
1219 4135 1242 4193 Γ
1261 4142 1392 4194 entraine
1405 4136 1640 4194 inuincibtemerct

513 4226 585 4282 dans
596 4225 622 4280 le
634 4225 831 4299 pyrrhonisme
845 4226 958 4294 absolu·
973 4227 1096 4284 deserte
1109 4245 1162 4299 que
1173 4227 1204 4284 la
1221 4227 1290 4300 plus
1304 4227 1387 4284 nobie
1400 4226 1435 4283 de
1448 4244 1496 4284 ses
1505 4227 1640 4296 sacuttts

514 4314 560 4371 lur'
572 4316 663 4373 serait
677 4335 733 4372 une
753 4333 840 4373 cause
856 4316 891 4373 de
903 4324 992 4386 mort,
1008 4315 1035 4373 s'
1056 4315 1083 4372 tt
1096 4315 1128 4371 rr'
1152 4315 1275 4373 existuit
1287 4335 1323 4372 en
1341 4315 1388 4371 lui
1397 4313 1427 4388 je
1442 4335 1479 4372 rte
1496 4315 1560 4374 sais
1573 4317 1642 4389 quel
1734 4324 1735 4333 ¹

514 4401 647 4479 principe
655 4406 809 4480 energique
821 4405 915 4476 desei
926 4406 977 4479 qui
989 4406 1016 4461 le
1026 4424 1177 4474 conserve,
1192 4425 1228 4462 en
1240 4405 1396 4478 tesorfcrrt
1409 4405 1444 4462 de
1458 4406 1571 4474 desem
1586 4412 1605 4462 d
1619 4407 1640 4460 t

514 4495 640 4551 autorite
653 4497 789 4569 generate
802 4495 988 4566 (dissertata,
999 4508 1022 4553 t.
1036 4515 1063 4564 a,
1078 4496 1124 4554 ch.
1144 4499 1198 4567 15).
1733 4492 1734 4499 ἵ

549 4587 590 4649 (a)
626 4585 667 4642 Le
684 4585 807 4658 premier
821 4592 886 4642 acte
900 4586 934 4641 de
952 4586 984 4643 la
996 4585 1097 4643 raason
1109 4594 1153 4643 est
1165 4585 1404 4643 necessairement
1415 4603 1457 4642 un
1471 4595 1534 4644 acte
1550 4586 1585 4643 de
1595 4587 1643 4652 toi

513 4681 541 4730 et
556 4679 729 4731 aucumdtre
741 4681 807 4732 cred
820 4673 849 4731 s'
864 4675 891 4730 u
903 4676 1135 4748 necommenfait
1145 4682 1204 4750 par
1216 4675 1295 4734 dire:
1308 4682 1345 4747 Je
1359 4682 1442 4742 «ob,
1458 4695 1494 4733 ne
1503 4677 1642 4749 poumit
1732 4716 1733 4761 3

512 4761 619 4838 iamcr's
632 4763 693 4821 dire
702 4789 710 4820 :
720 4771 757 4837 Je
770 4771 840 4823 auia.
855 4763 947 4824 Essai
958 4778 1026 4836 etc..
1041 4777 1063 4824 t.
1080 4785 1122 4836 a,
1136 4765 1183 4824 ch.
1202 4785 1244 4838 ¹7·
