3492 5525
757 398 770 408 -
789 376 922 420 acmo«

611 477 666 540 rot
830 418 1192 522 “‘iffllruon-Dtsn.
1218 469 1259 519 1.·
1280 455 1361 520 Cur.
1382 469 1455 538 4⁰¹³

568 657 637 706 rem
652 639 852 725 singularem
867 651 901 707 et
916 637 1137 715 individuam,
1158 649 1195 704 ut
1213 637 1240 704 si
1254 637 1361 704 dieas:
1377 637 1492 702 Pelnu
1503 635 1686 702 esidocuu:

567 745 629 812 Hic
645 747 725 814 liber
741 751 792 814 cst
804 765 890 813 meru
907 743 973 834 (r).

447 889 468 918 n
502 871 508 884 ·
614 857 668 940 58.
713 853 911 922 Communis
934 853 1070 939 partitur
1087 855 1120 921 in
1142 851 1374 919 distributivam
1387 871 1443 919 seu
1462 849 1687 934 condalium,

396 963 411 1031 f·
435 957 525 1068 ,Νιὶζζζ
566 979 625 1028 seu
643 943 831 1044 copulatam,
850 961 1073 1049 disjunctivam
1096 967 1129 1027 et
1141 959 1304 1045 confusam
1324 975 1383 1026 seu
1400 961 1600 1046 umectam.
1631 957 1691 1022 [li-

469 1091 511 1139 ·n.
565 1068 736 1136 stnloutiua
754 1077 803 1135 est
816 1087 897 1136 usus
915 1068 1045 1134 termini
1068 1068 1255 1135 communis
1274 1086 1333 1152 pro
1349 1068 1504 1134 omnibus
1518 1067 1588 1134 suis
1605 1067 1693 1133 inie-

387 1163 415 1246 “2
430 1234 453 1278 ,n
468 1161 512 1275 ³⁸·
566 1175 704 1243 rioribus
716 1175 854 1244 seorsim
869 1177 1024 1260 sumptis.
1041 1175 1094 1246 Sic
1109 1187 1284 1261 usurpatur
1299 1176 1458 1242 terminus
1466 1177 1592 1258 plania,
1605 1193 1690 1240 cum

565 1284 655 1351 dico:
676 1283 790 1352 Omnes
802 1287 915 1367 planta
933 1289 980 1351 esi
994 1291 1107 1368 corpus
1119 1284 1240 1352 vivens.
1257 1283 1464 1369 Dignoscitur
1479 1285 1548 1349 haec
1562 1299 1693 1367 suppo·

565 1389 641 1458 sitio
662 1409 704 1458 ex
719 1400 1035 1484 ,syncategoremate
1055 1391 1175 1468 omnis,
1200 1393 1321 1469 nullus,
1345 1391 1545 1476 quicumque,
1565 1400 1598 1456 et
1616 1391 1694 1456 aliis

566 1496 741 1565 similibus.
781 1498 1004 1567 subdividitur
1040 1497 1073 1565 in
1109 1501 1288 1582 completam
1324 1508 1423 1583 atque
1458 1499 1693 1582 ouompletcm.

565 1604 737 1690 Completa
759 1625 817 1673 seu
834 1606 977 1673 absoluta
997 1609 1104 1672 locum
1125 1605 1238 1683 habet,
1258 1624 1334 1672 cum
1352 1607 1513 1674 terminus
1534 1624 1696 1671 commu-

567 1712 618 1779 nis
640 1713 796 1799 accipitur
817 1732 876 1799 pro
898 1714 1055 1781 omnibus
1077 1715 1146 1781 suis
1170 1713 1373 1782 inferioribus
1395 1715 1521 1798 absque
1545 1715 1611 1780 ulla
1630 1733 1697 1780 ex-

565 1819 732 1906 ceptione:
749 1828 786 1887 ut
803 1822 830 1888 si
844 1821 948 1888 dicas:
965 1821 1079 1888 Omnis
1091 1821 1179 1890 homo
1195 1811 1546 1901 cummutationem
1555 1824 1700 1887 Anrnral

565 1946 655 1993 omne
676 1930 725 1994 esi
743 1928 939 1995 sensitivum.
965 1929 1165 2015 incompleta
1187 1947 1246 1996 seu
1270 1931 1367 1996 etiam
1386 1929 1544 2012 exception
1565 1948 1584 1994 e
1609 1947 1699 1994 con-

567 2053 663 2101 uerso
681 2035 792 2102 locum
815 2037 929 2114 habet,
953 2055 1029 2104 cum
1048 2037 1211 2104 terminus
1227 2035 1414 2104 communis
1431 2037 1477 2102 sic
1496 2045 1696 2119 usurpatur,

566 2151 604 2208 ut
621 2142 763 2226 aliquam
783 2142 925 2228 patiatur
942 2143 1168 2229 exceptionem
1191 2165 1224 2212 v.
1243 2165 1280 2231 g.
1302 2145 1329 2211 si
1347 2144 1475 2210 dicitur:
1498 2142 1618 2210 ΟΜ
1636 2143 1700 2209 ho-

445 2335 453 2349 ,
564 2247 663 2315 urim
675 2255 887 2332 peccaverunt
900 2252 935 2318 iu
948 2253 1074 2334 Adam
1087 2253 1237 2338 exceptio
1250 2252 1318 2319 ieri
1332 2253 1431 2320 debet
1443 2251 1486 2317 de
1500 2250 1536 2318 Β.
1553 2251 1701 2336 Virgine

566 2357 637 2423 sine
660 2357 732 2423 labe
754 2371 913 2444 concepta
932 2358 997 2448 (2).
1023 2359 1213 2446 Suppositio
1231 2361 1428 2446 incompleta
1448 2358 1567 2426 dicitur
1589 2359 1699 2426 etiam

565 2482 640 2532 esse
666 2465 850 2550 suppositio
873 2486 933 2552 pro
956 2469 1124 2559 generiem
1149 2469 1355 2552 nuguiorum
1383 2477 1416 2532 et
1441 2468 1609 2551 completa
1632 2485 1702 2551 pro

566 2571 703 2656 siugulis
715 2591 877 2658 genuum.

634 2679 826 2767 suppositio
838 2680 1005 2752 collectiva
1024 2692 1075 2750 est
1093 2701 1175 2750 usus
1192 2682 1322 2750 termini
1339 2681 1527 2749 communis
1541 2699 1602 2769 pro
1622 2685 1705 2750 suis

567 2787 771 2856 interioribus
778 2790 930 2857 collectim
946 2810 984 2857 ec
1000 2790 1096 2858 simui
1111 2792 1253 2875 sumpius.
1273 2792 1378 2877 Hujus
1394 2792 1525 2876 generis
1537 2802 1588 2858 est
1611 2793 1705 2859 sub·

564 2895 688 2980 jectum
702 2895 736 2963 in
751 2898 813 2964 lroc
833 2900 1003 2984 exemplo:
1021 2900 1138 2967 Omnes
1153 2899 1298 2984 Apostoli
1312 2903 1389 2965 sunt
1402 2898 1578 2965 duodecin.
1599 2898 1708 2966 lianc

568 3002 751 3088 distingues
769 3006 977 3090 potissimum
996 3027 1039 3075 ex
1056 3007 1203 3095 subjecta
1220 3008 1373 3083 materia,
1395 3024 1437 3073 ex
1459 3014 1576 3073 natura
1595 3008 1707 3075 nimi-

569 3128 642 3175 rum
662 3110 843 3195 predicati,
859 3116 950 3199 quod
963 3116 1073 3183 solum
1093 3116 1135 3184 sit
1152 3114 1346 3182 verilicabile
1363 3114 1405 3180 de
1423 3114 1573 3199 pluribus
1589 3114 1708 3183 simul

567 3218 725 3302 sumptis:
746 3222 830 3287 solet
847 3224 946 3289 etiam
974 3224 1093 3290 habere
1113 3232 1500 3311 syncategoremaoumes
1520 3222 1554 3287 in
1573 3222 1708 3307 plurali

569 3343 722 3394 numero.

365 3462 548 3521 semirutae
634 3431 824 3520 Suppositio
840 3438 1051 3523 disjunctive,
1071 3456 1146 3523 quae
1163 3440 1261 3507 etiam
1278 3437 1484 3505 ceramum
1500 3447 1536 3503 et
1547 3441 1713 3521 particu-

402 3538 505 3595 i⁰²‘¹⁵'¹·
567 3540 648 3607 laris
666 3544 771 3609 vocari
788 3545 890 3625 solet,
911 3555 961 3614 est
978 3564 1060 3613 usus
1078 3547 1207 3613 termini
1230 3546 1417 3613 communis
1434 3564 1494 3629 pro
1515 3546 1630 3631 aliquo
1661 3572 1712 3619 ex
1733 3632 1734 3635 Ἴ

568 3648 637 3715 suis
664 3649 869 3720 interioribus
898 3654 1035 3721 seorsim
1061 3656 1104 3721 cb
1122 3654 1209 3732 eliis,
1232 3654 1323 3739 quod
1349 3662 1462 3719 tumen
1489 3654 1562 3738 ipso
1591 3660 1713 3727 modo

568 3754 770 3840 significandi
798 3779 865 3827 non
891 3760 1142 3839 dereminamr.
1169 3772 1206 3829 ut
1235 3760 1262 3828 si
1284 3761 1421 3828 dixeris:
1449 3762 1581 3847 Aliquis
1605 3764 1715 3835 bom

496 3902 501 3909 -
567 3865 739 3932 estoldus:
764 3866 904 3949 Quidam
927 3870 1015 3936 domo
1036 3869 1151 3937 currit.
1170 3870 1205 3937 ln
1224 3868 1274 3936 his
1298 3869 1386 3935 enim
1413 3868 1717 3953 propositionibus

566 3970 678 4038 ailredo
700 3982 735 4039 et
750 3976 1044 4065 cursusluerificari
1062 3977 1161 4044 debet
1182 3976 1224 4043 de
1251 3977 1361 4060 aliquo
1386 3974 1573 4055 indiuiduo,
1602 3986 1717 4063 quod

568 4076 602 4142 ln
631 4096 668 4145 se
700 4090 895 4151 certumst
928 4084 1184 4153 detemlnatum
1213 4092 1281 4162 est.
1310 4084 1384 4150 licet
1414 4083 1495 4151 illud
1520 4102 1605 4151 uoce
1633 4108 1718 4159 non

603 4382 646 4453 (ι)
682 4383 758 4445 iride
766 4386 1012 4449 candidatum.
1026 4388 1185 4449 latretur.
1196 4388 1364 4451 iuoulect.
1380 4388 1431 4447 ιιι.
1447 4406 1475 4449 a.
1490 4397 1559 4465 cap.
1577 4406 1608 4449 r.
1732 4436 1733 4439 ,

608 4482 651 4545 (²)
685 4480 742 4537 isio
755 4480 911 4537 hainonis
923 4480 1006 4538 nodo
1019 4488 1049 4539 ei
1058 4478 1200 4539 Dominus
1212 4500 1285 4539 usus
1299 4490 1327 4539 ei
1337 4480 1372 4538 r'u
1385 4479 1568 4556 evagelio,
1587 4482 1654 4543 tbi
1668 4490 1733 4551 uiti

567 4568 909 4629 uterinum
920 4569 1723 4644 mammae-uquarum

526 4650 532 4663 '
568 4660 1723 4737 maeiaemmmdieumoumiumpermestenmiiuigemm

567 4750 668 4811 mio
679 4750 762 4809 uim
772 4748 965 4811 &einaim
982 4748 1016 4811 S.
1028 4751 1158 4825 llum
1174 4747 1329 4811 Euchirid.
1343 4770 1369 4810 e.
1388 4766 1450 4823 ποι.
1572 4782 1579 4789 ·
