3492 5525
531 455 588 542 852
646 458 771 524 Locren
784 455 1014 533 Maron-lau.
1031 473 1103 537 ψ,
1119 454 1208 523 Drsr.
1226 471 1275 543 3.⁸
1288 456 1369 523 Car».
1383 474 1457 524 art-¹

490 642 562 709 cinii
592 641 823 729 cognoscimus
854 642 1039 724 subjectum
1072 652 1104 711 et
1134 641 1346 727 praedicatum
1374 642 1609 711 conclusionis.
1733 635 1735 730 g

491 752 573 837 Ergo
592 751 707 817 saltem
728 752 903 818 tuncnihil
923 750 999 817 novi
1019 769 1076 836 per
1094 751 1297 818 ratiocinium
1315 753 1429 818 scitur.

557 865 663 944 Resp.
684 860 759 927 dist.
784 859 898 946 Major.
922 860 956 926 Si
975 858 1147 945 cognoscit
1167 860 1300 945 insuper
1321 860 1513 934 relationes,
1535 876 1613 943 quae

490 965 574 1032 inter
592 966 776 1053 subjectum
796 976 829 1033 et
847 968 1058 1053 predicatum
1073 968 1294 1043 intercedunt,
1309 986 1411 1043 conc„
1428 984 1526 1033 secus
1538 985 1611 1050 neg.

468 1070 474 1077 '
558 1074 752 1143 Corrtradist.
784 1074 903 1143 Minor.
934 1073 1077 1152 Quando
1103 1074 1330 1142 conclusiones
1356 1076 1435 1141 olim
1462 1074 1612 1159 cognitas

391 1190 395 1196 ’
490 1182 609 1249 iterum
630 1201 717 1249 novo
736 1181 892 1249 ratiocinii
911 1192 986 1248 actu
1005 1200 1216 1262 revocamus,
1237 1188 1338 1248 tram.
1361 1184 1447 1248 Cum
1466 1183 1612 1266 primum

490 1290 736 1357 conclusionem
749 1310 790 1356 ex
810 1289 987 1374 praemissis
1003 1290 1189 1367 interimus,
1211 1291 1360 1373 Μαίας
1380 1288 1613 1375 cognoscimus

491 1398 677 1484 subjectum
706 1408 738 1464 et
764 1398 992 1483 predicatum,
1018 1408 1052 1491 et
1075 1398 1174 1464 simul
1198 1399 1296 1465 etiam
1326 1398 1517 1472 relationes,
1539 1416 1613 1479 quae

493 1504 577 1573 inter
597 1506 666 1591 ipsa
687 1506 816 1591 vigent,
830 1525 919 1589 ηιμ·
936 1508 1169 1591 cognoscimus
1192 1506 1375 1590 subjectum
1402 1517 1435 1571 et
1459 1504 1615 1588 praedica·

490 1622 579 1690 tum,
608 1613 688 1697 quin
714 1623 826 1680 tamen
853 1631 1094 1699 cognoscamus
1122 1622 1254 1681 mutuas
1282 1632 1396 1680 eorum
1425 1612 1611 1686 relationes,

491 1726 593 1791 trans.

558 1828 596 1895 Et
613 1848 685 1913 neg,
705 1846 841 1913 conseq.
862 1826 915 1918 (r)

910 2184 1109 2270 CAPUT
1139 2184 1190 2269 ll.

618 2376 721 2439 DE
758 2344 1484 2454 DEMONSTRA‘rmNE.

558 2576 905 2666 Argumentationem,
926 2589 1070 2665 spectata
1089 2582 1238 2658 materia,
1255 2584 1403 2648 solemne
1420 2581 1482 2647 tuit
1501 2580 1618 2665 priscis

491 2688 691 2774 philosophis
709 2688 741 2753 in
760 2688 1051 2764 demonstrativam,
1066 2689 1259 2771 probabilem
1281 2708 1340 2756 seu
1362 2688 1558 2755 dialecticam
1581 2700 1618 2753 et
1733 2735 1735 2742 -

489 2796 686 2878 sophisticam
715 2796 876 2862 dividere:
907 2797 1148 2882 argumentatio
1176 2795 1433 2865 demonstrativa
1468 2816 1529 2863 seu
1559 2798 1619 2863 dc·

491 2904 684 2970 monstratio
712 2915 860 2970 versatur
877 2904 961 2970 circa
985 2904 1153 2970 materiam
1173 2913 1295 2970 certam
1318 2925 1356 2971 ac
1380 2904 1614 2980 necessariam,
1733 2906 1735 2971 ζ

490 3011 664 3094 probabilis
683 2998 735 3077 vel
754 3012 919 3078 dialectica
945 3011 1029 3078 circa
1058 3012 1259 3096 probabilem
1287 3024 1319 3080 et
1348 3011 1615 3096 contingentem,

489 3119 664 3202 sophistica
681 3119 815 3185 demum
833 3119 916 3185 circa
933 3118 1040 3194 illam,
1062 3139 1137 3203 quae
1156 3139 1216 3185 nec
1240 3129 1329 3190 certa
1358 3139 1418 3186 nec
1439 3118 1617 3204 probabilis

490 3237 555 3301 est,
577 3225 652 3291 licet
669 3226 742 3292 talis
767 3236 933 3312 appareat.
954 3225 1078 3292 Harum
1101 3229 1424 3312 argumentationum
1447 3228 1616 3312 praecipua

489 3333 725 3400 demonstratio
748 3343 814 3410 est,
835 3335 877 3401 de
896 3353 960 3418 qua
985 3334 1121 3420 proinde
1143 3337 1322 3406 accuratius
1346 3355 1444 3420 agere
1469 3347 1613 3422 oportet,

413 3465 415 3472 ’
490 3449 605 3526 utpote
622 3459 697 3525 quae
716 3459 833 3526 parens
856 3453 908 3508 est
925 3442 1133 3510 scientiarum
1152 3442 1396 3512 fecundissima.
1534 3439 1538 3449 '

874 3725 1176 3802 ARTICULUS
1200 3727 1228 3800 1.

756 3893 883 3970 Quid
906 3893 965 3958 sit
987 3894 1328 3959 demonstratio,

336 4107 422 4165 mna
533 4107 611 4176 234.
659 4089 787 4176 Duplex
806 4089 988 4156 desumitur
1007 4109 1050 4156 ex
1066 4088 1265 4175 Philosopho
1282 4088 1347 4177 (2),
1362 4090 1618 4158 demonstratio-

274 4179 474 4296 “mm''
489 4195 539 4262 nis
571 4179 737 4274 delinitio,
772 4204 805 4263 et
841 4198 1031 4263 communis
1063 4205 1363 4264 commentatorum
1395 4207 1617 4284 veterumque
1733 4268 1735 4283 ,

486 4304 761 4390 Philosophorum
787 4305 912 4372 calculo
939 4306 1184 4390 comprobatur.
1212 4306 1321 4372 Altera
1344 4292 1510 4391 petita'ex
1532 4307 1616 4386 fine,
1733 4332 1735 4335 ·

522 4482 563 4550 (r)
601 4481 689 4540 Plura
707 4481 821 4542 dabunt
834 4481 1011 4555 Tongiorgi‚
1027 4481 1083 4540 loc.
1100 4482 1162 4552 cit.;
1181 4479 1372 4550 Conimbric.‚
1391 4481 1446 4541 loc.
1463 4482 1528 4554 cit.;
1547 4483 1619 4558 Syl-

487 4583 582 4628 vcster
598 4569 710 4640 Mauri,
727 4572 877 4654 Quaestion
891 4572 1021 4641 Patras,
1037 4572 1333 4642 tom.1,quaest.66;
1349 4569 1473 4646 Semery
1489 4575 1616 4633 Tricam.

428 4666 439 4685 ⁸
487 4659 665 4735 philosoph,
679 4660 736 4719 vol.
756 4680 784 4728 1,
800 4660 876 4734 disp.
891 4681 922 4735 7,
935 4672 1040 4732 quaest.
1054 4679 1087 4734 43
1102 4660 1234 4731 Rhodes,
1250 4661 1303 4719 loc.
1318 4679 1384 4734 sup.
1399 4658 1449 4722 cit.

520 4751 564 4817 (a)
601 4747 666 4808 Lib.
682 4760 720 4808 ιθ
733 4750 906 4821 Posterior.,
920 4770 984 4823 cap.
1001 4769 1027 4808 a.
