3492 5525
356 464 496 535 ,unm
522 463 774 546 aventicum
795 479 1004 541 counimus
1067 533 1071 539 .
1105 484 1110 542 5
1153 474 1222 562 7253,-

129 647 294 734 principiis
311 649 445 733 quidem
465 657 593 733 oportet
605 659 765 740 praterea
784 666 971 734 supponere
988 656 1023 714 et
1039 664 1251 734 cognoscere,
1296 721 1305 727 ,
1323 705 1333 728 ,,

129 756 220 841 quod
233 756 317 837 sint;
334 756 488 824 nimitum
501 756 549 828 ssi
563 756 739 850 simplicia,
752 758 844 840 quod
859 758 1019 833 existant,
1029 757 1059 824 si
1067 755 1265 844 comptem„
1330 789 1334 796 -
1351 783 1356 798 ¹
1380 789 1385 798 ·

129 864 220 948 quod
247 883 323 936 vera
351 862 428 932 sint.
449 863 553 930 Arde
582 863 780 949 principiatis
807 863 839 930 id
869 865 1154 943 demonstramus,
1174 881 1253 944 narn

128 969 371 1041 conclusionem
387 990 498 1044 veram
513 990 585 1038 esse
597 972 882 1048 demonstramus,
893 971 1046 1047 ⁴similiter
1058 970 1171 1061 ipsam
1180 987 1267 1054 pase,

128 1078 254 1146 sionem
273 1080 381 1146 inesse
397 1078 682 1158 demonstramus,
705 1098 772 1154 non
790 1088 902 1173 autem
921 1064 1164 1170 supponimus»)
1177 1074 1268 1166 ,(r)·„

195 1189 315 1254 Praeter
328 1187 457 1254 allatam
472 1187 573 1252 modo
587 1185 781 1255 divisionem
798 1185 1029 1271 principiorum
1044 1184 1077 1251 in
1093 1183 1258 1283 simplicia
1328 1199 1383 1245 unu
1401 1203 1421 1246 a

127 1303 160 1359 et
178 1295 367 1379 complexa,
391 1305 440 1364 est
467 1294 550 1370 alia,
565 1313 630 1378 qua
658 1294 814 1386 principia
841 1293 1092 1379 distinguuntur
1107 1293 1146 1366 ‚in
1168 1311 1268 1390 com·
1284 1275 1411 1389 ””’”ξί’“

125 1402 236 1474 munia
251 1413 284 1470 et
292 1403 436 1486 propria.
452 1399 650 1472 Communia
669 1411 747 1476 sunt
766 1403 818 1468 illa
829 1420 930 1485 ,uuae
945 1401 1093 1486 pluribus
1106 1399 1263 1479 scientiis,

125 1509 289 1585 serviunt,
309 1509 437 1594 propria
455 1527 533 1578 vero
550 1509 621 1585 illa,
641 1527 716 1594 quae
741 1510 964 1595 singularibus
988 1508 1131 1598 scientiis
1148 1525 1269 1593 pesu-¹

126 1616 214 1682 liaria
235 1625 325 1686 sunt.
355 1617 388 1687 Si
417 1625 528 1684 autem
555 1635 699 1701 quaeras,
732 1617 902 1702 quomodo
930 1616 1073 1691 scientiae
1100 1616 1270 1693 diversa„

124 1743 201 1793 curn
227 1726 364 1810 singulae
383 1744 443 1816 pro
466 1743 526 1790 sua
544 1736 664 1796 natura
686 1733 720 1790 et
743 1725 1080 1809 diversisprocedere
1095 1709 1270 1800 debeant,-..
1331 1795 1336 1805 ,

124 1833 359 1900 communibus
386 1833 432 1902 uti
463 1842 602 1916 possunt
629 1833 809 1918 principiis,
832 1855 848 1897 n
859 1833 1075 1917 respondetur
1102 1849 1169 1926 non
1199 1833 1267 1908 uti..

124 1938 274 2006 scientias
292 1939 343 2007 his
360 1940 612 2017 communibus,
633 1949 669 2006 ut
686 1941 878 2014 communia
896 1948 992 2016 sunt,
1011 1940 1069 2014 sed,
1084 1956 1254 2034 ‚unaquaeg
1262 1987 1267 1999 .

124 2066 191 2132 que
208 2047 342 2115 scientia
360 2056 394 2113 et
409 2047 647 2116 demonstratio
672 2067 708 2118 ea
737 2048 854 2122 limitat
877 2049 917 2121 ad
945 2027 1050 2124 suain
1064 2046 1267 2123 materiam„

124 2155 166 2220 ad
184 2172 285 2240 quam
310 2155 357 2222 eis
384 2156 532 2240 indiget»
557 2153 621 2243 (2).
640 2155 694 2222 Sic
705 2155 925 2248 ,principium
925 2155 1022 2223 illud:
1037 2155 1076 2231 Si
1091 2154 1132 2220 ab
1142 2173 1263 2250 πηνα.

123 2262 206 2328 libras
225 2263 360 2346 aqualia
382 2263 818 2354 damascenorum
840 2263 1028 2347 quodtum
1053 2260 1262 2340 Geometriae

124 2380 196 2436 turn
216 2367 437 2437 Arithmeticae
454 2389 633 2438 commune
652 2380 719 2448 est,
735 2371 788 2438 illa
804 2372 971 2438 contrabit
989 2370 1030 2446 ad
1045 2369 1259 2455 magnitude

125 2496 199 2554 nes,
220 2477 291 2547 haec
309 2477 350 2548 ad
369 2496 538 2545 numeros.
863 2545 866 2551 ,

194 2585 278 2652 Cum
298 2587 357 2652 hac
375 2585 534 2652 divisione
549 2508 700 2660 coincidlt
714 2587 830 2658 divisio
856 2543 1108 2671 principiorum
1105 2584 1146 2660 in
1157 2585 1248 2652 axio
1310 2643 1390 2671 ,Μ
1418 2659 1422 2665 .
1446 2643 1465 2667 „

122 2697 209 2760 rnatu
228 2705 259 2758 et
273 2693 452 2777 positiones,
473 2693 513 2760 de
533 2713 598 2779 qua
614 2713 693 2765 mox
707 2694 844 2762 dicetur
925 2731 929 2766 :
1249 2752 1266 2767 .

189 2800 298 2867 Tertio
317 2800 506 2869 dividuntur
525 2804 679 2887 principia
697 2803 730 2869 in
749 2800 1040 2869 mdcmonslrabzlta
1051 2801 1269 2883 simplicetur
1278 2816 1353 2862 uam
1318 2832 1384 2863 ιω..
1386 2829 1443 2864 uta-

124 2918 156 2975 et
174 2908 463 2975 indemonstrabilia
480 2912 651 2977 secundum
668 2910 756 2995 pull.
778 2908 1079 2977 indemonstrabilia
1092 2908 1247 2992 simplici-
1260 2883 1346 3005 ””ζ,ζ’
1338 2888 1435 3006 Ῥἑᾩ
1416 2898 1462 2941 ””·

123 3028 173 3083 ter
190 3027 269 3085 sunt
286 3036 341 3093 ea,
361 3034 436 3098 quae
453 3035 529 3083 curn
549 3018 657 3086 medio
675 3026 823 3094 careant,
844 3016 1061 3083 demonstrari
1078 3024 1250 3108 nequeunt
1328 3033 1390 3089 qud

123 3146 142 3190 a
172 3124 278 3210 priori,
307 3123 446 3208 ideoque
478 3124 584 3193 vocari
613 3126 710 3191 etiarn
740 3127 847 3206 solent
874 3125 1072 3213 immadem·
1095 3124 1270 3208 ‘luamus‘

123 3233 202 3299 nihil
229 3239 317 3299 vetat
344 3232 525 3316 quominus
550 3233 776 3301 demonstrari,
796 3242 919 3317 queant
950 3253 968 3299 a
998 3232 1269 3323 posteriorivels

123 3341 221 3407 etiam
241 3339 520 3408 demonstratione
539 3341 710 3417 indirecta,
730 3340 764 3407 id
788 3341 876 3415 enirn
901 3358 967 3407 non
991 3340 1129 3410 destruit
1153 3340 1273 3413 ratio„

123 3466 200 3513 nem
231 3446 460 3531 propositionis
486 3447 683 3515 immediatae
711 3468 751 3515 ac¹
774 3448 920 3533 principii
945 3447 1136 3532 simpliciter
1158 3446 1277 3539 ἰηάαχ

122 3552 356 3621 monstrabilis.
378 3554 677 3621 indemonstrabilia
697 3556 880 3622 secundum
894 3555 974 3638 quid
990 3563 1072 3633 sunt
1088 3554 1152 3647 ills,
1173 3572 1269 3637 (μιν.

121 3661 338 3729 demonstrari
353 3660 485 3745 quidem
506 3674 656 3746 possunt,
677 3672 711 3734 et
729 3664 829 3730 etiarn
840 3664 1107 3735 demonstrantur
1118 3682 1137 3734 a
1150 3662 1247 3746 priori

121 3770 155 3835 in
171 3768 392 3851 aliascientia3
408 3769 510 3835 inilia
528 3790 619 3845 vero,
637 3769 671 3841 in
689 3788 755 3854 qua
768 3779 997 3843 assumuntur
998 3790 1061 3859 pro
1071 3768 1246 3861 principiis,
1238 3820 1275 3863 .,.

122 3886 292 3961 nequeunt
309 3878 537 3976 demonstrari,
558 3878 617 3944 sed
636 3891 868 3969 supponuntur
887 3888 924 3944 ut
951 3896 1042 3968 vera3
1068 3877 1144 3946 talia
1170 3887 1248 3944 sunt

121 3986 278 4072 principia
296 3968 503 4081 scientiarum
523 3984 798 4064 subalternarum,
805 3996 857 4057 ut
875 4004 937 4056 suo
956 3981 1028 4054 lo'co
1045 3984 1217 4096 dicetur(3
1220 3982 1247 4073 )·,

121 4103 155 4160 et
175 4090 351 4179 praemissae
371 4094 584 4177 plurimarum
611 4072 950 4175 demonstrationum,
971 4114 1046 4181 quae
1060 4087 1160 4191 saepe
1170 4098 1249 4199 sunt

120 4198 349 4269 conclusiones
367 4200 468 4267 alibi
460 4220 492 4267 tn
512 4211 718 4269 antecessum
738 4203 984 4327 demonstratae.

157 4489 201 4562 (r)
236 4487 340 4557 Tulct„
357 4487 398 4547 ib
413 4507 486 4547 n..2

157 4584 201 4647 (a)
235 4578 341 4649 Tolet„
357 4577 396 4637 ib.
414 4598 444 4637 n.
462 4600 493 4651 9.
622 4630 624 4637 .
1259 4618 1276 4639 ,.

157 4672 201 4742 (9)
236 4666 368 4727 VideS.
391 4666 460 4737 Th,
484 4685 564 4727 cum
574 4666 706 4735 Ariston,
731 4667 782 4729 lib.
810 4690 841 4729 ι
839 4670 1052 4815 ‘Posterion
1064 4670 1277 4744 analyticor.,2

120 4754 366 4832 lect..19,lultio,
389 4769 419 4817 et
438 4756 553 4831 tene,
573 4776 687 4833 paragr.
707 4778 733 4829 e,
754 4758 859 4821 fin

1165 4864 1205 4943 48
