3492 5525
580 481 637 547 372
779 464 904 529 Loctca
922 430 1174 528 Minos-Dian.
1191 477 1235 547 3.·
1248 465 1328 530 Cae.
1344 481 1417 548 «μ’»

538 649 822 734 argumentatione
836 646 994 715 contineri
1009 649 1188 725 elementa,
1203 667 1246 714 ex
1261 647 1382 731 quibus
1399 648 1500 714 series
1512 619 1657 731 plurium

538 755 806 842 syllogismorum
825 755 940 823 conlici
955 763 1076 840 potest.
1091 754 1124 822 Si
1145 754 1286 822 enimin
1305 756 1412 840 primo
1435 756 1590 838 exemplo
1607 773 1661 821 se·

538 863 678 929 tundam
710 862 968 948 propositionem
998 864 1070 930 loco
1106 863 1237 949 Majoris
1262 863 1416 947 accipias,
1450 861 1659 947 primamque

538 971 609 1036 loco
629 970 762 1038 Minoris
788 989 910 1055 ponas,
935 979 968 1036 et
991 971 1243 1038 convenientem
1271 970 1390 1037 exinde
1413 969 1658 1036 conclusionem

537 1077 661 1154 elicias,
683 1077 816 1145 habebis
834 1080 923 1144 bunc
944 1081 1071 1163 justum
1100 1078 1331 1165 syllogismum
1355 1077 1389 1144 in
1412 1077 1519 1161 prima
1537 1075 1658 1160 figura:

538 1183 650 1250 Omnis
666 1186 839 1251 substantia
857 1184 1030 1268 intelligens
1041 1185 1217 1268 spirituale
1232 1188 1290 1252 est.
1315 1184 1379 1250 Sed
1399 1184 1507 1249 anima
1525 1183 1663 1248 bumana

537 1295 584 1356 est
599 1292 772 1358 ntbstantia
792 1292 979 1376 intelligens.
999 1293 1084 1376 Ergo
1098 1288 1207 1358 animo
1223 1292 1399 1374 spiritualis
1416 1295 1472 1358 est.

602 1399 697 1466 Nunc
723 1417 856 1468 assume
885 1417 945 1484 pro
973 1399 1086 1485 Majori
1104 1400 1234 1471 tertiam
1257 1398 1366 1466 soritis
1388 1397 1659 1484 propositionem,
1684 1379 1691 1389 ’

536 1507 619 1572 adde
648 1507 720 1572 loco
739 1505 871 1575 Minoris
891 1507 1129 1590 praecedentem
1156 1507 1420 1583 conclusionem,
1446 1518 1479 1573 et
1496 1507 1525 1572 si
1543 1524 1584 1570 ex
1610 1507 1663 1571 his

418 1657 419 1662 κ
536 1614 664 1680 duabus
690 1613 866 1700 praemissis
893 1614 1011 1679 iterum
1030 1615 1222 1689 concludas,
1253 1615 1340 1688 hunc
1373 1631 1498 1680 novum
1526 1613 1661 1697 syllogi-

536 1739 647 1787 smum
672 1721 705 1787 in
722 1721 826 1805 prima
845 1720 951 1806 figura
968 1719 1131 1786 conficies:
1158 1720 1271 1787 Omnis
1292 1720 1466 1787 substantie
1485 1719 1664 1801 spiritualis

536 1831 584 1896 est
599 1829 794 1896 immortalis.
814 1826 1006 1895 Sed-anima
1025 1829 1161 1894 bumana
1178 1831 1228 1894 est
1246 1828 1433 1910 spiritttalis.
1458 1825 1537 1910 Ergo
1551 1825 1664 1892 anima

537 1937 672 2002 bumana
689 1939 738 2001 esl
752 1936 948 2002 imntortaiis.

603 2042 705 2110 Simili
720 2043 820 2110 modo
839 2045 927 2110 bunc
941 2041 1041 2108 alium
1052 2042 1282 2129 syllogismum
1297 2041 1463 2109 conflabis:
1479 2040 1664 2108 Substantia

538 2150 721 2218 immortalis
730 2149 963 2236 eternumselr'x
970 2150 1228 2235 velinselt'x-erit.
1243 2151 1344 2234 Atqui
1354 2150 1461 2216 anima
1473 2148 1610 2213 bumana
1619 2154 1669 2213 est

537 2257 733 2324 immortalis.
752 2258 830 2342 Ergo
845 2259 954 2323 anima
977 2257 1113 2323 bumana
1127 2263 1278 2323 aeternum
1292 2257 1443 2341 selr'oroel
1457 2255 1571 2341 inscitie
1585 2255 1661 2321 erit.
1733 2270 1735 2274 “

604 2365 642 2430 Et
660 2364 816 2450 quoniam
836 2363 923 2429 idem
938 2363 1009 2429 fieri
1030 2372 1138 2447 potest
1156 2363 1262 2430 inalio
1276 2382 1488 2448 quocumque
1506 2363 1665 2446 exemplo

534 2473 607 2559 jure
623 2474 740 2539 merito
758 2473 946 2539 concludes:
1733 2554 1735 2561 Ι

605 2577 639 2668 α)
657 2579 802 2664 Omnem
823 2578 963 2645 Soritem
982 2577 1173 2662 implicitam
1197 2578 1470 2666 syllogismorum
1485 2577 1609 2642 seriem
1630 2577 1663 2641 in
1733 2598 1735 2673 ς

538 2705 573 2754 se
605 2688 788 2765 continere,
822 2699 923 2772 atque
953 2687 1036 2752 adeo
1063 2687 1105 2752 ad
1131 2687 1365 2775 syllogismum
1398 2686 1512 2771 primae
1546 2685 1666 2770 figurae
1733 2676 1735 2746 ζ

538 2794 681 2863 revocari
702 2814 811 2881 posse.
832 2800 839 2813 '
1387 2846 1394 2859 .

604 2900 640 2991 β)
650 2902 834 2971 Secundam
849 2902 957 2969 soritis
968 2902 1226 2986 propositionem
1243 2918 1316 2967 esse
1331 2902 1500 2986 Majorem,
1520 2897 1666 2984 primam

537 3021 662 3089 autem,
684 3010 844 3078 Minorem
857 3008 955 3094 primi
973 3008 1173 3096 syllogismi,
1194 3017 1228 3073 et
1237 3008 1387 3074 ultimam
1402 3006 1665 3093 propositionem
1733 3014 1735 3019 ’

536 3138 609 3185 esse
628 3118 873 3211 conclusionem
895 3116 1003 3183 ultimi
1031 3112 1231 3203 syllogismi,
1262 3115 1403 3199 reliquas
1428 3114 1565 3181 demum
1587 3133 1667 3180 esse

537 3226 676 3311 Majores
685 3226 956 3293 intermediorum
968 3224 1260 3311 syllogismorum,
1274 3223 1330 3307 qui
1342 3242 1384 3288 ex
1393 3221 1500 3289 Sorite
1516 3221 1668 3288 conficici

537 3343 691 3420 possunt.
1099 3394 1103 3401 .

603 3440 639 3533 y)
653 3442 688 3507 ln
706 3442 804 3508 sorite
824 3439 960 3527 proinde
981 3437 1102 3505 reticeri
1121 3455 1240 3505 omnes
1259 3436 1403 3504 minores
1421 3434 1667 3521 propositiones

538 3550 727 3636 hujusmodi
756 3548 1040 3637 syllogismorum,
1061 3555 1198 3631 excepta
1214 3546 1337 3629 prima,
1366 3545 1513 3628 itemque
1530 3546 1668 3611 conclu·

539 3658 649 3725 siones
667 3676 802 3733 omnes,
823 3664 959 3741 excepta
978 3663 1156 3740 postrema.

605 3762 637 3853 δ)
656 3766 785 3831 Omnes
808 3763 967 3833 terminos
987 3762 1112 3839 soritis,
1132 3770 1271 3845 excepto
1289 3760 1439 3846 subjecto
1460 3759 1573 3844 primae
1592 3778 1670 3843 pro

538 3873 727 3960 positionis,
757 3882 790 3939 et
809 3872 999 3957 penultimae
1019 3868 1212 3954 praedicato,
1232 3886 1305 3935 esse
1323 3866 1508 3953 successive
1534 3866 1670 3934 medios

537 3980 696 4049 terminos
714 3982 907 4047 eorumdem
927 3978 1211 4066 syllogismorum.

604 4086 633 4176 e)
653 4088 799 4172 Denique
817 4087 948 4171 plenam
966 4084 1075 4152 soritis
1094 4082 1326 4151 resolutionem
1346 4080 1513 4149 continere
1525 4090 1576 4150 tot
1595 4088 1670 4173 syl-

538 4196 713 4281 logismos,
730 4205 820 4278 'quot
839 4202 919 4260 sunt
941 4193 1027 4259 illius
1045 4190 1323 4277 proptositiones,
1350 4190 1494 4275 demptis
1519 4191 1665 4261 duabus.

606 4303 690 4380 Quae
708 4321 785 4368 cum
804 4301 849 4368 ita
867 4302 950 4377 sint,
965 4302 1059 4385 plane
1072 4300 1166 4367 uides
1179 4298 1256 4365 nihil
1266 4298 1439 4366 absurdius
1455 4297 1517 4364 dici
1536 4303 1671 4382 potuis·

538 4428 573 4478 se
591 4432 610 4477 a
628 4408 772 4496 Tracyo,
801 4428 877 4475 cum
903 4406 1032 4492 scripsit
1050 4404 1119 4495 (r),
1140 4406 1272 4473 soritem
1301 4423 1375 4472 esse
1393 4405 1591 4490 primitivam
1617 4428 1673 4474 ar-

504 4542 506 4547 ’
538 4516 797 4606 gumentatidnis
815 4518 975 4593 sormam,
995 4515 1150 4600 adquam
1169 4514 1300 4598 retiquae
1318 4532 1454 4590 omnes,
1474 4511 1548 4599 ipso
1561 4514 1669 4582 etiam

541 4690 807 4709 μ

572 4756 614 4821 (ι)
649 4752 780 4829 Ideolog.
799 4760 874 4822 part.
889 4766 921 4821 3,
935 4746 1041 4824 Logic.
1057 4759 1128 4805 tom.
1145 4766 1168 4817 ι,
1184 4765 1246 4820 cap.
1265 4757 1318 4804 ret
1329 4744 1358 4805 8.
