3492 5525
549 446 611 530 '7²⁸
672 447 796 511 Locren
810 447 1040 521 Maron-Lm.
1058 462 1129 523 231⁸,
1145 447 1235 511 Drse.
1253 459 1295 511 r.·
1308 446 1388 510 Car.
1403 460 1477 527 4⁰¹⁰

508 631 606 696 teles:
629 629 814 696 Universale
824 633 885 694 out
894 629 976 695 nibil
986 633 1048 704 est,
1063 632 1123 695 aut
1132 629 1287 711 posteritas
1304 624 1370 715 (r),
1386 627 1419 693 id
1435 635 1504 702 est,
1518 628 1638 712 singu-

509 737 639 803 laribus:
661 735 697 824 β)
715 739 812 803 relate
832 737 872 802 ad
894 737 1147 821 perfectionem,
1177 737 1294 802 saltem
1320 733 1534 811 intensivum,
1554 736 1637 817 quia

508 844 682 930 singularia
700 843 821 928 aliquid
841 845 982 928 amplius
1001 843 1134 919 habent,
1155 863 1256 927 quam
1281 851 1397 924 natura
1422 843 1631 908 universalis.

457 1021 459 1026 ,
509 951 680 1018 Extensive
697 961 808 1017 tamen
828 952 1020 1018 universalia
1035 950 1223 1035 perfectiora
1243 959 1322 1016 sunt
1341 947 1579 1035 singularibus:
1597 947 1635 1040 γ)

508 1059 617 1142 quoad
635 1057 856 1144 cognitionem
876 1060 992 1126 saltem
1012 1057 1192 1145 generatim
1207 1059 1405 1143 inspectam,
1425 1056 1501 1140 quia
1515 1057 1635 1140 cogni-

508 1166 554 1231 tio
573 1167 741 1232 inchoatur
758 1186 776 1230 a
795 1166 961 1242 sensibus,
983 1167 1125 1251 quinon
1148 1165 1328 1252 percipiunt
1349 1165 1551 1239 universale,
1572 1165 1633 1228 sed

509 1273 672 1358 singulare
690 1274 874 1340 dumtaxat.
895 1273 982 1351 Quid
1001 1282 1111 1339 autem
1127 1273 1232 1358 primo
1250 1281 1283 1338 et
1300 1272 1422 1338 directe
1440 1273 1630 1337 intellectus

508 1379 743 1464 apprehendat,
765 1379 999 1447 universalene·
1018 1399 1058 1445 an
1077 1381 1258 1465 singulare,
1287 1398 1355 1445 non
1373 1387 1424 1444 est
1442 1379 1542 1462 hujus
1568 1378 1634 1443 loci

508 1487 694 1553 decernere.

372 1621 414 1667 aa:
553 1601 604 1678 4.⁰
649 1600 856 1665 universale
868 1600 994 1662 dicitur
1012 1599 1254 1672 immateriale,
1274 1591 1503 1678 ingenerabile
1526 1601 1560 1658 et
1578 1600 1636 1659 in-

294 1683 494 1808 ”Ῐῃ;ζ“ῃᾛζζ;ζ“’
506 1708 737 1786 corruptibile,
759 1709 791 1767 et
808 1724 888 1782 esse
905 1708 1031 1786 ubique
1044 1711 1077 1766 et
1091 1725 1240 1787 semper.
1257 1701 1312 1768 Est
1326 1701 1554 1776 immateriale,
1577 1704 1633 1767 vel

309 1826 479 1880 incorruptibile:
508 1809 584 1894 quia
603 1828 669 1876 non
688 1808 821 1876 includit
844 1811 1014 1875 materiam
1034 1809 1196 1895 signatam
1221 1827 1279 1875 seu
1298 1809 1548 1885 individualem,
1575 1812 1633 1874 vel

506 1917 583 2001 quia
599 1925 846 2001 repraesentatur
861 1917 893 1982 in
908 1916 1016 2001 specie
1031 1917 1247 1994 immateriali,
1260 1925 1294 1982 et
1312 1917 1410 1982 habet
1427 1919 1536 1982 solum
1554 1937 1635 1984 esse

506 2023 718 2090 immateriale
742 2025 774 2092 in
794 2025 972 2092 intellectu.
993 2025 1048 2090 Est
1071 2024 1290 2109 ingenerabile
1309 2036 1342 2091 et
1370 2025 1631 2109 incorruptibile,
1725 2054 1727 2068 ·

506 2134 557 2198 vel
576 2132 651 2215 quia
670 2130 854 2216 praescindit
872 2139 992 2197 astatu
1008 2131 1207 2209 existentiae,
1224 2131 1432 2216 generatione
1447 2141 1503 2198 aut
1516 2151 1636 2198 corru-

438 2255 445 2270 ·
506 2240 629 2325 ptione,
650 2239 700 2304 vel
719 2239 797 2322 quia
824 2257 882 2304 nec
900 2241 1074 2324 gerleratur
1095 2257 1154 2304 nec
1181 2238 1401 2323 corrumpitur
1427 2257 1546 2323 perse
1572 2255 1637 2307 aut

507 2349 630 2414 ratione
648 2347 711 2422 sui,
732 2347 790 2413 sed
817 2347 925 2413 solum
955 2365 1013 2431 per
1031 2346 1178 2411 accidens
1203 2319 1263 2412 seir
1294 2347 1418 2412 ratione
1445 2346 1638 2412 individuo

506 2473 579 2520 rum
603 2451 668 2542 (2).
689 2454 766 2520 Esse
790 2453 931 2519 enimin
951 2473 1059 2520 rerum
1079 2462 1211 2530 natura,
1236 2453 1370 2539 produci
1397 2462 1431 2518 et
1447 2455 1634 2539 cormmpi‚

506 2563 673 2646 proprium
689 2570 738 2629 est
747 2560 1004 2636 individuorum,
1023 2561 1108 2626 sicut
1117 2561 1187 2645 ipsa
1201 2561 1299 2626 etiam
1319 2561 1516 2645 experientia
1530 2571 1639 2628 testa-

506 2678 571 2735 tur.
593 2669 648 2736 Est
661 2669 783 2754 ubique
798 2676 830 2734 et
846 2687 993 2753 semper,
1010 2687 1077 2734 non
1092 2667 1226 2751 quidem
1242 2667 1398 2753 positive,
1417 2669 1495 2751 quia
1507 2679 1637 2736 aeterna

507 2776 679 2843 existentia
697 2785 730 2841 et
748 2774 919 2862 praesentia
937 2775 969 2842 in
998 2777 1088 2843 omni
1107 2779 1178 2842 loco
1197 2776 1258 2841 soli
1278 2775 1347 2842 Deo
1373 2777 1547 2861 competit,
1570 2780 1635 2843 sed

509 2884 671 2970 negative,
691 2884 767 2967 quia
786 2883 903 2951 saltem
929 2884 1122 2968 plerumque
1149 2882 1308 2949 abstrahit
1334 2904 1354 2949 a
1376 2883 1636 2952 circumstantiis

507 2992 665 3077 temporis
684 3000 716 3056 et
740 2992 800 3057 loci
818 2988 884 3079 (3).
905 2990 978 3057 Dixi
991 2993 1114 3057 satam
1129 2994 1326 3076 plemmpue,
1354 2992 1429 3074 quia
1453 3011 1520 3059 non
1540 2993 1637 3059 vide-

507 3114 561 3167 tur
591 3118 773 3185 repugnare
806 3098 987 3165 universale
1023 3097 1186 3164 efformari
1221 3098 1404 3165 restrictum
1434 3100 1478 3167 ad
1496 3100 1633 3184 aliquod

457 3264 463 3275 .
508 3216 641 3292 tempus
660 3208 709 3273 vel
730 3207 857 3283 locum,
878 3215 915 3272 ut
928 3207 1028 3272 Homo
1044 3209 1138 3272 nates
1155 3226 1240 3273 anno
1261 3206 1362 3285 1800,
1383 3208 1483 3273 Homo
1494 3208 1635 3275 exuens

508 3316 542 3380 in
557 3315 633 3380 urbe
646 3313 782 3380 Matriti.

376 3466 414 3513 μ
554 3422 607 3491 5.⁰
653 3428 810 3506 Denique
828 3427 1026 3489 universale
1049 3434 1084 3488 et
1106 3427 1341 3505 praedicabile,
1361 3422 1450 3505 quia,
1470 3424 1560 3506 quod
1578 3436 1634 3490 est

304 3529 465 3613 latitabit
510 3538 624 3615 aptum
644 3529 749 3595 inesse
769 3529 933 3613 pluribus,
954 3528 1068 3614 nequit
1087 3547 1154 3594 non
1173 3548 1246 3596 esse
1264 3537 1376 3613 aptum
1402 3530 1563 3614 praedicari
1587 3534 1635 3597 de

337 3602 455 3647 dmum*
510 3637 625 3704 iisdem
646 3654 703 3722 per
720 3636 922 3703 identitatem
941 3634 1005 3724 (4).
1026 3636 1074 3700 De
1093 3635 1365 3721 ltacproprietate
1383 3636 1455 3703 susc
1477 3644 1510 3701 et
1526 3637 1636 3704 subti-

510 3746 583 3810 liter
613 3764 632 3808 a
666 3742 812 3828 pluribus
844 3744 1047 3827 disputatum
1081 3751 1150 3819 est,
1182 3752 1294 3809 utrum
1327 3744 1508 3810 universale
1534 3763 1633 3810 suam

511 3850 786 3919 universalitatem
807 3851 959 3927 retineat,
976 3870 1052 3915 cum
1068 3858 1141 3917 actu
1156 3851 1346 3935 praedicatur
1359 3851 1400 3916 de
1413 3850 1633 3919 inferioribus.

509 3958 618 4036 Quam
650 3960 921 4035 controversiam,
956 3976 1015 4024 nec
1050 3977 1163 4044 parum
1197 3958 1414 4035 salebrosam,
1448 3976 1508 4024 nec
1536 3960 1635 4025 valde

512 4186 777 4201 *-

544 4284 586 4348 (ι)
622 4278 724 4351 Arist„
741 4277 805 4337 Lib.
824 4284 860 4337 1.⁸
874 4280 910 4336 de
923 4278 1044 4349 Animo,
1059 4290 1129 4338 text.
1142 4279 1171 4337 8.
1188 4278 1251 4339 cir.
1267 4278 1336 4339 ibid.
1352 4278 1385 4338 S.
1401 4280 1519 4351 Thom,
1535 4282 1592 4341 lect
1609 4304 1635 4349 1,

509 4372 685 4527 pa(raalngcir.
698 4456 731 4515 S.
747 4456 865 4526 thom,
881 4456 916 4513 de
935 4457 1037 4523 Verri..
1055 4469 1160 4529 queat.
1179 4478 1204 4527 r,
1218 4470 1275 4516 art.
1293 4475 1319 4531 5,
1334 4459 1370 4517 ad
1389 4469 1465 4531 15.¹·

543 4554 584 4621 (3)
620 4546 696 4606 Vide
707 4545 738 4605 S.
755 4546 872 4614 Thom„
893 4568 916 4604 ι.
932 4567 961 4619 p,
977 4566 1007 4619 q.
1023 4548 1067 4616 16,
1080 4560 1135 4605 art.
1151 4568 1177 4621 7,
1188 4547 1224 4606 ad
1243 4558 1304 4605 a.¹¹

542 4636 584 4711 (4)
620 4636 696 4695 Vide
719 4636 850 4695 Barthol.
875 4636 985 4707 Amici,
1013 4636 1132 4712 Logia,
1157 4650 1228 4695 trac.
1248 4655 1278 4709 4,
1303 4652 1409 4709 quaeat.
1431 4660 1466 4712 93
1489 4638 1637 4707 Lossada,

506 4728 624 4804 Logia,
640 4738 722 4785 tract.
739 4744 771 4796 a,
787 4724 863 4797 disp.
880 4745 913 4795 a,
929 4746 992 4798 cap.
1008 4746 1041 4799 9,
1057 4745 1087 4783 n.
1104 4744 1218 4799 pseqq.
