3492 5525
546 466 607 532 802
670 467 793 535 locres
808 460 1038 560 blason—Luta.
1056 459 1227 532 auore.
1244 475 1289 528 a·
1303 419 1381 529 Cre.
1398 479 1469 546 ψ
1558 465 1564 485 ’

578 653 638 720 ΑΙίἰ
657 671 735 720 vero
753 670 949 720 econverso
972 649 1171 725 existimant,
1189 648 1380 715 communia
1398 647 1452 714 illa
1471 646 1632 731 principia

509 779 567 828 seu
591 760 765 846 dignitates
794 778 860 826 non
888 777 984 845 egere
1003 757 1130 844 propria
1148 756 1336 824 inductione
1362 755 1579 840 singularium
1599 764 1633 819 et

509 867 747 953 experimento,
761 868 832 946 sed,
845 865 1014 962 supposita
1024 883 1181 932 sensuum
1196 863 1466 949 apprehensione,
1481 861 1634 929 sufficere

510 977 621 1042 lumen
637 975 831 1052 intellectus,
847 983 884 1040 ut
895 972 994 1051 illico,
1011 970 1178 1039 abstractis
1191 971 1364 1056 speciebus
1377 968 1634 1054 intelligibilibus

508 1083 738 1159 terminorum,
754 1083 949 1148 assentiatur
963 1079 1150 1166 huiusmodi
1167 1077 1341 1163 principiis.
1358 1078 1402 1143 lta
1415 1078 1552 1143 Toletus
1565 1073 1631 1163 (r),

510 1189 565 1272 qui
580 1208 640 1274 pro
658 1209 693 1256 se
711 1189 788 1256 citat
801 1190 885 1255 inter
903 1189 1056 1272 antiquos
1069 1188 1255 1265 Albertum,
1272 1185 1442 1272 AEgidium
1458 1192 1492 1248 et
1506 1182 1634 1250 Lincol

510 1295 672 1365 niensem.

298 1435 410 1484 narrum
424 1431 494 1480 neu.
576 1405 682 1473 Placet
699 1404 956 1472 controversiam
976 1405 1059 1469 hanc
1076 1402 1227 1477 dirimere
1244 1419 1320 1466 cum
1341 1399 1466 1468 Eximio
1480 1399 1631 1474 Doctore,

509 1513 602 1597 cujus
620 1513 782 1579 sententia
803 1511 883 1578 mihi
901 1511 996 1577 valde
1022 1509 1219 1576 rationabilis
1238 1508 1377 1574 videtur.
1399 1507 1517 1574 «Side
1535 1527 1634 1591 expe·
1715 1586 1716 1593 ἵ

511 1620 623 1687 rientia
650 1619 776 1705 proprie
794 1619 880 1686 dicta
897 1618 940 1684 sit
958 1636 1079 1694 senno,
1109 1617 1227 1701 inquit,
1258 1615 1335 1681 milri
1365 1615 1494 1682 videtur
1519 1616 1636 1682 distin·
1715 1604 1717 1687 Ῐ

510 1727 617 1794 ctione
643 1726 817 1802 utendum,
850 1742 919 1792 tam
950 1726 984 1792 in
1011 1724 1175 1810 principiis
1208 1724 1299 1807 ipsis,
1330 1741 1429 1806 quam
1462 1723 1495 1788 in
1532 1723 1633 1788 modo
1715 1779 1717 1794 ,

510 1833 695 1919 acquirendi
714 1831 896 1899 scientiam.
913 1831 998 1919 Dixi,
1014 1831 1045 1897 si
1060 1833 1099 1896 de
1116 1830 1308 1913 experientia
1321 1830 1456 1912 proprie
1469 1831 1515 1896 sit
1523 1849 1638 1905 sermo,
1715 1822 1717 1829 ’

509 1939 631 2025 quiesi
650 1940 830 2027 generatim
851 1949 966 2025 agatur
983 1940 1024 2005 de
1043 1953 1253 2022 quacumque
1280 1937 1423 2003 sensibili
1446 1937 1635 2022 cognitione
1715 1942 1717 1961 “

511 2049 689 2114 necessaria
707 2049 748 2115 ad
773 2047 988 2116 terminorum
1009 2045 1300 2130 apprehensionem
1318 2053 1352 2109 et
1370 2043 1633 2130 intelligentiam,
1715 2030 1717 2107 i

509 2157 631 2222 clarum
652 2165 714 2235 est,
736 2156 818 2221 hanc
837 2173 911 2221 esse
929 2152 1142 2220 necessariam
1162 2153 1203 2219 ad
1221 2151 1443 2238 cognitionem
1463 2152 1636 2238 principio-

511 2281 598 2341 rum,
618 2263 695 2346 quia
713 2262 822 2329 omnis
842 2270 953 2328 nostra
970 2259 1147 2346 cognitioa
1167 2277 1267 2326 sensu
1290 2259 1414 2343 incipit3
1435 2261 1504 2326 haec
1521 2269 1634 2325 autern
1715 2272 1717 2321 ε

511 2378 653 2438 nonest
682 2370 813 2455 proprie
842 2368 1052 2453 experientia,
1073 2387 1160 2452 quae,
1183 2376 1221 2433 ut
1244 2386 1285 2433 ex
1309 2366 1403 2434 dictis
1431 2376 1572 2442 constat,
1604 2369 1634 2433 in
1715 2442 1717 2455 Ι

507 2478 628 2565 judicio
646 2496 703 2544 seu
724 2478 836 2543 habitu
851 2477 1030 2563 judicativo
1054 2475 1215 2558 consistit;
1235 2484 1268 2540 et
1291 2475 1333 2541 de
1356 2477 1416 2541 hac
1442 2475 1513 2541 sine
1533 2475 1636 2540 dubio
1715 2520 1717 2553 r

512 2585 640 2652 locutus
658 2595 707 2652 est
727 2583 954 2670 Aristoteles.»
1715 2569 1717 2586 '

579 2691 652 2758 «De
671 2692 731 2759 hac
750 2710 829 2777 ergo
847 2693 1030 2776 loquendo,
1050 2689 1257 2777 distinctione
1274 2691 1436 2757 utendum
1456 2699 1524 2768 est,
1548 2691 1637 2776 prin-

511 2799 594 2886 cipia
607 2800 695 2868 enim
711 2818 776 2867 non
796 2800 907 2866 omnia
924 2800 1059 2883 aequalia
1073 2808 1164 2867 sunt.
1181 2798 1236 2882 Est
1250 2799 1337 2865 enirn
1352 2798 1386 2865 in
1402 2798 1515 2885 primis
1528 2816 1635 2865 unum

512 2909 563 2976 vel
576 2910 713 2976 alterum
728 2907 1012 2993 generalissimum
1027 2914 1060 2973 et
1075 2906 1304 2982 notissimum,
1320 2906 1452 2973 scilicet:
1470 2906 1640 2988 Quodlibet

511 3018 572 3092 cst,
588 3018 714 3082 acinon
733 3020 795 3081 esi:
814 3014 1002 3097 Impossibile
1019 3018 1068 3081 cst
1082 3014 1164 3079 ritem
1181 3014 1357 3079 simulasse
1374 3018 1485 3078 elnon
1501 3032 1578 3079 esse.
1600 3014 1636 3077 Et

512 3125 553 3189 ad
580 3124 649 3189 haec
677 3124 907 3207 cognoscenda
932 3124 1022 3188 nulla
1041 3120 1212 3205 requiritur
1240 3120 1453 3205 experientia,
1483 3121 1544 3187 sed
1566 3123 1636 3187 sola

511 3231 726 3298 terminorum
755 3229 987 3314 apprehensio,
1008 3229 1220 3313 intelligentia
1238 3248 1297 3294 seu
1320 3227 1636 3312 explicationem

512 3337 567 3405 vix
585 3348 724 3421 possunt
747 3338 799 3403 illa
817 3338 970 3422 principia
997 3338 1037 3402 ad
1064 3337 1238 3421 positivam
1258 3337 1491 3420 experientiam
1511 3337 1633 3402 reduci:

513 3466 589 3512 nam
618 3446 692 3513 licet
719 3446 760 3513 de
778 3463 990 3529 quocumque
1007 3444 1162 3529 singulari
1190 3445 1356 3529 possimus
1379 3444 1515 3529 experiri
1546 3444 1635 3529 quod

512 3554 573 3635 sit3
595 3566 724 3629 tamen,
745 3553 834 3636 quod
853 3562 932 3619 tunc
951 3570 1017 3618 non
1035 3561 1141 3619 careat
1158 3551 1348 3629 existentia,
1369 3570 1436 3618 non
1455 3570 1636 3636 possumus

513 3660 652 3745 positive
678 3658 813 3745 experiri
839 3660 991 3727 distincto
1018 3658 1242 3745 experimento
1260 3658 1302 3725 ab
1330 3678 1388 3735 eo,
1417 3678 1484 3742 quo
1508 3660 1638 3739 videtur
1715 3693 1717 3720 r

512 3768 592 3835 illud
610 3782 698 3848 esse;
720 3766 778 3833 sed
797 3768 866 3835 sola
885 3766 1096 3852 intelligentia
1115 3765 1148 3833 id
1176 3761 1368 3851 percipitur,
1389 3768 1558 3851 explicatis
1575 3776 1637 3832 ter·

514 3874 757 3941 ministrnm
776 3873 905 3943 videtur
922 3875 1006 3943 adeo
1025 3893 1081 3960 per
1100 3892 1135 3939 se
1155 3885 1290 3951 notum,
1310 3881 1349 3941 ut
1367 3874 1427 3939 alia
1444 3874 1636 3959 probatione
1715 3950 1717 3956 ¹

515 4001 580 4047 non
599 3982 754 4067 indigeat.
785 3981 965 4049 Possumus
992 3990 1102 4047 tamen
1127 3982 1168 4047 ad
1196 3984 1355 4067 majorem
1383 3982 1633 4066 explicationem
1715 3973 1717 4022 ³

514 4090 703 4174 exemplum
719 4089 888 4156 adhibere:
905 4088 1023 4156 namsi
1039 4089 1208 4157 hominem
1225 4089 1397 4166 rusticum,
1413 4089 1469 4174 qui
1484 4090 1530 4155 ob
1542 4091 1637 4175 igno-

515 4196 650 4261 rantiam
670 4196 886 4263 terminorum
907 4200 1010 4264 nescit
1035 4197 1183 4264 assentiri
1201 4195 1265 4264 illis
1283 4195 1466 4283 principiis,
1494 4198 1637 4263 velimus

514 4302 667 4371 inducere
685 4303 726 4370 ad
745 4322 859 4370 eorum
880 4322 1069 4381 assensum,
1090 4306 1177 4372 nulla
1203 4314 1290 4371 certe
1320 4323 1406 4371 nova
1436 4306 1637 4391 experientia

515 4419 663 4488 utemur,
682 4412 740 4477 sed
759 4413 868 4477 solum
888 4412 1080 4479 conabimur
1097 4412 1142 4477 ita
1156 4414 1314 4479 terminos
1333 4410 1512 4497 explicare,
1533 4423 1573 4481 ut
1590 4414 1637 4479 in-
1715 4391 1716 4410 ³

515 4519 638 4604 telligat
653 4536 739 4595 rem,
759 4538 860 4603 quam
880 4520 970 4586 videt
983 4538 1072 4597 esse,
1094 4538 1160 4586 non
1174 4538 1272 4604 posse
1284 4520 1434 4588 absolute
1449 4539 1515 4588 non
1528 4540 1636 4589 esse.»

551 4766 592 4843 (1)
629 4764 661 4827 lu
672 4766 725 4827 lib.
741 4786 768 4826 a.
781 4767 954 4844 Posterior.¹
969 4789 1033 4843 cap.
1048 4767 1157 4843 ultim„
1167 4769 1200 4830 iu
1213 4772 1362 4844 question.
