3492 5525
661 364 769 455 lunsx
789 382 910 431 aenou

156 542 245 603 variis
265 540 489 613 particularibus
512 538 644 600 abstrahi
669 552 764 612 potest

157 632 321 693 communis
331 634 406 692 ratio
420 629 565 691 individui
579 652 641 705 743.

1341 362 1421 445 11⁶9

849 547 1049 649 ltamaseenus
1061 545 1108 618 48.
1118 544 1246 613 Joannes
1261 541 1460 625 sarisburien-

849 656 890 693 sis
911 654 954 709 54.

121 723 287 781 Inductio
304 721 375 795 quid
399 722 460 794 356,
476 734 505 779 et
523 720 684 793 quotuplex
698 739 761 793 357:
813 724 997 784 Iudicium
1011 723 1083 796 quid
1095 742 1160 797 2233
1171 721 1234 793 ejus
1248 716 1329 811 vagia
1340 721 1460 780 nomina

157 814 221 883 ejus
240 812 351 871 utilitas
372 832 434 886 357,
451 810 540 869 immo
560 824 589 867 et
609 808 764 868 necessitas

155 905 193 963 ad
207 904 368 985 colligenda
384 904 477 975 prima
487 900 674 961 scientiarum
686 900 764 971 prin·

156 994 230 1065 cipia
245 1012 295 1067 745
310 1014 403 1065 seqq:
416 992 487 1049 salsa
498 990 692 1049 recentiorum
703 988 765 1060 upi-

159 1088 217 1152 nio,
233 1082 311 1154 apud
326 1082 437 1154 priscos
453 1080 648 1150 Philosophus
662 1076 764 1135 insoli-

156 1187 216 1232 tam
238 1172 328 1231 luisse
347 1170 545 1229 inductionem
559 1168 764 1227 dictitantium

160 1284 221 1339 357:
255 1264 301 1322 vis
333 1260 510 1321 inductionis
543 1262 682 1331 probatur
712 1256 765 1329 358

158 1374 252 1425 seqq..
268 1352 490 1420 declaraturque
510 1348 640 1417 ejusdcm
659 1346 765 1405 discri-

160 1462 226 1499 men
240 1463 256 1499 a
272 1438 443 1513 syllogismo
460 1440 511 1509 360
525 1456 619 1507 seqq:
636 1434 766 1493 inductio

848 830 879 893 et
889 815 1032 873 elementa
1044 833 1106 889 224,
1121 810 1242 869 materia
1251 824 1282 868 et
1291 809 1384 869 forma
1394 829 1457 882 224:

847 906 882 965 in
905 906 1013 977 iudicio
1043 924 1103 963 non
1128 902 1264 961 formales
1291 914 1459 973 conceptus,

850 997 901 1055 sed
915 994 1048 1067 objectivi
1063 993 1239 1065 copulantur
1252 1010 1326 1062 ²²52.
1337 989 1367 1047 in
1381 990 1460 1060 iudi-

849 1089 895 1145 cio
910 1098 1018 1158 quanta
1026 1085 1130 1142 debeat
1137 1101 1199 1141 esse
1211 1080 1349 1140 identitas
1357 1080 1461 1153 praedi·

850 1176 906 1234 cati
920 1195 987 1233 eum
1002 1173 1131 1243 subjecto
1143 1173 1206 1239 226,
1218 1190 1281 1243 749:
1297 1171 1460 1239 subiectum

851 1264 983 1323 sehabet
1004 1262 1096 1320 instar
1117 1260 1247 1319 materiae
1265 1272 1294 1318 et
1318 1258 1462 1330 praedica·

851 1368 914 1413 tum
930 1352 1023 1410 instar
1037 1352 1137 1409 formae
1156 1349 1218 1406 226:
1242 1349 1401 1420 quotuplex
1415 1347 1461 1417 ju-

851 1445 960 1502 dicium
973 1444 1036 1510 228,
1053 1442 1115 1514 567.

161 1530 402 1601 Baconiana363‚
419 1526 591 1598 expenditur
607 1524 766 1598 364:indu-
815 1534 985 1592 tustinus
1016 1530 1075 1595 (S.)
1106 1542 1226 1603 martyr,
1265 1527 1461 1599 Philosophus

159 1622 215 1679 ctio
227 1620 257 1677 in
267 1616 437 1693 colligendis
448 1615 598 1688 principiis
609 1635 667 1672 non
679 1614 767 1673 habet

160 1710 302 1769 rationem
319 1707 420 1765 motivi
440 1706 476 1764 ad
497 1724 649 1763 assensum
664 1704 767 1776 impel-

163 1803 258 1869 lentis,
275 1801 323 1859 sed
340 1813 454 1858 tantum
477 1817 566 1855 manu
578 1794 661 1853 ducit
681 1794 766 1852 intel-

162 1895 266 1950 lectum
290 1892 326 1949 ad
352 1888 455 1946 melius
476 1885 684 1958 penetrandam
707 1882 766 1941 vim

162 1982 353 2041 terminorum
367 1979 421 2037 806
435 1998 516 2049 seqq.

125 2076 250 2131 Inesse
265 2070 435 2143 (propositio
449 2069 496 2133 de)
512 2067 574 2141 256.

851 1621 1031 1680 christianus
1042 1641 1091 1692 43.

883 1805 948 1858 snt
971 1798 1154 1865 Emmanuel,
1181 1797 1336 1856 foecundus
1356 1816 1463 1869 parens

855 1891 1050 1949 recentiorum
1063 1908 1194 1947 errorum
1206 1888 1251 1945 88.

817 1982 951 2051 Keplor
964 1981 1010 2051 69.

818 2071 951 2127 Kisken
963 2068 1138 2127 Anastasius
1150 2068 1197 2134 83.

123 2163 324 2221 Instinotus
338 2178 430 2217 caecus
440 2176 501 2230 532,
513 2176 572 2214 non
584 2168 628 2213 est
640 2154 769 2213 veritatis
806 2157 998 2231 'xteutqan
1006 2159 1150 2229 Josephus
1160 2163 1208 2229 9⁴¹.

160 2252 307 2311 criterium
324 2250 385 2323 536.

124 2342 335 2401 Intellectus
351 2340 402 2409 560
412 2357 493 2407 seqq.
511 2328 675 2393 Intellectus
690 2333 769 2405 prin·

161 2432 302 2505 cipiorum
317 2430 378 2505 784,
399 2442 444 2486 est
464 2426 581 2485 habitus
601 2448 618 2483 a
640 2425 768 2496 potentia
820 2448 880 2579 Ι-

882 2515 1066 2573 actantiae
1080 2534 1125 2587 44,
1210 2511 1215 2522 ’

161 2518 767 2589 intellectivadistinctus779seqq.:utrum

817 2251 960 2307 Rauso
980 2247 1104 2305 Carolus
1125 2244 1314 2304 Christianus
1335 2244 1463 2303 Frideri·

854 2360 917 2408 cus,
931 2335 1097 2409 pantheista
1111 2336 1158 2408 89.

162 2609 325 2669 intellectus
340 2604 546 2679 principiorum
560 2602 597 2661 sit
612 2622 689 2660 unus
701 2602 768 2659 sim·
820 2606 1036 2665 Lamounats
1066 2604 1125 2675 (dc)
1152 2602 1287 2660 Felicitas
1318 2624 1364 2674 93:
1399 2602 1461 2672 ejus

163 2702 226 2772 plex
242 2698 368 2759 habitus,
388 2714 426 2752 an
441 2693 592 2766 multiplex
606 2694 659 2766 784
673 2712 767 2764 seqq,

164 2788 306 2848 naturalis
328 2786 372 2844 vel
397 2785 526 2852 innatus,
551 2804 589 2842 an
610 2783 769 2854 acquisitus

855 2696 953 2769 opinio
969 2695 1044 2751 eirca
1058 2692 1207 2750 criterium
1226 2692 1394 2750 confutatur
1410 2708 1461 2764 543

855 2808 937 2858 seqq.

163 2881 216 2954 788
230 2897 323 2948 seqq,
338 2887 367 2932 et
381 2874 411 2931 in
426 2893 484 2944 quo
496 2872 638 2931 consistat
651 2893 712 2945 794:
726 2873 769 2930 in·
819 2880 949 2936 Lainez
967 2876 1091 2945 Jacobus
1105 2895 1148 2947 74.

163 2969 293 3026 tellectus
307 2985 398 3038 agens
412 2978 440 3021 et
450 2962 606 3034 possibilis,
620 2975 649 3020 et
661 2963 769 3020 utrius·
817 2961 1460 3026 LelbnltziusGottilrcdusGullielmusssa.

164 3078 222 3129 que
235 3053 392 3113 abstractio
406 3073 467 3126 712.

800 3127 803 3134 .
818 3059 1027 3116 Libaratoro
1046 3054 1183 3111 Matheus
1195 3071 1241 3126 95.

126 3145 374 3217 Intelligentia
389 3143 449 3215 567:
471 3162 521 3212 per
536 3162 566 3198 sc
587 3139 647 3197 salli
668 3140 770 3213 nequit
818 3149 934 3206 Loolte
947 3147 1073 3214 Joaones
1087 3144 1133 3216 83:
1148 3144 1211 3214 ejus
1226 3143 1418 3217 discipuli84‚
1433 3159 1462 3204 et

164 3237 194 3292 in
209 3232 332 3305 simplici
350 3229 579 3304 apprehensione
597 3228 770 3301 judiciisque

165 3321 340 3382 immediatis
354 3321 414 3392 584.
429 3317 624 3390 intelligentia
639 3317 770 3376 indivisi-

854 3237 981 3296 absurda
996 3233 1095 3307 opinio
1118 3232 1192 3293 circa
1211 3233 1357 3292 ratiocinii
1372 3247 1462 3292 natu-

855 3349 918 3387 ram
933 3329 996 3396 316.

164 3415 267 3471 billum
283 3413 359 3469 idem
379 3423 465 3467 sonat
477 3429 511 3464 ae
531 3407 653 3474 simplex
667 3428 769 3479 appre-
807 3417 1030 3491 ,Loqicgquid
1041 3437 1085 3488 99,
1102 3434 1162 3486 1003
1175 3435 1227 3472 cur
1236 3415 1277 3474 ita
1288 3429 1389 3476 vocam
1403 3437 1463 3476 100:

166 3504 268 3562 hensio
286 3524 344 3574 1¹9·

125 3593 284 3653 Intentio
299 3589 370 3663 quid
385 3601 414 3645 et
425 3587 585 3658 quotuplex
602 3606 661 3659 147,
677 3587 726 3658 691
743 3600 772 3643 et

169 3705 245 3755 1129:
272 3683 365 3753 prima
384 3693 413 3736 et
432 3678 569 3742 secunda,
595 3675 724 3733 formalis
743 3691 771 3734 et

164 3774 305 3846 objectiva
320 3791 380 3844 147,
392 3772 442 3841 691
459 3782 487 3826 et
506 3788 582 3840 1129.

126 3862 280 3923 IntuItiu
294 3855 487 3918 conclusionis
502 3857 563 3914 sola
586 3874 645 3912 non
666 3853 772 3912 eonsti-

166 3949 222 4008 tuit
236 3944 392 4004 essentiam
408 3942 560 3999 discursus
573 3941 635 4012 316,
649 3939 712 4013 813.

128 4039 294 4098 Isidorus
305 4033 366 4106 (S.)
378 4026 554 4104 hispalensis
567 4030 613 4102 48.

130 4153 283 4285 [iacobi
298 4213 462 4273 Fridericus
488 4211 642 4280 henricus,
672 4212 777 4269 scholae

166 4305 383 4367 sentimentolr's
414 4313 514 4358 auctor
539 4299 584 4356 88:
618 4301 777 4359 absurdum

167 4396 297 4468 ejusdem
322 4401 520 4450 commentum
535 4388 609 4447 circa
631 4388 778 4448 criterium

170 4507 232 4560 535,
249 4481 418 4542 confutatur
433 4477 494 4551 538.

127 4581 153 4638 J
155 4573 299 4634 avellas
310 4573 438 4641 Joannes
453 4567 685 4642 Chrysostomus
700 4589 743 4644 72.

124 4671 290 4729 Ioannes
311 4683 328 4719 a
350 4661 383 4718 S.
404 4660 518 4717 Thoma
532 4679 577 4732 72·
595 4657 626 4717 S.
653 4659 780 4728 Joannes

855 3507 913 3566 alia
927 3507 989 3578 ejus
1004 3504 1194 3564 nominator:
1210 3505 1356 3575 objectum
1376 3519 1467 3564 matc-

857 3597 929 3653 riale
945 3609 974 3653 ct
990 3593 1119 3656 formale.
1140 3593 1207 3650 finis
1224 3608 1253 3650 et
1270 3592 1381 3652 utilitas
1406 3614 1465 3663 101,
1550 3606 1553 3612 '

856 3685 950 3758 elogia
968 3704 1027 3752 roa,
1042 3683 1201 3742 divisiones
1213 3683 1300 3742 variae
1313 3705 1360 3757 ¹⁰3
1371 3705 1466 3757 seqq:

859 3788 969 3847 quanta
990 3773 1069 3831 illius
1095 3772 1250 3831 necessitas
1278 3775 1347 3833 1066
1371 3795 1465 3846 seqq:

858 3883 1020 3921 concursus
1031 3863 1075 3918 uel
1086 3862 1214 3920 influxus
1223 3861 1338 3936 Logicae
1347 3864 1384 3922 ad
1394 3866 1468 3923 alias

860 3953 997 4012 scientias
1011 3952 1077 4011 1080
1087 3973 1181 4024 seqq:
1193 3973 1230 4011 an
1241 3955 1281 4014 sit
1294 3954 1415 4014 scientia
1423 3956 1468 4013 vel

861 4065 909 4104 ars
932 4044 997 4102 1082
1015 4038 1109 4115 seqq:
1129 4065 1167 4101 an
1192 4065 1260 4116 pars
1275 4045 1470 4118 Philosophiae

863 4133 934 4192 ibid:
947 4147 1046 4190 utrum
1056 4132 1095 4190 sit
1106 4133 1281 4204 speculativa
1297 4155 1334 4193 an
1346 4136 1469 4208 practica

868 4241 934 4294 1097
951 4241 1032 4291 seqq.
1053 4221 1158 4293 Logica
1174 4225 1315 4283 naturalis
1327 4240 1357 4284 et
1374 4227 1470 4286 artifi-

864 4309 946 4367 cialis
965 4330 1023 4380 103,
1037 4310 1161 4369 actualis
1180 4325 1209 4370 et
1229 4313 1385 4374 habitualis
1398 4316 1468 4375 ibid.

864 4412 894 4455 et
924 4397 1002 4465 1080,
1036 4398 1144 4457 docens
1177 4415 1207 4459 et
1233 4414 1319 4460 utens
1354 4423 1408 4478 104
1441 4421 1471 4464 et

869 4507 947 4560 1093,
967 4487 1061 4558 Maior
1083 4503 1112 4546 et
1133 4489 1232 4548 Minor
1257 4511 1317 4565 104,
1342 4492 1471 4554 formalis

866 4590 895 4633 et
907 4576 1066 4635 materialis
1083 4597 1143 4651 105:
1154 4600 1192 4638 an
1200 4581 1344 4652 objectum
1353 4583 1473 4643 formale

868 4664 983 4738 ngicae
994 4664 1055 4724 sint
1072 4686 1156 4725 voces
1175 4689 1242 4728 1110
1255 4689 1346 4744 seqq..
1360 4691 1398 4731 an
1412 4690 1473 4732 res-

1274 4789 1313 4851 74
