3492 5525
1462 39 1744 188 ''U''

572 510 646 581 028·
686 517 812 583 lueret
827 512 1060 591 Maron-Lite
1079 531 1148 596 ψ,
1169 513 1323 601 ὓιεν..4.·
1336 514 1417 583 Cae.
1434 532 1505 583 affl
1531 527 1536 533 ’

602 698 784 785 «Adiuncta
797 699 1007 784 haecplenam
1014 699 1166 767 historiae
1179 698 1280 767 iidem
1299 700 1475 767 vindicant:
1491 718 1582 784 quae,
1599 700 1658 767 ubi

535 826 599 873 non
619 817 818 893 suppetunt,
840 806 1082 893 probabilitate,
1105 808 1132 874 si
1160 808 1272 885 detur,
1291 816 1467 875 contentos
1493 824 1555 874 nos
1583 826 1659 875 esse

534 923 676 1000 oportet.
706 914 782 983 llaec
812 924 923 982 autem
948 904 1165 1000 ‘probabilitas
1196 935 1238 981 ex
1267 914 1400 983 dotibus
1429 915 1660 1001 adjunctisque

487 1101 492 1109 Ι
533 1022 727 1108 scriptorum
742 1022 812 1089 sacti
825 1023 980 1109 qualitate
994 1022 1206 1108 comparatis,
1222 1024 1313 1103 iuxta
1328 1024 1477 1111 superius
1493 1024 1661 1109 praestitu-

533 1138 586 1196 tos
608 1149 766 1206 canones,
787 1128 939 1197 aestimari
959 1128 1089 1215 poterit.
1118 1130 1152 1197 Si
1170 1144 1250 1197 vero
1268 1141 1380 1198 auctor
1403 1129 1544 1197 affirmet
1561 1150 1599 1198 se
1617 1152 1659 1198 err

533 1236 769 1321 antiquioribus
788 1238 997 1304 documentis
1014 1248 1071 1304 aut
1094 1239 1319 1304 monumentis
1346 1236 1559 1320 excerpsisse,
1580 1257 1660 1323 quae

534 1355 657 1423 narrat,
685 1358 741 1413 aut
769 1346 815 1410 ab
843 1346 913 1411 aliis
941 1344 1170 1430 scriptoribus,
1197 1367 1216 1411 a
1244 1344 1477 1423 traditione,'a
1504 1347 1592 1411 sama
1620 1364 1659 1411 ac

517 1452 678 1537 'populari
714 1472 845 1519 rumore
874 1454 1053 1537 accepisse,
1074 1464 1106 1521 et
1137 1455 1211 1531 hoc,
1244 1455 1334 1537 quod
1353 1454 1505 1530 affirmat,
1539 1471 1658 1519 verum

516 1559 642 1641 ‚haberi
663 1562 783 1646 possit,
800 1569 930 1627 tantum
951 1570 1094 1627 meretur
1109 1560 1204 1637 ndei,
1220 1570 1381 1645 quantum
1400 1563 1507 1627 fontes
1525 1580 1567 1627 ex
1585 1561 1662 1645 qui·

478 1720 483 1731 .
532 1667 595 1735 bus
614 1670 773 1735 tactorum
793 1668 942 1734 notitiam
963 1667 1084 1735 hausit.
1106 1668 1204 1742 Quod
1224 1668 1251 1733 si
1270 1668 1407 1753 scriptor
1427 1673 1566 1734 cboevus
1591 1687 1660 1733 non

532 1774 589 1851 sit,
619 1786 652 1841 et
681 1778 807 1843 nullum
837 1776 1032 1841 narrationis
1059 1795 1128 1842 suae
1158 1776 1410 1843 tundamentum
1440 1776 1578 1860 alleget,
1605 1778 1662 1841 vix

533 1884 649 1967 poterit
669 1884 741 1949 huic
758 1884 936 1967 aliquando
954 1883 1037 1948 sides
1056 1882 1228 1968 praestari»
1247 1881 1260 1971 (
1286 1880 1312 1969 ).

600 1989 836 2063 inaestimanda
852 1989 1078 2057 historicorum
1089 1991 1362 2056 documentorum
1374 1989 1547 2057 veracitate
1559 1991 1660 2074 aptis·

532 2094 617 2163 simo
636 2108 831 2183 argumento
851 2117 925 2164 esse
943 2106 1052 2181 potest
1067 2099 1187 2165 modus
1202 2098 1271 2183 ipse
1286 2096 1488 2171 narrationis,
1505 2107 1543 2163 ut
1557 2098 1658 2163 etiam

534 2213 684 2271 notatum
704 2224 766 2272 suo
786 2208 857 2271 loco
883 2213 949 2282 est,
969 2224 1045 2271 cum
1071 2206 1251 2290 generatim
1283 2207 1323 2271 de
1350 2204 1494 2289 cujusvis
1519 2206 1658 2271 humani

531 2312 709 2379 testimonii
728 2314 919 2379 auctoritate
937 2312 1176 2397 disputabatur.

358 2464 380 2493 η.
406 2462 424 2491 ..
480 2447 500 2492 ,ῑ
599 2419 748 2496 «Restat,
771 2429 806 2487 ut
825 2421 977 2486 hocloco
996 2420 1116 2503 aliquid
1135 2420 1312 2486 innuamus
1337 2420 1378 2484 de
1393 2418 1423 2484 vi
1447 2437 1485 2484 ac
1509 2422 1658 2505 pondere

404 2604 463 2633 m·
531 2527 715 2613 argumenti
736 2527 895 2613 negativi,
912 2528 1001 2610 quod
1020 2524 1061 2591 ab
1081 2526 1308 2593 historicorum
1328 2525 1457 2593 silentio
1470 2528 1656 2593 deducitur.

532 2634 604 2701 Duo
623 2635 655 2701 in
676 2636 789 2719 primis
807 2654 901 2701 ersus
926 2634 1148 2719 distinguendi
1174 2643 1269 2701 sunt:
1296 2644 1341 2701 r.⁰
1366 2634 1400 2699 Si
1427 2652 1468 2699 ex
1494 2636 1658 2701 historicis

531 2745 615 2810 iacto
644 2743 768 2812 ciioevis
796 2743 895 2826 aliqui
919 2744 989 2827 ejus
1016 2742 1219 2810 mentionem
1248 2742 1383 2818 iaciant,
1403 2741 1501 2824 aliqui
1530 2742 1573 2808 de
1603 2743 1659 2808 illo

531 2852 663 2917 sileant:
685 2859 736 2915 2.⁰
755 2850 786 2916 Si
805 2867 922 2916 omnes
940 2849 1048 2916 cooevi
1062 2850 1194 2926 sileant,
1211 2870 1249 2914 ac
1267 2849 1479 2916 solummodo
1498 2854 1659 2935 posterio-

532 2977 582 3024 res
602 2960 723 3024 iactum
744 2967 910 3024 narrent.»
1266 3042 1271 3054 1

597 3067 652 3132 «ln
673 3067 873 3151 primocasu
894 3065 1076 3132 notandum
1101 3074 1167 3140 est,
1189 3084 1256 3129 non
1280 3063 1413 3149 perinde
1433 3083 1506 3131 esse
1532 3066 1654 3134 lactum

529 3184 634 3241 tacere
653 3193 689 3239 ac
708 3175 830 3238 factum
851 3192 987 3257 negare,
1008 3172 1068 3237 nisi
1093 3172 1244 3257 adjuncta
1268 3173 1441 3248 accedant,
1461 3191 1538 3255 quae
1558 3174 1656 3239 silen-

528 3281 796 3366 tium'negationi
821 3281 1021 3364 aequivalens
1040 3280 1194 3347 faciant.»

564 3441 567 3448 .
597 3389 707 3474 ltaque
733 3389 1007 3454 considerandum
1039 3393 1082 3452 r.·
1101 3406 1159 3464 an,
1181 3386 1237 3470 qui
1262 3395 1389 3460 tacent,
1411 3387 1483 3453 raeti
1502 3388 1652 3454 notitiam

530 3498 717 3577 habuerint,
739 3505 795 3562 aut
820 3496 940 3560 habere
963 3495 1141 3578 potuerint:
1169 3503 1220 3559 2.⁰
1245 3513 1285 3560 an
1308 3496 1428 3560 iactum
1449 3493 1493 3560 sit
1519 3497 1653 3581 alicujus

492 3642 496 3656 ι
529 3604 705 3680 momenti,
726 3614 760 3668 et
778 3603 867 3686 quod
887 3601 1045 3667 memoria
1070 3603 1208 3688 dignum
1231 3601 1389 3668 omnibus
1403 3581 1509 3667 'videri
1532 3603 1654 3670 debue-

477 3799 481 3804 .
529 3711 585 3778 rit:
608 3719 658 3797 3.⁰
687 3730 728 3776 an
757 3709 912 3776 oblivioni
936 3720 993 3777 aut
1017 3708 1224 3793 negligentiae
1243 3711 1362 3775 iactum
1382 3708 1520 3775 adscribi
1537 3712 1650 3796 possit:

530 3819 584 3900 4.⁰
604 3837 648 3884 an
664 3817 837 3884 habuerint
864 3835 982 3882 omnes
1004 3815 1208 3883 occasionem
1238 3835 1274 3882 ac
1304 3816 1467 3882 motivum
1495 3837 1535 3882 ea
1562 3819 1604 3884 de
1622 3838 1656 3884 re

527 3925 707 3992 scribendi:
724 3924 872 4009 videlicet
890 3943 931 3989 an
951 3942 1065 3990 eorum
1086 3942 1187 4008 scopo
1205 3932 1239 3987 et
1255 3923 1397 3989 consiliis
1413 3923 1555 3991 narratio
1577 3945 1656 3992 con-

527 4045 673 4118 grueret,
695 4050 736 4098 an
768 4031 912 4097 materiae
937 4033 1108 4117 junctura,
1129 4040 1228 4115 atque
1257 4029 1412 4097 orationis
1438 4031 1559 4102 ductus
1583 4053 1654 4097 eam

527 4141 718 4224 requireret,
740 4159 781 4204 an
800 4157 858 4206 seu
879 4139 1011 4224 privatis
1031 4157 1090 4205 seu
1110 4138 1248 4224 publicis
1265 4139 1449 4206 commodis
1467 4151 1654 4223 opportuna

527 4248 718 4314 acciderent.
732 4253 779 4332 5.⁰
792 4245 952 4330 Denique,
963 4266 1005 4312 an
1015 4246 1201 4312 verosimile
1215 4245 1269 4322 sit,
1280 4246 1438 4313 rationem
1453 4244 1494 4313 iis
1508 4247 1650 4332 aliquam

526 4356 640 4422 silendi
660 4355 777 4432 luisse,
794 4354 864 4419 sive
884 4363 1030 4430 metum,
1046 4355 1114 4420 sive
1132 4353 1263 4428 odium,
1280 4354 1348 4420 sive
1362 4353 1472 4439 gentis
1489 4374 1652 4434 amorem,

528 4463 597 4530 sive
616 4463 854 4540 adulationem,
876 4461 945 4528 sive
964 4461 1204 4548 praejudicium,
1225 4473 1258 4532 et
1275 4462 1410 4532 similes.

536 4635 801 4650 ψ-Ι-

562 4717 603 4780 (r)
638 4712 744 4786 Tung..
769 4711 823 4771 loc.
846 4709 908 4782 eit,
930 4731 960 4774 n.
981 4713 1048 4785 (153,
1072 4711 1139 4785 654.
1155 4709 1219 4772 Cir.
1235 4710 1423 4783 liberatore,
1445 4709 1518 4773 ibid.
1535 4733 1566 4774 n.
1595 4733 1654 4789 193,

533 4821 600 4878 9⁸8·
616 4821 685 4877 ²39¹
701 4821 761 4878 oeq·
