3492 5525
539 459 598 541 526
658 459 781 523 Loorcrr
798 459 1027 534 Maron-lae.
1048 475 1104 523 Ν·
1118 461 1209 525 Drse.
1225 474 1274 525 2.⁸
1287 463 1368 525 erp.
1386 477 1456 545 3³¹¹*
1478 506 1482 511 .

822 713 1018 781 Solvunrun
1041 731 1285 782 nrrrrcucrnres.

538 876 592 941 81.
640 881 748 958 objie.
774 892 819 943 1.⁰
836 874 926 941 Sicut
944 894 980 940 se
1000 876 1096 940 habet
1110 876 1293 941 intellectus
1307 886 1455 959 respectu
1471 876 1555 954 ven‘,
1571 876 1615 943 ita

492 999 528 1046 se
557 981 654 1048 habet
683 985 836 1049 voluntas
865 990 1014 1066 respectu
1043 982 1133 1048 boni.
1163 982 1226 1048 Sed
1256 983 1382 1050 nullum
1409 994 1460 1050 est
1487 983 1611 1051 bonurn

492 1097 656 1166 creatum,
682 1091 771 1173 quod
791 1091 995 1155 voluntatem
1016 1090 1207 1165 necessitet,
1229 1092 1346 1156 saltem
1370 1073 1479 1173 quoad
1498 1091 1616 1156 exerci-

380 1210 387 1223 ’
491 1196 587 1264 tium.
616 1196 699 1281 Ergo
724 1215 784 1263 nec
806 1198 867 1263 erit
891 1197 995 1262 ullum
1019 1197 1185 1282 objectum
1210 1206 1373 1275 creatum,
1399 1198 1614 1282 quantumvis
1734 1285 1735 1288 Ἴ

492 1302 637 1381 evidens,
659 1306 749 1387 quod
764 1304 965 1369 intellectum
986 1302 1172 1370 necessitet.
1734 1327 1736 1334 ’

556 1416 661 1494 Reep.
681 1410 757 1477 dist.
773 1411 891 1497 Major;
912 1411 945 1475 id
964 1421 1030 1492 est,
1059 1412 1243 1477 intellectus
1273 1411 1369 1477 habet
1396 1430 1455 1496 pro
1480 1414 1610 1497 objecto
1734 1471 1735 1492 ,

491 1534 622 1595 verum,
637 1533 670 1584 et
685 1520 837 1584 voluntas
850 1518 994 1594 bonum,
1010 1537 1096 1583 conc.
1110 1519 1226 1584 eodem
1238 1519 1338 1585 modo
1353 1537 1450 1585 suum
1464 1538 1607 1604 quaeque
1671 1569 1677 1578 .

489 1625 617 1709 respicit
636 1625 801 1711 objectum
821 1626 892 1691 haec
911 1626 1032 1710 duplex
1052 1626 1217 1710 potentia,
1237 1644 1308 1710 neg.

560 1732 748 1798 Transmilto
767 1733 945 1808 Minorem,
969 1743 1001 1799 et
1019 1752 1090 1817 mg.
1110 1744 1328 1818 consequent.

553 1838 714 1906 Nimirum
734 1840 918 1907 intellectus
937 1848 987 1907 est
1013 1842 1157 1925 potentia
1187 1841 1366 1909 necessaria
1393 1850 1427 1907 et
1455 1845 1609 1910 voluntas

488 1946 602 2024 libera,
622 1966 697 2032 quae
715 1948 849 2031 proinde
869 1958 1036 2032 nequeunt
1057 1948 1194 2015 omnino
1204 1948 1392 2033 aequiparari
1402 1950 1434 2015 in
1446 1949 1610 2015 tendentia

487 2055 527 2119 ad
549 2072 647 2120 suurn
676 2056 855 2141 objectum.
884 2055 986 2121 Secus
1012 2055 1098 2122 enim
1125 2057 1209 2122 sicut
1234 2058 1388 2122 voluntas
1412 2065 1521 2141 potest
1540 2076 1611 2121 am·

486 2162 581 2245 plecti
600 2160 735 2228 evidens
755 2163 898 2237 malum,
919 2182 960 2229 ex
978 2182 1018 2228 eo
1037 2163 1127 2245 quod
1146 2165 1208 2229 sub
1226 2165 1369 2246 quadam
1390 2165 1514 2229 ratione
1532 2183 1611 2231 con-

486 2268 619 2335 veniens
639 2270 697 2346 sit,
719 2289 751 2335 v.
772 2290 806 2355 g.
827 2271 932 2353 turpis
950 2270 1138 2347 delectatio,
1160 2272 1212 2335 vel
1229 2271 1379 2335 vindictae
1393 2257 1604 2354 desiderium3

484 2375 527 2441 ita
544 2385 653 2461 posset
666 2376 764 2443 etiam
781 2379 964 2457 intellectus
979 2379 1127 2444 assentiri
1141 2379 1269 2463 objecto
1279 2378 1447 2445 evidenter
1459 2381 1551 2458 falso,
1568 2400 1608 2445 eo

484 2486 575 2567 quod
593 2484 656 2550 sub
675 2484 782 2567 aliqua
798 2485 858 2550 levi
880 2486 1003 2550 ratione
1023 2485 1169 2551 videatur
1188 2504 1316 2552 verum.
1438 2538 1441 2541 .

554 2592 715 2657 Caeterum
737 2592 842 2658 Minor
860 2612 992 2675 quoque
1013 2593 1234 2659 universaliter
1248 2602 1381 2678 sumpta
1398 2613 1464 2660 non
1478 2596 1607 2661 videtur

485 2718 570 2766 vera:
599 2718 673 2764 narn
698 2718 738 2765 ex
763 2700 909 2767 doctrina
938 2700 973 2768 S.
1001 2698 1139 2767 Thomae
1163 2699 1215 2789 (r)
1243 2703 1396 2769 voluntas
1424 2703 1607 2770 necessitari

484 2817 592 2892 potest
621 2808 717 2873 etiam
742 2827 818 2892 erga
845 2808 1010 2893 objectum
1029 2809 1120 2891 quod
1143 2809 1217 2874 licet
1240 2818 1385 2875 creatum
1415 2831 1451 2876 ac
1475 2811 1604 2876 finitum

482 2917 538 2990 sit,
561 2915 742 2982 necessario
761 2917 964 2981 connectitur
983 2935 1059 2981 cum
1078 2916 1168 2983 bono
1187 2918 1341 2992 increato.

526 3029 602 3106 obj.
620 3022 672 3090 2.⁰
720 3023 882 3089 Voluntas
897 3032 1005 3108 potest
1023 3024 1179 3108 impedire
1199 3025 1296 3090 etiam
1310 3025 1430 3091 directe
1444 3025 1606 3092 actionem

382 3164 384 3176 =
482 3130 634 3213 potentiae
665 3131 884 3196 locomotivae.
906 3131 989 3216 Ergo
1019 3149 1078 3198 cur
1101 3150 1166 3197 non
1199 3133 1303 3217 possit
1325 3133 1424 3199 etiam
1443 3133 1604 3199 actionem

481 3238 701 3320 potentiarum
725 3238 1046 3323 cognoscitivarum?

547 3352 651 3429 Resp.
675 3363 746 3429 neg.
777 3363 913 3429 conseq.
937 3347 1022 3412 Nam
1049 3345 1220 3430 paritatem
1241 3348 1366 3413 nullam
1392 3365 1465 3414 esse
1483 3347 1517 3412 in
1544 3348 1606 3413 hoc

479 3451 562 3520 inter
598 3453 777 3536 potentiam
811 3453 1041 3518 locomotivam
1074 3461 1107 3517 et
1138 3456 1396 3539 cognoscitivam
1430 3455 1601 3522 evidenter

478 3559 593 3643 probat
620 3559 818 3645 experientia
845 3579 1004 3628 sensuum
1036 3570 1236 3637 nostrorum,
1267 3581 1410 3647 quorum
1440 3565 1602 3629 actionem

476 3667 655 3736 certissime
681 3669 838 3752 impedire
865 3669 977 3753 nequit
1006 3670 1170 3735 voluntas.
1201 3670 1238 3735 Et
1258 3671 1339 3735 ratio
1358 3680 1420 3748 est,
1442 3669 1519 3754 quia
1546 3689 1606 3754 po·

477 3777 578 3841 tentia
601 3777 797 3842 locomotiva
818 3795 883 3842 non
907 3776 1005 3842 habet
1027 3777 1193 3862 objectum
1219 3797 1237 3842 a
1256 3797 1324 3860 quo
1346 3777 1600 3855 determinetur,

477 3883 564 3948 unde
592 3882 685 3967 dirigi
714 3882 848 3949 debera
871 3884 1053 3953 voluntate.
1080 3884 1238 3951 Potentiae
1265 3903 1344 3950 vero
1370 3885 1604 3969 cognoscitivae

477 3991 612 4074 propriis
634 3990 770 4076 objectis
798 3992 1069 4056 determinantur.
1107 3991 1253 4070 Accedit,
1288 3994 1379 4075 quod
1404 3993 1602 4059 locomotiva

477 4098 633 4181 potentia,
656 4097 716 4164 nisi
737 4119 755 4163 a
773 4100 943 4166 voluntate
961 4098 1164 4182 dirigeretur3
1185 4117 1273 4183 saepe
1294 4107 1406 4184 ageret
1423 4099 1457 4164 in
1476 4101 1601 4166 malum

476 4206 628 4289 subjecti,
660 4205 943 4289 quemadmodum
963 4205 1079 4271 accidit
1108 4206 1270 4272 lunaticis.
1305 4207 1338 4272 ld
1367 4226 1446 4273 vero
1477 4207 1603 4274 incom-

476 4313 564 4380 modi
583 4313 767 4379 timendum
789 4323 926 4380 nonest
948 4312 981 4378 in
1010 4312 1165 4398 potentiis
1183 4313 1416 4400 cognoscitivis
1441 4311 1505 4404 (2).
1527 4314 1602 4381 ldeo

510 4586 550 4738 {3
587 4583 917 4746 {lgeqbliaAgtr't-ffiym
934 4635 1046 4730 Plrr'loe.
1057 4673 1159 4746 Perip.
1178 4671 1260 4732 Part.
1278 4691 1301 4741 r,
1313 4671 1389 4746 disp.
1405 4674 1434 4744 6,
1450 4692 1479 4744 q.
1491 4693 1516 4742 2,
1530 4694 1597 4748 a.4,

475 4782 504 4826 rr.
525 4779 601 4820 ιοοι.
