3492 5525
377 466 495 529 Amic.
522 479 583 529 η·
603 465 654 529 De
675 482 809 530 vasone
829 482 1030 531 testimonii.
1159 465 1219 551 613

262 590 276 621 0

204 650 287 728 Quae
299 649 397 717 verba
415 649 461 716 sic
481 659 723 717 commentatur
738 652 932 737 Angelicus:
952 653 1050 721 Ponit
1063 652 1258 729 Aristotcles,

136 758 215 846 quid
226 758 328 843 possit
341 776 413 823 eum
427 758 635 824 retraherent
648 758 850 844 inquisitione
863 760 938 825 talis
950 759 1107 842 opinionis
1120 756 1262 846 (ponen-

137 869 220 935 tium
240 866 424 932 felicitatem
443 864 475 931 in
494 865 604 949 aliquo
623 865 711 931 bono
729 864 917 954 separato);
936 869 969 932 et
981 867 1155 953 dicitquod
1166 866 1261 955 lusus

125 974 298 1061 inquisitio
326 974 377 1039 est
394 973 555 1039 cantaria
578 991 645 1039 suin
669 974 839 1050 uoluntati,
863 977 993 1057 propter
1016 974 1071 1039 lioc
1093 976 1263 1059 quoderat

135 1084 315 1149 introducta
337 1100 359 1147 a
380 1080 447 1147 suis
468 1080 594 1159 amuis,
618 1081 737 1147 scilicet
756 1100 777 1147 a
795 1081 982 1149 Platonicis.
1007 1081 1091 1148 Narn
1113 1081 1177 1163 ipse
1191 1080 1265 1167 suit

137 1190 279 1257 Platonis
296 1189 480 1272 discipulus.
500 1188 702 1270 improbando
718 1192 822 1255 autern
838 1193 908 1275 ejus
924 1188 1118 1271 opinionem,
1136 1189 1263 1254 sideba-

137 1302 191 1364 tur
216 1301 284 1386 ejus
308 1295 418 1363 honori
442 1297 653 1380 derrogare...
683 1296 847 1363 Deinde...
875 1294 1012 1363 ostendit
1035 1292 1260 1383 (Aristoteles)

137 1408 221 1490 quod
242 1404 297 1471 loc
314 1422 383 1469 curn
403 1421 466 1468 non
486 1402 751 1469 debelretraltere.
777 1403 861 1485 Quia
875 1402 1031 1469 uidebitur
1046 1402 1158 1468 nulius
1179 1420 1259 1478 esse,

137 1514 246 1589 idest,
263 1512 363 1595 inagis
381 1511 538 1577 honesturn
555 1514 588 1575 et
601 1512 647 1575 ad
662 1511 755 1575 bonos
769 1528 868 1575 mores
885 1511 1062 1591 pertinens,
1086 1514 1118 1575 el
1131 1510 1262 1575 omnino

137 1624 294 1703 oportere,
314 1622 353 1684 ut
368 1618 454 1685 honio
471 1636 534 1683 non
553 1620 699 1683 vereatur
720 1624 900 1701 oppugnare
913 1616 1096 1702 familiares
1117 1635 1190 1682 suos
1203 1622 1263 1698 pro

136 1730 239 1795 salute
253 1727 404 1793 veritatis.
422 1724 571 1793 Estenim
585 1725 639 1790 hoc
652 1726 729 1790 adeo
743 1725 951 1790 necessarium
972 1727 1017 1810 ad
1033 1725 1127 1790 bonos
1149 1741 1261 1801 mores,

139 1840 177 1902 ut
190 1836 257 1901 sinc
275 1835 329 1899 hoc
342 1834 444 1898 virius
458 1832 641 1900 conseruari
654 1850 717 1899 nort
731 1832 843 1913 possit.
862 1831 937 1898 Nisi
952 1816 1035 1897 enim
1049 1831 1136 1900 hano
1148 1830 1263 1896 nirda-

138 1942 422 2028 temsarniliarilius
434 1940 613 2025 proferret,
640 1958 828 2024 consequens
849 1942 942 2014 essct,
961 1941 1049 2024 'quod
1069 1939 1157 2003 horno
1181 1938 1265 2014 falsa
1299 2018 1302 2023 Ι

130 2050 257 2137 judieii
274 2052 307 2115 et
319 2050 401 2126 falsa
418 2047 592 2113 testimonia
612 2047 768 2133 prrsscrret
789 2054 849 2130 pro
876 2046 1053 2132 defensione
1080 2044 1266 2124 amicorum·

138 2160 222 2242 quod
242 2161 290 2223 est
305 2160 414 2222 contra
432 2156 589 2223 virtutem.
611 2157 651 2220 El
666 2155 809 2239 qmrnvis
826 2153 1046 2221 universaliter
1056 2153 1179 2218 ratione
1192 2159 1266 2234 per·

138 2266 253 2332 tinente
273 2266 317 2330 ad
333 2282 438 2329 omnes
456 2262 592 2328 homines
610 2263 729 2328 ueritas
742 2262 786 2327 sit
794 2261 994 2347 proferenda
1008 2260 1133 2336 amuis,
1149 2260 1267 2342 specili-

138 2374 211 2439 li'ter
228 2376 330 2437 tamen
354 2370 408 2435 hoc
424 2370 660 2455 oportetlacere
678 2369 890 2451 Philosophis,
910 2369 966 2454 qui
987 2372 1065 2433 sunt
1076 2372 1267 2454 professores

138 2480 318 2563 sapientiae,
338 2496 406 2563 quin
423 2480 471 2543 est
481 2477 619 2561 cognitio
634 2476 791 2543 veritatis.

207 2588 300 2670 Quod
311 2589 415 2651 autern
428 2588 566 2666 oporteat
581 2584 902 2669 ueritatemprieserre
921 2584 1047 2660 amicis,
1063 2583 1200 2649 ostendit
1209 2584 1266 2649 lac

138 2695 272 2762 ratuni.
293 2693 376 2776 Quia
394 2694 439 2771 cr',
456 2692 576 2778 quiesi
594 2691 695 2776 magis
717 2692 851 2768 amaus,
879 2695 928 2757 est
948 2693 1158 2779 deserendum.
1186 2691 1268 2757 Cum

138 2807 241 2868 autem
259 2803 421 2867 habeamus
438 2800 610 2866 amicitiam
623 2801 668 2865 od
679 2800 785 2878 ambo,
805 2800 928 2867 scilicet
938 2804 982 2866 od
994 2800 1158 2866 ueritatem
1175 2804 1209 2866 ct
1223 2804 1268 2866 ad
1299 2829 1303 2838 ·

140 2911 303 2986 domitum,
318 2908 418 2993 niagis
431 2909 574 2972 alemus
587 2926 693 2972 amare
705 2908 880 2984 ueritatem,
897 2927 990 2992 quain
1005 2907 1168 2983 hominem,
1191 2909 1267 2992 quia

139 3018 308 3092 hominem,
323 3015 477 3097 principiae
484 3016 624 3080 debemus
635 3033 741 3081 amare
753 3019 876 3098 propter
890 3016 1264 3091 veritatemi-virtulem,

139 3130 178 3192 ut
194 3127 228 3190 i'n
251 3127 300 3190 8.⁰
315 3122 428 3209 (libro)
445 3121 536 3208 hujus
555 3121 677 3208 (operis
694 3124 732 3187 de
755 3123 888 3205 Ellicis)
907 3123 1040 3189 dicetur.
1065 3123 1192 3188 Veritas
1209 3142 1267 3189 au-

139 3239 200 3299 lem
212 3236 258 3298 est
272 3231 393 3296 omnus
406 3229 586 3316 hujusmodi
596 3231 859 3311 superexcellens,
875 3230 929 3295 eui
948 3230 1076 3296 debetur
1093 3231 1268 3296 reverentia

138 3340 277 3407 honoro.
293 3337 394 3406 Etiam
411 3337 529 3404 veritas
542 3340 589 3403 est
600 3339 754 3423 quoddam
767 3336 931 3403 divinum:
941 3337 978 3402 in
990 3338 1058 3403 Deo
1072 3336 1155 3402 enirn
1164 3338 1268 3420 prino

137 3453 173 3514 et
183 3447 401 3532 principaliter
417 3445 589 3512 inuenitur.
610 3447 649 3511 El
665 3445 734 3510 ideo
750 3446 924 3531 cpruludit,
944 3447 1027 3529 quod
1050 3445 1192 3510 sanctum
1222 3449 1270 3511 est

132 3555 359 3640 pralonorare
381 3553 543 3619 veritatem
565 3552 741 3636 horninibus
755 3553 878 3620 amicis.
896 3551 988 3618 Dicit
1007 3552 1091 3618 eninr
1104 3551 1269 3619 Androni·

134 3682 194 3730 cus
203 3661 436 3745 peripateticus,
447 3663 531 3746 guod
542 3660 693 3726 sanctitas
704 3663 760 3735 est,
775 3678 844 3744 quin
849 3659 938 3745 sacit
941 3659 1054 3745 fideles
1067 3663 1100 3725 et
1108 3664 1267 3727 servantes

136 3789 196 3848 ea,
210 3787 278 3854 quo
289 3771 333 3834 ad
347 3770 463 3836 Deum.
467 3767 567 3851 Juxta
581 3767 635 3833 ltoc
645 3767 738 3834 etiam
751 3771 800 3834 est
809 3768 963 3835 sententia
974 3767 1135 3844 Platonis,
1150 3767 1208 3853 qui
1219 3787 1270 3834 re·

133 3878 277 3961 probans
290 3875 464 3958 opinionem
477 3875 629 3959 Magistri
639 3876 691 3942 sui
699 3875 790 3952 di'cit,
803 3879 888 3960 qriod
899 3878 1017 3958 oportet
1027 3874 1267 3960 magisdencri-

140 3990 205 4053 tale
216 4002 346 4060 curare,
362 4001 456 4068 quam
469 3985 507 4048 de
520 3984 627 4067 aliqua
643 3983 719 4049 alio.
736 3985 776 4049 Et
786 3983 865 4050 olibi
882 3984 976 4049 ilici't:
995 3983 1127 4049 Ami'aus
1144 3983 1269 4068 quidem

137 4095 302 4168 Socrates,
317 4095 373 4157 sed
385 4091 480 4175 magis
502 4090 604 4156 amica
625 4091 752 4156 veritas.
774 4093 813 4158 Et
843 4091 879 4155 in
897 4091 961 4158 alio
979 4093 1062 4157 loco:
1075 4092 1125 4157 De
1140 4092 1268 4159 Socrate

141 4200 266 4288 guidem
276 4202 391 4282 parurn
402 4202 450 4264 est
460 4200 653 4272 curandum,
668 4200 706 4269 de
716 4198 847 4264 veritate
860 4201 993 4265 multum
1002 4197 1033 4287 (ι
1042 4195 1067 4288 ).

211 4307 338 4385 Quibus
364 4306 480 4372 similia
505 4304 615 4371 docuit
644 4303 677 4374 S.
706 4305 929 4392 Augustinus:
954 4309 1019 4392 Ego
1035 4305 1267 4388 enirn,inquit,

135 4417 240 4496 faleor
256 4412 407 4481 euanuit
423 4417 499 4489 tiia,
514 4412 589 4478 solis
602 4412 646 4478 eis
659 4413 895 4495 Scripturarurn
908 4415 1014 4491 libris,
1029 4413 1160 4501 quipanr
1174 4430 1270 4479 cano

140 4521 213 4589 nui
228 4522 442 4604 appellantur,
462 4520 563 4586 di'dici
589 4520 669 4585 lunc
692 4519 832 4586 timorem
856 4521 1057 4607 honoremque
1076 4521 1215 4606 deferri,
1234 4523 1272 4585 ut

151 4697 406 4712 ..—...—-..-

181 4754 223 4822 (i)
260 4751 293 4810 S.
309 4752 425 4818 Thom,
446 4761 483 4810 1.⁰
496 4750 639 4820 tithicam,
654 4753 721 4811 leet.
738 4753 778 4820 6.‚
796 4771 910 4824 paragr.
927 4729 959 4820 i,
975 4773 1001 4810 c.
