3492 5525
510 470 526 513 a
738 490 750 509 -
908 450 1130 515 Inrnouucrro

355 656 357 659 ·
400 640 402 643 ’
466 644 645 719 sapientiae
664 634 728 723 (a).
749 638 786 703 Et
804 636 921 701 exinde
941 654 1061 701 nomen
1081 636 1230 717 sapientis
1248 638 1460 702 immutatum
1480 636 1581 700 estin

467 763 587 811 nomen
614 744 807 826 Philosophi,
841 753 875 809 et
903 762 1024 809 nomen
1051 743 1209 824 sapientia
1236 742 1269 809 in
1298 763 1419 809 nomen
1445 743 1583 809 Philoso-

461 848 597 939 potas(
624 849 649 938 ).

532 958 756 1028 Quamobrem
775 966 809 1023 ut
824 956 1021 1043 intelligatur
1034 959 1111 1041 quid
1124 957 1166 1026 sit
1180 958 1401 1042 Philosophia,
1418 958 1584 1023 declaran-

465 1069 545 1133 dum
562 1076 628 1143 est,
651 1067 730 1149 quid
744 1068 785 1133 sit
798 1058 969 1151 sapientia.

254 1162 451 1289 ξξζὶξᾚζζὲζζο
503 1192 535 1237 2.
580 1173 948 1257 Atsapientiatrilariam
959 1172 1059 1257 accipi
1071 1181 1195 1278 potest:
1212 1174 1316 1257 primo
1327 1172 1583 1257 procognitione

313 1305 391 1360 prima,
466 1300 573 1347 rerum
590 1279 733 1350 maxime
753 1282 925 1345 universali
940 1300 996 1364 per
1007 1280 1180 1374 altissimas
1195 1298 1328 1345 causas:
1350 1299 1449 1364 quarn
1465 1280 1583 1344 descri-

466 1387 513 1453 bit
536 1388 727 1453 Aristoteles
747 1388 837 1453 initio
856 1406 925 1453 suae
944 1388 1175 1473 Metaphysicae
1191 1386 1242 1473 (3)
1257 1396 1289 1453 et
1309 1406 1370 1452 nos
1389 1388 1421 1451 in
1436 1406 1497 1452 suo
1512 1388 1583 1452 loco

465 1494 703 1575 describemus;
720 1502 769 1559 est
784 1495 871 1559 enim
888 1496 921 1559 in
932 1495 994 1559 hoc
1009 1512 1105 1561 sensu
1122 1477 1279 1579 sapientia
1294 1493 1424 1559 habitus
1436 1493 1583 1577 specialis

466 1601 739 1685 praestantissima
755 1602 910 1677 scientie,
928 1610 960 1665 et
974 1602 1005 1666 in
1025 1602 1143 1667 eodem
1160 1600 1277 1667 dicitur
1295 1601 1518 1686 Metaphysica
1532 1618 1584 1664 sa-

459 1709 596 1789 pientia,
620 1718 652 1775 et
667 1708 862 1791 Philosophia
872 1708 977 1790 prima
992 1709 1043 1773 vel
1068 1708 1259 1793 simpliciter
1277 1707 1472 1790 Philosophia
1490 1707 1583 1790 quasi

466 1834 521 1898 per
536 1818 808 1883 antonomasiam.

530 1922 681 1989 Secundo
700 1924 840 1988 sumitur
857 1922 1011 2005 sapientia
1033 1942 1090 2007 pro
1111 1922 1302 1989 excellentia
1323 1923 1354 1988 in
1382 1923 1497 2005 quavis
1518 1924 1585 1986 arta

465 2031 516 2094 vel
537 2030 682 2104 scientia,
707 2039 762 2095 aut
777 2049 834 2113 pro
856 2039 923 2095 arte
944 2032 994 2095 vel
1015 2031 1149 2096 scientia
1166 2030 1310 2115 cujusvis
1326 2029 1368 2094 rei
1392 2031 1532 2112 perlecta
1552 2040 1583 2095 et

464 2147 708 2203 consummata:
733 2155 800 2219 quo
822 2146 916 2219 pacto
937 2138 1066 2221 sapiens
1088 2137 1205 2203 dicitur
1226 2158 1258 2203 v.
1281 2158 1316 2223 g.
1338 2136 1503 2213 medicus,
1528 2136 1582 2219 qui

467 2244 617 2309 medendi
634 2255 734 2310 artem
751 2244 982 2328 perfectissime
996 2247 1101 2312 callet.

531 2350 637 2417 Tertia
651 2361 700 2416 est
713 2352 856 2435 acceptio
870 2352 1030 2432 sapientia
1045 2365 1102 2435 pro
1112 2353 1302 2418 collectione
1317 2350 1466 2417 omniurn
1480 2350 1585 2415 scien-

464 2457 596 2525 tiarum:
619 2470 651 2525 et
666 2460 698 2524 in
714 2461 772 2524 hac
787 2458 1025 2543 significatione
1043 2458 1201 2543 sapientia
1216 2478 1282 2524 non
1303 2460 1456 2543 importat
1479 2476 1581 2522 unum

464 2566 716 2631 determinatum
738 2566 883 2631 habitum
900 2567 1059 2641 scientiae,
1083 2568 1139 2631 sed
1154 2567 1418 2649 complexionem
1441 2564 1582 2649 plurium

465 2672 652 2750 habituum,
674 2675 804 2739 adeum
821 2674 959 2739 modum
975 2692 1042 2756 quo
1054 2674 1198 2759 justitia,
1217 2674 1249 2738 in
1265 2674 1407 2756 quadam
1423 2671 1584 2755 acceptio

466 2799 518 2858 ne,
543 2801 608 2846 non
625 2801 724 2848 unam
742 2783 936 2864 peculiarem
956 2783 1125 2860 virtutem,
1142 2783 1200 2846 sed
1220 2791 1418 2847 concentum
1438 2800 1475 2846 ac
1492 2781 1584 2845 recti-

462 2889 610 2953 tudinem
631 2889 777 2955 omnium
799 2889 956 2955 virtutum
979 2889 1155 2954 voluntatis
1170 2888 1329 2974 significat
1344 2885 1407 2975 (4).
1426 2887 1536 2970 Atque
1551 2887 1581 2951 in

463 2997 523 3059 hoc
538 3014 636 3061 sensu
653 2997 808 3079 sapientia
824 2997 873 3060 vel
890 2997 1094 3078 Philosophia
1107 2996 1241 3060 definita
1253 3006 1303 3061 est
1317 3016 1334 3059 a
1348 2994 1483 3070 Stoici&
1499 3005 1584 3059 teste

463 3103 633 3169 Plutarcho
652 3101 715 3190 (5);
738 3103 929 3168 Divinarum
947 3115 980 3170 et
999 3104 1206 3168 humanarum
1225 3122 1333 3169 rerum
1358 3103 1502 3187 cognitio
1527 3112 1584 3167 aut

497 3297 538 3370 (ι)
575 3297 606 3356 S.
623 3299 727 3356 Thom.
744 3297 793 3357 lib.
817 3319 840 3355 r.
858 3299 986 3371 Metaplr.
1003 3299 1068 3356 lect.
1086 3319 1101 3370 3
1117 3298 1203 3369 paulo
1219 3313 1284 3370 post
1299 3297 1415 3356 initium
1432 3296 1494 3355 Cir.
1512 3317 1540 3357 2.
1556 3317 1582 3355 a.

461 3407 490 3458 q.
510 3389 568 3444 186.
586 3402 640 3445 art.
658 3409 683 3457 a,
702 3389 737 3446 ad
756 3399 813 3446 1.”⁸¹¹

496 3477 536 3548 (a)
574 3477 770 3550 Pythagoram
794 3478 871 3535 enirn
895 3479 1086 3536 «Phliuntem
1107 3477 1203 3535 ferunt
1222 3479 1351 3546 venisse,
1374 3494 1500 3548 eumque
1514 3498 1581 3536 curn

462 3567 581 3634 Leonte,
601 3566 734 3638 Principe
749 3569 963 3634 Phliasiorum,
980 3570 1061 3625 docte
1077 3570 1236 3640 etcopiose
1254 3569 1428 3624 disseruisse
1437 3569 1583 3640 quadam,-

460 3658 546 3731 cujus
561 3659 714 3733 ingenium
729 3667 757 3714 et
770 3659 964 3731 eloquentiam
983 3677 1047 3714 cum
1061 3659 1220 3715 admiratus
1239 3667 1313 3714 esset
1332 3657 1426 3726 Leon,
1448 3659 1584 3730 quaesisse

461 3767 499 3803 ex
511 3767 556 3816 eo,
575 3768 632 3820 qua
644 3750 770 3804 maxime
785 3757 848 3804 arte
862 3746 1032 3819 confiderel,·
1048 3757 1078 3804 at
1093 3749 1194 3804 illum:
1211 3748 1312 3804 Artem
1328 3748 1441 3819 quidem
1455 3767 1486 3804 se
1506 3748 1584 3803 scire

461 3839 590 3904 nullam,
610 3837 660 3893 sed
678 3857 738 3894 essa
757 3843 994 3908 Philosophum·
1021 3836 1113 3895 idest
1134 3837 1300 3894 studiosum
1319 3837 1365 3894 vel
1389 3836 1513 3894 amicum
1537 3856 1584 3894 aa·

461 3926 577 3996 pientiae
595 3925 714 3991 (Cicero
736 3927 896 3983 Tusculan.
912 3935 1010 3998 quast.
1033 3927 1083 3983 lib.
1108 3946 1119 3998 5
1136 3947 1198 3998 cap.
1220 3932 1262 3998 3.)
1280 3925 1325 3983 Cs.
1342 3927 1466 3998 Diogen.
1488 3925 1584 3985 Laert.

461 4020 510 4077 lib.
535 4040 543 4074 r
567 4016 602 4072 de
629 4015 707 4070 Vitis
727 4015 936 4086 Philosophor,·
959 4016 1108 4072 Plutarch.
1129 4017 1166 4073 de
1184 4017 1294 4073 Placit.
1311 4017 1479 4089 Philosoph.
1501 4017 1542 4074 lib
1561 4039 1582 4082 ι,

459 4130 523 4179 cap.
543 4103 718 4179 33quintil.
735 4103 784 4160 lib.
811 4123 841 4160 ra
862 4125 924 4176 cap.
948 4126 984 4172 1.,
1007 4103 1145 4162 Clemens
1162 4106 1304 4162 Alexand.
1326 4105 1374 4162 lib.
1402 4127 1425 4163 1.
1444 4106 1583 4166 Stromat.

460 4218 485 4256 c.
505 4215 536 4270 14
550 4208 579 4253 et
590 4195 638 4252 lib.
655 4213 682 4266 4.
698 4213 760 4264 cap.
779 4213 809 4265 33
823 4193 955 4262 Jamblie.
973 4195 1022 4252 llb.
1042 4217 1064 4251 1.
1080 4196 1115 4252 cle
1127 4194 1204 4253 Sect.
1223 4196 1429 4267 Pythagorae„
1449 4196 1583 4256 Lactant.

460 4288 508 4346 lib.
525 4287 696 4360 4Da'va'nar.
709 4285 805 4342 Instit.
820 4303 883 4354 cap.
895 4305 927 4354 23
941 4283 972 4340 S.
987 4286 1115 4357 August.
1125 4284 1174 4344 lib.
1190 4304 1221 4358 14
1231 4287 1265 4342 de
1278 4285 1388 4342 Trinit.
1399 4307 1460 4358 cap.
1478 4308 1502 4344 1.
1514 4274 1583 4346 na.

461 4391 491 4435 et
505 4377 555 4434 lib.
571 4375 589 4431 8
603 4375 637 4431 de
652 4375 735 4432 Civa't
751 4375 807 4430 Dei
820 4394 882 4445 cap.
899 4394 924 4431 a.

495 4471 535 4538 (3)
573 4464 636 4521 Lib.
663 4485 673 4520 1
692 4464 822 4536 Metaph.
838 4485 901 4536 cap.
917 4483 943 4520 a.
960 4463 1036 4521 Vide
1054 4463 1093 4524 ib.
1114 4463 1147 4522 S.
1167 4465 1272 4524 Thom.
1294 4467 1358 4526 leet.
1379 4487 1406 4525 2.
1427 4481 1455 4526 et
1475 4466 1585 4525 Suarez

459 4555 534 4626 disp.
555 4575 567 4610 r
586 4554 717 4627 Metaph.
733 4565 800 4611 sect.
817 4571 842 4624 5.
860 4573 890 4610 n.
907 4575 939 4626 7,
954 4554 987 4622 B,
1000 4573 1081 4625 seqq.

494 4646 535 4717 (4)
572 4642 633 4701 Cir.
651 4642 740 4700 Suar.
755 4641 832 4716 disp.
851 4643 921 4700 Met.
940 4663 950 4700 r
968 4658 1035 4702 sect.
1055 4663 1084 4715 ς,
1101 4665 1130 4704 n.
1150 4667 1176 4719 7.

494 4739 534 4808 (5)
572 4733 721 4792 Plutarch.
738 4735 782 4792 De
797 4732 1051 4791 PlacitisPlriIos.
1068 4733 1118 4793 lib.
1134 4755 1277 4807 rprooern.
