3492 5525
235 440 355 505 Anric.
380 456 439 522 aa·
458 442 510 505 An
533 460 674 505 ursinus
696 459 855 509 solentne
876 461 926 507 sn
947 458 1088 507 sinetsx
1128 460 1185 525 99¹

161 622 278 699 'Qsam
298 623 338 688 ad
358 641 427 687 rem
447 621 567 689 faciunt
579 624 646 689 haec
665 640 801 707 quoque
816 623 926 689 verba:
945 622 1026 689 Cam
1042 622 1157 708 aliquis
1171 630 1230 705 per

100 731 285 796 exercitium
297 733 426 813 adeptus
446 733 495 795 est
510 729 724 796 lrheratiiotem
742 731 828 797 circo
845 731 1011 797 nannetes
1031 730 1226 808 donationes,

99 841 134 902 et
148 842 303 919 sumptas,
330 820 360 902 si
376 837 576 919 superveniat
595 837 625 902 ci
641 837 837 903 abnndantia
859 838 1083 920 pecuniarum,
1109 838 1229 905 modico

99 944 249 1009 exercitio
265 945 407 1029 acquiret
418 944 655 1029 magnificentia
669 946 826 1012 habitam:
839 945 924 1010 sicin
937 944 1097 1011 Geonnter
1110 945 1229 1012 marco

99 1052 205 1117 studio
222 1052 361 1136 acquirit
374 1052 538 1118 scientiam
554 1053 690 1138 aiicujus
702 1051 924 1129 conclusionis,
945 1070 1038 1137 qnam
1057 1070 1229 1138 numquam

101 1157 342 1247 consideravit(
368 1158 395 1246 ).

172 1268 328 1350 idemque
344 1266 459 1350 probat
474 1269 544 1333 hac
563 1266 626 1333 alia
642 1268 820 1335 sententia:
834 1267 926 1338 Sicut
942 1285 1006 1333 nno
1020 1270 1084 1333 tota
1097 1267 1230 1333 scicntia

102 1374 332 1455 conprehendit
348 1376 407 1439 snb
429 1394 462 1439 se
478 1375 619 1441 diversas
636 1375 783 1440 scientias
800 1376 1027 1459 particulares,
1047 1375 1159 1460 quitatis
1179 1376 1230 1441 di·

101 1500 199 1547 versae
219 1483 432 1550 conclusiones
453 1486 699 1564 cognoscantur,
725 1482 770 1547 ita
797 1482 891 1548 eiiam
915 1483 984 1563 ipsa
1003 1500 1068 1547 nna
1093 1482 1230 1567 cognitio

102 1588 237 1671 Angeli,
257 1608 326 1673 qna
343 1593 390 1654 est
404 1589 498 1674 quasi
512 1590 667 1673 quoddam
681 1593 795 1666 mium,
814 1590 1043 1671 comprehendit
1054 1591 1112 1655 snb
1130 1608 1161 1655 se
1178 1609 1230 1656 co-

97 1681 268 1779 gnitionem
281 1696 467 1763 matutinam
484 1700 518 1761 et
530 1697 739 1779 vespertinam
751 1697 844 1781 qnasi
855 1700 979 1779 partes,
998 1699 1083 1762 stent
1095 1714 1185 1763 manc
1198 1701 1233 1763 ct

102 1810 228 1884 vespere
240 1808 317 1870 sunt
328 1809 437 1885 partes
453 1803 519 1869 diei
530 1804 707 1887 temporalis
721 1803 736 1890 (
760 1800 786 1893 ).
930 1790 932 1796 ’

171 1909 290 1987 Quaere
305 1929 371 1977 non
390 1921 459 1987 est,
476 1931 533 1977 cur
547 1911 673 1995 patroni
697 1910 811 1995 prioris
829 1910 1000 1976 sententiae
1023 1910 1228 1995 triumphent
1315 1932 1376 1989 Quia

104 2019 148 2083 ob
167 2019 394 2087 auctoritatem
414 2018 448 2087 S.
464 2018 617 2096 Thomae,
633 2028 749 2103 utpote
762 2018 818 2104 qui
834 2017 941 2104 magis
954 2016 1034 2103 ipsis
1047 2020 1130 2083 forte
1150 2036 1229 2085 con·
1256 2005 1430 2123 iffi?

103 2127 248 2204 tradicit,
265 2146 366 2213 quam
381 2128 469 2194 favet
486 2124 551 2216 (3).
571 2126 634 2192 Sed
644 2130 714 2213 jam
734 2127 813 2212 quid
832 2128 873 2193 de
890 2146 923 2191 re
942 2126 1010 2211 ipsa
1032 2126 1226 2201 sentiamus,
1274 2148 1411 2205 probabilius

103 2234 314 2318 aperiendum
334 2243 397 2301 est.
733 2236 741 2255 ‘
957 2224 961 2231 ’
1249 2219 1437 2266 ⁶³⁰‘¹²⁶¹¹¹¹²‘⁸”·
1545 2309 1548 2324 Ι

148 2412 226 2481 292.
274 2383 477 2463 eloacam.
525 2400 740 2463 probabilius
766 2400 903 2463 videtur
931 2400 1086 2464 selenae
1114 2400 1229 2463 totam

101 2508 258 2569 habitum
280 2525 350 2569 non
373 2526 452 2570 esse
475 2509 674 2586 qualitatem
697 2508 890 2587 simplicem
916 2518 1017 2587 atque
1039 2508 1230 2570 indivisibi-

102 2616 189 2687 lem,
210 2615 271 2677 sed
282 2616 562 2694 ‘complexionem
580 2616 732 2694 plurium
749 2616 945 2694 partialium
967 2616 1160 2677 habituum.

148 2777 250 2838 Prob.
275 2791 322 2839 1.0
368 2772 483 2838 Stante
501 2771 662 2839 contraria
684 2773 847 2848 doctrina,
868 2773 1070 2856 quicumque
1097 2771 1228 2838 conclu·
1291 2792 1398 2840 ematur

100 2880 228 2946 sionem
240 2880 382 2964 aliquam
394 2901 452 2965 per
462 2881 777 2948 demonstrationem
791 2881 938 2958 addiscit,
954 2880 1099 2946 habitum
1118 2880 1226 2964 quoad
1240 2867 1442 2982 '‘mfflm'ffffl’

103 2988 281 3054 essentiam
296 2987 461 3074 integrum
483 2988 584 3056 totius
601 2989 742 3055 scientiae
755 2989 838 3054 illico
852 2987 1055 3073 assequitur,
1073 3006 1225 3072 capacem
1267 3009 1364 3054 aiente
1375 3023 1419 3054 nos

75 3127 78 3130 ⁴
103 3097 218 3160 elicere
238 3097 377 3180 reliquas
396 3116 513 3163 omnes
530 3098 757 3169 conclusiones
775 3097 923 3183 ejusdem
943 3095 1051 3162 totalis
1070 3095 1225 3163 scientiae.
1240 3093 1290 3127 “⁸²
1308 3081 1440 3144 ’ΨΜ
1510 3165 1515 3181 ,

104 3202 204 3287 Atqui
224 3206 286 3270 hoc
304 3204 508 3289 impossibile
527 3204 665 3271 omnino
684 3204 823 3272 videtur.

170 3313 253 3378 Nam
273 3312 404 3380 habitus
422 3311 608 3400 (loquimur
625 3314 666 3378 de
690 3312 854 3379 habitibus
878 3309 1062 3400 acquisitis)
1090 3320 1140 3378 est
1165 3310 1228 3376 im-

103 3419 246 3485 mediata
265 3420 397 3486 facilitas
415 3422 456 3485 ad
475 3430 579 3490 actus.
597 3419 697 3504 Atqui
712 3419 901 3486 immediata
920 3419 1052 3486 facilitas
1071 3418 1228 3503 acquisita

102 3536 271 3612 peractus
290 3539 457 3595 versantes
477 3549 510 3594 ν.
531 3549 565 3614 g.
588 3529 671 3594 circa
689 3529 914 3595 extensionem
943 3529 994 3594 vel
1020 3527 1227 3594 essentialem

100 3653 277 3718 corporum
308 3635 597 3715 constitutionem,
628 3655 694 3702 non
722 3645 774 3702 est
804 3636 994 3702 immediata
1025 3634 1159 3702 facilitas
1188 3633 1229 3700 ad

99 3741 329 3809 conclusiones
356 3743 439 3809 circa
458 3746 604 3828 plantae,
623 3745 674 3810 vel
694 3743 857 3821 animalia,
879 3745 929 3809 vel
960 3743 1127 3820 homines,
1155 3743 1229 3808 licet

100 3849 215 3915 omnia
233 3850 301 3915 haec
325 3851 387 3916 sub
412 3851 541 3936 objecto
571 3871 608 3918 ac
633 3851 756 3918 ratione
778 3851 905 3918 formali
932 3850 1149 3936 Philosophiae
1173 3868 1230 3915 na-

103 3957 218 4023 turalis
237 3957 366 4024 cadant.
387 3957 513 4042 Ergo...
1297 3943 1299 3950 '

170 4069 287 4133 ltinor
306 4066 375 4131 haec
403 4075 569 4150 postrema
588 4063 802 4154 probatura)
825 4066 1040 4152 experientia,
1061 4074 1094 4132 et
1116 4063 1157 4154 β)
1181 4083 1230 4130 ra-

102 4171 206 4238 tione.

102 4353 372 4367 -ψ

139 4463 181 4532 (1)
220 4480 244 4519 1.
260 4481 286 4528 2,
300 4480 330 4533 q.
346 4461 393 4532 65,
406 4481 433 4519 a.
453 4481 463 4519 1
480 4460 516 4520 ad
535 4468 592 4518 1.⁸¹¹
610 4460 641 4519 in
656 4461 722 4520 fine.

139 4550 182 4620 (a)
221 4549 313 4608 Verit.
330 4571 358 4622 q.
372 4551 400 4621 8,
416 4569 443 4608 o.
463 4549 505 4620 16,
522 4551 558 4608 ad
572 4561 635 4623 4¹¹

103 4643 203 4800 “3⁶
216 4638 423 4788 (ZinnSuarez,
438 4639 517 4713 disp.
535 4639 617 4712 Met,
630 4659 677 4714 44,
693 4653 762 4699 sect.
782 4660 821 4708 lt,
840 4659 869 4698 n.
887 4640 931 4713 563
947 4639 1095 4712 Lossads,
1108 4641 1162 4701 loc.
1178 4639 1227 4700 cit.

161 4771 170 4789 ο
204 4769 212 4800 p
252 4773 259 4788 ι
299 4771 306 4787 ι
351 4766 355 4775 ’
