3492 5525
364 428 564 507 Aarrc.‚-2,⁰⁸
588 429 787 508 Ruaursnus·
802 409 961 530 ararorqa.
1085 464 1088 469 ·
1123 426 1203 512 673³

100 617 191 683 enirn
212 614 349 700 singulae
361 610 634 680 individuationes
652 622 772 679 certam
788 613 931 695 aliquam
952 621 1102 679 naturam
1121 610 1227 677 vindi-

100 731 229 798 carent,
250 738 392 805 cumque
411 719 481 787 aliis
499 728 737 805 repugnarent,
765 721 816 785 hae
845 738 980 805 quoque
1007 718 1224 805 aptitudinem

101 829 239 897 retinere
259 848 326 895 non
346 838 480 913 possent
498 828 538 893 ad
554 828 624 894 illas
638 827 925 895 individuationes.
1274 813 1278 822 ’

154 990 227 1059 ιόι.
275 987 539 1071 Paouos1Tlo5.⁸
588 993 793 1072 Respuenda
810 1011 946 1074 quoque
972 1001 1026 1055 est
1055 965 1226 1055 sententia
1265 1018 1414 1068 c„,f„,„,„,

42 1189 49 1201 ¹
100 1103 315 1167 contendens
332 1102 529 1164 universale
542 1108 670 1179 aparte
689 1101 739 1163 rei
752 1101 931 1180 adaequate
946 1101 1111 1174 existere,
1127 1117 1170 1162 ex
1183 1116 1226 1162 eo
1246 1090 1432 1143 “mmm

100 1212 195 1294 quod
212 1212 312 1275 detur
327 1210 364 1271 in
377 1208 565 1271 indiuiduis
582 1209 732 1271 diversis
751 1209 853 1271 realis
867 1208 1082 1271 similitudo!

172 1372 274 1435 Proh.
294 1366 407 1432 Unitas
425 1362 643 1431 similitudinis
668 1383 733 1431 non
752 1363 873 1432 sufficit
892 1365 932 1430 ad
956 1361 1225 1433 constituendum

102 1464 299 1544 universale.
319 1472 444 1559 Ergo...

171 1580 378 1648 Antecedens
392 1588 481 1664 patet
500 1578 548 1644 r.⁰
565 1578 618 1645 llla
636 1578 724 1645 enim
745 1580 853 1648 unitas
872 1598 940 1646 non
954 1578 1074 1645 sufficit
1093 1579 1134 1644 ad
1154 1577 1226 1643 uni-

103 1691 229 1757 versale
238 1676 520 1762 constituendum,
534 1688 628 1773 cujus
639 1695 816 1771 conceptus
826 1686 1003 1754 formaliter
1013 1684 1147 1752 includit
1159 1671 1228 1771 plu·

103 1800 277 1879 ralitatem;
298 1796 458 1879 siquidem
478 1793 660 1861 universale
679 1803 730 1860 est
744 1813 850 1861 unum
869 1794 1027 1879 quiddam
1044 1794 1077 1860 in
1099 1792 1225 1862 multis

103 1906 206 1991 Atqui
235 1904 342 1971 unitas
369 1900 588 1979 similitudinis
614 1902 791 1969 formaliter
823 1900 978 1986 importat
1000 1902 1034 1968 in
1063 1909 1227 1985 conceptu

102 2032 167 2081 suo
186 2009 475 2097 multiplicitatem,
493 2028 569 2075 nam
585 2010 798 2077 essentialiter
812 2011 956 2095 postulat
969 2010 1080 2093 plura,
1098 2026 1176 2093 quae
1193 2007 1227 2075 in

102 2122 214 2205 aliquo
232 2118 442 2185 conveniant.
460 2117 589 2202 ¹Ergo...
656 2161 658 2165 .

172 2226 330 2311 Apposite
358 2225 493 2291 Suarez:
522 2224 751 2302 «Universale,
773 2234 809 2291 ut
828 2224 1028 2301 universale,
1047 2222 1228 2307 concipitur

103 2345 142 2402 ut
160 2332 337 2402 indivisum
362 2340 454 2410 actu,
475 2341 638 2415 quatenus
656 2333 719 2397 tale
738 2343 804 2409 est,
826 2340 859 2397 et
877 2330 1054 2398 divissibile
1076 2343 1110 2397 et
1137 2350 1228 2397 com-

104 2442 302 2510 municabile
316 2440 507 2525 aptitudine.
524 2439 589 2505 Res
603 2449 726 2515 autem,
743 2449 840 2524 prout
853 2460 872 2504 a
888 2449 977 2523 parte
992 2439 1036 2504 rei
1051 2449 1128 2507 sunt
1143 2439 1231 2505 sirni-

103 2555 153 2618 les
171 2551 204 2616 in
224 2559 349 2634 natura,
371 2547 481 2633 potius
499 2556 576 2613 sunt
595 2551 668 2614 actu
688 2546 816 2625 divisae,
837 2556 870 2613 et
884 2548 1065 2632 aptitudine
1083 2566 1143 2614 seu
1155 2548 1231 2625 ,fun-

102 2658 331 2725 damentaliter
349 2654 503 2733 unibiles,
527 2663 565 2721 ut
587 2654 633 2721 sic
657 2654 780 2731 dicam,
803 2654 837 2721 in
862 2674 927 2721 una
945 2665 1061 2723 natura
1079 2654 1230 2723 universe

102 2774 290 2852 concepta»
305 2760 369 2852 (ι).

156 2923 228 2992 162.
277 2924 468 2991 Pnonosnro
481 2919 536 2991 6?
582 2931 715 2991 Natura
727 2929 763 2991 in
777 2931 974 2992 nulloatatu
987 2930 1230 2994 antecedenter
1272 2947 1405 2998 comam

7 3091 9 3130 ;
101 3040 148 3103 ad
162 3038 291 3102 mentis
304 3037 537 3116 operationem
551 3036 654 3099 habet
667 3037 835 3099 unitatem
849 3046 952 3116 atque
962 3037 1228 3101 indifferentiam
1287 3019 1394 3068 Μ’·

101 3165 169 3211 seu
191 3145 433 3224 aptitudinem,
449 3151 489 3206 ut
502 3143 549 3206 sit
565 3143 601 3205 in
615 3143 753 3218 multis,
769 3145 944 3222 propriam
961 3145 1183 3208 universalis.

151 3307 252 3371 Prob.
269 3307 317 3367 ι.ο
362 3298 397 3365 Si
412 3306 526 3366 natura
536 3299 719 3366 secundum
730 3300 908 3368 sehaberet
916 3301 1060 3385 aliquam
1070 3300 1228 3368 unitatem

102 3420 204 3494 atque
220 3406 488 3482 indifferentiam,
517 3406 650 3474 deberet
668 3426 741 3476 eam
760 3406 858 3473 etiam
884 3407 917 3473 in
935 3406 1140 3476 inferioribus
1157 3408 1233 3475 reti·

102 3536 196 3584 nere.
220 3514 320 3598 Atqui
339 3532 406 3580 non
426 3513 552 3591 retinet,
569 3522 606 3578 ut
620 3513 759 3599 ipsemet
773 3516 891 3580 fatetur
904 3515 1064 3592 Fonseca,
1080 3524 1113 3582 et
1127 3525 1230 3600 patet,

102 3625 184 3710 quia
200 3641 294 3690 secus
313 3621 478 3706 singulare
496 3629 581 3686 esset
599 3621 793 3688 universale.
814 3623 941 3708 Ergo...
1035 3691 1046 3696 ,,

174 3737 298 3814 Major:
317 3728 394 3813 quia
412 3737 536 3794 natura
554 3729 738 3796 secundum
757 3747 793 3795 se
811 3731 982 3806 convenit,
1003 3730 1163 3815 quidquid
1181 3738 1232 3796 est

103 3843 148 3908 de
167 3837 307 3907 essentia
328 3838 415 3923 ejus,
437 3839 488 3902 vel
507 3848 678 3921 tamquam
697 3838 878 3923 proprietas
897 3839 1077 3908 necessaria
1095 3838 1171 3906 inde
1183 3838 1233 3906 di·

104 3949 230 4028 manat;
253 3943 414 4029 quidquid
440 3939 519 4010 verri
536 3942 568 4010 in
589 3946 724 4031 alicujus
742 3946 894 4014 essentiae
911 3945 1103 4014 definitione
1128 3946 1233 4014 eonti-

105 4064 222 4130 netur,
242 4051 396 4119 convenit
413 4050 515 4116 cuivis
534 4050 621 4117 illam
640 4055 818 4122 essentiam
838 4054 984 4121 habenti.
1085 4063 1088 4068 ·

153 4169 204 4230 a.⁰
248 4159 282 4225 Si
309 4157 435 4226 realiter
467 4165 589 4224 naturae
621 4161 810 4227 conveniret
847 4161 1089 4238 universalitas,
1119 4169 1232 4247 posset

103 4269 245 4338 existere
260 4275 374 4334 natura
384 4267 590 4342 universalis,
608 4267 640 4332 id
654 4268 741 4335 enim
757 4270 840 4337 reale
855 4278 918 4347 est,
933 4269 1024 4354 quod
1038 4269 1161 4348 existit,
1176 4277 1233 4336 aut

7 4479 8 4482 Ἴ
106 4459 378 4479 ——ffl-

147 4543 189 4608 (ι)
226 4535 350 4607 Suarea,
363 4535 416 4595 loc.
431 4533 481 4593 eit.
496 4547 565 4594 sect.
585 4555 612 4592 a.
629 4555 658 4594 ιι.
673 4553 715 4608 ις.
733 4535 796 4597 cir.
810 4535 950 4608 Lassada,
965 4537 1091 4614 Logr‘ea,
1106 4549 1191 4599 tract.
1206 4559 1234 4610 a,

7 4691 9 4716 ἱ
103 4627 185 4701 disp.
197 4645 226 4699 a,
239 4647 301 4700 cap.
316 4644 341 4695 r,
352 4647 382 4684 n.
400 4643 431 4684 ra
446 4641 540 4698 seqq.;
551 4625 661 4684 Antan.
674 4625 782 4700 Meyn,
798 4626 914 4704 Logia„
926 4626 1004 4700 disp.
1020 4649 1048 4701 3,
1057 4647 1088 4701 q.
1107 4647 1132 4699 1,
1142 4641 1197 4688 ert.
1209 4649 1236 4699 1,

105 4743 140 4781 n.
155 4738 220 4794 49¹·

1161 4833 1201 4906 43
