3492 5525
573 471 633 554 746
695 471 818 536 Loorca
834 469 1063 546 Maron-lan.
1081 483 1151 536 μ’.
1165 469 1252 540 Dran.
1272 484 1314 535 r.·
1327 471 1406 537 Can.
1421 486 1495 554 4⁰¹¹·

534 655 745 741 peculiaribus
759 655 827 722 suls
840 654 959 723 modis.
980 654 1081 720 Secus
1095 665 1206 722 autem
1222 651 1398 722 dicendum
1412 663 1517 729 esset,
1533 653 1564 720 sl
1577 653 1659 718 ratio
1732 610 1734 613 Ι

533 763 720 830 communis
734 761 922 830 differentiae
932 781 998 830 non
1013 762 1256 830 transcenderet
1265 763 1437 830 varietates
1444 759 1658 846 peculiarium

533 871 799 938 differentiarum.

341 1005 499 1059 ulmeam,
579 986 629 1064 39
673 983 793 1046 'retae
807 983 978 1062 quaeritur·
997 985 1106 1042 utrum
1130 995 1237 1061 genus
1255 980 1526 1043 transcendalseu
1536 978 1658 1042 forma

347 1075 490 1192 ffiffi‘
533 1086 604 1152 liter
621 1087 764 1182 includat
785 1084 999 1160 differentias,
1025 1102 1067 1149 an
1085 1101 1163 1149 vero
1182 1085 1376 1172 praescindat
1400 1085 1441 1149 ab
1463 1085 1539 1150 illis.
1562 1084 1657 1150 Tunc

532 1191 741 1277 predicatum
762 1191 790 1257 Α
810 1192 927 1260 dicitur
945 1191 1173 1259 transcendere
1192 1189 1369 1257 formaliter
1386 1192 1601 1276 predicatum
1620 1191 1656 1262 B.

533 1311 589 1367 aut
616 1301 649 1366 in
669 1301 724 1366 illo
747 1299 925 1365 formaliter
950 1299 1090 1382 includi,
1111 1299 1245 1382 quando
1268 1301 1406 1384 pertinet
1431 1300 1473 1366 ad
1495 1282 1658 1365 definitio

535 1427 610 1474 nem
630 1427 688 1474 seu
708 1406 957 1492 explicationem
986 1406 1235 1489 quidditativam
1255 1406 1360 1483 illius,
1388 1406 1432 1472 ita
1450 1415 1490 1472 ut
1506 1406 1658 1491 predica-

532 1495 653 1581 tum'B
680 1514 748 1597 sub,
771 1513 902 1598 proprio
920 1521 1083 1598 conceptu
1108 1521 1248 1597 nequeat
1276 1515 1370 1598 plene
1389 1513 1559 1598 explicari,
1577 1514 1655 1596 quin

533 1621 659 1688 dicatur
673 1639 743 1687 esse
759 1622 799 1686 Α.
818 1622 887 1686 Hoc
902 1622 1002 1687 modo
1025 1622 1125 1687 Homo
1138 1620 1335 1687 transcendit
1349 1619 1524 1688 formaliter
1536 1621 1659 1684 ammai

534 1739 567 1795 et
580 1730 748 1806 rationale,
766 1745 871 1812 eaque
885 1728 1012 1804 omnia,
1030 1745 1088 1813 per
1101 1746 1176 1811 quae
1190 1737 1262 1794 tum
1280 1729 1404 1794 animal
1418 1739 1492 1794 tum
1502 1728 1658 1794 rwonale

533 1836 746 1902 definiuntur.
762 1836 904 1913 Quando
918 1853 997 1902 vero
1011 1835 1222 1920 praedicatum
1236 1836 1367 1918 aliquod
1377 1854 1443 1900 non
1458 1835 1657 1902 transcendit

536 1944 712 2010 formaliter
729 1943 829 2020 aliud,
850 1943 966 2009 dicitur
983 1944 1078 2009 abeo
1093 1943 1270 2008 formaliter
1288 1943 1513 2028 praescindere.

603 2051 737 2118 Certum
767 2037 829 2127 es't,
850 2052 941 2133 quod
969 2051 1096 2135 species
1118 2051 1248 2116 inferior
1272 2050 1472 2117 transcendit
1482 2050 1659 2116 formaliter
1732 2104 1733 2107 ,

534 2160 676 2226 rationes
694 2159 763 2228 sive
782 2157 947 2243 genericas
965 2159 1035 2224 sive
1054 2156 1299 2234 differentiales,
1324 2176 1400 2242 quar
1418 2159 1545 2244 species
1561 2176 1661 2241 supe-

536 2268 635 2333 riores
652 2268 684 2332 in
703 2265 821 2332 eodem
842 2265 1096 2350 predicamento
1113 2267 1336 2342 constituunt,
1356 2266 1494 2332 sicut-v.
1514 2285 1551 2350 g.
1570 2266 1659 2330 maro

535 2373 733 2440 transcendit
748 2372 888 2449 animi,
917 2373 1043 2448 vivens,
1068 2379 1198 2454 caepae,
1216 2372 1377 2448 sensibile,
1407 2373 1596 2440 niunden.
1622 2372 1659 2436 Et

466 2564 470 2574 ¹
535 2499 731 2549 econverso
754 2489 882 2546 certum
909 2488 958 2545 est
981 2479 1073 2563 quod
1096 2478 1267 2564 predicata
1289 2481 1454 2564 superiora
1481 2498 1549 2546 non
1572 2490 1661 2546 tran-

536 2589 698 2656 scendunt
717 2587 896 2673 praedicata
907 2587 1057 2654 inferiora
1073 2587 1143 2653 sive
1170 2587 1318 2672 generica
1336 2589 1407 2654 sive
1423 2587 1658 2662 differentialia,

536 2717 643 2781 neque
668 2697 755 2763 enim
782 2701 896 2778 coeptu
922 2694 1074 2760 definitur
1093 2713 1152 2779 per
1175 2695 1283 2759 vinens
1308 2703 1364 2759 aut
1391 2712 1449 2780 per
1471 2697 1658 2771 mammea,

538 2824 645 2890 neque
661 2805 770 2871 vivens
789 2822 846 2889 per
869 2803 992 2868 animal
1012 2812 1067 2868 aut
1086 2822 1143 2886 per
1160 2802 1319 2879 sensibile¹
1340 2820 1448 2886 neque
1464 2805 1588 2869 mmai
1603 2824 1661 2889 per

536 2914 687 2981 loannem
709 2920 766 2978 aut
788 2911 954 2979 rationale.
974 2909 1091 2976 Solum
1115 2929 1195 2996 ergo
1213 2909 1392 2987 dubitatur,
1412 2919 1525 2977 utrum
1538 2930 1659 2997 genus,

537 3028 593 3089 aut
610 3022 715 3097 etiam,
732 3017 913 3087 differentia
935 3017 1039 3102 ipsius
1061 3016 1292 3096 constitutiva,
1318 3019 1526 3086 transcendat
1542 3020 1662 3086 forma-

538 3128 610 3197 liter
624 3126 821 3195 differentias
839 3126 1066 3192 constitutivas
1083 3126 1264 3209 specierum
1284 3126 1490 3202 inferiorum,
1506 3146 1542 3194 v.
1561 3147 1596 3212 g.
1613 3138 1666 3194 ra·⁴

496 3231 500 3237 '
537 3236 584 3303 tio
601 3234 752 3301 animalis
769 3242 826 3301 aut
848 3232 1021 3308 sanabiles,
1041 3232 1242 3299 differentias
1257 3232 1475 3312 ealmnawis,
1502 3236 1658 3318 narnias,

539 3342 701 3410 hinnibilis
719 3354 781 3409 etc.
805 3339 980 3408 Affirmant
996 3339 1149 3424 quidam,
1170 3341 1228 3407 sed
1246 3343 1433 3409 communis
1447 3342 1610 3409 sententia
1628 3344 1660 3409 in

539 3451 630 3517 omni
641 3450 760 3517 Schola
769 3456 950 3535 negatcum
964 3447 1136 3516 Aristotele
1148 3445 1212 3537 (t),
1222 3446 1259 3513 S.
1268 3448 1395 3516 Thoma
1404 3446 1469 3539 (a),
1481 3448 1658 3538 scateo),

540 3557 662 3625 Suarez
680 3554 732 3644 (4)
751 3557 898 3639 allisque.

606 3665 644 3731 Et
663 3666 834 3749 probatur,
855 3662 932 3747 quia
951 3663 1003 3729 illa
1022 3662 1113 3729 notio
1131 3681 1198 3729 non
1220 3664 1422 3730 transcendit
1441 3665 1558 3744 aliam,
1584 3684 1662 3751 quae

541 3792 607 3839 non
633 3780 682 3838 est
700 3770 848 3837 definitio
870 3778 928 3835 aut
942 3768 1112 3854 explicatio
1130 3770 1342 3854 quidditativa
1360 3771 1459 3841 illius.
1479 3773 1582 3857 Atqui
1601 3792 1662 3839 nec

540 3898 647 3967 genus
661 3877 807 3964 superior
825 3887 876 3945 est
890 3877 1063 3962 explicatio
1075 3875 1288 3961 quidditativa
1300 3880 1511 3957 differentiae,
1527 3900 1589 3949 nec
1601 3880 1665 3945 dif-

541 3985 675 4054 ferentia
694 3984 835 4072 generis.
856 3985 981 4070 Ergo...

545 4196 811 4210 -——

578 4314 619 4375 (ι)
656 4306 722 4365 Lib.
745 4326 765 4379 4
783 4306 930 4378 Τυρίων.
944 4322 999 4375 cap
1019 4303 1397 4380 s;⁹lib.,3Metepla>eicae.‚
1413 4318 1483 4366 text.
1491 4307 1610 4369 samm.
1623 4330 1666 4369 ro.

579 4402 619 4461 (a)
655 4394 722 4453 Lib.
738 4405 778 4467 3.·
793 4394 1030 4466 Mefapltysa'cor.‚
1052 4393 1116 4451 lect.
1131 4394 1164 4462 8,
1181 4413 1297 4467 paragr.
1312 4394 1349 4464 lea
1369 4394 1420 4455 lib.
1437 4406 1476 4467 ς.·
1488 4398 1666 4475 Meaptys„

546 4488 609 4545 leet.
624 4506 650 4559 o
664 4502 778 4557 paragr.
788 4504 820 4550 e,·
833 4503 855 4540 l.
867 4502 899 4554 p.
910 4501 941 4554 q.
952 4502 979 4554 3.
991 4495 1047 4541 ert.
1060 4493 1116 4554 5³3
1128 4481 1555 4557 opumaaellaruracmrls,
1565 4510 1629 4562 cap.
1643 4512 1667 4558 ι,

545 4576 602 4645 aaa
617 4575 694 4633 etde
710 4574 783 4631 Eafe
792 4582 820 4630 et
832 4572 971 4639 essentia.
988 4590 1051 4644 cap.
1063 4592 1090 4641 a.

581 4669 623 4737 (a)
657 4674 701 4736 4·
714 4662 792 4721 Diae.
812 4682 860 4729 ιι.
877 4675 982 4733 quaet.
998 4684 1027 4735 ,ς
1040 4673 1101 4734 etp
1120 4660 1356 4736 Metepbysa‘eae„
1371 4678 1475 4737 quest.
1490 4686 1534 4739 ¹7·

581 4754 623 4827 (4)
660 4752 744 4825 Diep.
763 4752 932 4826 Meiapbya.
947 4770 998 4824 30,
1010 4764 1082 4811 acet.
1095 4769 1126 4824 4,
1140 4770 1174 4811 a·
1194 4770 1228 4824 32
1240 4762 1296 4810 ete.
