3492 5525
251 490 373 555 Anrrc.
388 488 449 555 (nur
463 490 733 554 Pnoposrrrouus
745 509 879 556 noenta
893 511 1091 560 courosrrn
1132 493 1192 558 261,

174 676 323 744 Tandem
347 677 584 743 consideranda
600 675 692 743 venit
710 677 849 761 qualitas
876 679 1075 770 modalium:
1100 681 1142 746 de
1166 699 1232 764 qua
1296 691 1399 772 Quarto·

106 787 206 852 etiam
228 783 458 869 proportionali
477 784 578 850 modo
596 785 800 870 loquendum
827 794 880 853 est
906 789 1009 854 aede
1034 789 1230 873 quantitate,
1283 762 1412 810 mmm·

108 893 242 959 materia
267 901 309 958 et
326 894 443 960 torma.
470 890 681 976 Quamquam
709 893 798 958 enim
823 901 857 958 et
880 894 1018 961 indicto
1041 894 1231 982 singillatim

106 1009 257 1087 spectato
284 1019 345 1067 sua
371 1000 413 1066 sit
438 998 593 1083 qualitas,
620 999 804 1066 secundum
831 1001 923 1086 quod
950 1001 1050 1069 habet
1080 1003 1232 1087 copulam

105 1109 335 1176 affirmativam
355 1108 407 1175 vel
432 1107 636 1193 negativam3
656 1116 776 1192 tamen,
792 1108 833 1175 de
858 1106 1015 1193 qualitate
1037 1110 1139 1176 totius
1162 1129 1234 1175 mo·

105 1218 187 1283 dalis
206 1215 440 1301 propositionis
465 1233 532 1280 non
560 1233 602 1280 ex
629 1217 691 1281 hoc
705 1215 919 1301 judicandum
948 1225 1017 1293 est,
1039 1217 1097 1284 sed
1124 1236 1165 1284 ex
1193 1235 1233 1284 eo
1262 1303 1266 1311 Ι

104 1325 200 1409 quod
215 1324 337 1389 modus
354 1321 547 1398 affirmetur,
568 1323 620 1388 vel
639 1330 779 1408 negetur
801 1324 843 1390 de
860 1323 960 1392 dicto.
981 1325 1066 1391 Nam
1092 1325 1125 1390 in
1145 1323 1234 1391 hisce

105 1429 402 1517 propositionibus,
421 1439 457 1497 ut
467 1431 536 1515 iam
550 1448 649 1515 supra
660 1431 870 1509 monuimus,
883 1432 1002 1498 modus
1014 1433 1235 1516 aequiparatur

6 1580 7 1605 r
107 1539 282 1625 praedicato
307 1536 568 1623 propositionum
597 1537 638 1602 de
663 1537 788 1615 inesse,
812 1548 845 1605 et
868 1539 992 1607 dictum
1017 1540 1183 1626 subjecto:
1204 1545 1238 1608 ri

106 1647 175 1714 idco
198 1647 232 1712 si
252 1647 363 1712 modas
386 1645 580 1728 componitur
595 1663 668 1710 cum
688 1646 773 1711 dicio
796 1645 996 1729 affimrntioe,
1016 1648 1151 1714 modalis
1173 1649 1238 1714 crit

104 1753 314 1838 affirmativas
325 1754 441 1819 sivero
453 1753 610 1836 neguitiae,
619 1753 791 1836 propositio
803 1754 1034 1840 eritnegaiiva.
1047 1755 1124 1822 Hoc
1136 1755 1233 1822 enim:

103 1870 286 1932 socratem
312 1883 383 1929 non
407 1883 548 1928 currere
574 1875 631 1928 est
654 1866 835 1944 possibile,
854 1866 904 1928 cst
926 1862 1131 1947 affirmativa,
1159 1862 1235 1948 qnia

105 1969 286 2054 compositio
310 1969 482 2034 modicum
506 1969 589 2034 dr'ctr
610 1969 806 2053 affirmatur,·
824 1969 887 2036 haec
909 1973 1030 2036 annm:
1057 1953 1235 2038 Socratem

105 2100 250 2146 currere
268 2099 338 2145 non
357 2091 413 2145 est
428 2081 607 2160 possibile,
627 2079 675 2142 cst
689 2077 850 2161 negativa,
875 2077 949 2162 quia
969 2078 1041 2144 totis
1058 2077 1236 2161 compositio

106 2182 272 2272 negatur(
297 2184 323 2273 ).

166 2295 244 2375 Jarn
268 2293 295 2359 si
324 2311 475 2359 normam
494 2293 613 2376 quaeris
640 2294 681 2359 ad
703 2292 918 2379 judicandum
947 2293 987 2357 de
1014 2290 1151 2360 veritate
1179 2303 1236 2360 rut

105 2401 248 2468 falsitate
268 2399 468 2477 modalium,
489 2419 529 2466 en
549 2401 630 2466 duas
648 2400 922 2484 simplicissimas:
951 2408 998 2466 1.⁸
1020 2401 1167 2468 Modales
1194 2401 1236 2468 de
1308 2485 1313 2492 ⁶

104 2527 265 2588 neccessc,
281 2508 465 2591 impossibili
477 2517 510 2576 et
523 2509 713 2594 contingenti
725 2526 810 2574 verae
828 2517 923 2584 sunt,
939 2508 967 2574 si
981 2527 1094 2575 earum
1111 2509 1235 2576 dictum

103 2627 256 2685 versetur
268 2618 302 2682 in
318 2617 452 2682 materia
466 2617 659 2693 necessarie,
673 2615 860 2699 impossibili
871 2625 905 2682 et
917 2615 1127 2701 contingenti·
1141 2635 1236 2683 secus

105 2734 184 2792 sunt
203 2727 306 2791 ialsae.
327 2731 378 2793 2.⁰
397 2725 545 2791 Modales
564 2724 605 2789 de
623 2723 769 2809 possibili
790 2722 974 2813 (sumendo
1000 2722 1152 2809 possibile
1177 2743 1237 2811 pro

104 2835 238 2901 diverso
256 2853 276 2899 a
292 2830 517 2920 contingenti)
535 2850 621 2899 vctae
640 2840 737 2911 sunt,
758 2832 784 2899 si
805 2834 929 2899 dictum
949 2841 1098 2900 versatur
1115 2832 1148 2899 in
1169 2852 1240 2899 ma·

104 2943 187 3008 teria
204 2949 263 3007 aut
281 2942 461 3008 neccssaria
479 2949 536 3006 aut
553 2938 774 3026 contingenti3
802 2958 898 3007 secus
918 2950 996 3007 sunt
1018 2941 1120 3009 talsae.
1141 2939 1237 3009 Ratio

105 3059 198 3137 patet
217 3067 260 3117 ex
277 3049 434 3116 hactenus
453 3047 648 3135 explanatis.

470 3258 773 3335 ARTICULUS
804 3258 878 3334 VI.

186 3413 262 3476 De
280 3410 671 3493 propositionibus
689 3414 851 3491 aperte
873 3368 1152 3491 compositio.

174 3587 445 3673 propositionum
471 3588 719 3673 complexatum
746 3605 804 3654 seu
831 3586 1118 3674 hypotheticarum
1143 3587 1240 3654 variae

108 3704 328 3764 numerantur
345 3694 486 3780 species:
503 3694 564 3760 alia
577 3694 665 3761 enim
685 3703 735 3761 est
749 3696 942 3779 copulativa,
960 3694 1019 3761 alia
1032 3695 1237 3775 disjunctiva,

106 3805 167 3872 alia
184 3803 426 3881 conditionalis,
446 3803 505 3869 alia
523 3803 661 3869 canscie’s
673 3813 706 3869 et
726 3802 877 3869 relativa:
899 3804 940 3868 de
959 3803 1080 3886 quibus
1098 3800 1237 3869 seorsim

107 3910 280 4000 agendum
299 3921 361 3979 est.
382 3910 427 3976 lit-
440 3910 548 3996 primo
567 3904 704 3994 quidem

479 4087 498 4179 p
514 4089 635 4157 l.-Dn
651 4088 870 4158 Coruirmvn.

159 4232 236 4301 116.
283 4232 477 4318 Copulativa
494 4232 674 4318 propositio
693 4242 842 4310 vocatur,
869 4252 944 4318 quae
963 4235 1073 4319 plures
1092 4234 1240 4320 pro'posi-
1252 4256 1313 4315 Qua
1323 4253 1456 4311 murnum

108 4343 218 4410 tiones
250 4342 421 4427 conjungit
452 4359 515 4425 ope
543 4341 709 4427 particulae
738 4342 933 4426 copulativa
960 4346 993 4407 et
1014 4342 1067 4407 vel
1094 4360 1150 4407 nec
1173 4350 1238 4408 etc.

109 4452 152 4519 Ut
169 4451 198 4517 si
219 4450 325 4516 dicas:
347 4450 461 4517 Petrus
477 4452 606 4560 sedetet
623 4450 745 4515 Paulus
761 4451 911 4516 aminiot.
928 4448 1118 4517 Secundum
1137 4467 1239 4534 quarn

145 4706 197 4803 (ι).
223 4699 338 4760 Summ.
367 4698 473 4759 Totins
495 4700 572 4776 Log.
588 4698 704 4769 Arist,
726 4699 780 4759 loc.
796 4699 861 4770 cit,
882 4720 944 4773 cap.
969 4720 1012 4760 12.
1028 4698 1075 4761 cl.
1092 4700 1166 4761 alios
1178 4701 1240 4759 An.

120 4810 240 4861 passim
