3492 5525
411 473 414 478 -
479 433 598 496 Anne.
624 445 682 496 ω·
702 431 877 496 Durrmrro
1139 448 1194 494 arr

113 616 191 682 linis
208 615 402 691 deliniendi,
428 634 487 682 nec
510 623 620 700 posset
647 614 783 700 proinde
800 613 973 699 quidpiam
994 615 1132 699 perfecte
1150 612 1235 682 sciri.

114 726 258 791 Possunt
284 723 497 791 nihilominus
525 723 637 789 omnia
667 724 818 792 declarari
848 722 959 806 aliquo
990 722 1091 790 modo
1119 723 1236 790 saltem

113 831 329 916 descriptione
348 833 401 898 vel
418 832 576 899 nominali
596 830 798 900 delinitione.

158 939 215 1004 2.⁰
261 939 439 1006 Definitum
472 938 591 1005 debere
628 957 699 1005 esse
731 939 910 1005 univocum
948 936 1123 1022 quiddam.
1163 937 1238 1003 ldeo
1296 955 1405 1010 Quanam

113 1047 299 1130 aequivoca,
331 1057 428 1132 prout
455 1046 531 1112 talia
557 1057 651 1122 sunt,
682 1047 772 1131 prius
800 1046 1008 1124 dividuntur,
1038 1045 1237 1111 enumeratis
1271 1033 1433 1150 '‘iffi“

113 1153 255 1239 singulis
272 1154 445 1231 membris,
467 1154 648 1238 dequibus
666 1154 753 1220 idern
777 1154 938 1220 terminus
965 1154 1174 1239 praedicatur,
1200 1172 1237 1219 ac

113 1261 190 1328 dein
216 1281 273 1346 per
302 1271 410 1347 partes
435 1262 564 1346 singula
590 1262 727 1347 propriis
754 1261 997 1328 delinitionibus
1023 1259 1234 1342 definiuntur;

114 1371 194 1452 quia
221 1370 375 1436 nimirum
403 1389 469 1436 non
498 1370 697 1436 conveniunt
724 1370 890 1454 aequivoca
917 1371 950 1437 in
974 1388 1039 1436 una
1066 1367 1236 1435 communi

113 1477 256 1566 ratione,
285 1477 344 1543 sed
371 1477 493 1543 habent
522 1496 565 1543 n
539 1479 1057 1575 Qmfflt-mmmune
1089 1460 1287 1561 Analogal
1275 1445 1341 1556 lusi
1345 1457 1499 1533 444320.

113 1596 226 1650 tamen
254 1585 362 1652 solent
387 1585 586 1668 quandoque
614 1587 834 1651 communiter
860 1584 1002 1661 definiri,
1032 1583 1060 1650 si
1088 1583 1238 1650 videlicet

114 1693 258 1758 habeant
281 1710 386 1758 unurn
411 1691 551 1776 aliquem
577 1703 790 1777 conceptum,
817 1711 885 1775 quo
911 1701 1093 1776 utcumque
1113 1689 1239 1774 possint

112 1799 228 1866 omnia
245 1799 419 1866 convenire
437 1806 470 1865 et
487 1801 738 1884 comprehendi,
760 1799 976 1886 postmodum
1001 1807 1111 1865 autern
1140 1797 1238 1863 debet

112 1905 148 1972 in
167 1907 308 1992 singuiis
325 1907 504 1992 analogatis
523 1907 603 1973 ratio
617 1909 776 1993 cujusque
796 1908 925 1993 propria
943 1904 1237 1991 deliniripeculiari

112 2013 317 2080 definitione.

159 2129 213 2208 3?
259 2121 421 2206 incapacia
450 2130 529 2188 sunt
560 2121 658 2188 etiam
692 2122 830 2208 propriae
861 2120 1058 2188 definitionis
1089 2120 1240 2187 notiones

112 2229 431 2307 transcendentales,
452 2239 489 2295 ut
507 2239 585 2296 sunt
602 2231 684 2296 ratio
702 2230 804 2308 entis,
823 2231 898 2296 boni
914 2239 993 2308 etc„
1014 2229 1089 2314 quia
1112 2229 1239 2314 simpli·

112 2336 257 2403 cissimae
275 2346 371 2412 sunt,
392 2355 452 2403 nec
469 2357 589 2422 genere
608 2347 758 2405 constare
777 2347 917 2424 possunt
935 2358 972 2403 ac
990 2338 1182 2403 differentia.

182 2445 330 2527 ltemque
351 2443 540 2530 singularia,
561 2455 599 2510 ut
616 2448 685 2531 jarn
710 2447 913 2512 monuimus.
939 2445 1109 2512 «Describi
1128 2453 1237 2511 tamen

112 2561 360 2619 consueverunt
388 2572 430 2619 ex
460 2555 640 2619 multorum
668 2554 886 2620 accidentium
910 2553 1118 2631 collectione,
1149 2561 1185 2618 ut
1212 2551 1238 2620 si

113 2661 287 2726 Platonem
309 2657 445 2726 definias
476 2661 645 2728 hominem
668 2662 865 2744 quemdam,
900 2661 1061 2729 Aristonis
1090 2671 1122 2727 et
1154 2659 1240 2727 Peri-

111 2768 233 2835 ctionia
244 2766 362 2843 silium,
378 2768 498 2834 veteris
508 2767 693 2836 Academiae
706 2770 900 2855 principem,
915 2776 971 2835 aut'
980 2770 1040 2835 alia
1052 2768 1238 2854 hujusmodi

111 2875 280 2951 oratione,
299 2875 453 2959 quisnam
476 2876 573 2942 luerit
595 2876 775 2963 explices.»
801 2878 878 2944 llaec
901 2877 1094 2953 accidentia,
1120 2877 1240 2961 quibus

112 2984 285 3051 individua
300 2984 409 3050 solent
426 2983 582 3064 describi,
602 2986 665 3052 hoc
684 2975 846 3052 versiculo
864 2986 1087 3076 continentur:

273 3199 402 3277 Forma,
413 3198 540 3285 figura,
560 3201 663 3277 bno,
682 3200 796 3283 stirps,
811 3200 937 3284 patrm,
958 3218 1081 3269 rumen.

159 3432 213 3497 4.·
258 3416 457 3493 Notandum,
476 3417 576 3501 quod,
601 3418 639 3481 ut
664 3414 792 3481 babetur
814 3422 866 3483 2.·
889 3422 1157 3501 Metaphyeieor.
1178 3416 1241 3485 hac

110 3527 163 3589 est
176 3521 356 3605 differentia
381 3522 467 3588 inter
486 3521 697 3609 dpinilionem
716 3523 961 3605 suppositorum,
986 3528 1020 3591 et
1032 3523 1242 3609 definitionem

100 3628 698 3717 formarumsivesrrbslanhhliumsive
710 3630 964 3698 daemonialium.
979 3634 1064 3701 Nam
1082 3632 1118 3697 in
1131 3632 1242 3718 dafini-

109 3740 200 3803 lione
219 3736 376 3819 suppositi
395 3737 479 3803 nibil
491 3738 639 3819 ponitur,
657 3739 742 3822 quod
760 3738 805 3803 sit
819 3742 911 3805 extra
924 3740 1089 3805 essentiam
1105 3740 1240 3817 deliniti,

108 3848 170 3913 sed
178 3863 288 3912 omms
296 3843 464 3928 peretulo
476 3845 669 3925 definitimis
679 3848 758 3912 sunt
770 3847 809 3912 da
821 3846 955 3913 essentia
973 3846 1107 3933 definiti.
1123 3848 1243 3914 Formo

108 3972 190 4021 vero
202 3954 280 4038 quia
294 3968 357 4019 non
366 3955 503 4035 possunt
508 3959 569 4035 per
577 3972 611 4019 se
622 3970 706 4031 asse,
721 3957 777 4019 sed
788 3955 824 4020 in
836 3955 919 4033 alio,
936 3954 1056 4021 scilicet
1065 3954 1101 4019 in
1107 3955 1242 4045 srrbjacto

108 4064 165 4127 vel
180 4061 220 4127 in
236 4060 386 4138 muniz,
402 4060 438 4125 in
449 4061 504 4126 sui
515 4059 694 4145 definitione
705 4062 875 4147 requirunt
888 4063 1061 4147 subjectum
1079 4064 1131 4127 orl
1147 4066 1242 4129 mate-

107 4170 217 4245 riam,
232 4186 303 4253 qua
315 4171 418 4234 lanan
438 4186 503 4233 non
519 4172 596 4234 sunl
611 4170 651 4234 da
673 4170 805 4236 essentia
819 4190 946 4237 eorum:
969 4174 1002 4237 ei
1012 4171 1082 4237 ideo
1100 4172 1243 4262 elisarum

106 4275 313 4365 definitms
322 4276 614 4360 dicunturesseper
625 4281 870 4346 additamenta.
885 4277 1090 4365 Undeformoe
1098 4278 1241 4344 arcemn-

107 4387 189 4452 lalas
202 4383 242 4449 in
253 4383 308 4450 sui
319 4378 498 4470 dafinilrbrre
511 4384 680 4470 requirunt
688 4386 870 4475 subjectum.
886 4387 961 4453 Hac
974 4391 1024 4453 est
1037 4392 1140 4454 aulon
1150 4387 1239 4471 diffa-

106 4493 218 4561 rcnlr'a
233 4493 332 4558 inter
336 4509 388 4559 eas
404 4492 593 4579 definiam
617 4494 700 4565 Nam
706 4496 824 4581 formae
841 4496 913 4562 abst
898 4500 1005 4562 tractae
1021 4496 1116 4563 auter
1136 4494 1242 4580 requi-

106 4606 191 4668 runt
200 4598 403 4690 subjechrm
390 4619 424 4665 rn
435 4613 545 4667 aarum
557 4596 806 4686 definitionibus,
822 4622 917 4702 qaam
931 4602 1049 4689 forma
1058 4603 1219 4687 sumptae'
1205 4622 1240 4667 m

107 4714 279 4778 corrcreto:
287 4708 404 4795 form
415 4709 579 4777 aarum
599 4711 768 4796 requirunt
778 4711 951 4801 subjectum
964 4712 1030 4779 loco
1043 4710 1237 4796 difidentie,
