3492 5525
269 506 387 569 Anrrc.
414 520 471 568 ιιι·
492 504 586 583 Quin
607 524 648 569 ar
668 522 872 581 Quoruntsx
892 523 1071 571 error-:tarra
1135 518 1191 587 515

102 689 174 772 jam
193 687 370 753 intellectui
390 684 535 772 possibili
553 684 723 777 (nimirum
740 690 809 774 jam
827 688 991 755 evidentia
1009 697 1042 754 et
1065 685 1232 753 luminosa

107 791 215 883 sunt),
236 803 273 860 ut
290 797 375 861 clare
393 794 447 860 illa
466 794 694 879 percipiantur.
1185 854 1190 861 .

154 920 210 988 73.
258 902 425 969 Evidentia
442 902 637 987 dispescitur
654 905 686 970 in
706 904 919 970 immediatam
934 911 968 967 et
983 900 1232 971 monumnenta
1281 916 1406 973 Quemne
1514 884 1525 903 ²

108 1009 193 1075 inest
211 1009 244 1075 in
265 1010 429 1095 principiis
442 1028 506 1095 per
524 1028 559 1077 se
581 1011 678 1089 notis,
700 1013 770 1079 haec
788 1012 819 1078 in
839 1009 1117 1077 conclusionibus.
1144 1008 1233 1075 Prin·
1266 986 1426 1105 ‚nfssssffla

107 1116 189 1200 cipia
205 1136 348 1201 namque
360 1135 417 1200 per
431 1136 467 1182 se
486 1127 563 1184 nota
582 1118 665 1185 circa
682 1119 746 1184 tale
765 1126 937 1185 versantur
946 1117 1127 1201 obiectum,
1142 1116 1232 1199 quod
1295 1130 1399 1175 mutarn:

108 1224 218 1290 statim
235 1224 358 1291 lumine
376 1224 560 1292 intellectus
579 1225 705 1310 agentis
724 1224 781 1295 liat
793 1225 1012 1310 intelligibile,
1032 1243 1070 1289 ac
1087 1222 1234 1290 firmissi-

109 1349 203 1397 mum
231 1331 428 1399 determinet
452 1350 640 1399 assensum:
666 1332 698 1398 in
716 1332 983 1405 conclusionibus
1008 1342 1119 1399 autem
1142 1332 1233 1416 obje-

2 1526 4 1537 .
107 1446 198 1505 ctum
219 1438 326 1523 ipsum
347 1438 471 1507 ratione
488 1439 538 1505 sui
559 1440 769 1507 manifestum
793 1460 830 1505 ac
854 1439 1231 1525 proportionatum'non

109 1556 172 1623 est,
193 1548 251 1613 sed
275 1548 307 1612 vi
336 1546 520 1631 argumenti
548 1557 603 1613 aut
630 1546 745 1616 motivi
773 1548 851 1614 alias
879 1549 964 1613 clare
991 1544 1060 1611 noti
1088 1545 1234 1612 redditur

109 1663 242 1739 aptum,
279 1662 316 1719 ut
344 1666 500 1724 constans
528 1664 721 1740 certumque
749 1656 909 1741 judicium
938 1661 1131 1737 extorqueat
1166 1651 1231 1740 (ι).

108 1762 218 1838 Quare
238 1761 392 1847 principia
416 1781 527 1846 perse
545 1772 622 1829 nota
641 1782 676 1829 se
695 1762 816 1831 habent
835 1771 1005 1844 tamquam
1029 1779 1166 1845 corpora
1183 1760 1234 1825 lu·

110 1874 249 1949 minosa,
270 1871 497 1939 conclusiones
519 1890 596 1937 vero
620 1872 761 1938 mediate
785 1870 953 1937 evidentes
970 1877 1140 1951 tamquam
1161 1886 1233 1933 cor-

108 1999 188 2063 pora
207 1978 455 2055 luminealieno
474 1980 645 2053 illustrata.

175 2088 328 2154 Secundo
356 2088 510 2153 dividitur
537 2087 700 2153 evidentia
729 2086 762 2152 in
789 2085 1046 2168 mmtcphysmam,
1071 2083 1233 2166 physicam
1268 2096 1427 2156 omonyma.

107 2204 141 2260 et
155 2197 314 2261 mmalcm.
332 2194 555 2281 Metaphysica
568 2204 618 2261 est
632 2195 818 2279 apparentia
832 2210 891 2259 seu
909 2188 1119 2277 perspicuitas
1133 2208 1234 2257 eoun·
1286 2170 1408 2289 ⁹¹:23⁶*

108 2303 267 2369 tiabilium
287 2302 398 2369 innixa
417 2300 639 2368 fundamentis
668 2300 918 2387 metaphysicis,
940 2299 1057 2377 idest,
1078 2297 1234 2365 essentia·

108 2410 194 2476 libus
214 2408 426 2477 relationibus
444 2409 580 2494 subjecti
599 2418 632 2473 et
650 2409 830 2491 praedicati;
856 2407 962 2490 qualis
981 2414 1030 2471 est
1048 2424 1081 2470 ν.
1111 2426 1146 2490 g.
1167 2404 1235 2470 evi·

108 2518 219 2584 dentia
246 2520 364 2591 horum
380 2517 593 2602 judiciorum:
618 2515 727 2582 Totum
744 2518 909 2603 estnmjus
927 2533 985 2580 sam
1005 2514 1234 2596 perterrente

106 2629 157 2691 est
169 2626 301 2691 animal.
322 2624 457 2711 Physica
477 2632 527 2690 est
545 2622 756 2708 perspicuitas
774 2622 1022 2689 enuntiabilium
1038 2621 1147 2687 innixa
1156 2622 1235 2685 tun·

107 2734 270 2800 dementis
284 2732 441 2820 physicis;
458 2732 531 2798 talis
546 2741 595 2798 est
610 2752 663 2811 ea,
681 2751 755 2816 quae
769 2732 854 2798 inest
868 2732 901 2796 in
916 2731 966 2796 his
976 2728 1121 2814 judiciis:
1138 2727 1235 2793 Video

107 2844 189 2907 banc
205 2843 363 2922 chartam·
386 2841 501 2909 Petne
518 2840 638 2906 currit:
661 2840 722 2906 Ubi
737 2839 851 2923 sumus
869 2837 1047 2922 egreditur,
1072 2841 1121 2901 est
1135 2835 1234 2920 ignis.

2 3027 3 3038 ἵ
106 2949 239 3016 Moralis
258 2947 421 3015 evidentia
444 2947 562 3032 duplici
590 2965 689 3013 sensu
717 2947 805 3012 sumi
826 2953 951 3030 potest:
972 2945 1008 3032 α)
1026 2963 1086 3029 pro
1112 2942 1235 3028 perspi·

106 3057 228 3123 euitate
254 3054 519 3132 enuntiabilium,
548 3055 658 3120 innixa
685 3053 908 3121 fundamentis
934 3051 1130 3128 moralibus,
1159 3069 1234 3134 quae

107 3165 183 3230 licet
212 3163 361 3230 absolute
388 3162 533 3247 pendent
560 3182 579 3226 a
605 3162 752 3228 libertate
781 3163 945 3238 humana,
979 3161 1093 3226 morali
1120 3169 1233 3224 tamen

105 3272 254 3358 gaudent
274 3271 582 3353 necessitatemque
601 3269 841 3348 infallibilitate:
863 3277 897 3335 et
914 3267 1077 3356 ejusmodi
1103 3266 1235 3332 eviden-

105 3380 153 3446 tia
167 3389 275 3444 certus
293 3397 329 3445 es
351 3379 391 3444 de
410 3378 581 3444 existentia
602 3376 953 3462 Constantinopoleos,
974 3375 1002 3442 si
1023 3394 1097 3440 earn
1117 3374 1233 3440 urbem

106 3506 175 3554 non
197 3486 321 3553 vidisti:
343 3487 387 3552 ita
405 3487 503 3552 etiam
528 3502 721 3569 persuasum
744 3484 844 3552 habes
863 3486 949 3562 iore,
974 3491 1012 3548 ut
1035 3483 1158 3566 probus
1177 3501 1235 3548 rex

105 3614 176 3662 non
195 3595 335 3678 patiatur
354 3595 439 3658 lame
459 3592 561 3677 perire
580 3602 719 3661 rnatrem
735 3609 842 3664 suam.
861 3589 896 3678 β)
915 3589 1066 3664 Sumitur
1080 3598 1234 3673 praeterea

104 3702 273 3768 evidentia
292 3702 425 3768 moralis
444 3719 503 3784 pro
522 3719 559 3764 ea
578 3699 785 3767 enuntiabilis
804 3697 1032 3783 perspicuitate
1046 3715 1083 3762 ac
1100 3712 1235 3780 propor-

105 3812 199 3876 tione
218 3827 292 3876 cum
313 3809 498 3884 intellectu,
519 3827 594 3890 quae
608 3827 743 3873 omnem
759 3805 892 3889 quidem
908 3805 1104 3888 prudentem
1123 3801 1235 3868 iorrni·

104 3919 219 3985 dinem
240 3926 394 3984 excutere
412 3917 535 3992 valeat,
557 3934 624 3981 non
644 3934 721 3980 vero
743 3913 1004 3997 imprudentem,
1024 3927 1234 3995 quacumque

103 4026 241 4092 tandem
256 4024 397 4110 gaudeat
410 4023 577 4110 objectum
593 4024 678 4089 inse
693 4021 897 4096 necessitate,
909 4021 979 4086 sive
995 4016 1233 4104 metaphysica,

102 4133 177 4200 sive
197 4115 438 4220 physicassive
457 4131 572 4197 morali
595 4126 661 4217 (a).
687 4128 777 4196 Hanc
796 4129 823 4194 si
843 4128 919 4211 quis
940 4135 1055 4193 renuat
1073 4126 1235 4209 appellare

111 4287 395 4304 m

140 4351 182 4415 (ι)
219 4345 282 4405 Clr.
298 4344 331 4404 S.
343 4327 399 4402 Th.
418 4355 459 4416 3.·
472 4343 541 4402 dist.
553 4363 596 4416 23,
615 4363 643 4415 q.
658 4362 684 4401 a.
701 4361 727 4401 a.
743 4361 769 4400 a.
787 4342 839 4400 sol.
857 4360 882 4410 ις
895 4353 999 4412 quaest.
1016 4358 1062 4413 24,
1078 4358 1109 4410 q.
1125 4359 1149 4397 ι.
1165 4359 1192 4397 ιι.
1207 4357 1235 4408 23

101 4441 140 4498 de
157 4435 263 4506 Verit.‚
278 4455 307 4507 q.
328 4455 368 4492 rr.
384 4455 411 4492 a.
429 4457 455 4504 3.
471 4447 501 4491 et
514 4453 545 4505 q.
565 4451 606 4506 14·
623 4453 650 4490 a.
670 4453 693 4490 ι.

139 4528 182 4598 (a)
219 4525 294 4583 Vide
307 4523 428 4584 Cardin.
441 4523 580 4592 Ptolom,
590 4523 674 4582 Phil.
690 4521 795 4580 mentis
808 4529 994 4588 etsemsurrm,
1004 4519 1121 4582 dissert.
1133 4536 1166 4591 ις
1178 4519 1237 4576 Lo·

100 4619 173 4693 pico
188 4615 331 4689 Physica,
345 4627 414 4673 sect.
432 4635 458 4684 3,
475 4633 504 4671 ιι.
520 4631 554 4685 43
571 4611 732 4684 laquierdo,
743 4613 862 4670 Pharus
871 4612 988 4678 scient..
1002 4608 1078 4681 disp.
1091 4627 1122 4682 4,
1131 4621 1235 4680 quaest.

105 4731 130 4779 ι,
149 4726 180 4765 n.
197 4706 242 4776 πός
259 4703 321 4763 crr.
338 4705 406 4762 hnt.
422 4703 529 4776 Mayr.‚
552 4703 667 4762 Philos.
681 4702 807 4776 perabat.
824 4699 1072 4773 Part.r,disp.6,
1088 4711 1236 4770 quaesta,

101 4809 160 4860 art.
181 4817 206 4866 ι,
223 4815 252 4854 n.
267 4795 331 4868 966.
347 4792 409 4853 Cl'r.
426 4792 562 4864 superius
575 4791 654 4852 dicte
669 4811 700 4853 ιι.
715 4809 749 4864 50
763 4789 800 4850 de
811 4789 1110 4855 certitudinemque,
