3492 5525
244 494 362 557 Aarrc.
380 505 441 557 au·
455 492 657 556 Exrsrmrn
670 510 802 556 curaris.
821 510 952 557 consae
969 488 1088 555 Sceer.
1133 508 1194 576 479

381 590 1231 614 ...m-...-

104 674 144 738 Id
159 675 259 739 solum
270 674 348 750 scie,
367 692 415 739 me
432 672 515 739 nibil
533 673 625 750 scire,
647 674 983 742 etSummumbonurn
999 673 1097 741 estin
1117 673 1233 738 virtute

104 780 317 858 constitutam,
336 798 442 864 usque
460 775 541 846 adeo
561 798 754 866 progressus
769 791 831 856 est,
854 792 890 847 ut
903 780 1070 847 scientiam
1090 789 1123 845 et
1134 778 1234 847 inuti*

107 888 220 953 temet
238 888 375 954 obtentu
391 888 625 972 impossibilem
645 906 718 955 esse
736 889 961 955 contenderet.

177 993 329 1061 Doctrina
355 994 574 1079 scepticorum
601 1002 668 1072 est,
695 1015 756 1063 nos
783 996 988 1081 apparentias
1013 996 1101 1061 solas
1123 1011 1232 1060 rerum

111 1100 300 1191 (ponpam)
321 1100 456 1168 minime
483 1122 560 1169 vero
580 1104 756 1171 realitatem
788 1103 893 1187 ipsam
921 1100 1081 1192 (nuptae)
1109 1120 1235 1187 cogno«

106 1228 196 1275 scere
206 1207 270 1297 (r):
283 1209 408 1293 quaevis
422 1209 510 1276 enim
530 1206 709 1296 propositio
723 1210 867 1277 adversis
882 1211 956 1276 binc
970 1195 1045 1276 iride
1059 1227 1235 1295 oppugna-

107 1326 163 1383 tur
192 1326 483 1403 propugnatorque
510 1318 644 1401 aequalis
676 1317 835 1385 momenti
865 1316 1044 1384 rationibus
1069 1314 1133 1404 (2·):
1157 1316 1234 1383 hinc

107 1420 267 1515 aarum
285 1435 316 1491 et
336 1420 483 1500 ἀντιθὲσις
510 1444 568 1491 seu
596 1425 693 1491 etiam
712 1418 878 1491 tanatem«
905 1428 968 1490 τῶν
985 1419 1089 1517 λαγῶν
1105 1421 1234 1510 (pugna

105 1541 140 1596 et
168 1532 405 1617 aequipollentia
445 1530 622 1621 rationum)
649 1552 783 1617 exqua
811 1532 990 1599 necessario
1018 1532 1233 1614 consequitur

105 1617 211 1730 cneii
229 1658 287 1705 seu
306 1640 443 1707 retentio
453 1639 578 1726 judicii.
598 1639 708 1716 Quare
727 1640 846 1706 debere
864 1640 1047 1725 sapientem
1069 1639 1232 1704 sustinere

106 1749 385 1831 seu-suspendere
403 1743 561 1837 (ἐπέχειν)
580 1746 756 1833 judicium,
777 1756 810 1813 et
829 1748 862 1813 in
881 1747 1030 1814 moribus
1049 1746 1090 1811 ad
1109 1745 1233 1831 impas-

105 1852 292 1920 sibilitatem
312 1857 490 1937 quamdam
509 1850 683 1943 (inebrias)
697 1855 809 1921 adniti.
832 1855 907 1920 Haec
926 1854 1100 1939 suspensio
1120 1852 1233 1937 judicii

107 1969 223 2027 vocata
241 1970 291 2027 est
314 1959 447 2052 (σκέψις)
470 1982 608 2028 examen
632 1980 690 2029 seu
718 1960 951 2029 consideratio:
979 1961 1074 2027 Unde
1094 1962 1234 2047 Pyrrho·

105 2068 169 2134 nici
189 2068 266 2135 dicti
285 2070 416 2137 fuerunt
436 2068 608 2147 σκεπτικοί,
626 2066 798 2149 Kameinoi,
819 2080 852 2136 et
871 2066 1063 2160 ἀπορητικα,
1083 2086 1141 2134 seu
1160 2087 1235 2133 con-

102 2176 307 2253 sideratores,
334 2178 529 2263 quaesitores,
558 2178 764 2254 dubitatores,
794 2177 871 2261 quia
899 2176 1068 2260 inquirunt
1095 2175 1232 2259 quidem

105 2282 276 2350 scientiam
296 2304 333 2350 ac
350 2284 600 2363 certitudinem,
620 2285 827 2352 considerant
847 2293 880 2351 et
898 2284 1088 2350 examinant
1106 2283 1233 2368 objecta

105 2391 284 2477 cognitioni
310 2402 428 2458 nostrae
450 2392 631 2478 proposita,
654 2394 711 2459 sed
739 2392 941 2459 dubitatione
958 2391 1106 2459 contenti
1136 2410 1234 2457 nunr-

108 2517 210 2583 quam
229 2500 351 2565 audent
366 2499 523 2584 judicium
544 2502 626 2566 terre
644 2501 691 2577 de
706 2501 814 2566 rebus.

172 2607 348 2693 Pyrrhonis
366 2608 546 2675 doctrinam
567 2610 739 2692 amplexus
758 2616 807 2674 est
825 2609 983 2690 auxitque
1002 2605 1087 2672 iltius
1105 2605 1233 2672 amicus
1313 2626 1383 2679 rma

104 2724 138 2780 et
157 2714 336 2801 discipulus
354 2714 467 2792 Timo,
488 2716 544 2802 qui
563 2716 679 2784 dicitur
697 2717 738 2782 ad
753 2716 865 2803 judicii
886 2713 1138 2800 suspensionem
1159 2731 1231 2798 per-

103 2823 307 2890 suadendam
326 2825 439 2890 decem
459 2826 601 2892 celebres
616 2825 756 2891 rationes
775 2825 997 2909 excogitasse,
1019 2841 1093 2906 quae
1113 2818 1232 2911 inoffi<

101 2953 208 3023 τροπα
225 2929 317 2998 dictae
336 2941 430 3009 sunt,
451 2951 654 3018 quamquam
682 2920 737 2999 eas
756 2934 808 2998 alii
827 2932 986 3019 Pyrrhoni
1016 2930 1118 2996 veiint
1143 2929 1235 2995 attri-
1350 2957 1356 2968 ·

103 3040 223 3104 buere..
236 3038 320 3105 inter
339 3039 512 3105 nobiliores
531 3023 731 3124 antiquitatis
758 3039 919 3124 scepticos
943 3037 1130 3104 recensendi
1152 3047 1229 3110 sunt
1335 3091 1343 3106 .

103 3147 156 3212 hic
181 3145 431 3223 AEnesidemus‚
453 3147 508 3230 qui
533 3149 728 3214 causalitatis
759 3147 952 3233 principium
978 3146 1090 3212 multis
1122 3146 1234 3230 sophi·
1266 3163 1427 3219 mortemue

103 3255 264 3324 smatibus
283 3256 402 3320 trustra
425 3257 685 3340 oppugnandum
705 3254 850 3340 suscepit
864 3253 933 3343 (3);
951 3253 1070 3320 Sextus
1096 3251 1235 3336 Empiri-
1304 3289 1383 3336 sem„

101 3379 164 3428 cus
181 3359 251 3450 (4),
272 3361 328 3445 qui
348 3362 437 3429 libris
455 3363 581 3448 scriptis
603 3362 656 3449 (5)
674 3364 920 3448 scepticismum
950 3361 1053 3428 lucide
1079 3359 1231 3444 exposuit
1279 3360 1410 3416 iuribus

101 3481 203 3552 atque
222 3469 383 3545 defendit,
405 3478 437 3534 et
455 3471 534 3536 alter
554 3472 700 3537 medicus
718 3471 894 3554 empiricos
914 3467 1078 3553 Agrippa,
1099 3467 1154 3550 qui
1174 3467 1231 3532 de·
1295 3505 1400 3559 ,W

100 3597 176 3644 cem
195 3572 314 3668 ἐποχῆς
332 3578 467 3656 motiva,
484 3576 654 3644 aTimone
666 3581 718 3645 vei
731 3581 897 3664 Pyrrhone
911 3577 1057 3650 inventa,
1075 3576 1117 3640 ad
1136 3575 1234 3658 quin-

98 3703 171 3769 que
189 3679 362 3752 reiocavit.

171 3793 326 3876 Scepticis
356 3791 470 3858 affines
498 3803 576 3860 sunt
606 3793 807 3882 Academici,
828 3810 972 3876 quorum
1001 3791 1131 3858 somnia
1158 3791 1231 3856 tuse
1281 3815 1414 3863 raamias:

98 3899 284 3983 acriterque
304 3900 512 3986 impugnavit
530 3901 566 3967 S.
588 3899 795 3986 Augustinus
814 3897 878 3988 (6).

134 4155 181 4218 (r)
217 4147 294 4207 Vide
308 4163 380 4207 sext.
398 4149 495 4221 Emp,
506 4144 686 4224 Hypoty'pos.
703 4149 755 4207 lib.
769 4169 834 4218 1,c.
849 4166 892 4217 ro,
907 4159 977 4206 sect
991 4167 1038 4221 19,
1054 4165 1099 4206 ao.

135 4247 181 4307 (a)
217 4239 298 4298 Vide
308 4239 434 4314 Diogen.
451 4238 548 4297 Lbert.
566 4240 622 4296 lib?
632 4260 660 4312 9,
676 4259 768 4312 segm.
785 4238 812 4295 6.

131 4333 179 4402 (3)
214 4328 290 4387 Vide
305 4328 379 4387 illm.
395 4325 538 4387 Gonzalez
553 4327 582 4386 in
597 4329 736 4386 Historia
750 4327 864 4385 Pictos.
877 4347 995 4399 paragr.
1008 4345 1060 4400 93,
1073 4326 1131 4385 edis
1144 4325 1222 4384 1886

130 4422 179 4494 (4)
215 4417 257 4478 lta
270 4417 367 4477 dictus
380 4439 415 4476 ex
433 4417 611 4477 Medicorum
625 4432 716 4489 secta,
733 4417 876 4488 adquam
892 4416 1065 4488 pertinebat.
1084 4415 1160 4476 Vide
1173 4409 1234 4474 au-'

92 4511 202 4586 petius
216 4508 293 4566 dicta
307 4509 338 4566 in
354 4506 572 4569 introductione
587 4528 618 4566 n.
635 4508 678 4578 38.

128 4604 177 4673 (ς)
214 4597 380 4656 Notissima
398 4611 468 4656 aunt
487 4598 551 4669 ejus
567 4597 628 4655 duo
646 4616 733 4669 opere
750 4597 995 4670 Pyrrhonicernsn
1019 4598 1234 4671 hypotyposeon

91 4711 149 4752 eeu
168 4687 396 4756 instinctionem,
411 4699 441 4746 et
452 4687 608 4746 Adversas
621 4687 858 4745 Maikenatiane.

128 4778 177 4850 (6)
213 4777 259 4836 De
272 4773 450 4836 Academicis
465 4777 531 4836 vide
545 4777 622 4835 dicta
640 4775 670 4834 in
683 4777 903 4836 introductione
918 4795 948 4834 n.
966 4794 1010 4850 30.
