3492 5525
557 466 620 552 840
681 466 804 535 tonici
818 470 1048 544 Meron-Lm.
1066 484 1136 548 ψ,
1152 469 1245 533 Drsn.
1264 481 1306 552 3.·
1319 468 1397 532 Cnn.
1418 482 1485 531 nm

356 664 463 711 neuun.
518 650 565 716 De
585 650 764 718 Benedictis
780 648 846 741 (ι),
868 651 1033 719 Antonius
1057 652 1151 739 Mayr
1172 648 1239 738 (2),
1267 650 1398 735 aliique.
1427 648 1537 715 Altera
1561 666 1639 715 sen·

516 758 619 825 tentia
637 758 778 827 affirmat
793 762 978 845 premissas
992 760 1169 827 formaliter
1179 757 1294 843 attingi
1310 775 1367 841 per
1376 758 1635 829 conclusionem,

516 874 712 951 teneturque
725 886 743 932 a
757 866 791 935 S.
804 868 933 935 Thoma
950 866 1015 956 (3),
1035 876 1068 932 et
1081 866 1273 943 Thomistis,
1291 866 1450 950 capreolo
1467 862 1532 952 (4),
1552 862 1638 929 Son-

516 955 621 1039 cinate
646 972 711 1062 (5),
742 974 930 1042 Fermriensi
954 972 1018 1064 (6),
1041 975 1196 1060 Caietano
1223 971 1286 1059 (7),
1314 974 1457 1039 Fonseca
1478 970 1543 1059 (8),
1569 970 1637 1035 Ru-

516 1080 570 1147 bio
599 1078 662 1171 (9),
693 1080 1013 1152 Conimbricensibus
1029 1081 1117 1171 (ιο),
1138 1082 1270 1149 Rhodes
1286 1078 1373 1169 (ιι),
1394 1080 1529 1166 Arriagr
1550 1075 1634 1164 (ιι),

466 1268 468 1273 Ι
515 1186 642 1256 Oviedo
657 1184 744 1278 (13),
761 1190 879 1258 Amico
890 1188 977 1280 (ι4),
989 1190 1160 1278 sylvestro
1173 1185 1383 1276 Mauro(15),
1396 1183 1635 1275 corsicano),

514 1305 548 1365 et
564 1295 648 1367 aliis.
1305 1337 1309 1343 ·

451 1518 454 1525 .
560 1475 638 1544 229.
686 1459 891 1527 Ριιοιοειτιο.
917 1466 1120 1529 Praemissoe
1134 1466 1296 1528 videntur
1312 1464 1434 1543 attingi
1447 1461 1637 1526 formaliter

515 1578 551 1633 et
576 1570 763 1636 intrinsece
791 1590 813 1637 a
838 1575 1071 1649 conclusione,
1100 1590 1171 1636 non
1196 1573 1337 1651 quidem
1368 1581 1408 1633 ut
1437 1569 1548 1649 quod,
1575 1568 1635 1631 sed

435 1688 440 1698 ·
515 1668 554 1722 ut
571 1678 651 1739 quo.

560 1822 677 1885 Prima
686 1840 767 1901 pars
778 1824 941 1903 probatur
962 1836 1022 1886 i.0‘
1052 1837 1092 1885 ex
1104 1827 1217 1886 natura
1227 1815 1422 1903 cognitionis
1434 1813 1634 1882 discursive.

315 1930 350 1961 '¹
379 1932 456 1963 ’Μ’
467 1932 489 1963 ¹⁸
515 1922 549 1989 ln
568 1925 631 1990 hoc
648 1924 755 1991 differt
772 1925 917 2011 cognitio
935 1927 1113 1993 discursiva
1132 1946 1151 1991 a
1171 1945 1236 1992 non
1251 1923 1452 2000 discursivis,
1473 1930 1510 1988 ut
1523 1922 1637 1988 tendat

514 2030 547 2097 in
566 2049 665 2098 suum
684 2032 861 2118 objectum,
884 2054 949 2101 non
967 2037 1077 2102 solum
1099 2044 1263 2118 quatenus
1281 2050 1396 2099 verum
1414 2028 1520 2118 (quod
1546 2049 1639 2095 com·

515 2157 619 2205 mune
636 2150 686 2206 est
705 2140 796 2207 omni
809 2142 1015 2228 cognitioni),
1032 2143 1090 2208 sed
1104 2152 1267 2225 quatenus
1280 2138 1634 2223 vemmpropreraciua.

516 2247 616 2329 Atqui
635 2247 778 2333 cognitio
796 2236 937 2316 te'ndens
956 2249 990 2315 in
1008 2251 1175 2329 obiectum
1193 2268 1292 2315 suum
1312 2260 1444 2334 propter
1458 2247 1558 2321 aliud,
1579 2265 1639 2311 ne-

514 2372 606 2421 cesse
626 2366 687 2431 est,
708 2366 744 2424 ut
764 2356 844 2422 illud
863 2357 950 2423 aliud
965 2357 1142 2422 formaliter
1155 2367 1188 2425 et
1199 2356 1370 2422 intrinsece
1384 2355 1535 2440 attingat.
1551 2354 1638 2439 Ergo

514 2462 698 2539 conclusio,
725 2470 838 2547 utpote
860 2465 1003 2549 cognitio
1027 2464 1221 2540 discursive,
1242 2464 1416 2529 intrinsece
1433 2481 1472 2528 ac
1495 2462 1640 2540 formali·
1730 2451 1731 2462 ’

448 2604 454 2619 ·
475 2622 481 2635 .
513 2576 565 2635 ter
582 2569 711 2655 attingit
730 2570 933 2653 praemissas,
952 2580 1084 2656 propter
1101 2590 1183 2653 quas
1200 2572 1329 2656 objecto
1355 2588 1417 2637 suo
1446 2568 1635 2635 assentitur.

581 2684 693 2760 Major
711 2686 800 2762 patet
818 2696 860 2745 ex
879 2689 995 2745 natura
1011 2680 1189 2747 discursus.

580 2791 697 2853 Minor
711 2793 886 2870 probatur.
906 2789 990 2853 Nam
1010 2787 1055 2863 id,
1076 2788 1166 2872 quod
1181 2787 1360 2872 potentiam
1376 2785 1587 2861 determinat,
1602 2801 1637 2854 et

513 2891 673 2978 objective
692 2903 805 2960 movet
822 2897 863 2961 ad
882 2897 1127 2962 assentiendum
1145 2897 1292 2978 obiecto,
1313 2914 1380 2960 non
1399 2904 1508 2978 potest
1529 2895 1638 2961 consi·

513 3001 617 3068 derari
636 3009 673 3066 ut
695 3003 915 3070 extrinsecum
934 3003 1101 3088 quidpiam
1130 3003 1194 3080 illi:
1222 3004 1281 3069 sed
1303 3010 1340 3068 ut
1358 3004 1465 3069 forma
1481 3003 1636 3085 quaedam

513 3108 574 3193 ipsi
593 3112 777 3186 conterens,
798 3111 888 3193 quod
906 3110 1022 3196 attingi
1040 3131 1060 3176 a
1077 3109 1224 3196 potentia
1240 3109 1358 3218 possit.
1380 3109 1466 3196 Ergo
1478 3109 1637 3196 cognitio

548 3308 589 3370 (ι)
626 3305 713 3384 Lug„
729 3305 778 3362 lib.
798 3325 822 3374 ι,
837 3324 867 3378 q.
886 3327 911 3375 ι,
922 3325 987 3376 cap.
1002 3327 1030 3380 3.

547 3399 588 3461 (n)
625 3396 712 3471 (σε,
726 3395 802 3467 disp.
818 3396 845 3464 6,
861 3416 892 3470 q.
911 3417 935 3464 ι,
949 3415 976 3453 u.
993 3415 1019 3453 ι.

547 3484 588 3556 (3)
625 3483 658 3543 S.
683 3485 739 3544 Th.
758 3485 823 3557 r'p,
839 3505 868 3556 q.
883 3486 912 3553 8,
928 3506 954 3543 a.
968 3507 994 3558 3,
1010 3505 1090 3558 corp.
1114 3499 1144 3544 et
1164 3485 1200 3543 nd
1213 3496 1284 3555 2¹¹3
1302 3507 1331 3558 q.
1357 3506 1399 3556 ro,
1414 3508 1442 3546 a.
1463 3509 1494 3560 43
1508 3487 1632 3547 ardist.

512 3573 556 3648 38,
572 3593 601 3646 q.
621 3595 687 3642 1,n.
700 3593 728 3647 4,
745 3593 824 3647 corp.
840 3573 904 3633 Cl'r.
919 3575 954 3632 cie
972 3573 1063 3632 Verit.
1078 3594 1107 3646 q.
1125 3596 1166 3648 14,
1182 3596 1209 3633 e.
1236 3595 1257 3633 r.
1306 3611 1312 3623 ·

545 3664 586 3736 (4)
625 3663 656 3721 ln
672 3675 711 3722 ι.·
723 3663 793 3722 dist.
814 3685 837 3732 ι,
852 3683 883 3735 q.
901 3685 925 3726 ι.
940 3663 971 3721 in
988 3664 1076 3722 solut.
1092 3665 1129 3723 ed
1143 3687 1223 3742 arg„
1238 3675 1313 3724 cont.
1329 3675 1390 3738 4.··
1401 3669 1537 3726 conclus.

546 3758 587 3822 (ἱ)
625 3754 768 3829 Metapin,
785 3753 835 3814 lib.
849 3757 879 3823 6,
894 3774 924 3825 q.
941 3773 983 3812 ιο.

546 3843 587 3916 (6)
624 3843 657 3902 ln
673 3843 723 3902 lib.
743 3843 1012 3912 1.·¹·Conr.Gent.‚
1029 3865 1055 3903 c.
1072 3863 1117 3918 57.

546 3938 587 4007 (7)
623 3933 656 3992 ln
674 3955 696 3992 1.
713 3953 740 4003 ι,
755 3953 785 4006 q·
800 3933 828 4002 Β,
844 3954 871 3993 a.
888 3955 914 4000 r·

545 4025 585 4092 (8)
622 4025 722 4094 Fons,
736 4023 879 4097 Metapin,
895 4024 945 4082 lib.
958 4026 986 4094 6,
1001 4045 1065 4097 cop.
1089 4047 1114 4094 1,
1129 4045 1159 4099 q.
1170 4047 1198 4098 4.

544 4115 585 4187 (9)
622 4115 710 4189 Log„
726 4113 756 4171 in
772 4113 822 4171 lib.
839 4135 861 4171 ι.
879 4115 973 4192 Post,
990 4135 1051 4186 cap.
1071 4137 1093 4183 ι,
1107 4136 1138 4188 q.
1157 4117 1185 4173 6.

501 4197 508 4216 ’
542 4203 602 4275 (ιο)
638 4205 725 4279 Log,
742 4203 772 4260 in
787 4203 837 4260 lib.
857 4206 1041 4263 1.⁸·Posler.
1054 4225 1117 4277 cap.
1135 4227 1160 4275 ι,
1180 4225 1209 4277 q.
1224 4227 1253 4278 4,
1268 4227 1295 4265 ιι.
1313 4225 1339 4278 5.

542 4294 602 4359 (ιι)
636 4293 752 4367 Lugio..
766 4293 816 4351 lib.
836 4313 860 4362 ι,
877 4293 953 4365 disp.
969 4313 996 4364 4,
1012 4307 1117 4366 quest.
1138 4296 1228 4366 unio,
1244 4310 1312 4355 sect.
1327 4315 1356 4369 4,
1382 4317 1499 4373 perege.
1517 4320 1544 4358 2.

542 4388 600 4450 (ιι)
636 4383 755 4459 Logic„
770 4381 847 4454 diep.
866 4403 908 4455 ις,
924 4395 994 4442 sect.
1008 4403 1037 4456 4,
1052 4404 1084 4443 ιι.
1095 4403 1125 4458 4.

541 4479 599 4544 (η)
635 4473 723 4547 Log.,
738 4484 869 4530 controv.
883 4493 911 4546 9,
929 4488 1029 4544 punct.
1044 4496 1070 4547 3.

541 4564 598 4635 (ι4)
634 4565 721 4639 Lug„
738 4574 821 4620 tract.
835 4582 881 4634 23,
896 4562 972 4635 disp.
989 4583 1016 4632 2,
1031 4583 1104 4666 qxs.

540 4659 598 4722 (ις)
637 4653 817 4732 (ὶιιωειίοιιεε
831 4653 954 4727 philon,
971 4666 1041 4712 tom.
1060 4675 1083 4721 1,
1099 4673 1129 4726 q.
1144 4656 1190 4726 65.

539 4743 598 4814 (16)
634 4741 678 4800 De
692 4741 818 4813 Anima,
833 4741 910 4814 disp.
927 4743 955 4813 8,
971 4764 1035 4817 cup.
1050 4763 1079 4816 4,
1095 4765 1127 4804 ιι.
1141 4765 1178 4819 97
1192 4765 1273 4819 ucqq.
