3492 5525
321 477 437 546 darre.
462 489 520 559 ιι·
541 473 753 554 Quoruntax
775 475 1012 544 eaaoreamu:
1131 487 1190 558 745

107 662 297 746 stinguendi
326 661 475 732 ultimam
490 661 706 728 differentiam
729 661 762 727 in
784 662 889 728 varias
903 659 1126 753 formalitates.
1146 659 1231 738 Quia

108 769 185 838 licet
212 769 245 838 in
277 769 423 854 pluribus
451 769 639 854 speciebus,
668 789 701 836 v.
732 789 766 856 g.
787 769 834 860 *in
862 771 965 845 leone,
993 768 1130 846 bornirre,
1163 775 1227 836 etc.

109 879 214 942 multa
234 887 327 954 sunt,
348 877 472 960 quaein
492 879 579 942 nulla
602 876 662 942 alia
680 877 786 960 specie
803 878 1019 960 reperiantur,
1041 875 1119 943 nibil
1140 884 1229 943 vetat

107 985 222 1052 omnia
250 985 301 1051 iila
328 987 370 1052 ab
398 1002 463 1052 una
486 984 623 1068 simplici
648 985 753 1052 radice
782 982 954 1069 proficisci.
988 984 1088 1068 idque
1114 1002 1228 1050 vemm

108 1091 207 1159 habet
226 1093 352 1160 etiamsi
371 1111 459 1177 saepe
481 1093 594 1158 multis
613 1101 744 1158 utamur
772 1090 921 1158 terminis
938 1091 979 1156 ad
998 1090 1228 1174 explicandum

106 1201 281 1268 discrimen
302 1202 399 1268 unius
418 1201 459 1268 ab
478 1200 538 1266 alia
556 1200 679 1285 specie,
700 1192 776 1283 q'uia
803 1199 835 1265 id
858 1200 967 1267 evenit
990 1199 1022 1264 in
1048 1198 1145 1266 meris
1173 1199 1230 1264 de-

108 1307 362 1392 scriptionibuss
379 1326 444 1376 non
463 1315 573 1374 autem
596 1307 628 1374 in
647 1307 892 1374 definitionibus
910 1306 1137 1374 essentialibus
1155 1325 1229 1392 spe·
1308 1342 1313 1353 ·

105 1415 243 1484 cierum.

174 1522 380 1592 Sunttamen
393 1523 544 1607 quidam,
557 1520 810 1610 uramagan),
826 1521 947 1601 Quims
960 1520 1024 1610 (2),
1037 1523 1159 1589 Aversa
1175 1523 1227 1608 (3)

105 1629 210 1698 etalii
230 1627 282 1719 (4)
300 1630 356 1714 qui
377 1639 493 1716 putant
510 1629 743 1707 differentiam,
765 1631 837 1698 licet
864 1649 931 1696 non
946 1630 1061 1698 debeat
1082 1649 1153 1700 esse
1172 1651 1229 1698 ne-

102 1739 245 1806 cessario
264 1738 431 1806 divisibilis
448 1747 481 1802 et
499 1738 696 1822 composita,
718 1755 815 1824 posse
834 1747 946 1805 tamen
963 1757 1037 1808 esse
1054 1740 1170 1815 talem,
1191 1748 1228 1808 ut

102 1844 135 1910 in
157 1852 230 1911 actu
244 1845 299 1930 qui
315 1845 412 1912 simtu
431 1853 518 1912 esset
531 1846 692 1926 practr'caas
711 1854 744 1911 et
760 1846 986 1928 speculativas,
1006 1845 1228 1913 municordia

101 1951 203 2018 simui
223 1963 254 2020 et
272 1953 438 2020 charitalis
455 1961 517 2021 etc.
1174 2026 1177 2034 ,

171 2059 214 2128 At
232 2061 444 2128 communius
463 2060 514 2126 alii
535 2069 657 2146 negant
676 2077 809 2144 prorsus
828 2060 926 2128 ullam
946 2061 1161 2128 differentiam
1178 2064 1227 2129 ui-

100 2167 218 2234 timam
239 2167 432 2236 divisibilem
452 2178 509 2235 aut
522 2168 739 2254 compositam
758 2185 830 2234 esse
848 2187 945 2252 posse
967 2165 1029 2256 (5).
1237 2177 1240 2182 '

164 2275 233 2357 Jam
253 2276 279 2341 si
299 2294 437 2359 quaeras,
457 2284 567 2370 utrum
583 2273 761 2342 differentia
777 2276 894 2344 ultima
912 2275 1031 2342 rellexe
1040 2283 1073 2343 et
1081 2280 1227 2346 secundo

99 2383 355 2452 intentionaliter
373 2384 535 2468 inspecta,
555 2395 718 2467 quatenus
738 2402 856 2467 nempe
871 2381 904 2450 in
919 2384 1063 2467 qualibet
1076 2383 1226 2454 differen-

97 2491 145 2560 tia
164 2490 278 2558 ultima
296 2489 489 2558 considerari
509 2500 618 2577 potest
645 2491 724 2558 ratio
752 2490 941 2558 communis
958 2492 1170 2571 differentia,
1192 2504 1224 2565 et

100 2599 182 2666 ratio
201 2597 273 2664 talis
295 2599 495 2676 differentiae,
524 2599 627 2684 possit
649 2598 710 2666 dici
729 2597 899 2666 divisibilis
916 2609 949 2665 et
967 2600 1151 2685 composita
1182 2621 1223 2668 ex

96 2704 222 2791 duplici
242 2705 435 2775 formalitate
454 2725 511 2792 per
529 2706 687 2774 rationem
706 2706 873 2789 distincta;
902 2708 1044 2792 questio
1061 2707 1224 2792 dependet

96 2815 142 2881 ab
169 2815 221 2881 illa
249 2816 309 2881 alia
336 2814 547 2883 subtilissima
565 2816 765 2899 quaestione,
795 2824 906 2883 utrum
928 2816 1009 2882 ratio
1035 2816 1223 2884 communis

95 2923 288 2991 differentiae
306 2922 512 2991 transcendat
539 2942 642 2989 necne
661 2923 839 2991 formaliter
863 2924 1015 2991 taieimm
1041 2942 1134 3001 suas,
1163 2944 1223 2993 seu

95 3028 279 3097 formaliter
301 3030 475 3099 imbibatur
502 3031 535 3097 in
555 3030 734 3099 rationibus
756 3032 870 3099 talium
900 3030 1111 3115 peculiarium
1131 3034 1224 3101 diffe-

94 3138 293 3216 rentiarum,
315 3145 393 3223 puta
410 3138 576 3223 rugidilis,
597 3138 778 3216 hinnibilis,
798 3139 966 3209 rationalis
978 3148 1042 3207 etc.
1063 3141 1224 3224 quemad·

3 3324 5 3341 Ι
94 3246 256 3323 modum,
289 3255 326 3313 ut
353 3246 499 3315 dicemus
527 3266 588 3313 suo
616 3248 706 3323 loco,
732 3264 791 3313 ens
816 3247 1017 3314 transcendit
1044 3246 1222 3316 formaliter

91 3371 216 3419 omnes
235 3372 311 3421 suas
328 3354 525 3421 differentias
544 3374 580 3420 ac
609 3354 781 3421 varietates
800 3352 940 3421 entium.
961 3352 992 3420 si
1022 3353 1110 3421 enim
1140 3354 1221 3424 ratio

92 3461 285 3529 communis
305 3461 496 3528 differentiae
522 3462 719 3529 transcendit
749 3462 926 3530 formaliter
948 3480 1024 3532 suas
1047 3462 1218 3542 taleitates,

92 3579 134 3634 ut
155 3568 352 3651 probabilius
371 3568 515 3645 videtur,
533 3586 599 3636 non
615 3569 689 3637 facit
702 3567 975 3654 compositionem
992 3586 1069 3635 cum
1085 3568 1163 3646 iilis,
1184 3589 1221 3637 ac

92 3676 237 3761 proinde
257 3677 336 3744 ratio
347 3677 471 3745 uitimae
482 3676 671 3745 differentia
686 3695 792 3762 neque
810 3676 875 3745 sub
888 3679 948 3743 bac
961 3677 1220 3745 consideratione

90 3782 201 3869 logica
227 3784 288 3851 dici
320 3794 430 3869 potest
451 3782 618 3851 divisibilis
636 3792 692 3851 aut
714 3785 915 3869 composita,
944 3783 1028 3851 sicut
1058 3802 1119 3850 nec
1139 3785 1219 3850 ratio
1315 3785 1319 3793 “

90 3891 198 3967 entis,
220 3909 295 3958 cum
313 3891 347 3958 in
362 3890 512 3957 inferiora
530 3891 746 3968 contrahitur,
766 3892 838 3958 facit
854 3892 1127 3977 compositionem
1142 3910 1217 3963 cum

126 4235 172 4298 (1)
208 4231 326 4308 Logia„
341 4228 417 4302 disp.
433 4229 462 4299 8,
477 4248 506 4287 n.
521 4230 549 4287 8.

126 4326 171 4387 (2)
208 4319 296 4379 Care.
311 4320 440 4389 Philas..
456 4332 539 4379 tract.
555 4338 583 4389 a,
599 4332 673 4397 part.
689 4340 714 4393 γ,
730 4318 805 4392 disp.
822 4340 867 4394 23,
883 4334 952 4381 sect
966 4342 994 4381 a.

126 4416 171 4481 (3)
207 4410 553 4484 L⁰iff⁶oq2¹32⁸⁰⁶bi

122 4502 171 4571 (4)
205 4497 281 4557 Vide
295 4498 435 4568 Leucada,
449 4510 533 4559 tract.
550 4520 576 4573 ς,
590 4497 667 4571 disp.
683 4519 711 4569 a,
722 4519 786 4571 cap.
802 4520 829 4569 a,
842 4520 873 4560 n.
888 4502 916 4569 8,
931 4523 960 4575 9.

124 4594 170 4661 (5)
206 4586 282 4669 Vide
296 4586 558 4658 Conimbricenses‚
575 4587 608 4647 in
622 4608 686 4659 cap.
707 4590 742 4647 de
756 4588 937 4662 Differentia,
955 4607 1058 4664 quaet.
1074 4612 1102 4664 a,
1116 4606 1172 4653 art.
1191 4614 1216 4662 ι,

84 4679 198 4761 Quoad
204 4680 358 4736 secandum
365 4686 487 4751 spectat·
496 4678 634 4748 Fortem,
646 4678 821 4753 metaphys,
830 4679 880 4738 lib.
893 4698 919 4753 5,
929 4702 993 4753 cap.
1003 4682 1048 4753 nu,
1059 4697 1162 4755 quaeat.
1173 4704 1216 4758 ¹7·

84 4782 162 4830 sect.
182 4788 222 4837 a.;
239 4766 364 4837 Rhodes,
380 4766 429 4826 lib.
448 4767 558 4839 r‚disp.
574 4786 602 4837 a,
612 4787 641 4839 q.
653 4788 680 4836 a,
694 4780 763 4829 sect.
774 4788 802 4842 4,
816 4788 920 4844 parag.
930 4790 957 4843 3,
970 4773 1046 4831 Dico
1060 4783 1104 4844 3.·
