3492 5525
268 480 386 547 Anrrc.
404 480 466 544 on·
480 479 746 555 Pnoeosrrroues
759 497 893 545 neema:
908 499 1106 548 coneosrrm
1155 482 1213 565 263

11 756 12 759 Ἴ
127 681 225 740 num,
249 663 309 730 sed
329 683 371 730 ex
388 662 579 729 earumdem
598 660 737 730 unione:
759 661 975 759 quamobrem
999 682 1130 764 semper
1147 666 1255 734 existi-

128 783 237 840 matur
264 772 474 848 universalis,
501 768 578 856 quia
602 769 752 836 enuntiat
770 769 1018 839 coexistentiam
1047 771 1254 860 singulorum

11 954 12 959 ,
131 879 369 947 membrorum.
835 877 838 882 ’

11 1004 12 1015 ’
168 995 222 1071 4⁰
265 987 415 1055 Tandem
426 986 566 1072 qualitas
578 985 759 1054 essentialis
775 987 1039 1073 propositionum
1054 990 1256 1074 copulativa·

127 1115 198 1163 rum
218 1096 380 1182 colligitur
397 1095 495 1163 simili
515 1095 616 1162 modo
634 1114 676 1162 ex
691 1095 856 1180 principali
875 1098 1017 1180 copula,¹
1032 1116 1098 1162 non
1115 1116 1193 1165 vero
1215 1117 1255 1167 ex
1340 1085 1342 1090 ’

127 1204 325 1290 partialibus.
360 1204 471 1287 ltaque
495 1203 700 1279 affirmativae
724 1210 803 1269 sunt
836 1222 954 1270 omnes
980 1203 1192 1290 copulativae,
1222 1206 1256 1273 in

126 1313 247 1396 quibus
275 1311 437 1378 enuntiari
459 1311 638 1379 intenditur
655 1309 852 1377 simultanea
872 1312 990 1378 veritas
1011 1320 1045 1380 et
1062 1312 1256 1398 compositio

126 1421 331 1506 singularum
343 1420 504 1506 partium,
520 1417 723 1486 siveinterea
735 1419 804 1496 hae,
818 1419 957 1486 seorsim
979 1429 1150 1506 spectatae,
1171 1421 1258 1487 affir-

11 1535 12 1623 {
127 1529 258 1594 mativae
276 1526 360 1606 sint,
380 1525 635 1614 sive‘negativae.
653 1526 727 1592 ldeo
745 1527 948 1594 affirmativae
959 1537 1038 1595 sunt
1057 1531 1107 1595 hae
1123 1548 1254 1596 omnes:

125 1638 240 1703 Petrus
257 1635 360 1702 caerrii
375 1639 409 1701 et
423 1637 549 1702 Paulus
560 1634 695 1716 dormit;
707 1637 774 1704 Nee
790 1639 826 1702 tv
843 1637 925 1701 latro
943 1653 993 1714 es,
1009 1655 1107 1724 neque
1121 1655 1178 1721 ego
1191 1637 1258 1703 bla-

124 1744 285 1826 sphemum
303 1745 367 1828 Ego
391 1743 525 1827 trigenta
549 1761 653 1808 annos
671 1747 768 1808 nates
787 1761 875 1820 sum,
901 1747 935 1808 lu
951 1762 1024 1810 vero
1046 1747 1185 1810 nondum
1209 1745 1258 1809 ai·

119 1852 204 1936 giuti
224 1860 287 1917 etc.
309 1852 332 1916 E
354 1869 514 1917 converso
532 1851 692 1936 negativa
719 1861 797 1918 sunt
822 1869 941 1917 omnes
964 1851 1046 1927 illae,
1074 1852 1107 1916 in
1135 1851 1257 1936 quibus
1275 1855 1287 1974 l
1307 1891 1330 1944 κ
1341 1897 1420 1940 st.

126 1937 486 2026 enuntiari'Tntenditur
509 1958 706 2024 simultanea
724 1959 843 2025 veritas
860 1960 913 2024 vel
927 1959 1167 2041 composrlilitas
1186 1978 1258 2045 par-

124 2069 228 2150 tium;
249 2087 282 2134 v.
293 2025 339 2153 ἲς.
357 2068 432 2133 Νοη
451 2075 486 2132 et
502 2067 618 2132 Petrus
639 2066 744 2134 currit
768 2075 801 2132 et
818 2067 941 2132 Paulus
953 2069 1053 2133 sedet:
1072 2068 1167 2153 cujus
1185 2085 1260 2134 sen-

125 2193 183 2242 sus
201 2185 253 2242 est
272 2175 350 2242 iste:
367 2174 443 2241 Non
457 2184 508 2241 est
521 2176 620 2242 simul
634 2193 763 2252 verum,
780 2175 870 2257 quod
883 2174 995 2242 Petrus
1009 2175 1107 2243 currit
1126 2195 1163 2242 ac
1178 2167 1260 2242 Pau·

126 2286 177 2351 lus
191 2285 324 2350 sedet.-

193 2391 239 2459 Ut
256 2390 366 2467 vides,
387 2409 456 2457 non
474 2403 553 2458 sunt
567 2391 629 2457 nisi
643 2389 840 2475 copulativae
852 2391 1031 2476 negativae,
1046 2400 1102 2458 aut
1117 2399 1203 2457 certe
1217 2393 1259 2457 ad
1299 2403 1445 2460 &aiuncurt

126 2519 182 2567 eas
197 2508 394 2566 revocantur
413 2499 650 2584 propositiones
669 2497 749 2573 illae,
766 2517 849 2582 quas
867 2499 1103 2565 recentioribus
1122 2498 1259 2583 quibus·
1285 2477 1458 2606 '‘{ffifm

126 2611 205 2674 dam
225 2606 320 2673 libuit
334 2625 422 2674 novo
442 2607 574 2673 nomine
593 2607 756 2690 appellare
774 2605 990 2692 conjunctivus
1003 2603 1071 2694 (r),
1088 2607 1194 2691 qualis
1208 2616 1259 2674 est

125 2718 213 2782 haec:
235 2717 334 2784 Nemo
346 2715 448 2797 potest
461 2715 528 2780 Deo
545 2713 664 2780 servire
681 2733 719 2781 ae
737 2697 937 2791 mammone,
954 2722 1010 2781 aut
1029 2715 1116 2783 haee:
1136 2714 1258 2799 Coepta

124 2821 240 2910 nequit
248 2822 346 2888 umul
362 2822 481 2888 moneri
496 2825 528 2888 et
539 2822 707 2907 quiescere.

193 2932 247 2999 Ad
271 2928 491 3015 copulativam
509 2948 644 3013 quoque
662 2930 840 2997 commode
866 2941 1061 2998 revocantur
1084 2931 1259 2998 adversati·
1357 2964 1392 3009 Ad

123 3062 166 3108 aa
186 3041 239 3106 vel
256 3038 445 3116 discretiva,
466 3056 542 3121 quae
560 3040 654 3123 plura
669 3038 818 3104 membra
832 3038 999 3105 connectit
1015 3058 1078 3124 ope
1093 3040 1259 3124 particulae
1299 3036 1445 3091 ⁰⁰⁹¹⁸¹⁸i⁷⁸³¹

126 3146 361 3224 adversativae,
382 3156 438 3211 ut:
458 3146 570 3212 Pelius
584 3146 683 3212 bonus
696 3147 820 3231 quidem
828 3146 1029 3229 philosophus
1042 3150 1103 3224 est,
1124 3150 1181 3212 sed
1193 3166 1260 3213 nra·
1304 3117 1439 3224 ,miz
1504 3194 1506 3199 η

126 3260 180 3323 lu's
196 3254 407 3335 abrahaam
424 3256 457 3318 et
471 3254 617 3330 relativa,
638 3272 714 3338 quae
733 3252 820 3321 varia
839 3256 987 3321 membra
1008 3255 1040 3321 in
1061 3274 1161 3322 unam
1176 3256 1259 3323 inte·
1306 3260 1327 3295 ‘¹
1341 3250 1437 3295 Μ·

126 3384 223 3451 gram
252 3361 509 3447 propositionem
533 3363 703 3449 conjungit
731 3381 790 3446 per
817 3362 990 3447 particulas
1024 3363 1174 3431 relativas
1205 3367 1257 3430 vel
1532 3350 1536 3359 ’

126 3470 386 3556 comparativas,
415 3467 485 3535 sive
512 3469 720 3552 quantitatis,
751 3479 788 3537 ut
815 3474 951 3547 mmm,
982 3475 1150 3557 quantum,
1180 3474 1255 3549 lam,

125 3598 243 3665 qvem
256 3577 327 3644 sive
337 3577 510 3660 temporis,
527 3587 565 3643 ut
586 3580 668 3654 uem,
684 3596 772 3654 eum,
792 3580 884 3654 dum,
905 3580 1048 3664 quando:
1068 3579 1136 3645 sive
1152 3578 1254 3657 modi,

127 3696 165 3754 ut
179 3686 275 3761 sicut,
291 3685 338 3751 ita
352 3695 430 3766 etc.;
447 3682 518 3751 sive
536 3683 614 3769 loci,
637 3694 673 3751 ut
691 3685 763 3762 uli,
778 3685 824 3750 ibi
837 3696 900 3753 etc.

488 3970 507 4061 §
530 3971 672 4040 ll.-De
696 3988 905 4053 ovsJuvcnvn.

179 4244 257 4311 ¹¹7·
305 4224 506 4311 Disjunctiva
531 4234 667 4290 vocatur
689 4224 760 4303 illa,
780 4243 856 4309 quae
870 4189 991 4311 plures
1017 4226 1257 4311 propositiones
1304 4296 1325 4343 d·
1341 4226 1407 4309 onia

126 4336 264 4420 copulat
286 4334 320 4400 in
348 4351 449 4398 unam
474 4352 540 4418 ope
565 4332 730 4418 particulae
758 4332 979 4419 disjunctivae,
1010 4336 1084 4410 aul,
1109 4335 1161 4399 vel
1190 4342 1254 4399 etc.
1320 4306 1443 4354 '‘mm‘'

128 4440 301 4531 Ejusmodi
320 4439 545 4525 propositione
570 4458 650 4506 usus
677 4450 727 4506 est
746 4440 941 4527 Areopagita
967 4439 1160 4528 Dionysius,
1180 4460 1256 4507 cum

164 4692 208 4765 (1)
244 4690 324 4748 Vide
333 4686 503 4763 Tongiorgi,
511 4689 642 4747 Institut.
653 4690 759 4764 Logic.
771 4708 801 4747 n.
815 4709 876 4762 ¹733
888 4688 977 4749 Card.
987 4688 1121 4763 Zigliara,
1130 4690 1257 4781 Dialect.

130 4781 181 4840 tib.
201 4802 230 4850 a,
244 4800 310 4853 cap.
327 4802 354 4852 3,
370 4793 425 4837 art.
441 4798 466 4845 a,
484 4798 513 4836 n.
530 4778 581 4837 vl.
