3492 5525
536 527 592 597 ¹5⁰
721 494 849 579 Locren
869 511 1116 576 Minoa-um».
1143 524 1186 572 1.·
1206 509 1286 573 Can.
1311 523 1383 571 aum

491 700 674 768 chimericis
689 707 788 782 atque
802 696 1059 782 impossibilibus
1072 694 1246 762 convenire
1261 699 1370 779 potest
1388 714 1421 762 v.
1438 713 1472 778 g.
1496 691 1614 773 aegita-
1722 762 1723 775 q

491 809 567 884 bile,
598 808 767 889 opinabile,
796 805 1053 888 apprehensibile,
1079 803 1292 895 significairw'le.
1326 800 1453 885 Reliqui
1483 797 1613 865 termini
1722 792 1724 839 i

493 923 572 982 sunt
596 931 662 980 non
690 913 977 989 transcendentes,
1004 911 1159 977 nimirum
1188 911 1251 987 illi,
1268 911 1326 994 qui
1351 911 1394 975 de
1412 908 1509 974 rebus
1533 904 1613 972 certi
1722 916 1723 919 ’

494 1023 665 1088 dumtaxat
688 1021 818 1108 generis
843 1019 1131 1105 praedicantque
1150 1026 1310 1085 vocantur
1334 1016 1522 1102 simpliciter
1539 1016 1613 1084 uni·
1722 1022 1724 1077 t

492 1131 644 1197 versales.

846 1389 1146 1483 nurscuuus
1168 1390 1296 1465 vu-
1402 1476 1407 1489 ,

545 1563 617 1626 De
637 1560 917 1642 quibusdam
934 1557 1553 1634 terminorumdivisionibus,

751 1674 893 1749 prout
913 1669 1130 1747 respectu
1152 1665 1350 1730 aliorum

868 1777 1231 1842 considerantur.

534 2007 588 2076 35.
638 1991 804 2064 Hactenus
818 1991 978 2056 terminos
996 1989 1169 2056 divisimus
1189 1989 1372 2054 secundum
1394 2007 1431 2054 se
1450 2008 1486 2054 ae
1500 1989 1612 2056 solita-

487 2099 532 2165 rie
558 2107 735 2182 spectatos.
764 2098 796 2163 Si
825 2117 903 2164 vero
932 2097 982 2164 alii
1020 2115 1095 2164 cum
1126 2096 1194 2162 aliis
1221 2107 1468 2179 comparentur,
1501 2097 1612 2181 partiri

378 2180 439 2281 {ff
490 2214 629 2290 possunt
643 2205 772 2272 termini
787 2205 819 2270 in
829 2207 1020 2288 pertinentes
1033 2214 1134 2288 atque
1144 2204 1383 2286 inpertinentes.
1397 2206 1613 2289 impertinen-

486 2321 536 2378 tes
551 2322 628 2380 sunt
643 2314 706 2391 iili,
724 2313 780 2396 qui
797 2333 857 2380 nec
871 2333 908 2379 se
918 2314 1078 2389 inierunt,
1096 2331 1205 2394 neque
1215 2313 1410 2388 excludunt,
1427 2322 1463 2379 ut
1476 2313 1567 2378 albus
1579 2318 1615 2380 et

485 2423 611 2497 dutus,
632 2421 769 2486 musaeus
787 2425 820 2487 et
829 2421 1040 2504 pbilosopbus.
1061 2419 1188 2486 Albedo
1210 2419 1297 2484 enim
1318 2429 1352 2484 et
1373 2419 1536 2497 doctrina,
1557 2440 1612 2488 ars

486 2528 610 2594 musica
624 2537 657 2593 et
672 2529 881 2612 Philosophia
897 2535 1036 2612 possunt
1050 2526 1152 2593 simul
1167 2545 1240 2592 esse
1260 2524 1293 2591 in
1312 2527 1429 2591 eodem
1445 2529 1608 2612 subjecto,

486 2645 519 2701 et
536 2644 675 2720 possunt
697 2636 794 2702 etiam
816 2637 947 2713 abesse,
969 2648 1001 2702 et
1021 2637 1119 2700 altera
1139 2653 1211 2700 esse
1230 2636 1356 2718 absque
1375 2636 1487 2702 altera.
1508 2637 1612 2702 Perti·

485 2751 602 2809 nentes
617 2754 695 2812 sunt
710 2745 752 2810 illi
768 2743 825 2827 qui
840 2763 875 2810 se
889 2743 1032 2809 inierunt
1046 2753 1102 2809 aut
1115 2741 1312 2819 excludunt,
1324 2743 1609 2825 quemadmodum

484 2852 571 2919 barno
584 2853 765 2934 etanimal;
785 2861 817 2916 et
836 2852 923 2917 borno
940 2856 972 2916 et
985 2852 1107 2917 asinus·
1128 2852 1223 2916 Valet
1242 2869 1386 2933 namque
1405 2854 1474 2918 haec
1493 2870 1613 2917 conse·

485 2959 635 3044 quentia:
657 2962 713 3027 list
728 2962 835 3040 bomo,·
851 2978 922 3043 ergo
939 2979 1003 3025 non
1020 2963 1071 3025 est
1084 2960 1194 3025 asinus
1211 2957 1277 3045 (ι).
1298 2957 1364 3034 Qui
1389 2978 1425 3024 se
1450 2960 1608 3037 inierunt,
1722 3043 1723 3064 Χ

484 3076 643 3135 vocantur
655 3069 846 3151 pertinentes
863 3070 1004 3153 sequela,
1025 3086 1083 3133 seu
1104 3070 1337 3151 consequentes:
1357 3070 1414 3150 qui
1437 3078 1547 3135 autem
1570 3088 1610 3134 se

484 3176 681 3252 excludunt,
693 3176 883 3257 pertinentes
896 3176 1118 3260 repugnantia,
1134 3193 1192 3241 seu
1205 3174 1345 3256 oppositi.

551 3283 753 3352 Pertinentes
767 3284 901 3366 sequela
917 3283 1170 3350 subdividuntur
1183 3282 1216 3348 in
1230 3284 1365 3365 equales
1378 3289 1410 3347 et
1422 3282 1607 3367 inequales.

483 3390 643 3475 AEquales
669 3410 727 3458 seu
750 3374 968 3459 convertibiles
989 3400 1083 3466 sunt,
1110 3390 1166 3473 qui
1189 3393 1354 3455 mutuose
1378 3391 1538 3466 inierunt,
1566 3394 1611 3457 ‘ut

427 3490 445 3563 i
482 3498 602 3565 rrsr'bile
629 3511 662 3566 et
674 3490 798 3581 flebile;
820 3498 1004 3564 rationabile
1028 3507 1061 3561 et
1091 3497 1222 3562 risibile.
1251 3496 1428 3579 inaequales
1453 3514 1510 3561 seu
1541 3496 1611 3563 non

481 3605 695 3671 convertibiles
716 3616 794 3671 sunt
817 3605 872 3688 qui
898 3624 965 3694 oon
986 3624 1023 3670 se
1044 3613 1162 3670 mutuo
1184 3604 1344 3679 inierunt,
1370 3613 1408 3669 ut
1429 3606 1549 3670 animal
1574 3618 1611 3672 et

483 3713 596 3781 homo.
608 3712 654 3778 Ex
669 3712 885 3796 inaequalibus
899 3714 951 3777 ille
961 3762 968 3787 ‚
980 3712 1037 3795 qui
1050 3713 1186 3777 infertur
1200 3720 1233 3775 et
1247 3729 1313 3776 non
1329 3712 1445 3788 infert,
1461 3714 1608 3796 appella·

481 3828 535 3885 tur
558 3821 720 3887 terminus
738 3818 903 3904 superior,
930 3830 962 3884 et
985 3821 1082 3885 latius
1106 3827 1212 3903 patet,
1241 3827 1278 3903 ut
1300 3818 1422 3883 animal
1444 3823 1478 3884 et
1496 3819 1608 3885 vivan

482 3934 631 4010 respectu
653 3926 788 3993 bominis
796 3947 808 3991 .·
823 3927 880 4010 qui
904 3936 1015 3993 autem
1037 3929 1132 3993 insert
1153 3935 1185 3992 et
1206 3944 1273 3991 non
1292 3924 1448 4002 insertur,
1470 3934 1609 3994 vocatur

480 4036 642 4101 terminus
670 4033 819 4111 interior,
850 4042 883 4099 et
911 4035 1021 4099 minus
1048 4035 1113 4099 late
1140 4042 1247 4117 patet,
1278 4043 1313 4098 ut
1341 4033 1427 4098 bom
1453 4042 1606 4119 respectu

480 4141 629 4207 animatis
648 4145 681 4207 et
702 4142 846 4207 niventis.
868 4142 981 4224 ltaque
1000 4144 1161 4209 terminus
1185 4140 1315 4208 interior
1337 4149 1371 4205 et
1395 4143 1542 4225 superior
1559 4144 1608 4210 ita

481 4250 620 4315 invicem
649 4256 898 4334 comparantur,
925 4258 963 4314 ut
986 4251 1038 4315 ille
1060 4250 1194 4332 quidem
1225 4248 1312 4314 hunc
1341 4248 1404 4313 sub
1426 4266 1487 4315 sua
1510 4268 1607 4315 com-

481 4352 960 4441 prehensione'eomplectatur,
973 4366 1004 4423 et
1016 4364 1185 4441 propterea
1196 4356 1482 4422 illumnecessario
1493 4355 1604 4439 iniert3
1722 4377 1723 4388 ²

480 4550 748 4567 ψ·-

515 4628 555 4691 (ι)
594 4624 776 4684 Pertinentes
791 4624 979 4697 appellantur
991 4644 1009 4681 a
1024 4622 1173 4682 nonnullis
1187 4622 1397 4681 recentioribus
1415 4625 1554 4691 connexi,
1575 4639 1607 4683 et

478 4714 698 4787 impertinentes
712 4715 871 4790 disparati.
880 4714 957 4772 Vide
969 4713 1007 4771 el.
1019 4714 1053 4770 P.
1064 4712 1240 4772 Libemtore.
1252 4714 1383 4771 institut.
1398 4713 1529 4783 Purus..
1540 4714 1605 4771 Lo·

478 4807 556 4881 picae
568 4824 630 4877 par.
647 4816 695 4875 1.·,
711 4824 741 4863 n.
761 4825 806 4878 17,
824 4802 863 4861 tx
878 4802 967 4869 (edit.
985 4804 1050 4860 1881
1067 4802 1169 4869 Preti).
