3492 5525
407 483 526 548 Aramo.
550 498 610 549 ω·
630 484 824 550 Raatrsnus
845 503 1008 551 mororon.
1169 484 1228 569 063

147 666 314 751 disputant
342 665 514 752 scriptores
541 663 605 754 (r).
634 666 670 733 S.
691 667 897 753 Augustinus
917 669 1086 735 Platonem
1115 687 1172 754 per
1195 689 1272 737 suas

147 773 236 841 ideas
269 792 335 840 non
367 774 454 840 aliud
487 774 684 841 intellexisse
711 774 901 852 arbitratur,
934 795 1035 860 quam
1068 779 1272 862 exemplares

149 880 237 948 ideas
254 880 393 959 divinas,
414 899 474 947 seu
492 889 592 969 typos
611 900 648 947 ac
668 881 807 948 rationes
835 900 944 949 rerum
962 883 1176 950 creandarum
1205 882 1269 973 (2).

214 988 290 1053 liaec
307 987 449 1073 benigna
476 988 618 1062 Platonis
647 989 869 1073 interpretatio
891 1009 1005 1057 ansam
1024 990 1167 1074 aliquam
1195 992 1271 1058 dare

149 1098 255 1182 potuit
272 1095 516 1181 Ontologorum
535 1096 698 1163 realismo.
726 1096 764 1162 lii
781 1115 924 1180 namque
948 1099 1065 1164 volunt
1080 1098 1271 1166 universalia

148 1221 222 1269 esse
237 1204 324 1288 ipsas
343 1203 468 1271 divinas
486 1202 593 1280 ideas,
615 1221 697 1289 quas
717 1222 812 1271 mens
826 1214 936 1270 nostra
949 1204 1137 1271 immediate
1151 1208 1273 1274 intuea-

148 1319 214 1378 tur.
231 1310 278 1376 De
292 1311 342 1378 his
356 1311 491 1394 proinde
506 1318 585 1377 sunt
596 1311 751 1389 scientiae,
768 1312 838 1378 illas
849 1313 1126 1395 contemplamur,
1142 1315 1272 1397 quoties
1354 1308 1363 1327 ⁰

149 1427 295 1495 naturas,
340 1417 480 1503 praecisis
519 1419 604 1484 notis
641 1417 936 1495 individuantibus‚
976 1421 1269 1504 apprehendimus,

147 1527 218 1592 ilias
237 1527 378 1592 demum.
403 1525 632 1610 exprimimus,
663 1525 794 1608 quoties
821 1527 1056 1593 communibus
1084 1528 1272 1595 nominibus

148 1633 282 1700 utimur.
311 1634 355 1701 lta
374 1633 550 1717 Ontologis
570 1633 675 1717 piacet
695 1632 888 1699 universalia
907 1642 998 1699 extra
1018 1633 1088 1716 ipsa
1105 1634 1271 1702 individua

149 1759 285 1827 ponere,
306 1760 373 1806 non
393 1759 470 1805 vero
490 1759 545 1825 per
563 1758 599 1805 se
625 1739 851 1816 subsistentia,
872 1741 931 1806 sed
957 1742 989 1806 in
1009 1751 1120 1807 mente
1148 1725 1267 1811 divina.

198 1865 270 1933 155.
319 1847 507 1913 Universaie
525 1848 689 1932 complete
709 1867 745 1912 ac
763 1848 941 1913 formaliter
959 1848 991 1913 in
1011 1849 1185 1915 individuis
1204 1852 1272 1916 exi·
1306 1860 1466 1906 Unirenuium

147 1966 238 2023 stens
257 1955 307 2022 alii
326 1956 416 2021 aliter
436 1965 737 2039 propugnaverunt.
758 1956 841 2020 Nam
857 1954 890 2020 in
908 1954 1021 2039 primis
1033 1957 1173 2037 Joannes
1192 1957 1273 2023 Sco-
1303 1932 1465 2048 ,ζζζῗξζζῇζζ

147 2075 202 2129 tus
221 2063 369 2147 Erigena,
392 2061 592 2127 Amalaricus
616 2062 667 2127 del
696 2059 798 2138 bene,
819 2062 1020 2128 carnotensis
1039 2059 1202 2149 (Amaury
1230 2064 1271 2130 de
1331 2075 1434 2158 fautore:

147 2168 328 2258 Chartres),
351 2168 452 2235 David
472 2170 513 2234 de
532 2168 667 2246 Dinant,
689 2177 721 2234 et
741 2169 934 2253 posteriores
952 2170 1149 2236 Pantheistae
1168 2188 1268 2236 unam
1285 2144 1363 2192 ⁸⁰⁰¹¹¹⁸
1378 2146 1479 2201 ⁸¹¹“'¹³’

1317 2219 1454 2263 Ameiaricue

148 2280 290 2346 divinam
310 2278 524 2345 substantiam
545 2278 576 2342 in
591 2277 687 2344 rebus
700 2278 855 2343 omnibus
874 2276 982 2344 inesse
997 2296 1054 2361 per
1066 2277 1269 2346 identitatem
1330 2287 1440 2341 derssene.

148 2388 279 2453 oen.
824 2406 887 2478 μ
1316 2361 1454 2484 rin,

215 2494 259 2559 m
286 2511 364 2560 vero
382 2491 577 2559 Guilielmus
595 2490 848 2575 Campellensis,
870 2492 1154 2575 quemadmodum
1176 2494 1271 2559 refert
1318 2501 1457 2548 reamare.

149 2601 338 2667 Abaelardus
356 2597 420 2688 (3),
440 2603 511 2665 erat
533 2600 568 2665 in
587 2618 623 2664 ea
640 2599 791 2666 sententia
809 2602 848 2665 de
873 2601 1091 2666 communitate
1108 2601 1273 2666 nniversa-
1319 2662 1452 2708 &mm

148 2709 243 2786 lium,
262 2711 301 2775 at
314 2710 449 2775 andem
463 2706 671 2774 essentialiter
689 2725 753 2773 rem
772 2710 866 2774 totam
887 2707 984 2774 simui
1000 2707 1034 2773 in
1052 2707 1190 2792 singuiis
1206 2708 1273 2774 suis
1299 2733 1467 2792 camptona..

148 2818 246 2883 inesse
277 2818 453 2882 aditnent
478 2815 666 2881 individuis:
695 2833 828 2900 quorum
858 2816 982 2900 quidem
1012 2818 1102 2881 nula
1128 2819 1211 2881 esset
1239 2815 1273 2880 in

147 2925 281 2990 essentia
297 2922 479 2999 diversitas,
500 2924 554 2987 sed
580 2925 648 2988 sola
667 2921 869 2988 multitudine
897 2923 1105 2989 accidentium
1122 2923 1270 2989 narnus.

149 3033 239 3098 Hanc
264 3041 373 3098 lamen
396 3033 592 3097 sententiam
614 3038 728 3116 postea
760 3028 973 3098 Gullielmum
994 3051 1011 3095 a
1030 3050 1064 3096 se
1083 3032 1272 3099 convictum

149 3140 329 3224 deseruisse
349 3147 454 3204 narrat
473 3137 560 3204 idem
581 3136 786 3204 Abaelardus.

216 3228 364 3313 Scotistae
392 3247 489 3313 etiarn
517 3245 706 3312 realismum
727 3245 868 3332 rigidum
890 3246 1274 3332 quodammodoample·
1334 3257 1441 3304 Serere

149 3366 297 3430 ctuntur,
319 3372 520 3437 quamquam
540 3353 684 3420 bifariam
705 3372 773 3418 rem
794 3353 976 3430 declarant,
998 3372 1057 3437 pro
1071 3353 1190 3440 duplici
1210 3356 1275 3419 ele-

150 3469 263 3528 mento
276 3460 406 3527 unitatis
414 3469 446 3525 et
456 3460 657 3543 aptitudinis,
673 3461 763 3544 quod
775 3460 931 3555 importat
942 3471 1056 3527 natura
1069 3460 1271 3528 universalis.

151 3569 269 3634 Modus
297 3567 384 3633 enirn
415 3567 563 3633 diversus
592 3566 730 3634 realismi
754 3567 795 3632 ab
825 3568 982 3633 hactenus
1003 3568 1159 3651 expositis
1178 3588 1275 3635 exco-

150 3675 242 3761 gitari
262 3675 367 3741 adbuc
386 3681 509 3758 potest,
531 3676 581 3740 vel
610 3685 772 3758 quatenus
798 3674 907 3740 unitas
934 3673 1122 3740 universalis
1146 3695 1163 3740 a
1183 3684 1274 3759 parte

151 3784 196 3849 rei
219 3781 394 3869 reperiatur
416 3801 457 3847 ex
481 3801 538 3859 eo,
563 3783 654 3865 quod
679 3800 743 3848 una
767 3782 949 3866 eademque
973 3800 1083 3849 revera
1103 3791 1215 3848 natura
1239 3783 1273 3849 in

155 3974 421 3988 ψ

186 4054 226 4117 (ι)
263 4049 338 4108 Vide
351 4048 384 4107 S.
397 4048 470 4118 Tb,
487 4071 513 4118 ³·
529 4068 557 4119 p.
573 4067 603 4120 q.
618 4067 647 4121 4,
665 4060 721 4106 ert.
738 4048 806 4121 4ad
820 4058 898 4117 2¹¹3
914 4047 1002 4108 Suar.
1013 4048 1089 4121 disp.
1100 4050 1230 4124 Metaptr.
1242 4051 1271 4109 6.

151 4154 219 4199 sect.
233 4160 260 4208 a,
275 4159 304 4197 n.
330 4159 394 4206 ηις
412 4137 565 4196 Conimbr.
582 4137 616 4195 In
631 4138 792 4208 Praejation
807 4137 950 4211 Porphyr.
973 4157 1003 4210 q.
1022 4159 1045 4206 r,
1062 4152 1119 4197 art.
1136 4138 1272 4212 3;·Toiet.

151 4231 202 4298 ib..
218 4242 322 4302 quoest.
345 4249 378 4298 ²3
395 4227 501 4286 Ruselli
515 4227 625 4288 Sumne.
642 4228 754 4286 Palles.
772 4242 793 4285 t.
808 4247 831 4297 r,
849 4246 879 4299 q.
901 4246 924 4300 ς,
940 4241 995 4286 art.
1012 4249 1029 4303 4
1046 4227 1076 4287 in
1092 4229 1183 4298 notis;
1200 4228 1274 4288 San·

150 4319 436 4379 severinoEiementa
450 4318 563 4375 Pltlos.
576 4317 689 4387 christ,
701 4318 830 4392 Ideolog.
845 4337 909 4389 oap.
919 4337 945 4386 a,
960 4331 1015 4376 art.
1029 4338 1060 4388 r,
1079 4338 1107 4376 n.
1122 4337 1188 4392 135,
1206 4330 1267 4377 not.

150 4431 179 4482 9,
190 4407 322 4479 aliosque
335 4407 433 4478 plures
445 4407 482 4466 ab
496 4405 575 4464 bieee
590 4405 732 4465 laudatos.

184 4498 226 4569 (a)
263 4496 295 4555 S.
309 4498 433 4570 August.
443 4496 493 4554 lib.
505 4496 551 4568 83.
562 4496 889 4576 Quoestionum,quaeet.
903 4497 949 4568 46.
969 4495 1032 4556 cfr.
1042 4499 1085 4557 De
1099 4497 1189 4556 civit.
1200 4499 1272 4568 Dei,

152 4587 257 4658 iib.7o,
271 4608 296 4644 c.
310 4586 359 4657 283
375 4599 404 4644 et
418 4585 451 4643 S.
467 4586 572 4644 Thom.
587 4607 613 4655 3.
629 4605 657 4658 p.
673 4606 701 4656 q.
718 4606 746 4658 4,
762 4601 816 4644 ort.
830 4607 858 4656 4,
874 4586 910 4642 ad
926 4596 989 4643 πθ·

186 4681 226 4749 (3)
262 4676 399 4734 Historia
411 4676 631 4745 Calamitatnm,
646 4674 676 4733 in
692 4675 769 4746 Opp.
782 4674 927 4733 abelardi
936 4675 1023 4735 editis
1037 4696 1054 4734 a
1068 4675 1184 4739 Victore
1198 4676 1276 4736 Cou-

150 4767 208 4836 e'ro,
224 4785 252 4837 p.
271 4783 295 4838 5,
311 4767 340 4823 6.
