3492 5525
278 433 391 496 Annae.
413 429 590 511 3.¹¹⁸D1v1s.
609 445 780 496 raorosrr.
798 449 945 496 marone
959 447 1089 506 Quaem.
1150 444 1206 513 2¹53

123 634 196 679 vam
219 615 392 697 prodatur:
409 615 493 678 unde
518 611 585 677 nisi
613 612 787 679 intellectus
806 611 957 679 humanus
985 612 1107 697 aliquid
1124 614 1162 676 de
1183 613 1249 676 Deo

122 719 307 803 affirmative
320 723 531 804 cognosceret,
550 719 633 784 nibil
642 722 681 785 de
699 722 767 786 Deo
779 725 886 803 posset
900 717 1037 808 negare(
1062 717 1087 806 ).

192 827 353 903 Quaenam
385 836 494 892 autern
519 825 561 892 sit
591 827 742 912 negativa
764 828 956 912 propositio,
974 826 1180 912 cognoscitur
1208 843 1249 891 ex
1303 859 1418 913 Q„„„d,

5 1004 6 1007 ,
124 936 281 1019 particula
300 932 506 1018 malignantis
518 937 658 1010 natura,
679 952 754 1017 quae
767 935 917 1017 copulam
938 933 1043 1017 ipsam
1063 932 1193 1000 afficiat.
1214 930 1249 997 Si
1286 945 1435 1013 ‘uenena

130 1044 219 1108 enim
249 1042 400 1127 negativa
418 1040 573 1123 particula
590 1042 700 1106 solum
720 1041 837 1107 afficiat
855 1042 1038 1125 subjectum
1063 1048 1120 1106 aut
1138 1041 1246 1106 solum
1310 1011 1417 1056 ''w‘'

5 1186 6 1239 3
125 1150 350 1234 predicatum,
370 1147 404 1213 id
422 1147 512 1231 quod
532 1165 574 1212 ex
594 1146 750 1214 orationis
767 1156 923 1214 contextu
942 1147 1156 1232 judicandum
1183 1154 1245 1222 est,

5 1262 6 1330 3
124 1255 304 1340 propositio
327 1255 477 1340 negativa
497 1272 563 1320 non
582 1254 655 1321 erit.
675 1255 822 1338 itemque
841 1253 874 1321 in
894 1253 1184 1339 propositionibus,
1215 1250 1248 1318 in

124 1364 247 1446 quibus
274 1370 330 1428 aut
357 1362 542 1446 subjectum
571 1370 628 1426 aut
655 1363 866 1446 praedicatum
895 1363 1057 1428 contineat
1086 1361 1247 1445 integram

5 1484 6 1541 ζ
124 1470 270 1554 aliquam
299 1469 480 1536 orationem
505 1468 717 1546 incidentem,
747 1469 787 1535 ad
806 1469 1052 1535 discernendam
1071 1468 1251 1553 qualitatem

125 1575 363 1662 propositionis
372 1577 610 1642 attendendum
622 1585 673 1640 est
688 1577 729 1641 ad
743 1577 896 1660 copulam
908 1576 1128 1658 principium
1144 1593 1250 1657 neque

125 1684 216 1750 enim
230 1681 352 1750 sufficit
370 1684 520 1768 copulam
541 1682 766 1768 particularem
785 1701 822 1748 ac
840 1683 1078 1759 secundariam,
1101 1701 1176 1765 quae
1195 1701 1250 1748 co-

125 1793 203 1876 pula
226 1790 458 1873 implicationis
474 1789 675 1866 nominatur,
699 1808 772 1856 esse
794 1789 1021 1857 affirmativam
1047 1797 1102 1854 aut
1127 1789 1250 1874 negati-

126 1918 217 1976 vam,
239 1907 276 1965 ut
290 1897 470 1982 propositio
484 1897 666 1981 composita
679 1897 740 1962 dici
756 1897 859 1981 possit
874 1895 1069 1963 affirmativa
1084 1897 1136 1963 vel
1152 1915 1252 1981 nega-

125 2006 205 2071 tiva.
231 2003 455 2080 Quamobrem
474 2003 681 2069 affirmativae
705 2014 783 2070 sunt
798 2005 861 2070 hae:
876 2004 942 2086 Qui
956 2026 1026 2071 non
1044 2017 1099 2074 est
1115 2015 1249 2080 mcum,

125 2117 238 2179 contra
251 2115 369 2192 uuest·
379 2111 493 2178 Petrus
504 2111 611 2177 estoir
628 2112 686 2196 qui
696 2134 767 2179 non
780 2117 882 2178 timet
895 2118 1033 2177 ntorum.

176 2238 252 2286 ιω.
299 2217 434 2284 Ratione
453 2218 615 2301 qualitatis
641 2219 774 2304 physice
800 2229 942 2302 sumptae
963 2217 1115 2284 dividitur
1134 2235 1253 2302 propo·
1306 2233 1428 2290 nomam

125 2327 200 2393 sitio
218 2326 251 2392 in
269 2345 377 2391 ueram
393 2331 426 2392 et
434 2327 570 2412 suumn:
592 2326 710 2391 veritas
728 2325 816 2391 enim
843 2335 876 2390 et
895 2327 1017 2392 salsitas
1040 2343 1106 2391 non
1126 2333 1252 2408 spectat
1287 2306 1440 2352 ”’”““’“’

124 2436 165 2500 ad
191 2433 385 2507 essentiam,
414 2432 698 2516 quandoquidem,
726 2443 762 2499 ut
790 2450 851 2498 suo
870 2433 942 2498 loco
967 2433 1107 2514 dicetur;
1136 2431 1249 2497 eadem

124 2539 290 2624 ipsissima
307 2539 485 2624 propositio
502 2559 521 2603 a
540 2539 675 2606 veritate
692 2541 733 2604 ad
753 2539 939 2615 salsitatem,
960 2551 1016 2606 aut
1042 2560 1059 2604 e
1078 2557 1249 2615 converso,

124 2647 263 2714 transire
281 2641 391 2730 potest
417 2643 480 2734 (a).
502 2647 585 2712 Vera
610 2656 720 2712 autem
746 2657 795 2712 est
820 2647 1016 2731 propositio,
1044 2647 1178 2730 quando
1203 2656 1253 2713 est

123 2754 303 2823 conformis
321 2754 466 2843 objecto;
483 2763 515 2819 et
534 2755 626 2833 salsa,
647 2755 780 2837 quando
798 2764 850 2821 est
862 2754 1035 2822 difformis.

195 2863 247 2928 Ad
266 2881 335 2927 rem
354 2862 532 2949 Angelicus
549 2861 681 2927 Doctor:
698 2862 779 2927 Cum
796 2862 979 2928 enuntiatur
992 2862 1115 2946 aliquid
1127 2879 1192 2926 esse
1203 2860 1256 2925 uel

124 2988 273 3037 nomene
289 2972 457 3053 secundum
474 2970 710 3052 congruentiam
731 2969 797 3044 rei,
817 2972 864 3034 est
879 2968 979 3033 oratio
1001 2987 1094 3034 uera:
1113 2966 1253 3053 alioquin

123 3077 389 3162 estoratiojalsa.
405 3076 457 3143 Sic
471 3075 714 3160 igiturquatuor
726 3076 827 3141 nudis
833 3078 936 3159 potest
947 3076 1071 3142 variari
1083 3074 1255 3141 enuntiatio

122 3186 295 3251 sanandum
308 3184 544 3266 permixtionem
561 3184 672 3249 harum
690 3186 829 3249 duarum
850 3182 1053 3250 divisionum.
1077 3182 1148 3248 Uno
1165 3183 1255 3249 niodo

122 3293 200 3377 qaue
216 3293 254 3355 id
269 3292 353 3377 quod
369 3291 466 3356 estin
485 3310 537 3368 re,
551 3292 736 3356 enuntiatur
751 3291 797 3356 ita
813 3310 878 3357 esse
890 3292 974 3356 sicut
991 3292 1025 3356 in
1044 3309 1079 3356 re
1096 3293 1157 3366 est,
1173 3292 1256 3374 quod

120 3399 311 3483 pertinetad
317 3398 551 3481 affirmationem
564 3418 688 3479 oeram,·
696 3402 773 3480 puta
779 3418 792 3479 ;
805 3416 876 3463 cum
889 3400 1031 3465 Socrates
1044 3398 1162 3475 currit,
1177 3396 1257 3463 dici-

123 3526 197 3572 mus
208 3512 387 3575 Socratem
400 3528 553 3574 currere.
568 3505 645 3571 Alio
658 3508 764 3583 niodo,
781 3525 852 3570 cum
867 3506 1049 3571 enuntiatur
1062 3504 1184 3591 aliquid
1193 3522 1256 3569 non

123 3615 290 3699 essequod
301 3633 365 3679 non
377 3617 441 3694 est;
455 3616 539 3698 quod
544 3614 680 3696 pertinet
690 3616 735 3679 ad
745 3613 933 3697 negationem
945 3632 1068 3679 veram:
1085 3619 1198 3679 uicum
1208 3612 1257 3677 di-

124 3724 231 3787 citur:
257 3727 423 3804 Aethiops
445 3726 544 3788 albus
571 3743 641 3788 non
660 3735 725 3789 est.
758 3720 858 3787 Tertio
876 3722 965 3790 ruodo
989 3739 1059 3787 cum
1076 3720 1257 3787 enuntiatur

123 3829 252 3914 aliquid
266 3846 344 3895 esse.
362 3831 447 3915 pumat
462 3828 498 3893 in
509 3846 624 3894 re-non
642 3832 706 3909 est,·
723 3831 807 3913 quod
815 3828 953 3910 pertinet
966 3829 1010 3892 ad
1021 3826 1258 3911 affirmationem

114 3934 259 4018 seuam:
281 3941 320 4001 ut
333 3953 404 4001 cum
420 3935 555 4002 dicitur:
574 3940 709 4005 corvus
727 3950 781 4003 est
797 3942 909 4005 mbos.
931 3937 1052 4019 Quarto
1065 3936 1170 4010 modo,
1185 3950 1258 3999 cum

121 4042 309 4111 enuntiatur
322 4042 446 4128 aliquid
466 4062 529 4108 non
551 4061 631 4120 esse,
658 4044 742 4127 quod
765 4042 800 4108 in
824 4062 858 4109 re
876 4045 938 4121 est,
960 4044 1044 4127 quod
1061 4041 1199 4125 pertinet
1214 4040 1258 4105 ad

133 4150 331 4236 negationem
338 4152 478 4236 jaisam3
492 4154 610 4217 utrum
626 4149 762 4217 aanor:
777 4156 847 4218 Nix
858 4173 929 4219 non
943 4164 998 4217 eet
1008 4156 1084 4219 alba
1102 4144 1165 4237 (3).

160 4420 206 4490 (ι)
242 4416 276 4477 S.
291 4418 414 4489 Titum,
433 4416 478 4476 De
489 4416 604 4477 Patent.
620 4437 650 4489 q.
665 4440 698 4492 7,
714 4438 742 4478 a.
764 4435 777 4489 5
793 4417 826 4477 in
838 4438 918 4489 corp.

157 4510 203 4582 (a)
239 4508 316 4566 Vide
328 4508 361 4567 in
371 4507 469 4582 Logia.
486 4506 592 4579 Maiori
605 4506 682 4579 disp.
701 4528 730 4576 r,
745 4527 809 4580 cap.
823 4529 854 4579 3,
869 4521 926 4567 art.
942 4526 970 4567 a.

158 4600 204 4671 (3)
240 4598 420 4668 Pariherm„
434 4597 487 4656 lib.
504 4618 534 4667 ι,
551 4596 616 4656 leet.
630 4617 658 4669 9,
675 4594 769 4655 initio.
