3492 5525
534 457 594 538 428
652 458 776 524 Locren
790 458 1018 532 linos-uo.
1039 460 1215 536 1.¹¹⁸‚D1sr.
1236 473 1277 524 ι·
1291 459 1369 524 Car.
1387 475 1460 524 anm

821 915 824 922 ’
855 927 1158 1002 ARTICULUS
1188 927 1255 1002 ΙΙΙ.

496 1095 660 1160 Utrum
684 1091 827 1173 logica
850 1097 1021 1160 veritas
1048 1095 1234 1176 speciali
1262 1095 1417 1176 aliqua
1443 1095 1625 1162 ratione

790 1241 1051 1321 reperiatur
1073 1238 1324 1320 injudicio.

546 1509 596 1580 16.
644 1511 679 1578 Si
698 1530 772 1577 vera
788 1519 883 1586 sunt,
903 1527 978 1593 quae
997 1512 1157 1577 hactenus
1175 1508 1433 1594 disputavimus,
1455 1508 1623 1575 reddenda

496 1620 577 1687 ratio
596 1627 663 1698 est,
683 1637 742 1685 cur
760 1618 951 1685 Aristoteles
969 1636 1006 1683 ac
1025 1617 1061 1682 S.
1079 1616 1224 1683 Thomas
1242 1616 1363 1700 aliique
1383 1617 1492 1700 plures
1509 1613 1623 1682 Philo-

495 1728 591 1814 sophi
618 1726 789 1794 nobiscum
818 1726 1014 1802 sentientes,
1035 1724 1152 1790 docere
1175 1732 1287 1790 tamen
1307 1731 1485 1808 potuerunt
1505 1721 1624 1788 verita-

495 1844 562 1902 tem
582 1834 722 1940 logicam
742 1851 800 1900 seu
822 1834 993 1899 formalem
1008 1830 1042 1897 in
1056 1834 1128 1898 solo
1142 1829 1266 1917 judicio
1284 1830 1403 1899 inesse.

539 2052 740 2119 Pnoeosn'lo.
788 2056 928 2118 Veritas
955 2056 1063 2133 logica
1087 2055 1250 2133 peculiari
1273 2053 1388 2132 aliqua
1409 2053 1541 2114 ratione
1564 2050 1623 2115 re·

493 2165 624 2244 peritur
637 2165 673 2226 in
684 2163 830 2243 iudici03
844 2163 988 2242 ideoque
1002 2169 1094 2224 recte
1107 2162 1174 2224 dici
1186 2169 1300 2239 potest
1312 2159 1468 2223 absolute
1479 2162 1624 2238 loquen-

494 2275 539 2336 do
557 2273 651 2336 illem
669 2273 783 2335 solum
800 2271 919 2334 inesse
936 2270 972 2333 in
990 2270 1237 2349 compositione
1253 2286 1294 2330 ac
1310 2268 1491 2330 divisione.

561 2489 664 2553 Prob.
688 2481 739 2550 ι·
758 2499 915 2566 parsu-1
926 2487 952 2548 ‚⁰
969 2483 1017 2545 De
1037 2480 1172 2546 veritate
1189 2487 1322 2545 actuum
1347 2477 1531 2543 intellectus
1547 2495 1625 2562 per-

494 2592 570 2659 inde
585 2590 842 2657 ratiocinandum
862 2598 924 2666 est,
946 2607 982 2653 ac
1001 2588 1042 2655 de
1057 2588 1192 2654 veritate
1207 2588 1393 2673 signorum,
1410 2605 1469 2671 per
1485 2605 1559 2669 quae
1572 2585 1623 2652 illi

495 2701 636 2768 exterius
656 2698 917 2767 manifestantur.
941 2697 1041 2782 Atqui
1061 2697 1092 2760 in
1114 2695 1347 2781 propositione,
1364 2713 1440 2779 quae
1463 2703 1514 2759 est
1532 2696 1624 2762 orale

492 2808 602 2897 judicii
617 2808 769 2894 signum,
789 2805 918 2891 speciali
932 2805 1043 2889 aliquo
1055 2824 1091 2870 ac
1105 2806 1234 2889 proprio
1246 2805 1346 2870 modo
1360 2803 1518 2889 reperitur
1536 2803 1626 2868 veri·

496 2926 546 2983 tas
565 2934 630 3001 prae
648 2914 850 2999 simplicibus
865 2912 1049 2989 vocabulis,
1069 2931 1143 2995 quae
1158 2911 1322 2995 simplices
1334 2912 1524 2996 exprimunt
1539 2928 1625 2976 con·

497 3032 622 3109 ceptus.
643 3023 769 3107 Ergo...

563 3136 681 3213 Minor
712 3127 867 3213 probatur
895 3146 936 3193 ex
964 3126 1133 3192 communi
1160 3124 1335 3217 hominum
1368 3143 1479 3191 sensu.
1511 3124 1625 3191 Voces

497 3238 584 3304 enirn
605 3256 641 3303 ac
666 3236 810 3311 termini,
832 3234 984 3320 quamvis
1003 3234 1143 3300 habeant
1161 3234 1306 3318 aliquant
1332 3234 1501 3299 veritatem
1519 3230 1624 3317 signi,

499 3365 564 3411 non
585 3346 693 3411 solent
710 3344 772 3411 dici
792 3344 871 3425 veri;
892 3362 952 3409 nec
979 3342 1141 3427 quispiam
1161 3341 1318 3407 vocabula
1337 3340 1495 3425 simplicia
1512 3341 1627 3423 proie-

499 3454 581 3520 renti
610 3452 784 3537 respondet
803 3469 918 3517 verum
949 3469 1021 3517 esse
1045 3451 1090 3527 id,
1110 3450 1201 3534 quod
1224 3448 1277 3514 ille
1301 3448 1392 3518 dicit.
1415 3448 1439 3513 Ε
1459 3464 1627 3513 converso

499 3559 738 3649 propositiones
756 3566 790 3624 et
814 3559 938 3626 habent
955 3558 1143 3634 veritatem,
1164 3566 1197 3623 et
1218 3575 1303 3623 verae
1327 3556 1491 3621 dicuntur.
1519 3552 1627 3637 Atqui

499 3672 569 3737 baec
586 3670 713 3735 diversa
737 3666 892 3751 loquendi
911 3666 993 3732 ratio
1016 3664 1198 3731 necessario
1226 3664 1385 3750 supponit
1406 3664 1547 3747 aliquem
1566 3680 1629 3745 pe-

499 3778 651 3844 culiarem
672 3775 815 3842 veritatis
830 3775 968 3841 modum
984 3772 1016 3840 in
1029 3769 1319 3857 propositionibus.
1340 3772 1436 3856 Ergo.

567 3888 670 3952 Proh.
693 3882 924 3950 2.⁰-Veritas
944 3901 1001 3967 per
1016 3881 1177 3968 judicium
1197 3879 1408 3966 cognoscitur
1425 3896 1463 3945 ac
1487 3878 1628 3962 proinde

501 3992 601 4059 estin
622 4011 661 4057 eo
679 3990 824 4081 objecnbe
848 4008 907 4057 seu
933 3990 1017 4056 sicut
1037 3989 1191 4071 cognitum
1212 3988 1248 4053 in
1269 3990 1480 4072 cognoscerem
1506 3996 1540 4051 at
1566 4004 1630 4069 per

501 4100 682 4185 simplicem
702 4096 995 4183 apprehensionem
1009 4090 1129 4163 ‘veritas
1147 4097 1216 4180 ipsa
1233 4114 1301 4162 non
1316 4093 1541 4181 cognoscitur,
1561 4112 1631 4159 un-

501 4208 542 4272 de
561 4208 594 4273 in
613 4226 650 4271 ea
669 4217 719 4273 est
737 4205 855 4272 veritas
873 4215 1045 4288 tamquam
1059 4205 1092 4270 in
1107 4222 1141 4269 re
1154 4205 1297 4288 quadam
1312 4209 1346 4267 et
1358 4202 1541 4290 subjective,
1557 4220 1630 4268 non

501 4334 580 4381 vero
598 4315 681 4380 sicut
694 4313 864 4399 cognitum
884 4314 917 4378 in
932 4321 1163 4397 cognoscente.
1182 4311 1266 4396 Ergo
1283 4319 1349 4376 stat
1367 4309 1559 4395 propositio.

569 4427 671 4489 Prob.
687 4420 1056 4505 anem-Cognoscere
1065 4420 1329 4487 conformitatem
1339 4417 1537 4503 cognitionis
1548 4434 1632 4485 cum

504 4547 537 4594 re
556 4538 606 4595 est
628 4546 827 4613 cognoscere
845 4529 1014 4593 veritatem
1034 4527 1193 4612 logicam,
1213 4536 1251 4593 ut
1268 4537 1394 4593 constat
1413 4544 1455 4592 ex
1478 4526 1550 4609 ejus
1570 4524 1635 4591 de·

504 4636 663 4703 finitione.
676 4636 776 4720 Atqui
789 4654 846 4720 per
860 4646 969 4701 actum
985 4633 1095 4721 judicii
1108 4634 1278 4720 cognoscit
1292 4652 1389 4700 mens
1402 4632 1633 4719 cognitionem

505 4764 600 4812 suam
616 4762 688 4811 esse
707 4742 750 4809 rei
770 4746 988 4811 conformem.
1008 4743 1104 4827 Ergo.
