3492 5525
247 524 363 588 nnete.
383 522 661 589 1.⁰·Descrttr>rto
676 542 897 590 rnoutrrnutr
911 542 1105 592 coeuoscm.
1146 525 1202 612 567

921 635 1241 674 .,..---.

184 703 308 772 Verum
328 704 542 791 multiplicem
562 707 661 774 habet
683 714 792 773 actum
812 706 1013 785 intellectus,
1041 711 1129 777 unde
1146 710 1243 779 variis
1262 707 1454 793 truttmunt·

112 811 216 879 etiarn
242 812 433 900 designatur
461 812 660 881 nominibus.
689 816 772 882 Nam
792 824 885 883 etex
911 834 977 883 una
994 818 1182 903 cognitione
1210 819 1243 885 in
1293 782 1427 896 'mffff''

110 918 214 987 aliam
242 920 387 1006 procedit
413 940 471 1007 per
493 920 697 1005 discursum;
726 942 763 989 ac
790 923 911 991 subeo
939 934 1089 1011 respectu
1109 935 1245 993 vocatur
1291 922 1430 1040 ”affin

110 1028 218 1109 rafim·
232 1036 264 1093 et
283 1027 361 1095 olim
380 1028 529 1113 cognita,
551 1028 685 1097 retentis
699 1048 812 1096 eorum
832 1028 1023 1116 speciebus,
1044 1032 1241 1110 recordatur,
1325 1027 1408 1117 ,Μ’

111 1154 154 1200 ac
172 1135 218 1202 sic
235 1134 538 1231 denominationem
557 1137 657 1203 sumit
675 1137 848 1220 memorien
868 1146 1021 1223 praeterea
1039 1139 1072 1205 in
1097 1140 1243 1226 seipsum
1280 1209 1286 1223 ,
1307 1152 1442 1255 Z‘ffi

110 1242 374 1310 consideratione
399 1244 596 1330 regreditur,
621 1254 659 1311 ut
676 1262 756 1311 suos
775 1246 923 1330 proprios
941 1256 1033 1313 actus
1051 1255 1085 1312 et
1102 1249 1246 1315 affectio-
1278 1219 1311 1263 ’ω
1415 1225 1442 1263 ¹⁸'

113 1368 177 1415 nes
189 1351 445 1436 contempletur;
467 1360 500 1417 et
514 1359 676 1436 quatenus
695 1352 855 1448 ejusmodi
876 1352 1087 1419 reflexionem
1102 1364 1242 1434 exercet,

111 1456 296 1541 appellatur
319 1458 507 1524 conscientia
532 1461 585 1525 ael
604 1460 699 1525 etaiam
727 1478 835 1526 sensus
861 1459 1011 1533 intimas:
1026 1468 1076 1527 'ac
1103 1462 1245 1547 denique
1290 1457 1425 1572 ‘⁰¹3⁸‘ftlfit

111 1574 188 1630 tum
210 1582 260 1632 res
276 1564 467 1649 simpliciter
480 1566 710 1651 apprehendit,
726 1577 800 1634 tum
815 1566 936 1653 judicia
956 1568 1109 1652 quaedam
1130 1569 1246 1635 imme·
1299 1543 1421 1655 {pff

112 1672 203 1738 diata
217 1673 406 1758 pronuntiat
425 1692 465 1739 ex
479 1675 548 1739 sola
566 1674 784 1741 terminorum
801 1661 973 1741 intuitione
987 1684 1085 1759 atque
1104 1677 1244 1742 invicem

110 1774 372 1864 comparatione,
405 1789 483 1847 tunc
512 1801 589 1848 vero
620 1801 742 1848 nomen
781 1782 915 1849 sortitur
950 1783 1163 1868 intelligentam
1195 1786 1246 1851 vel
1288 1778 1439 1833 ¹⁰‘⁶¹¹³¹‘¹¹¹³⁸·

110 1886 212 1977 etiam
232 1887 419 1973 simpliciter
440 1889 631 1956 intellectus
651 1888 726 1956 Non
752 1908 831 1975 ergo
850 1898 929 1956 sunt
948 1892 999 1956 hae
1018 1890 1154 1957 diversae
1180 1910 1247 1957 rea·

114 1995 191 2060 liter
205 1996 390 2072 facultates,
411 1998 469 2064 sed
491 1997 614 2063 ratione
634 1997 805 2065 dumtaxat
824 1994 893 2085 (r);
921 2016 1006 2064 unus
1024 1997 1113 2065 enim
1137 1999 1248 2065 idem-

111 2121 183 2186 que
200 2101 384 2171 intellectus
398 2104 441 2169 ob
456 2104 677 2189 praestantiam
694 2114 817 2171 naturae
831 2124 901 2172 suae
916 2106 1114 2173 fecunditate
1130 2094 1243 2192 pollet,

112 2218 155 2277 ut
169 2210 264 2275 unica
276 2219 308 2276 et
319 2211 457 2296 simplici
470 2212 589 2278 virtute
602 2230 661 2279 sua
673 2222 851 2299 cognoscat
861 2213 986 2291 omnia,
1000 2232 1076 2297 quae
1089 2234 1163 2300 pars
1172 2233 1248 2299 sen-

111 2316 209 2383 sitiva
226 2316 338 2385 multis
353 2318 506 2402 potentiis
520 2320 752 2405 apprehendit,
769 2329 802 2386 et
817 2321 877 2385 alia
892 2329 1046 2406 praeterea
1059 2324 1162 2388 multa
1174 2319 1245 2423 (²);

111 2432 208 2491 actus
227 2426 324 2492 etiam
344 2425 475 2492 eliciens
495 2426 643 2512 specifice
663 2426 827 2503 diversos,
849 2446 916 2493 non
939 2445 1091 2494 secusne
1110 2430 1137 2495 si
1158 2432 1242 2495 mul-

110 2533 216 2615 tiplex
235 2540 337 2610 esset,
358 2543 390 2599 et
415 2533 584 2619 multiplici
603 2542 748 2601 uteretur
767 2535 900 2603 virtute.
919 2536 1042 2602 Verum
1063 2538 1132 2603 haec
1154 2556 1244 2604 nunc
1295 2566 1301 2581 ·

110 2642 350 2725 supponenda,
372 2640 446 2707 alibi
465 2644 696 2709 demostranda
715 2651 806 2709 sunt.

181 2746 387 2832 intelligentta
402 2748 512 2834 itaque
531 2758 665 2816 vocatur
685 2750 755 2834 ipse
778 2748 967 2818 intellectus
985 2760 1151 2836 quatenus
1165 2753 1246 2820 sim·
1282 2832 1287 2843 Ι
1329 2758 1410 2842 om¹

110 2855 239 2940 pliciter
257 2856 487 2940 apprehendit,
511 2866 609 2941 atque
628 2857 817 2923 immediata
836 2860 958 2942 profert
973 2860 1105 2945 judicia.
1127 2861 1164 2927 Et
1183 2861 1245 2927 du·
1281 2831 1433 2886 ¹⁰¹⁶¹¹¹⁸‘¹¹¹²¹‘

111 2965 192 3047 plex
210 2971 260 3028 est
274 2963 343 3048 ejus
362 2971 469 3041 actus,
485 2965 618 3046 simplex
636 2965 839 3047 apprehensio
859 2975 893 3031 et
902 2967 1031 3052 judicia
1044 2969 1168 3049 printa,
1189 2969 1244 3034 illa

112 3089 235 3154 nempe
254 3090 328 3153 quae
355 3089 421 3136 non
448 3090 504 3155 per
533 3071 718 3138 discursum
740 3085 771 3140 et
796 3073 1092 3152 ratiocinationem,
1118 3077 1177 3141 sed
1202 3095 1243 3142 ex

111 3196 205 3243 mera
234 3179 452 3243 terminorum
485 3178 687 3262 inspectione
715 3181 932 3246 efformantur
965 3179 1029 3269 (3).
1065 3180 1174 3257 Quare
1202 3183 1243 3247 ad

109 3287 222 3371 ipsum
252 3294 400 3370 spectant
427 3286 530 3372 prima
562 3287 773 3354 scientiarum
809 3272 981 3373 principia,
1015 3292 1103 3355 unde
1133 3291 1243 3356 omnis

111 3411 289 3478 processus
312 3394 512 3478 discurrendi
531 3395 701 3462 exordium
729 3397 856 3480 repetit.
877 3396 1000 3477 Judicia
1028 3398 1243 3463 veroimme-

110 3500 202 3567 diata
219 3499 439 3588 intelligentiae
458 3503 603 3587 propria,
621 3506 671 3570 vel
688 3512 767 3570 sunt
790 3505 960 3570 rationalia
983 3507 1034 3570 vel
1049 3507 1242 3589 experimen-
1313 3511 1400 3564 ruant.

1267 3583 1449 3638 experimentalia

111 3608 206 3675 talia.
234 3609 504 3694 Experirnentalia
538 3611 789 3694 pronuntiantur
817 3630 881 3697 ope
914 3612 1138 3697 experientiae,
1172 3615 1241 3680 sola
1281 3652 1432 3705 mimi,

110 3823 249 3882 sensibus
260 3825 401 3898 praebent,
420 3833 463 3895 nt,
473 3831 528 3899 pro
538 3845 571 3882 eo
583 3826 657 3899 qnod
670 3843 754 3884 nosse
769 3845 825 3883 non
845 3834 983 3900 possunt,
1003 3827 1092 3900 quasi
1108 3825 1242 3884 innotes-

110 3931 181 3970 cere
197 3913 274 3971 velle
286 3913 452 3971 uideantur.
467 3913 526 3972 Sea
546 3933 598 3972 nos
619 3935 654 3972 ea
675 3934 763 3972 sensu
784 3915 913 3988 corporis
928 3916 971 3974 ita
985 3917 1134 3991 capimus,
1154 3925 1188 3973 nt
1207 3916 1242 3973 de

111 4003 164 4060 his
175 4021 230 4059 non
248 4023 336 4061 senen
350 4005 479 4078 corporis
493 4003 667 4076 iudicemus.
681 4004 826 4062 Habemus
839 4005 916 4061 enim
927 4006 1019 4062 alium
1031 4005 1242 4064 interiorisbo-

111 4092 202 4150 minis
216 4111 331 4150 sensnm
345 4094 403 4151 isto
427 4095 515 4168 longe
537 4094 782 4168 prestantiorem,
797 4113 851 4166 qna
869 4092 951 4166 justa
970 4103 999 4151 et
1012 4095 1126 4168 injusta
1147 4096 1242 4154 senti-

113 4201 192 4238 mus.
207 4191 260 4240 etc.

149 4269 192 4343 (r)
228 4269 304 4330 Vide
320 4270 353 4330 S.
375 4271 493 4342 Thom.,
512 4293 523 4330 1
549 4292 578 4344 p.
601 4291 631 4343 q.
648 4293 693 4345 79,
708 4293 736 4330 a.
760 4293 788 4346 7,
803 4272 836 4341 83
852 4274 886 4330 de
903 4273 1043 4343 Verifnt„
1059 4295 1089 4346 q.
1109 4294 1148 4342 ιο,
1165 4295 1193 4332 a.
1211 4297 1238 4349 3.

150 4359 194 4432 (2)
230 4359 264 4418 S.
279 4359 390 4420 Thom.
406 4373 455 4431 r.·,
469 4369 562 4419 contr.
577 4359 671 4431 Gent,
687 4382 711 4419 c.
729 4382 759 4434 3¹
776 4380 850 4420 vera.
869 4361 921 4420 fin.

149 4448 193 4521 (3)
229 4449 295 4508 Non
310 4469 380 4524 ergo
394 4450 523 4510 sumitur
543 4449 591 4508 hic
607 4451 810 4528 intelligentia
824 4471 877 4522 pro
896 4460 965 4509 acta
987 4453 1193 4530 intelligendi,
1210 4467 1244 4512 ut

112 4557 193 4611 saepe
207 4538 243 4596 ab
257 4537 389 4611 antiquis
402 4539 573 4598 sumebatur
587 4539 676 4604 (Vide
690 4537 724 4598 S.
739 4539 896 4609 Thomam,
912 4560 922 4597 1
941 4560 969 4612 p.
982 4559 1013 4612 q.
1029 4563 1072 4615 79,
1089 4562 1117 4600 a.
1134 4544 1179 4616 ro)
1191 4543 1243 4603 sed

113 4647 169 4701 pro
184 4629 314 4700 potentia
327 4627 514 4699 intellectiva,
529 4642 563 4688 ut
576 4629 701 4689 habetur
719 4629 797 4702 apud
821 4630 957 4688 eumdem
972 4630 1008 4690 S.
1026 4631 1186 4703 Thornam,
1205 4643 1244 4690 r.·

112 4717 192 4790 disp.
207 4739 234 4788 3,
250 4737 279 4790 q.
294 4738 324 4792 4,
339 4739 365 4777 a.
385 4717 441 4778 rin
453 4737 532 4790 corp.
548 4731 577 4778 et
592 4717 705 4794 2qu
723 4731 752 4778 et
770 4739 803 4792 73
821 4717 950 4790 itemque
970 4722 1007 4779 de
1028 4723 1121 4781 Verri.
1146 4743 1175 4795 q.
1200 4741 1242 4794 ro,

113 4819 170 4866 art.
189 4829 214 4881 3.
914 4823 919 4830 ’
