3492 5525
251 492 370 557 Ateste.
391 506 448 556 nt·
462 490 663 589 Descmmro
678 450 901 575 racuprnruu
916 510 1110 557 coenosctr.
1151 507 1202 576 571

121 669 272 743 scientia'
288 675 409 743 directa
435 684 567 741 vocatur
594 676 663 760 ipsa
686 675 867 759 praesentia
885 675 1018 762 actualis
1036 679 1244 763 phaenomeni

118 786 358 870 cujuscumque
381 784 415 849 in
443 784 554 849 animo
582 794 713 861 nostro,
746 782 815 849 sive
838 784 961 850 ordinis
988 785 1151 853 sensibilis
1176 786 1246 853 sive
1314 837 1325 859 ,

119 890 364 974 intellectualis;
387 890 505 957 retlexa
534 908 611 957 vero
640 899 690 957 est
714 891 916 956 advertentia
936 892 1143 975 phaenomeni
1164 910 1246 978 prae-

120 999 222 1065 sentis
241 998 343 1064 hicet
362 998 498 1064 nuncin
523 997 647 1063 animo.
668 999 776 1063 Audio
807 1016 938 1080 sonum·
966 999 1088 1066 auditio
1111 998 1181 1086 ipsa
1210 1002 1243 1068 in
1337 1084 1341 1093 ι

121 1106 218 1172 nobis
240 1105 384 1172 existens
411 1106 580 1172 constituit
612 1091 843 1173 conscientiam
879 1104 1047 1188 directam·
1077 1108 1104 1174 si
1132 1117 1242 1174 autem

119 1218 250 1280 adverto
267 1233 314 1279 me
326 1232 437 1279 sonum
454 1214 583 1291 sentire,
605 1214 710 1279 babeo
728 1213 958 1280 conscientiam
974 1216 1133 1299 retexam:
1157 1216 1245 1282 unde

119 1321 319 1388 conscientia
337 1321 456 1387 directa
475 1321 603 1387 videtur
621 1320 809 1387 identificari
829 1340 904 1387 cum
923 1320 995 1406 ipso
1025 1324 1243 1407 phaenomeno

120 1428 272 1512 praesenti
291 1429 401 1512 quoad
412 1447 481 1494 rem
496 1428 601 1512 ipsam
617 1446 658 1494 ex
670 1429 800 1495 illorum
815 1439 986 1495 auctorum
1002 1431 1178 1512 sententia3
1192 1433 1244 1497 vel

120 1546 254 1604 nonest
270 1536 328 1602 nisi
345 1536 464 1602 modus
479 1536 565 1622 ejus,
583 1536 753 1621 praesentia
767 1535 922 1601 nimirum
939 1537 1041 1613 illius,
1058 1556 1095 1602 ac
1109 1537 1245 1622 proinde

119 1652 172 1711 est
190 1660 323 1728 prorsus
354 1643 576 1729 inseparabilis
595 1664 613 1707 a
631 1660 843 1727 quocumque
861 1652 934 1710 actu
963 1644 1142 1729 ejusmodi:
1163 1646 1242 1711 dum

118 1768 319 1817 econverso
343 1749 542 1817 conscientia
572 1746 690 1817 reflexa
717 1760 767 1817 est
795 1759 887 1816 actus
915 1750 1088 1818 distinctus
1120 1752 1162 1818 ab
1189 1752 1244 1818 illo
1275 1756 1280 1765 ’

120 1862 359 1943 pbaenomeno,
380 1859 436 1941 qui
456 1859 554 1924 babet
569 1877 627 1942 pro
641 1860 769 1945 objecto
783 1858 869 1924 idem
891 1859 1016 1943 ipsum,
1039 1878 1099 1925 nec
1113 1878 1244 1944 semper

117 1966 293 2033 comitatur
328 1965 534 2051 praesentiam
561 1964 677 2033 interni
707 1964 843 2050 alicujus
880 1967 1105 2050 pbaenomeni,
1137 1986 1244 2053 neque

117 2075 209 2141 enim
231 2094 362 2159 semper
380 2074 576 2139 advertimus
594 2074 634 2139 ad
660 2092 716 2151 ea,
737 2092 812 2157 quae
835 2074 992 2151 iacimus,
1021 2076 1072 2140 vel
1094 2074 1245 2142 accidunt

118 2180 296 2270 nobis(1).

188 2290 344 2374 Equidem
370 2290 477 2357 sentio
503 2288 537 2354 in
557 2288 670 2373 primis
689 2288 848 2361 divisione
876 2289 936 2354 hac
961 2306 1027 2354 non
1050 2289 1133 2356 duas
1158 2291 1244 2357 desi-

116 2399 210 2484 gnari
215 2397 386 2490 facultates
396 2415 453 2462 seu
468 2396 607 2462 virtutes
622 2396 818 2473 reflectendi,
836 2395 894 2461 sed
907 2394 1016 2480 potius
1029 2397 1096 2463 duo
1110 2405 1240 2463 actuum

116 2523 251 2589 genera.
274 2504 369 2569 Addo
389 2504 486 2571 etiam
506 2503 755 2579 conscientiam,
772 2520 874 2587 quam
893 2502 945 2570 isti
964 2511 1114 2571 auctores
1125 2515 1242 2572 vocant

116 2612 291 2688 directam,
323 2630 388 2677 non
418 2628 490 2677 esse
517 2620 626 2676 actum
653 2610 781 2677 virtutis
811 2610 989 2687 rellexivae,
1011 2630 1111 2695 quam
1142 2612 1242 2678 modo

117 2721 181 2788 sub
201 2718 333 2786 nomine
351 2718 557 2785 conscientiae
576 2717 827 2803 descripsimus,
849 2735 925 2784 cum
947 2736 1014 2784 non
1038 2718 1154 2786 habeat
1183 2739 1241 2805 pro

116 2829 246 2914 objecto
283 2826 520 2912 praecedentem
554 2823 697 2908 aliquam
735 2826 940 2891 affectionem
975 2825 1128 2910 subjecti,
1167 2845 1242 2910 quae

116 2947 287 3018 tamquam
318 2941 428 2999 nostra
462 2934 623 3017 nobisque
649 2932 764 3001 intime
793 2949 936 3016 praesens
964 2934 1239 3017 apprehendatur.

117 3044 247 3127 Nempe
276 3061 342 3107 non
374 3059 551 3126 possumus
583 3041 710 3126 proprie
737 3039 797 3105 dici
823 3041 961 3122 experiri
984 3051 1017 3108 et
1034 3043 1152 3107 conscii
1169 3061 1241 3108 esse

115 3151 267 3227 illorum,
288 3168 379 3233 quae,
394 3148 470 3214 licet
487 3149 571 3213 intra
591 3167 651 3214 nos
671 3155 852 3224 versentur,
874 3155 947 3213 actu
970 3156 1080 3214 tamen
1100 3168 1166 3214 non
1186 3149 1242 3215 ad-

117 3265 301 3324 vertuntur.
323 3255 355 3321 Si
375 3257 462 3322 enlm
477 3255 564 3320 idem
584 3264 634 3322 est
652 3256 791 3337 experiri
807 3255 1012 3320 affectionem
1031 3257 1193 3339 aliquam,
1208 3267 1241 3323 et

115 3385 191 3431 eam
207 3365 239 3430 in
256 3363 352 3431 nobis
366 3373 546 3446 utcumque
566 3364 701 3438 habere,
719 3362 846 3428 etiamsi
868 3380 934 3427 non
952 3362 1239 3446 animadvertatur;

115 3493 175 3539 cur
207 3490 274 3539 non
304 3471 453 3538 dicemus
490 3488 625 3555 quoque
662 3471 779 3535 habere
815 3470 1048 3536 conscientiam
1085 3472 1240 3538 directam

116 3582 269 3648 omnium
285 3597 419 3666 prorsus
434 3587 566 3645 actuum
581 3587 786 3652 nostrorum,
802 3577 900 3643 etiam
912 3576 1033 3644 ordinis
1046 3579 1241 3664 vegetativi?

116 3689 228 3772 ltaque
255 3687 419 3754 arbitrarie
442 3695 474 3752 et
502 3685 626 3770 absque
656 3687 720 3751 ulla
748 3687 938 3753 necessitate
966 3686 1090 3769 imponi
1114 3687 1241 3754 videtur

117 3815 240 3862 nomen
277 3793 484 3863 conscientiae
518 3810 616 3858 merae
648 3792 827 3877 praesentiae
860 3793 1069 3877 pbaenomeni
1106 3794 1241 3881 alicujus

115 3904 201 3970 intra
220 3920 292 3970 nos.

185 4008 331 4076 Tandem
353 4018 432 4077 noto
451 4008 685 4075 conscientiam
705 4008 792 4074 illam
813 4008 970 4075 directam
989 4009 1138 4074 inutilem
1167 4027 1239 4076 esse

116 4135 253 4203 prorsus
272 4118 313 4183 ad
333 4116 458 4202 Logicae
477 4115 784 4182 considerationem.
816 4115 935 4205 logica
961 4117 1049 4182 enim
1078 4135 1145 4182 non
1172 4118 1239 4203 agit

115 4225 285 4311 speciatim
305 4225 345 4291 de
364 4222 579 4301 conscientia,
602 4222 661 4290 nisi
681 4223 722 4288 ad
740 4225 898 4289 tuendam
918 4224 1125 4291 veracitatem
1133 4233 1239 4309 atque

116 4333 344 4400 extensionem
365 4331 543 4399 testimonii
562 4325 723 4397 facultatis
737 4329 855 4398 rellexe
868 4332 1118 4418 cognoscitivae,
1135 4351 1235 4417 quam

115 4442 239 4508 subeo
260 4441 391 4506 nomine
411 4439 572 4526 designat.
596 4439 712 4523 Neque
731 4437 868 4506 arbitror
891 4421 1134 4506 distinctionem
1160 4459 1238 4507 con-

115 4548 260 4616 scientiae
281 4549 312 4614 in
333 4548 486 4617 directam
506 4557 540 4613 et
565 4547 716 4614 reflexam
747 4547 850 4648 ullum
874 4547 987 4612 afferre
1005 4549 1234 4626 commodum,

152 4783 193 4852 (ι)
229 4778 305 4838 Vide
319 4778 506 4850 Belmesium,
520 4779 575 4838 loe.
591 4777 638 4836 cit.

1282 2292 1392 2345 Indicium
1402 2293 1430 2337 de

1275 2363 1403 2419 hujusmodi
1413 2363 1448 2409 di·

1296 2435 1421 2481 arinctione.
