3492 5525
338 408 455 472 narie.
481 421 540 488 μ’
562 404 777 484 Quorum
798 405 1031 470 Panorcamra:
1074 364 1076 367 Ι
1144 421 1205 488 739

111 588 359 675 sormam..quae
376 577 495 655 brabii
508 591 568 656 dat
582 607 646 656 non
664 590 764 656 mlum
781 589 851 666 boc,
870 592 955 675 qaod
971 591 1020 656 est
1032 606 1097 654 esse
1108 584 1241 662 mima,

120 699 180 761 sed
195 697 267 782 bor,
283 700 368 784 quod
383 701 432 764 esr
450 716 515 764 esse
537 694 723 786 hominm<
747 699 774 783 l.

190 804 225 872 ln
245 806 296 872 his
313 805 441 874 duabus
458 803 728 890 explicationibus
747 804 900 889 equidem
924 821 993 870 non
1015 802 1112 869 video
1132 798 1247 869 discri-

124 931 202 978 men
221 911 332 998 magni
352 912 525 980 momenti.
545 911 799 998 Complutenses
818 931 859 980 ex
877 911 1026 978 doctrina
1048 909 1084 976 S.
1108 909 1245 976 Thomae

122 1019 310 1087 derivarunt
329 1019 377 1097 id,
398 1020 489 1104 quod
507 1019 627 1086 Suarez
647 1023 732 1087 ultro
751 1021 886 1098 latetur,
907 1020 1024 1086 salsum
1049 1035 1121 1084 esse
1139 1015 1247 1101 prolo-

123 1127 241 1212 quium
259 1128 337 1196 illud
356 1128 388 1194 in
408 1128 513 1214 rigore
531 1139 726 1214 sumptum,
747 1147 865 1212 nempe
883 1126 913 1194 si
933 1127 1066 1193 materia
1089 1133 1123 1190 et
1142 1126 1246 1194 forma

124 1236 158 1302 in
184 1235 313 1320 proprio
339 1253 438 1302 sensu
463 1236 676 1320 accipiantur,
697 1235 773 1319 quia
793 1251 902 1319 neque
920 1235 954 1301 in
973 1231 1166 1301 substantiis
1186 1231 1247 1296 im·

125 1343 344 1410 materialibus
363 1361 470 1428 neque
496 1343 528 1410 in
554 1343 717 1427 corporeis
743 1343 939 1410 verificatur.
960 1341 1079 1408 Suarez
1101 1359 1180 1407 vero
1195 1340 1252 1405 ul·

124 1451 226 1519 terius
244 1453 418 1536 processit,
432 1470 603 1538 exponens
627 1470 781 1528 sensum,
798 1453 830 1518 in
852 1471 920 1536 quo
940 1450 1111 1518 veritatem
1128 1449 1253 1516 habere

125 1568 234 1645 potest
248 1561 474 1644 proloquium,
490 1561 566 1644 quia
579 1579 687 1647 genus
704 1561 905 1638 desumitur,
924 1558 1043 1626 sivein
1058 1557 1248 1625 substantiis

124 1667 345 1753 spiritualibus
378 1669 447 1736 sive
478 1667 510 1736 in
544 1669 789 1749 materialibus,
825 1687 869 1735 ex
904 1669 1009 1753 gradu
1040 1665 1248 1752 perfectionis

124 1777 231 1842 adbuc
260 1775 425 1860 potentiali
450 1785 483 1842 et
506 1777 612 1862 magis
639 1775 877 1847 determinabili
902 1785 936 1842 et
959 1772 1166 1862 perfectibili,
1188 1771 1249 1839 dit·

125 1883 259 1952 ferentia
278 1902 355 1950 vero
371 1903 415 1952 ex
432 1885 536 1969 gradu
553 1885 650 1952 dante
670 1885 822 1951 ultimum
841 1893 950 1950 actum
968 1881 1249 1952 determinationis

124 2011 164 2057 ac
181 1991 387 2076 perfectionis
405 1991 580 2078 specificae,
596 2011 671 2077 quae
689 1993 838 2059 doctrina
855 1991 1023 2060 verissima
1036 2001 1103 2070 est,
1119 1999 1153 2056 et
1169 2009 1251 2057 corr·

126 2100 239 2166 formis
257 2099 294 2166 S.
315 2091 469 2178 Tliomae,
490 2119 550 2167 nec
573 2089 746 2168 censuram
776 2099 1066 2186 Complutensium
1090 2107 1251 2174 meretur.

124 2226 202 2273 cum
231 2208 352 2292 gradus
381 2208 587 2291 perfectionis
616 2209 751 2275 ulterius
778 2208 1034 2276 determinabilis
1066 2217 1099 2274 et
1125 2209 1249 2292 gradus

71 2349 74 2352 ·
126 2317 251 2382 ultimae
269 2315 550 2383 determinationis
567 2317 727 2402 specificae
749 2317 933 2402 analogiam
953 2328 986 2384 et
1004 2317 1249 2401 proportionem

125 2434 258 2491 servent
275 2442 353 2490 cum
369 2425 504 2491 materia
522 2434 555 2491 et
574 2427 694 2503 forma,
710 2444 751 2492 ex
765 2425 887 2509 quibus
899 2443 1035 2508 corpora
1047 2425 1248 2492 coalescunt.

126 2533 165 2598 Et
183 2532 229 2598 sic
248 2533 345 2600 etiam
364 2533 402 2598 frt
427 2553 468 2599 ex
484 2552 604 2618 genere
632 2543 665 2600 et
692 2533 872 2600 differentia
894 2552 999 2600 unum
1025 2533 1248 2618 compositum
1329 2585 1334 2609 ,

125 2641 405 2726 metaphysicum,
424 2643 508 2708 sicut
533 2661 573 2708 ex
601 2642 734 2708 materia
761 2651 796 2708 et
823 2643 928 2708 iorma
953 2640 1116 2708 sentiatur
1142 2659 1249 2708 unum

124 2747 349 2833 compositum
369 2748 558 2837 physicum.

194 2859 289 2924 Plura
302 2859 344 2925 de
362 2876 483 2944 genere
498 2859 637 2927 dabunt·
648 2858 744 2945 prisci
764 2858 935 2928 Doctores.

554 3022 574 3114 ᾗ
598 3022 819 3093 ll.-Sr³rcres.

165 3186 251 3270 ι183.
299 3183 475 3269 Supposita
494 3187 628 3253 notione
646 3206 682 3253 ac
696 3185 913 3253 divisionibus
932 3186 1049 3271 speciei
1063 3186 1138 3255 alibi
1151 3187 1248 3264 datis,
1275 3221 1449 3279 „mm

126 3294 268 3379 questio
286 3294 398 3360 statim
417 3294 626 3362 celeberrima
644 3294 797 3371 occurrit,
818 3307 948 3372 utrum,
967 3296 1251 3379 quemadmodum
1318 3310 1408 3381 5⁸⁰⁴ss
1425 3368 1455 3381 ..

124 3404 170 3467 de
188 3420 308 3487 genere
326 3420 402 3468 cum
421 3403 692 3473 communissima
710 3376 873 3470 sententia
887 3413 1048 3470 statutum
1065 3423 1169 3490 nuper
1186 3414 1249 3483 est,
1264 3366 1467 3484 '‘wffiff'b*

126 3510 254 3595 species
282 3529 414 3594 quoque
437 3513 529 3595 plura
558 3512 622 3577 sub
644 3530 681 3579 se
708 3511 875 3579 individua
903 3513 1068 3597 possibilia
1094 3514 1249 3597 requirat.
1291 3510 1440 3595 ¹³¹¹,¹‘¹⁸¹,²¹!·¹¹¹’

126 3620 214 3695 Quae
241 3620 461 3685 controversia
488 3638 634 3685 connexa
662 3630 713 3686 est
734 3638 811 3687 cum
831 3622 885 3687 illa
913 3622 990 3700 alia,
1020 3640 1097 3709 quae
1115 3624 1253 3708 ¹respicit
1287 3582 1446 3700 “ww

127 3727 322 3814 principium
344 3728 395 3793 vel
422 3726 561 3797 radicem
585 3728 834 3812 multiplicitatis
863 3731 1040 3797 numericae
1061 3730 1146 3799 intra
1163 3752 1253 3798 eam·

127 3838 207 3902 dem
225 3834 386 3921 speciem:
407 3854 473 3918 qua
499 3835 540 3901 de
561 3853 596 3901 re
614 3836 688 3904 alibi
715 3836 952 3923 disputandum
979 3838 1053 3907 erit.
1073 3838 1254 3912 Tiromistre

127 3954 265 4012 censent
293 3943 493 4010 numericam
523 3944 796 4027 multiplicitatem
817 3945 987 4030 provenire
1011 3948 1184 4015 amatoria
1201 3951 1253 4016 vel

128 4052 175 4119 ab
201 4051 314 4118 ordine
331 4052 372 4119 ad
403 4052 588 4127 materiam,
618 4062 789 4137 tamquam
817 4054 858 4119 ab
877 4051 973 4121 unica
999 4056 1140 4122 ratione:
1166 4056 1255 4125 unde

128 4158 281 4244 sequitur
309 4158 342 4225 in
373 4158 563 4226 substantiis
590 4161 761 4245 completis
793 4160 1080 4235 immaterialibus.
1106 4164 1252 4251 -angelis,

127 4268 200 4336 dari
219 4286 285 4334 non
307 4286 405 4353 posse
423 4268 516 4351 plura
533 4266 700 4334 individua
719 4269 866 4356 ejusdem
887 4269 1021 4355 speciei,
1043 4272 1101 4339 sed
1125 4271 1256 4359 singula

128 4374 298 4443 individua
315 4374 459 4461 angelica
477 4374 615 4443 totidem
633 4377 759 4462 species
781 4377 950 4445 distinctas
972 4379 1172 4449 constituere
1188 4378 1254 4471 (a).

168 4540 208 4601 (ι)
245 4534 277 4595 8.
292 4534 362 4605 Th,
377 4537 412 4593 cie
424 4534 529 4609 Spiril.
544 4546 646 4609 creat,
661 4550 716 4596 art.
735 4556 765 4607 1,
780 4536 817 4595 'ad
832 4556 878 4613 24.

169 4628 211 4693 (a)
247 4624 323 4685 Vide
336 4624 369 4685 S.
385 4624 504 4697 litora„
530 4647 553 4685 r.
569 4647 598 4699 p.
623 4647 652 4699 q.
670 4644 713 4701 50,
730 4640 785 4688 art.
807 4648 841 4702 43
859 4630 894 4687 rie
916 4626 1023 4704 servir.
1043 4639 1134 4689 meai.
1155 4630 1256 4702 art&

127 4725 174 4775 a.·
189 4714 265 4775 Diat.
282 4738 307 4789 3,
324 4736 353 4789 q.
373 4736 396 4784 r,
411 4728 467 4776 art.
481 4734 511 4790 43
526 4722 566 4777 a.⁸
579 4716 681 4777 Contr.
699 4716 783 4779 Geni.
797 4738 917 4793 cepoe
