3492 5525
485 478 601 548 darre.
625 491 686 557 ν·
705 476 756 542 De
775 475 895 542 Venno
1150 489 1208 560 235
1270 481 1273 498 ’

13 650 14 685 ἢ
121 661 266 730 Μιαηα
292 665 341 729 est
364 662 569 755 immorlolr's;
596 663 709 730 Petne
734 666 784 728 esi
807 663 914 743 bomo;
933 670 1013 728 tunc
1039 661 1178 729 verbum
1206 665 1255 728 est

13 748 14 815 Ῐ
121 787 190 835 non
223 769 386 856 significat
416 769 641 852 existentiam
670 770 730 837 sed
766 773 897 855 copulat
926 767 1138 858 praedicatum
1174 787 1249 834 cum

13 943 14 955 ,
119 876 288 960 subjecto.

191 983 316 1051 Contra
331 985 512 1071 expositam
528 1003 608 1072 ergo
622 985 846 1057 definitionem
863 984 972 1071 primo
988 985 1153 1070 arguitur:
1172 981 1252 1069 quia
1279 997 1456 1055 oseaeuna

13 1100 14 1115 ¹
121 1093 280 1177 pleraque
306 1094 405 1160 verba
432 1112 499 1160 non
527 1093 708 1180 significare
736 1095 887 1161 videntur
914 1111 991 1160 cum
1019 1101 1187 1178 tempore,
1215 1097 1253 1157 ut
1298 1084 1437 1188 ’ζζοζζζζζζ

120 1221 156 1266 v.
177 1220 214 1286 g.
234 1218 323 1279 creo,
352 1203 464 1286 cogito,
491 1220 566 1286 quae
592 1204 701 1268 solum
727 1202 852 1269 instans
878 1202 1053 1278 denotant,
1076 1219 1142 1267 non
1172 1217 1251 1266 vero

122 1418 300 1500 Perperam
321 1436 400 1504 ergo
417 1417 534 1484 dicitur
551 1418 689 1484 verbum
705 1417 890 1503 significare
907 1433 984 1484 curn
1004 1424 1167 1501 tempore.
1201 1455 1207 1464 -

191 1516 351 1601 Praeie'rea
378 1524 517 1593 verbum
543 1544 628 1603 sum,
654 1544 702 1602 es,
726 1528 788 1601 eet,
816 1543 883 1590 non
911 1525 1039 1592 videtur
1067 1523 1250 1610 significare

121 1631 295 1720 quidpiam
322 1631 357 1698 in
385 1632 663 1718 propositionibus
690 1633 732 1699 de
757 1632 855 1700 tertio
884 1633 1069 1718 adjacente,
1083 1629 1149 1698 'sed
1178 1649 1249 1697 esse

13 1726 14 1750 ³
123 1759 252 1806 meram
280 1746 392 1805 notarn
415 1741 541 1824 copulae
560 1748 659 1825 atque
681 1739 858 1807 identitatis
876 1741 1045 1824 objectivae
1063 1740 1248 1825 subjectum

121 1850 208 1914 inter
228 1856 262 1913 et
280 1838 500 1933 predicatum.
521 1847 670 1932 Denique
686 1849 824 1915 verbum
845 1848 986 1933 quodvis
1003 1847 1037 1913 in
1056 1845 1251 1932 propositio-

122 1955 222 2022 nibus
257 1973 334 2038 quae
367 1954 519 2022 dicuntur
552 1960 676 2022 nieme
707 1956 866 2032 veritatis,
896 1966 1132 2038 versanturque
1167 1953 1251 2026 circa

122 2061 297 2129 materiam
320 2061 552 2137 necessariam,
584 2081 626 2130 ex
648 2064 788 2130 solemni
808 2063 963 2147 loquendi
986 2063 1086 2129 modo
1106 2061 1251 2129 Philoso-

123 2171 269 2254 phorum
296 2167 411 2236 dicitur
438 2171 560 2237 obsoloi
583 2189 603 2236 a
630 2174 774 2253 tenpore.
801 2169 925 2238 Verum
953 2190 1031 2255 ergo
1058 2189 1124 2236 non
1148 2169 1250 2237 estin

122 2278 336 2353 universum,
355 2280 456 2362 ¹quod
484 2277 621 2345 verbum
650 2279 711 2344 tria
741 2277 795 2344 illa
828 2277 1008 2366 significet,
1037 2297 1113 2363 quae
1146 2296 1251 2362 nuper

120 2383 275 2471 exposita
292 2386 383 2452 fuere
401 2387 443 2452 ad
463 2393 612 2452 mentem
632 2386 829 2454 Aristotelis.

190 2493 246 2559 Ad
264 2493 411 2578 primunt
431 2503 541 2560 autem
560 2495 764 2580 objectorum
783 2493 884 2584 facilis
898 2501 947 2562 est
966 2492 1152 2579 responsio,
1169 2512 1252 2560 ‹rno-
1302 2519 1430 2566 solvuntur.

124 2602 215 2667 mine
230 2601 392 2684 temporis
406 2599 542 2687 intelligi
561 2601 713 2684 quamvis
727 2602 952 2678 durationem,
966 2603 1250 2686 quemadmodum

123 2709 262 2775 nomine
285 2705 420 2775 actionis
441 2709 632 2795 intelligitur
658 2709 809 2793 quaedam
833 2728 886 2777 res
903 2709 1085 2796 significata
1102 2729 1161 2795 per
1180 2729 1252 2778 mo-

123 2818 205 2882 dum
236 2816 390 2883 actionis:
420 2818 508 2883 unde
538 2818 608 2883 hec
637 2818 737 2884 verba
763 2818 902 2903 quiesco,
932 2818 1024 2893 sisto,
1055 2826 1088 2884 et
1119 2818 1248 2896 similia,

123 2943 200 3009 quae
228 2923 418 3009 significant
443 2924 658 3008 privationes,
691 2938 866 2994 censentur
899 2936 1130 3010 repraesentare
1153 2928 1251 2993 actio-

123 3052 232 3099 nem»
248 3028 315 3121 (r).

190 3139 342 3206 Secunda
350 3139 822 3226 objectiotangitquaestionem
830 3142 985 3227 agitatam
993 3140 1250 3211 circavimverbi

124 3246 323 3314 substantivi
342 3247 375 3313 in
395 3248 674 3332 propositionibus
689 3250 730 3314 de
753 3250 842 3316 tertio
858 3252 1032 3337 morene.
1053 3250 1086 3316 ln
1108 3250 1251 3336 proposi·

123 3354 272 3421 tionibus
282 3354 370 3420 enim
380 3354 413 3421 in
423 3354 542 3439 quibus
556 3356 694 3423 verbum
708 3375 794 3435 sum,
811 3376 858 3434 es,
876 3361 938 3435 est,
951 3358 1038 3423 idem
1054 3360 1139 3424 valet
1153 3366 1250 3441 atque

123 3464 243 3541 existo,
265 3461 401 3528 dubium
417 3481 483 3529 non
502 3472 568 3548 est,
588 3466 668 3549 quin
682 3465 863 3550 significare
883 3466 987 3549 possit
1004 3464 1064 3545 tria
1082 3464 1154 3543 illa,
1174 3484 1249 3550 quae

124 3572 265 3638 verbum
281 3570 461 3655 significare
478 3572 573 3639 docet
586 3572 785 3641 Aristoleles.
799 3572 875 3650 Oua
885 3574 917 3640 in
932 3574 1114 3657 quastione
1128 3574 1251 3658 duplex

122 3686 217 3751 adest
229 3679 401 3748 sententia:
415 3682 522 3765 plures
533 3680 620 3746 enim
635 3680 829 3749 arbitrantur
845 3680 983 3747 verbum
997 3682 1094 3768 estin
1108 3682 1251 3766 ejusmo-

121 3792 154 3858 di
182 3788 462 3874 propositionibus
486 3808 559 3856 esse
581 3804 708 3855 meram
727 3792 896 3875 copulam,
917 3808 974 3856 seu
1005 3807 1155 3855 exercere
1179 3798 1251 3855 tan·

121 3897 302 3967 tummodo
327 3896 472 3963 officium
497 3896 819 3984 syncategorematis,
839 3898 1021 3981 copulantis
1040 3898 1249 3982 predicatum

121 4027 202 4074 curn
222 4005 393 4091 subjecto,
413 4012 450 4071 ut
468 4006 584 4071 volunt
602 4004 745 4072 Fonseca
762 4003 830 4094 (2),
852 4005 1019 4093 Sylvester
1043 4007 1175 4072 Maurus
1197 4002 1250 4094 (3)

121 4114 246 4199 aliique
263 4111 361 4179 tacite
381 4112 470 4179 relati
488 4114 574 4198 apud
588 4113 686 4182 Card.
706 4111 858 4181 Toletum
877 4109 945 4202 (4).
961 4112 1005 4179 At
1018 4132 1096 4180 vero
1111 4112 1147 4179 S.
1167 4111 1251 4179 Tho-

157 4425 201 4491 (ι)
239 4418 420 4479 Conimbrie.
436 4419 575 4486 Dialeon,
599 4418 631 4478 in
652 4438 715 4491 cap.
729 4438 749 4491 4
763 4418 815 4478 lib.
838 4417 1081 4495 xdelnrerpree,
1101 4431 1204 4491 quest.
1220 4438 1248 4486 2,
1362 4462 1367 4473 .

119 4526 178 4572 art.
192 4530 214 4585 4
227 4510 260 4571 in
274 4528 352 4582 resp.
364 4509 402 4568 ad
413 4528 527 4583 argum.
543 4508 602 4567 i.-

155 4602 200 4674 (a)
233 4602 338 4661 Irrsir't.
353 4596 482 4658 Dialect.
498 4600 549 4659 lib.
567 4620 591 4669 r,
608 4613 671 4672 cap.
686 4618 728 4672 14.

156 4693 200 4764 (3)
237 4690 518 4763 Summul.eep.3r‚

157 4786 204 4855 (4)
243 4779 280 4839 In
294 4777 346 4838 lib.
365 4800 377 4837 r
391 4779 429 4838 de
438 4781 606 4855 interpret,
620 4799 683 4855 oep.
699 4801 727 4853 3,
742 4781 778 4839 de
792 4779 901 4853 Verbo,
917 4792 1020 4854 quaeet.
1039 4799 1063 4839 1.
1080 4776 1173 4840 initio.
