3492 5525
535 432 595 517 642
657 428 781 499 Lonrca
795 424 1025 508 iinon-Lm.
1043 444 1115 511 Ν,
1130 424 1222 499 Dran.
1241 446 1282 499 t.·
1296 426 1376 499 Can.
1395 446 1465 497 ram

305 632 327 676 n
337 630 460 676 aenaea
564 616 752 683 Universale
768 616 800 683 in
815 616 955 683 essendo
970 614 1125 683 definitur
1133 615 1175 681 ab
1189 616 1375 683 Aristotele:
1385 619 1470 703 quod
1473 618 1634 700 pluribus

309 702 455 758 ΝΜ·
496 723 595 789 inesse
612 728 719 791 nattam
736 730 784 791 ast
799 722 863 813 (ι).
887 724 1074 791 Universale
1091 744 1169 791 vero
1188 725 1221 791 in
1240 724 1462 811 praedicando,
1481 729 1569 811 quod
1588 728 1635 791 de

492 832 637 913 puritas
650 832 824 915 predicari
840 836 950 898 natum
967 830 1044 918 est(
1067 830 1094 918 ).

281 951 480 1033 Deauoaeendum
560 940 718 1007 Nostrum
739 950 876 1007 nonest
894 958 982 1006 nunc
1003 939 1045 1004 de
1064 937 1237 1007 universali
1254 940 1288 1006 in
1307 942 1472 1008 causando
1499 960 1562 1009 seu
1585 944 1633 1008 de

357 1023 399 1068 ¹¹¹⁶·
494 1049 600 1113 causis
619 1049 854 1115 universalibus
873 1048 1055 1133 disputare,
1076 1048 1134 1113 sed
1152 1048 1194 1113 de
1213 1048 1385 1115 universali
1404 1050 1628 1133 potissimum

495 1154 526 1219 in
546 1157 686 1221 essendo
705 1176 741 1221 ac
759 1156 856 1222 etiarn
877 1155 909 1220 in
926 1155 1148 1240 praedicand03
1170 1156 1261 1239 quo‘d
1280 1157 1416 1240 proinde
1435 1159 1632 1225 accuratius

494 1264 732 1329 enucleandum
753 1274 815 1330 est.

560 1370 614 1436 Est
633 1390 712 1455 ergo
731 1370 912 1436 universale
931 1372 963 1437 in
982 1372 1140 1438 essendo:
1156 1389 1255 1436 utrum
1267 1371 1391 1455 aliquid
1402 1375 1508 1453 aptum
1521 1372 1633 1438 inesse

493 1478 599 1543 mullis
617 1481 786 1543 secundum
813 1480 907 1543 totam
933 1480 986 1543 sui
1001 1479 1167 1545 rationem.
1193 1478 1313 1544 Dicitur
1331 1480 1465 1563 aliquali,
1496 1500 1631 1565 nempe

314 1610 440 1660 umqum,
495 1594 609 1651 natura
627 1566 752 1669 quaevie
777 1603 834 1651 seu
860 1585 1017 1651 essentia:
1046 1605 1157 1663 unum,
1184 1586 1303 1662 idest,
1329 1600 1402 1654 actu
1427 1585 1630 1663 indivisum,

267 1680 269 1687 ’
300 1686 460 1804 ujs'ffi‘ffim
495 1712 560 1759 non
580 1694 688 1759 solum
705 1692 856 1767 nomine,
875 1693 933 1758 sed
953 1692 1093 1774 ratione;
1114 1711 1210 1759 secus
1229 1692 1316 1758 enim
1333 1713 1400 1759 non
1419 1692 1479 1759 erit
1496 1694 1632 1777 aliquid

328 1830 429 1877 md,
494 1799 600 1877 idem,
622 1801 711 1884 quod
731 1820 748 1864 a
770 1800 917 1883 pluribus
945 1800 1168 1885 participetur,
1197 1811 1252 1866 aut
1272 1809 1359 1865 certe
1387 1820 1452 1867 non
1478 1802 1632 1886 amplius

493 1906 664 1973 habebitur
680 1907 875 1982 universale,
896 1907 953 1972 sed
972 1908 1177 1974 universalia.
1198 1906 1264 1973 liae
1282 1926 1363 1992 ergo
1381 1908 1551 1993 particula,
1573 1908 1633 1975 in-

492 2016 562 2098 quit
599 2016 745 2090 Toletus,
777 2015 1024 2079 «excluduntur
1051 2014 1158 2099 primo
1176 2015 1366 2098 complexa,
1386 2017 1561 2099 quoniam,
1588 2028 1630 2082 ut

490 2124 582 2200 talia,
604 2141 669 2189 non
690 2130 768 2188 sunt
787 2139 892 2187 unum
913 2122 1058 2186 nomine:
1080 2120 1300 2187 excluduntur
1317 2122 1414 2187 etiam
1434 2123 1626 2207 aequivoca,

490 2232 565 2314 quia
586 2250 650 2295 non
667 2240 745 2296 sunt
764 2248 869 2295 unum
891 2230 1040 2295 ratione»
1055 2226 1119 2316 (3).
1141 2228 1250 2311 Atque
1274 2227 1361 2294 idem
1381 2229 1557 2295 dicendum
1580 2233 1629 2297 de

490 2338 653 2423 analogis,
683 2337 894 2422 potissimum
914 2355 971 2421 pet
996 2336 1210 2401 extrinsecam
1239 2336 1559 2413 denominationem,
1596 2339 1628 2404 si

489 2444 577 2528 loqui
601 2444 729 2529 proprie
747 2442 900 2510 velimus.
922 2446 1079 2510 Praeterea
1097 2442 1228 2509 dicitur:
1248 2448 1356 2525 aptum
1378 2444 1478 2509 inesse
1495 2446 1625 2522 murat,

488 2561 521 2617 et
539 2550 671 2636 quidem
692 2572 749 2635 per
772 2552 992 2627 identitatem,
1014 2568 1110 2618 secus
1128 2551 1216 2616 enim
1243 2552 1327 2616 soret
1345 2552 1527 2636 singulare,
1549 2572 1627 2619 non

489 2678 566 2725 vero
585 2658 779 2726 universale.
802 2659 924 2725 Natura
946 2677 1041 2743 porro
1060 2657 1252 2724 universalis
1272 2658 1316 2723 ita
1333 2660 1432 2723 debet
1450 2677 1521 2724 esse
1542 2672 1628 2744 apta

488 2769 593 2835 inesse
613 2767 741 2843 multiS,
758 2776 794 2832 ut
809 2765 843 2832 in
858 2767 919 2832 illis
935 2766 1169 2850 multiplicetur
1184 2767 1326 2842 realiter,
1344 2786 1439 2844 nam,
1457 2766 1518 2832 nisi
1534 2773 1629 2834 mul·

487 2875 648 2961 tiplieetur
667 2876 736 2954 illa,
754 2895 820 2940 non
836 2882 932 2940 erunt
947 2875 1067 2952 multa,
1084 2875 1142 2940 sed
1158 2892 1280 2941 unum:
1297 2894 1363 2958 qua
1381 2876 1423 2940 de
1440 2891 1540 2941 eausa
1559 2895 1627 2942 na-

522 3199 565 3271 (ι)
601 3199 677 3256 Vide
690 3198 780 3256 Arist.
792 3209 820 3255 et
836 3196 868 3254 S.
882 3197 1000 3265 Thon,
1017 3195 1066 3254 lib.
1083 3217 1110 3267 7.
1127 3196 1272 3270 Metapa,
1284 3195 1348 3254 leet.
1368 3218 1409 3270 13,
1423 3217 1539 3270 paragr.
1548 3199 1580 3256 6.

525 3289 567 3360 (a)
604 3288 679 3346 Vide
693 3288 820 3356 medem,
835 3287 1009 3355 Perilterm„
1024 3285 1072 3342 lib.
1094 3307 1121 3352 1,
1138 3285 1203 3342 leet.
1219 3305 1259 3352 ro,
1272 3285 1367 3344 initio.

520 3385 561 3450 (al
597 3377 691 3436 Tolet.
707 3379 812 3450 Legio.
830 3376 862 3434 ln
876 3377 999 3433 Prooem.
1016 3375 1191 3448 Porpnyrii,
1205 3389 1311 3446 quaet.
1332 3397 1361 3442 r,
1376 3376 1427 3434 uhi
1443 3391 1509 3448 post
1526 3378 1621 3436 verba

482 3468 569 3527 citata
585 3466 624 3524 sic
640 3466 735 3539 pergit
749 3467 872 3536 loquens
886 3465 923 3522 de
934 3463 1077 3538 analogia:
1090 3464 1244 3536 «Analoga
1259 3481 1337 3532 vero,
1349 3463 1418 3536 quin
1433 3481 1505 3523 eunt
1519 3486 1620 3525 unum

483 3555 602 3628 quidem
616 3555 734 3614 nomine·
746 3569 774 3612 et
788 3569 929 3625 conceptu
944 3552 1073 3618 formali,
1089 3565 1118 3611 et
1133 3552 1173 3610 ita
1188 3553 1405 3624 quodammodo
1417 3573 1508 3612 unum
1525 3554 1622 3614 ratio·

483 3667 519 3704 ne
533 3646 584 3704 sed
599 3644 782 3716 ineequaliter
796 3643 979 3715 participata,
992 3641 1089 3713 qualia
1099 3656 1170 3700 aunt
1180 3661 1277 3712 unum,
1292 3663 1352 3712 ens,
1363 3642 1477 3714 donum,
1489 3645 1621 3704 acsimi-

483 3737 530 3806 lia3
547 3735 612 3793 ideo
624 3736 661 3793 ab
680 3734 834 3792 Aristotele
847 3731 1024 3804 quibusdam
1036 3729 1106 3789 locis
1122 3731 1298 3790 unirer-talia
1312 3731 1379 3802 itta,
1393 3732 1501 3792 seilicet
1511 3755 1617 3804 enum,

481 3847 542 3894 ens,
558 3825 674 3894 donum,
689 3835 848 3892 vocantur,
865 3832 961 3894 ut3.⁰,
974 3821 1116 3896 Metapa..
1131 3840 1158 3878 c.
1172 3842 1198 3892 3,
1213 3834 1243 3880 et
1255 3840 1284 3894 4.
1299 3821 1380 3888 (Cir.
1393 3821 1427 3881 S.
1440 3823 1560 3894 Thone„
1573 3825 1616 3884 ib.

482 3915 546 3974 lect.
567 3935 615 3984 ια,
641 3933 756 3988 paragr.
772 3918 822 3981 o),
846 3933 913 3972 cum
932 3911 973 3970 ait
986 3931 1036 3968 ens
1051 3923 1079 3969 et
1093 3930 1182 3966 unum
1196 3929 1260 3971 esee
1276 3911 1401 3970 maxime
1415 3913 1618 3984 ”maeotim

480 4019 510 4063 et
524 4005 573 4064 lib.
589 4025 620 4078 4,
636 4024 698 4076 eap.
720 4023 736 4060 2
758 4001 833 4070 (Cir.
849 4001 886 4060 S.
901 4002 1007 4059 Thom.
1024 4001 1053 4057 ib
1075 3999 1139 4058 lect.
1156 4018 1184 4072 4,
1201 4020 1317 4073 paragr.
1330 4006 1386 4072 s.),
1402 4013 1455 4070 tot,
1469 4001 1522 4070 ait¹
1549 4024 1619 4062 esse

480 4093 588 4166 species
607 4093 706 4162 unius,
727 4106 799 4165 quot
814 4106 884 4150 sunt
898 4090 1008 4162 species
1020 4088 1107 4147 entis:
1129 4089 1307 4160 quibusdam
1322 4109 1391 4148 vero
1410 4089 1476 4149 aliis
1491 4092 1521 4150 in
1541 4093 1618 4153 locis

481 4183 510 4240 id
525 4203 633 4256 negare
646 4183 762 4242 ridetur
778 4195 810 4239 ut
827 4202 855 4254 4,
871 4181 1017 4254 Metoplt.¹
1032 4201 1056 4236 e.
1071 4198 1097 4245 a,
1120 4199 1187 4236 eum
1201 4179 1243 4236 eit
1257 4199 1309 4238 ens
1320 4193 1350 4238 et
1362 4199 1452 4237 unum
1468 4200 1529 4239 non
1547 4201 1619 4242 esse

479 4275 662 4330 universalia
676 4286 705 4332 et
727 4270 827 4330 eadem
849 4271 881 4328 in
897 4268 1046 4338 omnibus,
1061 4282 1091 4328 et
1113 4279 1153 4324 r.·
1173 4267 1317 4338 urticae,
1330 4290 1358 4330 c.
1379 4271 1408 4328 6.
1428 4269 1481 4339 ait,
1505 4270 1617 4330 ῠοιικηι

478 4382 560 4434 aeque
573 4384 606 4420 ae
619 4383 669 4420 ens
684 4381 743 4420 non
756 4381 819 4420 esse
833 4359 994 4432 quidquam
1003 4357 1169 4415 universale
1182 4378 1216 4415 ac
1230 4376 1334 4429 unum,
1345 4358 1416 4430 quie
1426 4359 1457 4419 in
1471 4360 1616 4421 omnibus

478 4451 708 4524 predicamentis
719 4449 915 4524 reperiuntur.
927 4447 1006 4506 Sunt
1012 4446 1090 4505 enirn
1099 4446 1277 4505 universalia
1286 4450 1412 4521 analoga
1420 4462 1450 4507 et
1458 4465 1617 4511 muscen-

476 4542 586 4611 dentiat
604 4562 663 4600 non
686 4540 861 4600 universalia
883 4537 1015 4604 univoca,
1032 4557 1098 4608 quae
1117 4535 1177 4595 sint
1196 4557 1265 4595 vere
1283 4558 1392 4610 genera
1413 4553 1467 4598 eut
1487 4541 1617 4612 speeies.

477 4632 602 4704 Oportet
621 4651 701 4706 ergo,
727 4629 842 4706 proprie
862 4627 1026 4688 universale
1044 4627 1083 4686 ait
1099 4646 1204 4696 unum,
1222 4625 1333 4687 aeilieet
1351 4628 1567 4703 incomplexam
1583 4647 1617 4693 et

476 4721 663 4784 uuiroeum.»
