3492 5525
560 472 624 537 930
662 452 786 518 lsootca
800 446 1035 527 Maron-Lm.
1051 464 1124 527 ψ,
1141 446 1233 513 Drso.
1252 459 1297 531 4.·
1312 442 1390 508 Cae.
1413 458 1480 505 ram

509 626 616 704 errore
637 648 736 723 atque
754 636 1014 723 impugnatione.
1034 634 1121 701 Nihil
1142 643 1252 701 autem
1276 628 1381 701 simile
1404 630 1569 716 contingit
1598 632 1629 695 in

509 746 661 813 humanis
676 745 830 823 scientiis,
850 764 925 828 quae
941 744 1071 827 assequi
1089 740 1273 828 cognitione
1293 758 1360 806 non
1380 746 1521 825 possunt
1543 756 1632 805 veras

509 842 706 939 intimasque
719 852 918 921 dillerentias
931 850 1158 928 individuales,
1174 858 1210 915 ut
1222 850 1290 935 jam
1307 847 1496 915 notavimus
1511 846 1547 933 in
1563 865 1635 929 pro

508 957 706 1037 bationibus,
732 960 945 1027 accidentales
968 956 1084 1026 ‘autem
1103 967 1136 1024 et
1153 957 1328 1025 exteriores
1350 954 1552 1021 differentias
1578 962 1633 1018 aut

509 1068 639 1154 penitus
656 1077 894 1144 contemnunt,
916 1067 991 1152 quia
1015 1067 1124 1152 dignae
1143 1084 1210 1133 non
1228 1074 1305 1131 sunt
1329 1062 1505 1130 scientifica
1528 1062 1635 1128 consi·

508 1175 690 1252 deratione,
710 1187 767 1243 aut
786 1175 936 1242 ilistoriae
959 1173 1230 1259 contemplandas
1255 1184 1354 1257 atque
1380 1170 1557 1237 narrandas
1585 1188 1635 1234 re·

510 1284 677 1367 linquunt.

553 1397 656 1459 Dices
676 1398 728 1474 4.⁰
774 1391 933 1468 Quaedam
953 1389 1219 1455 demonstrantur
1240 1386 1272 1453 in
1292 1386 1452 1462 scientiis,
1473 1405 1550 1470 quae
1572 1404 1633 1451 non

508 1516 638 1583 semper
656 1509 751 1575 sunt,
772 1498 831 1564 sed
850 1498 1051 1581 quandoque
1070 1496 1259 1572 dumtaxat,
1280 1506 1316 1561 ut
1339 1504 1417 1561 sunt
1436 1516 1469 1562 v.
1492 1516 1528 1579 g.
1551 1488 1635 1559 deie-

508 1613 582 1671 ctus
596 1606 682 1670 lunae
701 1614 763 1673 etc.
785 1606 885 1688 Atqui
907 1624 981 1688 quae
1003 1622 1069 1669 non
1088 1622 1220 1686 semper
1235 1612 1332 1678 sunt,
1354 1602 1552 1669 universalia
1571 1620 1634 1666 non

509 1723 588 1780 sunt
609 1731 668 1776 nec
687 1723 859 1797 perpetua,
881 1712 939 1778 sed
958 1711 1171 1796 particularia.
1195 1710 1322 1796 Ergo...

578 1827 682 1903 Resp.
705 1821 780 1888 dist.
802 1820 918 1907 Major.
935 1820 1018 1897 Quae
1035 1838 1100 1885 non
1120 1808 1252 1903 semper
1264 1831 1360 1895 sunt,
1379 1826 1476 1901 prout
1491 1818 1636 1884 conside-

511 1924 623 1993 rantur
636 1926 669 1993 m
683 1928 745 1993 rurs
759 1926 912 2005 screnus,
929 1946 1014 2011 mg,
1030 1927 1063 1993 ln
1078 1906 1136 1994 sla
1152 1926 1286 2013 physica
1300 1924 1474 1991 existentia
1485 1925 1633 1999 suaet„

511 2053 586 2118 quae
617 2054 682 2101 non
704 2054 835 2119 semper
857 2044 952 2112 sunt,
978 2036 1029 2099 vel
1055 2037 1131 2117 quia
1158 2051 1223 2101 non
1250 2052 1382 2117 semper
1405 2034 1499 2099 adest
1528 2050 1633 2100 causa.

511 2139 569 2208 cur
587 2142 668 2218 sint,
695 2145 746 2208 vel
769 2144 845 2226 quia
868 2143 941 2207 licet
969 2143 1052 2208 adsit
1075 2160 1188 2217 causa,
1218 2142 1311 2207 obest
1337 2140 1470 2223 aliquod
1502 2140 1636 2223 impedi-

513 2259 682 2328 mentum,
698 2270 801 2336 conc„
822 2249 931 2325 aliter,
952 2269 1042 2333 nego.

579 2358 759 2441 Propositio
776 2357 817 2422 de
832 2360 918 2423 lunae
933 2358 1061 2422 deiectu
1081 2354 1272 2422 universalis
1286 2364 1336 2421 est
1357 2355 1468 2439 quoad
1487 2372 1633 2429 causam,

491 2543 496 2551 ι
513 2481 632 2547 nempe
650 2465 898 2551 quotuscumque
912 2464 1128 2548 interponitur
1146 2472 1230 2529 terra
1247 2464 1332 2529 inter
1350 2464 1455 2528 solem
1479 2474 1513 2528 et
1528 2463 1634 2526 lunam

513 2568 546 2635 in
565 2571 649 2636 linea
668 2570 863 2649 diametrali,
894 2571 996 2654 quod.
1013 2579 1063 2637 est
1081 2590 1178 2637 causa
1209 2570 1372 2646 deiectus,
1394 2588 1527 2653 semper
1545 2570 1636 2635 datur

514 2676 703 2763 hujusmodi
730 2679 988 2764 phaenomenon.
1013 2678 1060 2743 Ac
1088 2677 1222 2763 proinde
1240 2676 1267 2743 si
1291 2685 1419 2742 tantum
1443 2677 1475 2742 id
1500 2678 1635 2743 demon-

514 2793 650 2862 stretur,
666 2787 831 2871 objectum
844 2806 956 2853 revera
975 2787 1156 2852 universale
1175 2797 1242 2861 est,
1255 2795 1287 2850 et
1301 2786 1540 2852 demonstratio
1559 2805 1635 2868 quo

514 2912 579 2976 que
598 2893 775 2960 scientifica
793 2904 826 2961 et
839 2895 1043 2962 universalis.
1058 2893 1092 2959 Si
1107 2913 1185 2960 vero
1198 2893 1345 2959 deiectus
1359 2896 1444 2958 lunae
1455 2892 1634 2960 considere-

515 3011 568 3066 tur
585 3001 617 3066 in
636 3019 696 3066 sua
710 3003 897 3080 existentia,
912 3012 1075 3087 quatenus
1088 3023 1208 3086 nempe
1222 3002 1392 3086 contingat
1407 3003 1462 3067 tali
1474 3011 1629 3086 tempore,

514 3126 618 3183 anno,
644 3107 715 3184 die,
742 3111 837 3186 hora,
868 3123 949 3177 tunc
971 3110 1208 3176 demonstratio
1234 3109 1435 3194 particularis
1457 3117 1525 3185 est,
1550 3111 1633 3192 obje-

514 3224 672 3298 ctumque
691 3215 854 3300 singulare
873 3219 986 3294 habet,
1008 3219 1067 3283 sed
1085 3217 1274 3303 hujusmodi
1294 3217 1509 3283 consideratio
1529 3235 1632 3300 perse
1711 3245 1712 3287 l

515 3340 583 3387 non
614 3333 738 3406 spectat
766 3325 807 3389 ad
834 3324 1003 3390 scientiam
1031 3324 1070 3390 de
1096 3326 1206 3406 astris;
1236 3325 1319 3391 sicut
1348 3343 1413 3390 non
1444 3333 1569 3408 spectat
1597 3325 1631 3388 ad

516 3430 685 3496 scientiam
717 3434 884 3518 physicam
915 3452 970 3516 per
1000 3452 1035 3498 se
1060 3433 1272 3517 contemplari
1299 3453 1394 3500 casus
1430 3434 1633 3516 particulares

493 3591 496 3596 .
514 3537 815 3628 applicationesque
834 3541 994 3625 generalis
1019 3539 1175 3606 doctrinae
1196 3542 1237 3606 ad
1262 3539 1428 3606 individua
1448 3541 1633 3624 phaenome-

515 3664 572 3719 ua,
592 3664 667 3729 quae
685 3665 838 3713 successu
857 3658 1046 3732 temporum
1071 3650 1253 3714 secundum
1282 3647 1481 3732 exigendam
1508 3661 1633 3714 natura·

514 3752 579 3817 lem
598 3771 765 3819 occurrere
783 3755 920 3830 debent,
951 3775 988 3820 ac
1017 3775 1114 3839 porro
1141 3767 1321 3822 occurrent.
1347 3754 1501 3822 Scientiae
1521 3775 1633 3838 nempe

516 3879 582 3926 non
602 3862 808 3927 descendunt
831 3863 873 3928 ad
892 3865 960 3928 haec
979 3863 1108 3942 infima,
1134 3865 1192 3929 sed
1210 3873 1375 3931 contentae
1398 3871 1477 3929 sunt
1495 3861 1633 3949 generali

514 3968 676 4044 doctrina,
698 3969 999 4054 universalibusque
1017 3971 1300 4048 conclusionibus,
1321 3989 1403 4055 quas
1421 3972 1478 4054 qui
1500 3971 1632 4042 noverit,

515 4075 604 4140 facile
624 4076 775 4161 deinceps
790 4078 933 4162 judicare
952 4080 993 4144 de
1006 4080 1226 4165 singularibus
1246 4081 1363 4165 poterit
1377 4079 1439 4164 (ι).

584 4183 655 4248 Alia
668 4183 766 4250 etlam
783 4195 921 4252 tractant
935 4187 1093 4263 scientie,
1109 4205 1183 4270 quae
1198 4185 1230 4254 in
1245 4188 1362 4272 seipsis
1375 4187 1552 4264 deficiunt,
1567 4190 1633 4256 lloet

514 4307 608 4355 causa
629 4293 821 4358 eorumdem
842 4293 942 4370 adsit,
964 4293 1037 4360 ideo
1057 4314 1175 4379 nempe
1199 4293 1276 4378 quia
1297 4295 1447 4380 objicitur
1466 4315 1633 4363 causarum

517 4477 770 4495 fi———

547 4558 590 4623 (ι)
626 4521 751 4619 Vide-S·
767 4559 885 4632 Thom,
904 4568 942 4620 r.·
955 4563 1126 4634 Posterior„
1141 4561 1206 4622 leet.
1226 4563 1267 4634 16,
1284 4563 1345 4632 fin,
1362 4583 1429 4623 cum
1445 4565 1584 4638 Aristot,
1599 4567 1632 4624 ib.

444 4705 448 4712 ,
512 4664 576 4718 cap.
591 4667 624 4718 ἰς
641 4647 758 4707 Domin.
775 4647 839 4708 Sot.
862 4651 894 4708 in
914 4650 1092 4719 Commeat..
1108 4673 1171 4725 cap.
1187 4673 1215 4728 7,
1233 4666 1301 4712 texe
1321 4673 1370 4724 aa,
1395 4653 1447 4714 lib.
1467 4677 1492 4727 r,
1513 4657 1632 4721 Postu..

511 4734 611 4796 Mauri
624 4735 655 4796 in
669 4738 866 4812 Pompieus„
888 4747 925 4798 ¹.⁰
938 4741 1064 4812 Passer,
1081 4762 1142 4816 cap.
1157 4742 1191 4816 8,
1206 4757 1276 4804 text.
1290 4763 1334 4804 aa.
