3492 5525
194 465 198 477 “
263 469 378 537 Aumc.
393 484 455 556 4¹¹·
469 468 599 535 Genea.
615 486 813 535 siccoolsnr
828 485 1027 536 cacaborum
1042 486 1150 535 uenas
1172 486 1240 551 327·

144 655 228 723 adeo
250 656 418 724 conclusio
435 663 522 723 recta
533 654 633 721 fluere
651 673 719 723 non
737 662 861 741 potest.
882 654 925 724 Ut
938 656 965 723 si
984 654 1084 723 dicas:
1105 656 1205 723 Homo
1224 658 1280 721 est‘

143 766 277 833 ammai.
291 766 458 851 Sedequus
470 767 518 830 esi
527 764 660 830 animal.
674 765 756 848 Ergo
771 761 939 848 quidinde
950 763 1143 830 concludes>
1154 764 1270 847 Neque

145 872 234 939 enim
252 875 354 939 bomo
371 862 422 939 es't
439 890 539 939 omne
557 869 690 947 animal,
710 872 769 938 sed
788 870 942 955 quaedam
962 871 1087 956 species
1106 870 1266 949 animalis,

145 989 179 1046 et
192 980 328 1066 quidem
341 980 467 1047 diversa
477 1000 501 1045 a
516 977 622 1064 specie
634 978 793 1055 animalis,
810 980 853 1045 ad
880 996 982 1067 quam
997 978 1137 1063 pertinet
1149 996 1267 1062 equus.

189 1096 322 1173 Regula
341 1094 387 1158 5.·
432 1087 783 1171 Exduple'cipraemissa
796 1086 938 1171 negativa
952 1088 1043 1155 nulla
1056 1086 1130 1153 elici
1144 1088 1271 1153 conclu-
1379 1108 1399 1151 .·

142 1198 193 1266 sio
201 1200 314 1280 potest.

213 1304 307 1373 Ratio
327 1311 377 1371 est
403 1304 491 1388 quia,
521 1314 559 1371 ut
581 1302 732 1388 superius
763 1304 974 1381 notabamus,
1006 1321 1082 1369 eum
1114 1311 1268 1371 neutrum

145 1420 369 1481 extremorum
387 1425 464 1479 cum
484 1412 594 1479 medio
612 1411 756 1479 termino
774 1411 942 1489 convenit,
963 1412 1097 1497 signum
1118 1419 1167 1477 est
1182 1412 1270 1481 hunc

143 1531 260 1605 aptum
286 1539 352 1587 non
377 1538 449 1587 esse
476 1520 518 1587 ad
540 1520 671 1587 illorum
699 1519 769 1587 sive
791 1518 1056 1587 convenientiam
1085 1518 1154 1587 sive
1173 1536 1270 1604 repu-

145 1628 316 1717 gnantiam
326 1628 597 1713 dignoscendam.

213 1736 277 1802 Sed
295 1736 396 1821 probe
415 1747 503 1813 nota,
522 1736 589 1802 dari
607 1737 808 1820 quandoque
826 1733 1065 1819 propositiones
1081 1735 1269 1820 inspeciem

146 1845 330 1931 negativas,
352 1862 426 1928 quae
444 1853 554 1910 tamen
571 1863 604 1910 re
617 1863 694 1909 vera
707 1854 787 1911 sunt
805 1842 1020 1919 affirmativae,
1041 1844 1118 1927 quia
1138 1845 1270 1929 negatio

147 1972 214 2020 non
229 1950 327 2019 aflicit
345 1953 509 2035 copulam.
530 1952 699 2035 inquibus
716 1951 846 2018 casibus
865 1958 975 2035 potest
997 1950 1165 2018 conclusio
1185 1960 1270 2017 recte

143 2060 260 2136 iluere,
280 2060 507 2143 licet-utraque
526 2060 694 2144 praemissa
708 2059 857 2146 negativa
878 2059 1036 2136 videatur,
1054 2060 1273 2143 quemadmo-

6 2207 7 2222 .
143 2170 227 2236 dum
241 2167 355 2233 accidit
372 2167 405 2233 in
425 2170 486 2233 hoc
503 2168 709 2254 syllogismo:
733 2166 800 2249 Qui
815 2167 1185 2255 nonsuerilbaptiqatus,
1207 2186 1270 2233 non

77 2356 87 2365 .
137 2280 243 2359 petest
256 2276 362 2341 salvas
373 2274 461 2359 fieri.
478 2273 579 2359 Atqui
594 2275 644 2340 hic
663 2275 751 2341 bomo
765 2273 940 2362 baptizabis
953 2292 1016 2341 non
1039 2278 1096 2340 est.
1113 2276 1195 2358 Ergo
1209 2292 1271 2339 non

138 2387 244 2466 polest
257 2382 458 2469 salvusfieri.
480 2382 585 2448 Minor
604 2384 692 2448 enim
712 2391 843 2448 nonest
862 2400 975 2466 reapse
995 2383 1144 2468 negativa
1159 2378 1222 2471 (1).

190 2496 322 2573 Regula
340 2489 394 2557 6.ει
440 2490 488 2555 Ex
511 2491 634 2556 duabus
651 2489 847 2573 affirmativis
864 2508 928 2555 non
941 2494 1043 2573 potest
1058 2489 1174 2576 inferri
1193 2508 1272 2555 con·
1385 2527 1404 2565 ,.

6 2604 7 2692 l
142 2600 246 2666 clueo
262 2598 420 2681 negativa.

6 2701 7 2715 ¹
214 2706 305 2773 Patet
322 2724 363 2772 ex
382 2703 539 2790 principio
558 2705 750 2773 identitatis.
1007 2744 1009 2748 ν

191 2822 325 2898 Regula
343 2815 396 2899 7.⁸
444 2813 610 2881 mucium
621 2819 769 2900 sequatur
782 2819 902 2898 perlem
918 2815 1111 2882 debiliorem.

214 2923 300 2989 Nota
327 2922 359 2989 in
385 2923 824 3001 antecessumdebiliorem
855 2931 981 3009 partem
1007 2922 1142 3008 intelligi
1170 2941 1270 3007 posse

145 3034 198 3098 vel
218 3039 367 3114 respectu
385 3031 574 3115 quantitatis
602 3039 635 3096 et
652 3031 817 3115 qualitatis
831 3031 888 3106 ita,
911 3039 947 3096 ut
966 3032 993 3098 si
1012 3032 1111 3099 altera
1127 3033 1272 3116 praemis·

143 3159 258 3207 sarum
276 3139 319 3205 sit
337 3139 487 3225 negativa
500 3149 557 3207 aut
576 3138 789 3224 particularis,
810 3157 885 3222 quae
904 3140 1022 3223 pejoris
1042 3147 1091 3206 est
1108 3139 1271 3206 conditio-

145 3249 211 3324 nis,
232 3267 332 3331 quam
344 3247 536 3314 affirmativa
550 3255 607 3312 aut
620 3247 826 3322 universalis,
842 3247 1010 3314 conclusio
1025 3265 1160 3331 quoque
1176 3267 1271 3333 nega-

143 3357 215 3423 tiva
237 3356 355 3421 debeat
371 3373 444 3420 esse
462 3363 518 3420 aui
542 3355 750 3439 particularis;
772 3355 824 3420 vel
844 3363 992 3439 respectu
1011 3356 1145 3421 aliarum
1171 3356 1269 3422 etiam

144 3462 372 3539 affectionum,
392 3471 471 3546 puta
494 3464 521 3528 si
539 3463 637 3528 altera
657 3461 699 3527 sit
719 3463 855 3528 evidens
873 3471 930 3528 aut
948 3472 1047 3538 certa,
1069 3464 1167 3528 altera
1188 3480 1267 3544 non;

144 3572 247 3636 altera
259 3570 301 3636 de
320 3569 406 3646 Fide,
427 3571 526 3635 altera
545 3587 623 3635 vero
643 3569 899 3637 naturalissNos
917 3579 1028 3636 autem
1051 3571 1101 3636 hic
1121 3589 1187 3636 non
1203 3569 1272 3656 agi-

145 3697 225 3746 mus
249 3678 309 3744 nisi
327 3679 368 3743 de
387 3678 531 3744 debiliori
560 3670 650 3763 parte
668 3679 849 3744 secundum
868 3679 1086 3762 quantitatem
1112 3690 1145 3747 et
1166 3678 1270 3765 quali·

146 3796 266 3857 tatem.
282 3785 329 3851 De
348 3786 417 3852 aliis
431 3784 533 3852 videri
552 3794 660 3870 potest
679 3786 716 3851 P.
735 3785 877 3866 joannes
896 3787 988 3854 Ulloa
1006 3783 1071 3876 (2).

182 4059 224 4120 (1)
261 4052 339 4112 Cave
348 4052 444 4122 etiam,
460 4073 498 4111 ne
508 4054 639 4127 regulam
650 4038 725 4111 hanc
737 4053 876 4112 extendas
886 4055 922 4112 ad
932 4053 1128 4128 syllogismos,
1139 4054 1191 4128 qui
1199 4075 1273 4128 prae·

145 4144 269 4203 missam
289 4143 418 4214 aliquam
432 4142 613 4200 exclusivum
636 4143 771 4212 habeant,
785 4143 882 4215 qualis
895 4157 940 4202 eet
958 4143 1015 4202 hie:
1040 4143 1165 4202 Tantum
1185 4147 1272 4203 rudes

144 4255 204 4292 noer
225 4233 373 4290 oeslimcnt
397 4233 560 4290 scientiam.
593 4233 653 4291 Sed
675 4234 781 4290 Petnrs
799 4243 914 4291 nonest
934 4235 1028 4292 rudis.
1047 4234 1128 4307 Ergo
1148 4236 1271 4293 aestimat

143 4323 312 4382 sciendam.
337 4321 415 4392 Quia
434 4320 594 4394 propositio
613 4322 663 4378 illa
685 4322 829 4380 exclusiva
850 4322 881 4382 in
908 4323 994 4382 hasce
1011 4323 1085 4382 duae
1105 4323 1271 4383 resolvitur:

143 4415 249 4472 Rides
267 4433 326 4468 non
342 4413 486 4469 aestimant
499 4412 665 4482 scientiam,
680 4421 707 4469 el
720 4413 772 4485 qui
783 4415 870 4471 rudes
884 4433 941 4471 non
952 4423 1030 4481 sunl,
1041 4433 1105 4472 eam
1118 4414 1273 4484 assilierunt,⁴

142 4500 296 4584 conclusio
308 4520 378 4558 vero
390 4500 440 4558 illa
457 4498 629 4558 affirmativa
642 4499 760 4572 praecise
773 4500 923 4562 derivatur
932 4523 966 4560 ex
981 4503 1035 4561 hae
1055 4503 1192 4574 secunda,
1208 4523 1273 4576 quoe

145 4591 259 4665 pariter
273 4588 445 4648 affirmativa
459 4604 513 4649 est.
535 4589 633 4649 Minor
647 4589 715 4648 item
735 4590 825 4661 hujus
845 4591 1010 4666 syllogismi
1026 4593 1142 4666 proprie
1155 4613 1214 4654 uon
1229 4607 1274 4653 eet

144 4680 296 4755 negativa.

183 4777 227 4838 (a)
264 4769 298 4828 ln
313 4770 482 4829 Prodromo.
498 4768 576 4842 disp.
590 4791 614 4840 r,
634 4789 698 4842 cap.
713 4769 742 4840 6,
758 4791 775 4828 a
792 4790 822 4829 n.
837 4771 883 4828 61.
