3492 5525
552 457 612 524 730
666 441 789 508 torret
804 438 1035 513 MnJon-Lrn.
1055 454 1124 516 ψ,
1142 439 1235 506 urse.
1254 453 1297 506 1.·
1311 441 1394 506 Cer.
1410 460 1431 523 4
1446 455 1485 486 am

308 645 491 722 mmm
559 625 612 693 a.⁰
657 632 698 694 ln
715 609 949 694 accidentibus
965 629 1151 710 praedicata
1168 631 1379 708 generaliore
1395 639 1488 694 recte
1508 630 1642 710 prodi·

340 746 456 801 indicus
513 747 635 802 cantur
652 737 695 800 de
712 737 933 800 interioribus
949 737 987 799 ln
1008 737 1196 811 abstractu,
1217 752 1250 800 v.
1270 753 1305 818 g.
1329 734 1450 803 Altero
1470 737 1521 800 est
1533 736 1640 809 color.

299 817 500 945 ’Ἔζξὲξζζζζξω
515 841 565 906 vel
575 825 730 926 qualitas)
740 839 853 926 logica
866 844 916 906 est
925 838 1219 920 scicntimScienlia
1231 843 1279 906 erl
1289 841 1410 908 babitare
1422 849 1487 910 etc.
1503 841 1542 908 Et
1555 840 1642 906 ratio

312 959 486 1008 tentamur·
516 946 751 1023 videturesse,
772 949 849 1031 quia
877 947 1067 1032 hujusmodi
1094 947 1269 1015 accidentia
1287 947 1319 1012 in
1344 950 1507 1016 abstracto
1531 947 1642 1015 conti-

326 1031 471 1079 ΨΜ·
514 1065 593 1120 nent
623 1055 875 1124 abstractionem
903 1056 1076 1121 dumtaxat
1104 1056 1218 1122 iormae
1245 1055 1390 1142 physicae
1420 1077 1438 1122 a
1470 1057 1640 1142 subjecto,

513 1181 579 1229 non
598 1180 677 1229 vero
695 1161 947 1230 abstractionem
967 1161 1116 1228 essentiae
1142 1162 1183 1229 ab
1201 1162 1271 1247 ipsa
1297 1183 1331 1228 re
1350 1181 1407 1229 seu
1427 1166 1541 1230 lormae
1559 1183 1643 1230 con-

512 1269 668 1336 stitutivae
687 1270 728 1334 ab
748 1271 819 1354 ipso
839 1269 986 1355 subjecto
1004 1269 1199 1344 constituto,
1219 1270 1498 1352 quemadmodum
1522 1271 1642 1337 accidit

512 1378 681 1444 abstractis
700 1376 982 1444 substantialibus.
1013 1375 1107 1442 Unde
1133 1376 1358 1442 accidentiam
1381 1379 1544 1444 abstracto
1568 1398 1640 1446 non

513 1485 695 1570 significant
712 1503 770 1570 per
784 1485 921 1550 modum
936 1483 1054 1570 partis,
1074 1483 1133 1549 sed
1148 1503 1205 1570 per
1221 1485 1359 1551 modurn
1374 1483 1493 1563 totius,
1514 1497 1547 1553 et
1562 1487 1641 1552 ideo

511 1593 610 1658 etiam
631 1600 799 1676 ponuntur
817 1593 937 1656 directe
955 1592 988 1658 in
1008 1591 1275 1676 praedicament03
1292 1610 1392 1675 quare
1405 1593 1438 1658 in
1458 1579 1642 1677 pradican-

512 1700 555 1766 do
583 1701 824 1784 aequiparantur
851 1700 1027 1775 concretis,
1058 1717 1133 1764 cum
1162 1717 1228 1766 non
1257 1700 1415 1767 rationem
1451 1701 1640 1785 simplicem

513 1809 626 1874 forme
644 1805 779 1893 alicujus
800 1827 865 1892 prae
881 1808 1052 1882 scierant,
1072 1807 1130 1872 sed
1147 1816 1295 1872 constare
1310 1809 1436 1891 possint
1455 1809 1642 1876 rationibus

511 1915 701 1999 compositis
724 1933 765 1998 ert
793 1934 914 2000 genere
941 1933 978 1980 ac
1005 1913 1184 1980 differentia
1211 1909 1273 2001 (t).
1303 1915 1412 1998 Atque
1439 1917 1508 1982 haec
1535 1915 1640 1984 etiam

510 2033 689 2100 causaest,
709 2039 767 2088 cur
786 2023 963 2089 accidentia
980 2021 1013 2087 in
1033 2022 1195 2118 abstracto
1214 2039 1280 2088 non
1300 2021 1365 2088 sint
1382 2022 1543 2090 abstracta
1562 2025 1643 2090 ulti·

512 2151 566 2197 rna
583 2129 820 2207 abstractione,
842 2131 900 2196 sed
917 2128 1052 2196 ulterius
1067 2128 1196 2214 possint
1208 2130 1361 2206 abstrahi,
1377 2138 1414 2196 ut
1431 2150 1472 2197 ex
1485 2130 1642 2198 albedine
1725 2186 1726 2189 ,

467 2265 469 2272 ·
512 2248 620 2325 potest
639 2237 779 2305 abstrahi
806 2236 1025 2313 albedinettas,
1052 2246 1086 2303 et
1114 2255 1155 2301 ex
1182 2237 1289 2302 colore
1316 2238 1495 2319 coloreitas;
1520 2239 1642 2306 lormae

511 2355 620 2414 autem
652 2345 821 2411 abstractae
848 2344 911 2409 hoc
946 2345 1046 2409 modo
1073 2363 1115 2410 ex
1154 2343 1313 2428 praedictis
1347 2345 1572 2412 accidentibus
1607 2345 1641 2412 in

511 2455 673 2522 abstracto
692 2462 860 2538 nequeunt
889 2451 1066 2536 praedicari.
1085 2452 1170 2518 llam
1199 2449 1274 2518 licet
1292 2452 1410 2517 albedo
1433 2453 1476 2518 sit
1493 2453 1589 2518 color
1608 2466 1641 2520 et

512 2563 667 2647 qualitas,
687 2573 799 2628 tamen
817 2559 1045 2634 albedineitas,
1065 2576 1124 2625 seu
1144 2559 1224 2624 ratio
1242 2558 1400 2625 albedinis
1419 2578 1486 2626 non
1507 2570 1563 2627 est
1584 2581 1642 2628 co-

513 2669 640 2737 loreitas
658 2687 717 2735 seu
738 2669 818 2734 ratio
836 2667 969 2744 coloris,
987 2686 1046 2732 nec
1064 2666 1144 2732 ratio
1160 2665 1340 2750 qualitatis;
1363 2685 1422 2732 nec
1441 2667 1522 2733 ratio
1541 2667 1643 2754 Logi-

512 2799 576 2855 cae,
603 2786 653 2845 est
673 2778 752 2843 ratio
780 2770 941 2858 scientiae;
968 2794 1027 2841 nec
1055 2774 1135 2840 ratio
1158 2774 1300 2841 scientiae
1324 2783 1374 2841 est
1392 2774 1472 2841 ratio
1485 2776 1638 2853 habitus,

513 2886 716 2971 licetloglca
732 2895 780 2950 est
794 2882 946 2959 scientia,
966 2891 999 2948 et
1017 2880 1148 2947 scientia
1166 2892 1216 2947 est
1235 2881 1363 2948 babitus
1376 2880 1438 2970 (a).
1539 2921 1544 2937 ,

560 3001 610 3063 3?
654 2998 836 3061 Abstracta
853 3012 924 3058 non
940 2994 1174 3073 predicantur
1191 2994 1234 3056 de
1251 2996 1421 3057 conmetie
1437 2996 1507 3059 nisi
1524 2996 1564 3063 in
1579 2999 1641 3061 Di·

398 3179 424 3209 a
450 3178 475 3208 m
515 3106 607 3170 vinis
625 3106 713 3169 etin
731 3104 929 3166 notionibus
945 3100 1311 3165 transcendentalibua.

581 3209 619 3273 Et
638 3207 809 3293 probatur,
830 3205 907 3290 quia
924 3214 1111 3271 concretum
1131 3212 1163 3269 et
1177 3204 1377 3272 abstractum
1393 3206 1515 3272 babent
1528 3206 1640 3274 diver-

514 3334 589 3383 sum
610 3315 747 3381 modum
766 3312 987 3399 significandi,
1008 3329 1126 3394 nempe
1144 3319 1334 3377 concretum
1353 3311 1515 3399 significat
1535 3314 1640 3381 instar

511 3425 629 3498 totius,
650 3431 683 3488 et
702 3422 899 3487 abstractum
919 3421 1020 3486 instar
1038 3418 1153 3504 partis;
1174 3429 1363 3501 concretum
1382 3420 1537 3505 importat
1555 3440 1640 3507 sup-

514 3532 657 3617 positum
686 3531 737 3594 vel
767 3529 969 3613 subjectum,
996 3535 1029 3593 at
1048 3526 1263 3603 abstractum,
1283 3528 1310 3594 si
1337 3527 1380 3594 sit
1404 3528 1635 3607 substantiale,

514 3649 682 3715 naturam,
712 3636 909 3703 accidentale
941 3653 1019 3700 vero
1047 3632 1205 3701 rationem
1233 3635 1380 3720 subiecto
1405 3637 1636 3704 inhaerentem.

515 3748 615 3831 Atqui
643 3744 850 3829 suppositum
881 3741 1092 3827 distinguitur
1118 3760 1137 3806 a
1163 3751 1294 3819 natura,
1325 3742 1440 3810 saltem
1470 3754 1637 3826 quatenus

515 3854 614 3920 habet
632 3851 805 3918 accidentia
820 3859 936 3934 praeter
950 3860 1117 3925 naturam,
1135 3856 1168 3914 et
1187 3850 1292 3914 iorma
1314 3849 1411 3916 etiam
1430 3852 1638 3919 accidentalis

514 3959 725 4046 distinguitur
743 3978 761 4023 a
781 3958 940 4043 subjecto,
957 3956 1007 4021 cui
1027 3956 1174 4022 inhaeret.

581 4066 790 4151 Excipiuntur
809 4066 916 4150 primo
929 4072 1081 4131 concreta
1099 4072 1132 4129 et
1145 4062 1304 4132 abstracta
1323 4064 1539 4149 exprimentia
1557 4065 1638 4133 divi-

517 4194 596 4243 num
628 4174 757 4256 aliquod
788 4172 998 4247 attributum,
1029 4171 1073 4237 ob
1101 4189 1267 4238 summam
1294 4170 1351 4237 Dei
1378 4171 1634 4259 simplicitatem,

551 4373 591 4436 (ι)
627 4366 704 4425 Vide
719 4366 751 4425 S.
778 4367 895 4434 Thom..
921 4366 1031 4437 Opuac.
1054 4366 1088 4423 de
1106 4366 1179 4424 Erite
1202 4375 1230 4422 et
1244 4375 1348 4428 esseut.
1366 4371 1474 4440 cepipa
1488 4370 1525 4425 de
1543 4368 1634 4426 Verit.

516 4480 546 4531 q.
563 4480 588 4531 3,
605 4472 660 4515 art.
677 4479 693 4531 7
707 4456 744 4514 acl
759 4466 829 4525 a.·¹;
845 4455 957 4527 Opucc.
972 4456 1007 4513 de
1020 4457 1138 4515 Natura
1149 4456 1283 4530 generis,
1296 4474 1359 4527 cap.
1379 4476 1419 4528 ις.
1435 4455 1498 4515 cte.
1514 4456 1637 4518 Conim-

517 4547 586 4607 bric.
601 4547 703 4622 Logic.
720 4548 751 4603 ln
765 4546 939 4603 Proeda'com.
955 4564 1016 4616 cup.
1036 4566 1060 4613 r,
1076 4564 1104 4616 q.
1119 4564 1145 4611 a,
1166 4559 1221 4602 art.
1239 4566 1265 4614 r,
1279 4546 1379 4626 Quare
1391 4546 1430 4603 ad
1442 4548 1572 4620 primur·
1583 4558 1636 4623 pro

516 4638 707 4695 accidentium
721 4635 894 4693 concretis...

553 4731 593 4792 (a)
630 4724 693 4784 ctr.
710 4722 811 4795 Suam,
824 4724 901 4798 disp.
917 4724 937 4782 6
951 4724 1092 4799 troops..
1107 4736 1176 4783 sect.
1194 4742 1236 4793 ro,
1252 4743 1282 4783 n.
1299 4736 1357 4797 zet
1369 4746 1397 4798 7.
