3492 5525
795 293 811 320 N

322 472 1046 555 Anrrc.5.¹¹⁸D1v1s10uosTsnxrnronaurs
1151 491 1207 556 ¹37
1285 462 1289 469 ¹

117 657 383 724 convenientiam
407 656 587 746 admixtam
612 655 894 734 dissimilitudine,
911 665 950 723 ut
970 677 1011 722 ex
1032 658 1246 743 analogorum

118 766 263 848 generali
277 765 468 830 definitione
482 773 623 832 constat.
646 766 690 830 lta
718 767 798 830 ratio
813 765 916 846 dupli,
938 764 1014 848 quia
1039 783 1105 848 prae
1128 783 1164 831 se
1187 766 1247 830 lert

118 873 457 956 proportionalitatem
486 873 650 956 propriam
681 873 823 956 plurium
851 871 1065 948 binariorum,
1102 890 1167 936 non
1196 882 1246 940 est

118 989 271 1065 respectu
308 981 437 1046 illorum
473 981 609 1064 analoga
636 981 785 1064 analogia
814 975 1142 1064 proportionalitatis,
1170 981 1246 1063 quia

118 1105 185 1152 non
206 1088 375 1172 designat,
399 1088 460 1153 nisi
482 1087 562 1153 illud
582 1089 613 1153 in
631 1105 699 1170 quo
723 1087 774 1152 illa
799 1088 911 1152 omnia
928 1086 1184 1162 identificantur,
1210 1107 1265 1152 ac·

117 1194 256 1277 proinde
271 1195 399 1261 videtur
412 1196 551 1262 univoca
561 1197 641 1286 ratip
655 1213 727 1260 esse
737 1194 886 1261 dicenda.
899 1194 1090 1260 Econverso
1105 1196 1246 1272 realitas,

116 1321 194 1385 quae
220 1303 413 1386 exprimitur
430 1321 487 1387 per
516 1322 631 1368 vocem
661 1303 772 1368 oculus
798 1303 918 1368 dictam
945 1303 986 1366 de
1009 1320 1089 1368 vero
1116 1301 1249 1368 visionis

114 1429 283 1494 corporeae
296 1428 421 1496 organo
436 1419 468 1476 et
482 1411 523 1475 de
535 1411 713 1486 intellectu,
729 1421 760 1476 et
775 1411 856 1475 ratio
876 1427 950 1492 quae
970 1408 1172 1494 significatur
1191 1429 1249 1494 per

113 1519 297 1585 terminum
313 1539 382 1603 pes,
394 1538 470 1585 cum
482 1517 724 1603 predicaturde
739 1516 888 1583 animalis
900 1517 984 1602 pede
997 1536 1034 1583 ac
1048 1517 1090 1582 de
1099 1517 1165 1582 ima
1178 1536 1249 1603 par·

113 1637 146 1690 te
158 1628 297 1703 montis
310 1637 342 1692 et
353 1626 411 1692 alia
427 1634 579 1692 sexcenta
592 1627 641 1691 his
660 1625 776 1691 similia
791 1626 942 1709 exempla
953 1624 1125 1691 continent
1137 1643 1247 1690 veram

113 1734 303 1820 analogiam
320 1733 642 1819 proportionalitatis,
660 1733 736 1817 quia
751 1733 925 1798 involvunt
940 1751 1005 1797 non
1023 1750 1138 1816 puram
1160 1732 1250 1798 sirni-

113 1842 309 1919 litudinem,
325 1842 383 1908 sed
395 1841 658 1907 convenientiam
680 1840 777 1906 simul
796 1857 873 1905 cum
889 1833 1118 1924 discrepantia.

183 1951 329 2017 Demum
348 1949 530 2032 nptandum
549 1960 616 2024 est,
633 1949 674 2014 ad
689 1950 751 2014 hoc
764 1956 800 2012 ut
810 1948 972 2013 terminus
986 1947 1105 2029 aliquis
1120 1947 1163 2014 sit
1174 1965 1250 2012 ana·
1266 1982 1298 2030 ‚.·
1311 1977 1465 2030 poppam.

112 2063 213 2146 logus
230 2059 415 2125 secundum
432 2057 786 2141 proportionalitatem,
803 2073 869 2120 non
889 2054 1040 2120 sufficere
1055 2053 1146 2138 quod
1160 2055 1202 2119 sit
1216 2054 1249 2117 in
1264 2047 1464 2163 ifffflffi

112 2170 214 2234 variis
235 2168 333 2231 rebus
349 2165 512 2250 ejusmodi
532 2165 697 2248 analogia,
718 2164 776 2227 sed
794 2159 913 2226 debere
929 2164 1064 2244 insuper
1081 2161 1170 2225 illam
1186 2171 1251 2226 ter·
1271 2189 1456 2245 mamm„
1533 2199 1536 2204 .

111 2278 208 2342 mino
237 2277 309 2360 ipso
334 2273 521 2359 significari,
550 2272 619 2337 l·loc
648 2272 748 2337 modo
771 2273 798 2336 si
821 2289 889 2336 vox
916 2273 963 2336 leo
990 2270 1184 2335 adhibeatur
1209 2271 1250 2334 ad
1277 2259 1450 2310 ''M‘d‘bffl

1281 2331 1323 2375 hoc
1332 2340 1356 2374 ut
1366 2330 1393 2373 alr
1404 2338 1446 2371 rer-

109 2382 372 2469 significandum
391 2381 510 2446 ducem
528 2381 644 2444 tortem
665 2380 696 2443 ln
717 2379 820 2454 bello,
837 2388 870 2444 et
892 2397 958 2444 vox
984 2378 1071 2461 tigris
1087 2378 1128 2442 ad
1148 2377 1250 2442 deno-
1265 2404 1338 2446 minus
1346 2401 1463 2453 adelogus.

109 2493 257 2558 tandum
280 2499 408 2555 trucem
432 2497 629 2573 tyrannum,
655 2485 817 2551 terminus
838 2487 898 2550 erit
919 2485 1078 2570 analogus
1100 2485 1250 2568 analogia

109 2596 448 2686 proportionalitatis,
466 2594 542 2677 quia
557 2596 641 2660 inter
656 2595 773 2672 tortem
794 2594 912 2659 ducem
934 2605 967 2659 et
986 2612 1101 2658 verum
1119 2595 1248 2657 leonem

108 2729 147 2775 ac
164 2709 254 2774 inter
268 2714 445 2793 tyrannum
462 2719 646 2785 verumque
661 2700 792 2786 tigrim,
812 2718 877 2765 non
890 2694 992 2766 modo
1007 2701 1098 2768 adest
1115 2717 1250 2785 propor-

107 2816 308 2893 tionalitatis
327 2811 493 2897 analogia,
511 2810 678 2875 sedetiam
701 2810 894 2891 exprimitur
908 2810 1045 2873 vocibus
1059 2808 1134 2873 illis.
1151 2806 1249 2882 Quod

107 2926 198 2994 siad
214 2920 467 3007 exprimendum
483 2919 575 2984 ducis
590 2916 816 2983 tortitudinem
839 2918 912 2982 loco
932 2916 1022 2981 vocis
1042 2918 1091 2981 leo
1110 2934 1249 2999 usurpes

108 3050 234 3100 vocem
241 3030 357 3115 sortis,
374 3035 407 3092 et
421 3029 461 3092 ad
476 3024 723 3109 exprimendam
741 3024 859 3107 pariter
876 3023 1010 3091 alterius
1023 3023 1248 3090 crudelitatem

111 3140 220 3208 uteris
239 3136 401 3203 vocabulo
419 3136 551 3219 proprio
575 3131 730 3207 cmdelr's,
748 3148 953 3213 quamquam
979 3132 1039 3196 erit
1058 3130 1193 3213 quidem
1215 3128 1249 3195 in

107 3264 145 3315 re
161 3245 333 3331 analogia,
351 3261 417 3308 non
444 3260 521 3307 vero
543 3242 575 3305 in
597 3256 768 3313 sermone,
791 3238 932 3321 ideoque
952 3238 1104 3303 urmimu
1122 3238 1249 3303 desinet

107 3376 187 3423 esse
204 3355 378 3437 analogus,
394 3368 470 3416 curn
487 3366 553 3414 non
569 3346 730 3429 exprimat
746 3344 806 3410 nisi
821 3363 937 3430 puram
952 3346 1112 3411 rationem
1129 3346 1245 3412 crude-

108 3465 216 3532 litatis
241 3482 278 3528 ac
304 3458 502 3525 tortitudinis
530 3456 656 3537 absque
681 3451 946 3519 dissimilitudine
969 3461 1003 3517 et
1030 3452 1247 3537 discrepantia

107 3570 299 3640 secundum
325 3578 470 3643 naturas,
487 3582 570 3647 quas
590 3580 689 3629 voces
713 3564 759 3626 leo
775 3570 807 3625 et
827 3561 917 3643 tigris
934 3563 1091 3637 referunt,
1108 3578 1185 3627 cum
1201 3562 1243 3626 de

108 3680 252 3749 bomine
267 3687 298 3743 et
312 3676 417 3742 brutis
431 3671 626 3738 animalibus
642 3668 868 3754 praedicantur.

176 3776 1242 3864 Qraecumitasint,iacileestanalogasecundumattributionem
1298 3804 1425 3849 orama,

111 3900 165 3964 vel
194 3894 442 3981 proportionem
469 3890 509 3955 ab
528 3888 674 3970 analogis
698 3884 883 3951 secundum
910 3884 1246 3968 proportionalitatem
1269 3876 1463 3929 ¹⁰¹⁶W¹⁰¹⁰ssi⁸¹¹¹

1272 3946 1420 3999 attributionis
1430 3954 1450 3988 et

111 4004 333 4089 distinguere.
359 4000 508 4082 Analoga
530 3994 618 4060 enim
646 3992 828 4058 secundum
853 3991 1102 4063 attributionem
1118 4008 1251 4076 semper
1290 4018 1443 4077 mmmm„

1329 4092 1402 4136 litatis:

116 4176 392 4194 ..μ-ὼ*-

114 4250 239 4301 aratura,
257 4255 340 4308 quom
354 4230 509 4305 significat
534 4230 589 4284 doc
605 4246 705 4284 nomen
719 4232 775 4292 leo;
791 4234 842 4299 per
861 4225 1085 4281 similitudinem
1102 4244 1172 4280 vero
1187 4244 1249 4281 com

115 4327 296 4387 manicabile
306 4332 349 4381 est
364 4323 445 4393 ilias,
460 4320 511 4392 qui
522 4318 704 4393 participant
718 4317 787 4388 quid
797 4317 953 4382 leoninum,
967 4322 1083 4387 utputa
1093 4314 1249 4371 audaciam

109 4422 160 4479 vel
161 4416 397 4491 fortitudinem,
419 4411 472 4484 qui
489 4408 686 4485 metaphorice
699 4409 793 4462 leones
809 4406 955 4461 dicuntur.
972 4403 1003 4460 ld
1022 4403 1101 4496 quod
1127 4402 1249 4460 inferius

114 4510 223 4567 ibidem
242 4502 368 4575 explicat
380 4500 511 4571 exemplo
530 4496 660 4555 nominis
673 4496 821 4563 Achilles,
837 4514 896 4565 quo
910 4493 1026 4565 proprie
1039 4512 1118 4549 unus
1133 4504 1247 4550 tantum

114 4596 292 4657 individuus
307 4592 395 4649 homo
422 4588 598 4661 appelletur,
622 4606 673 4659 per
688 4584 911 4643 similitudinem
933 4582 1065 4641 vernolii
1078 4582 1180 4651 etiam,
1196 4582 1248 4653 qui

108 4692 245 4761 aliquam
261 4682 340 4741 illius
354 4680 561 4753 proprietatem
577 4675 753 4749 participant
765 4696 793 4733 v.
810 4695 839 4748 g.
853 4672 1065 4731 fortitudinem.
1082 4670 1128 4729 Cs.
1144 4671 1178 4729 S.
1189 4671 1247 4729 Th.

116 4790 152 4839 r.'
165 4778 242 4836 dist.
260 4774 293 4843 Β,
310 4791 339 4842 q.
358 4792 387 4839 ι,
404 4790 459 4827 aa.
