3492 5525
291 446 404 510 nuuc.
432 460 489 510 1.¹¹⁸
510 444 631 509 Uraun
652 444 846 511 Locrensis
867 462 1074 511 necessasia
1129 461 1206 527 1079

980 548 1244 565 -----1

128 628 206 695 saria
225 641 376 705 nonest,
398 648 474 695 nam
494 637 570 695 ante
589 629 741 714 logicam
762 648 828 696 non
852 638 903 697 est
926 630 986 697 alia
1011 628 1139 713 logica.
1160 628 1244 712 Ergo

130 754 231 820 neque
250 736 289 802 ad
309 736 399 803 alias.
1243 754 1248 763 ·

190 851 292 911 Prob.
314 846 427 929 Major.
448 844 532 922 Quia
551 842 625 909 ideo
645 844 823 910 necessaria
850 845 891 909 ad
915 844 992 910 alias
1016 842 1147 918 dicitur,
1168 840 1244 925 quia

127 951 268 1017 difficiles
287 961 376 1017 sunt.
395 951 494 1036 Atqui
514 953 582 1035 ipsa
602 951 699 1017 etiam
719 951 857 1019 difficilis
876 961 942 1028 est,
959 950 1062 1017 immo
1081 962 1113 1019 et
1132 948 1244 1017 diffici-

127 1044 415 1125 rmmmme
1081 1070 1084 1078 ·

188 1174 293 1249 Resp.
317 1166 393 1231 dist.
415 1165 466 1230 Ad
489 1165 629 1249 seipsam
660 1166 838 1233 neccssaria
862 1170 961 1244 foret,
983 1176 1147 1251 quatenus
1178 1184 1243 1230 una

128 1292 198 1357 pars
218 1273 343 1359 logicae
366 1274 455 1357 prius
479 1271 673 1339 addiscenda
692 1282 758 1348 est,
788 1285 823 1339 ut
851 1276 911 1339 alia
939 1275 1092 1358 deinceps
1122 1272 1241 1338 addisci

127 1382 241 1465 possit,
257 1402 358 1457 conc„
375 1389 537 1464 quatenus
551 1388 621 1446 tota
636 1380 752 1465 Logica
768 1382 977 1464 praerequirat
993 1380 1087 1445 aliam
1101 1381 1241 1464 priorem

127 1489 274 1573 logicam
295 1488 507 1563 artificialem,
528 1507 597 1571 neg.

190 1598 228 1661 Et
245 1591 430 1661 contradist.
451 1596 584 1671 Minori,
604 1616 675 1680 neg.
696 1614 832 1678 conseq.

189 1705 274 1770 Ante
294 1703 420 1787 Logicae
438 1714 539 1769 artem
560 1704 644 1768 inest
670 1723 688 1767 a
718 1712 831 1769 natura
856 1701 971 1788 logica
996 1704 1165 1778 naturalis,
1188 1722 1243 1786 per

125 1832 231 1898 quam
243 1811 405 1894 paulisper
424 1811 591 1875 efformata
609 1821 658 1877 est
674 1830 731 1892 per
751 1820 858 1893 partes
872 1810 1043 1875 artificialis
1060 1812 1175 1895 logica
1194 1810 1243 1874 in-

124 1930 214 2004 tegra
233 1918 293 1993 ita,
315 1927 351 1981 ut
371 1918 460 2002 prius
473 1936 547 1999 quae
562 1918 602 1982 ad
618 1918 757 1999 primam
774 1920 892 1984 mentis
908 1919 1146 2000 operationem,
1164 1936 1242 1983 mox

125 2046 200 2117 quae
217 2028 257 2091 ad
277 2027 456 2091 secundam
475 2035 508 2090 et
530 2026 657 2089 tertiam
683 2027 922 2107 invenirentur;
945 2045 1051 2108 neque
1074 2026 1160 2090 enim
1188 2044 1242 2089 co-

123 2134 235 2219 gnosci
256 2141 419 2218 postrema
438 2133 522 2197 bene
549 2143 687 2217 possunt
706 2134 777 2199 sine
796 2132 939 2216 priorum
968 2133 1164 2216 cognitione.
1190 2132 1242 2198 Sic

123 2241 238 2307 artium
259 2240 517 2306 mechanicarum
545 2240 762 2306 instrumenta
780 2250 966 2305 constructa
985 2240 1083 2305 luisse
1110 2240 1243 2304 creden-

121 2350 200 2413 dum
220 2356 287 2426 est,
308 2357 344 2413 ut
363 2348 453 2431 prius
472 2348 609 2413 malleus
628 2355 684 2412 aut
704 2347 792 2413 aliud
812 2347 928 2434 rudius
952 2347 1184 2422 elaboraretur,
1206 2364 1241 2411 ac

121 2455 273 2539 deinceps
291 2455 351 2519 alia
372 2454 476 2538 magis
497 2456 666 2538 magisque
685 2454 835 2537 perfecta.

165 2568 272 2645 objic.
298 2570 348 2644 9.⁰
394 2562 540 2627 Potentia
554 2560 733 2627 necessaria
750 2580 817 2626 non
829 2562 953 2646 indiget
963 2560 1138 2627 directione
1151 2561 1239 2627 artis.

122 2671 187 2735 Sed
205 2671 385 2735 intellectus
404 2677 452 2733 est
472 2669 618 2753 potentia
640 2668 831 2734 necessaria.
851 2670 936 2753 Ergo
957 2687 1022 2735 non
1037 2668 1159 2753 indiget
1175 2677 1241 2735 arte

122 2779 246 2863 logicae
264 2778 305 2843 ad
323 2777 473 2844 scientias
488 2776 710 2859 acquirendas.

188 2893 293 2968 Resp.
312 2884 388 2950 dist.
409 2883 522 2968 Major.
544 2882 577 2948 Si
601 2884 643 2949 sit
664 2883 800 2948 omnino
824 2883 1039 2950 determinata
1057 2885 1098 2950 ad
1115 2892 1239 2949 certum

121 3003 242 3068 actum,
260 3012 363 3066 conc,
382 3009 493 3067 secus,
514 3009 583 3073 neg.
605 2989 642 3054 Et
659 2990 845 3058 contradist.
865 2991 999 3068 Minori,
1020 3010 1086 3074 neg.
1103 3009 1239 3074 conseq.

120 3103 204 3167 Nam
235 3097 449 3184 multiplicem
484 3098 580 3164 habet
599 3108 709 3163 actum
738 3097 940 3173 intellectus,
969 3107 1159 3181 certumque
1192 3106 1242 3164 est
1331 3105 1333 3110 “

121 3227 217 3292 posse
236 3208 328 3274 illum
348 3205 485 3272 deficere
504 3206 537 3270 in
557 3205 682 3270 actibus
700 3204 784 3279 suis,
805 3223 866 3270 nec
890 3223 956 3270 ono
985 3215 1114 3272 tantum
1141 3207 1241 3272 modo

120 3317 193 3382 illos
211 3332 371 3380 exercere.
392 3314 435 3380 Ut
452 3331 532 3397 ergo
550 3322 637 3377 certo
657 3313 757 3378 modo
771 3313 842 3377 illos
856 3321 1020 3390 exerceat,
1041 3331 1100 3378 nec
1115 3311 1241 3382 deficiat
1262 3391 1266 3400 ¹

121 3443 140 3488 a
158 3441 258 3507 scopo
276 3403 435 3496 veritatis,
452 3419 576 3504 indiget
590 3421 666 3485 artis
685 3418 799 3504 logicae
822 3420 1001 3504 praeceptis

166 3536 274 3613 Oinc.
303 3537 369 3596 10.⁰
412 3528 530 3594 Nonne
553 3529 669 3594 saltem
698 3528 853 3594 Mathesis
885 3537 992 3613 potest
1020 3527 1140 3596 addisci
1172 3525 1241 3596 sine

122 3636 260 3722 logica?
679 3641 683 3652 “

189 3751 295 3825 Reap.
316 3742 488 3809 Mathesim
508 3742 618 3807 minus
636 3741 782 3826 indigere
802 3742 937 3827 logica,
958 3751 995 3808 ut
1014 3743 1084 3827 ipsa
1108 3761 1240 3827 quoque

120 3851 320 3934 experientia
332 3844 551 3923 demonstrat,
569 3851 650 3914 iorte
665 3859 796 3933 propter
811 3869 905 3916 suam
918 3850 1095 3916 maximam
1111 3850 1243 3918 eviden-

120 3960 201 4024 tiam
230 3958 465 4042 propriumque
489 3957 625 4023 modum
650 3958 805 4023 tractandi
831 3959 1041 4040 questiones.
1072 3957 1242 4026 Nihilomi-

121 4085 187 4132 nus
215 4085 290 4131 cum
322 4064 482 4130 infinitam
513 4065 754 4148 propemodum
782 4066 900 4131 lrabeat
923 4066 1240 4133 demonstrationum

122 4173 385 4248 multitudinem,
407 4173 586 4256 periculum
606 4181 672 4249 est,
702 4192 743 4237 ne
769 4172 980 4257 sophismatis
1004 4175 1053 4239 vel
1084 4175 1240 4260 paralogi-

120 4283 205 4346 smis
224 4289 333 4346 utatur
351 4299 409 4364 pro
436 4280 521 4346 veris
550 4280 901 4356 demonstrationibus,
919 4280 978 4348 nisi
999 4282 1124 4367 logicae
1153 4282 1240 4347 dire·

119 4388 267 4456 ctionem
288 4396 443 4470 sequatur
468 4385 532 4473 (r).
553 4387 693 4470 lpsemet
721 4388 900 4473 lluyghens
920 4391 987 4473 jam
1014 4388 1241 4456 observaverat

160 4733 202 4793 (ι)
239 4725 300 4786 Ct'r.
318 4725 440 4799 Semery
455 4726 508 4784 loc.
523 4724 572 4783 eit.
587 4738 643 4783 nrt.
659 4743 686 4782 a.
703 4723 854 4800 Obja'ci'tur
866 4693 979 4782 ultimo.
