<?xml version="1.0" encoding="UTF-8"?>
<!DOCTYPE html PUBLIC "-//W3C//DTD XHTML 1.0 Transitional//EN"
    "http://www.w3.org/TR/xhtml1/DTD/xhtml1-transitional.dtd">
<html xmlns="http://www.w3.org/1999/xhtml" xml:lang="en" lang="en">
 <head>
  <title>
</title>
<meta http-equiv="Content-Type" content="text/html;charset=utf-8" />
  <meta name='ocr-system' content='tesseract 3.04.00' />
  <meta name='ocr-capabilities' content='ocr_page ocr_carea ocr_par ocr_line ocrx_word'/>
</head>
<body>
  <div class='ocr_page' id='page_1' title='image "./institutionesph00urrgoog/institutionesph00urrgoog_0025.png"; bbox 0 0 3492 5525; ppageno 0'>
   <div class='ocr_carea' id='block_1_1' title="bbox 405 466 1208 550">
    <p class='ocr_par' dir='ltr' id='par_1_1' title="bbox 405 466 1208 550">
     <span class='ocr_line' id='line_1_1' title="bbox 405 466 1208 550; baseline 0 -21"><span class='ocrx_word' id='word_1_1' title='bbox 405 466 467 549; x_wconf 72' lang='lat'>51.</span> <span class='ocrx_word' id='word_1_2' title='bbox 491 468 540 531; x_wconf 76' lang='lat' dir='ltr'>De</span> <span class='ocrx_word' id='word_1_3' title='bbox 561 466 714 531; x_wconf 79' lang='lat' dir='ltr'>Nonoue</span> <span class='ocrx_word' id='word_1_4' title='bbox 736 467 971 532; x_wconf 71' lang='lat' dir='ltr'>Percosoenrne</span> <span class='ocrx_word' id='word_1_5' title='bbox 1192 488 1208 550; x_wconf 84' lang='lat'>3</span> 
     </span>
    </p>
   </div>
   <div class='ocr_carea' id='block_1_2' title="bbox 124 648 1338 2453">
    <p class='ocr_par' dir='ltr' id='par_1_2' title="bbox 127 648 1252 1701">
     <span class='ocr_line' id='line_1_2' title="bbox 127 648 1247 735; baseline 0.003 -22"><span class='ocrx_word' id='word_1_6' title='bbox 127 648 275 717; x_wconf 89' lang='lat' dir='ltr'>scientia.</span> <span class='ocrx_word' id='word_1_7' title='bbox 300 650 360 727; x_wconf 84' lang='lat' dir='ltr'>Vel</span> <span class='ocrx_word' id='word_1_8' title='bbox 379 650 405 715; x_wconf 92' lang='lat' dir='ltr'>si</span> <span class='ocrx_word' id='word_1_9' title='bbox 426 651 530 735; x_wconf 84' lang='lat' dir='ltr'>magis</span> <span class='ocrx_word' id='word_1_10' title='bbox 549 650 607 716; x_wconf 88' lang='lat' dir='ltr'>tibi</span> <span class='ocrx_word' id='word_1_11' title='bbox 624 652 728 735; x_wconf 88' lang='lat' dir='ltr'>placet</span> <span class='ocrx_word' id='word_1_12' title='bbox 747 651 957 717; x_wconf 88' lang='lat' dir='ltr'>celeberrima</span> <span class='ocrx_word' id='word_1_13' title='bbox 976 648 1070 716; x_wconf 92' lang='lat' dir='ltr'>Tullii</span> <span class='ocrx_word' id='word_1_14' title='bbox 1089 650 1247 727; x_wconf 83' lang='lat' dir='ltr'>definiti0,</span> 
     </span>
     <span class='ocr_line' id='line_1_3' title="bbox 128 758 1248 841; baseline 0.003 -21"><span class='ocrx_word' id='word_1_15' title='bbox 128 758 311 838; x_wconf 74' lang='lat' dir='ltr'>«Sapientia</span> <span class='ocrx_word' id='word_1_16' title='bbox 324 762 372 822; x_wconf 84' lang='lat' dir='ltr'>est</span> <span class='ocrx_word' id='word_1_17' title='bbox 382 776 486 822; x_wconf 83' lang='lat' dir='ltr'>rerum</span> <span class='ocrx_word' id='word_1_18' title='bbox 494 758 677 823; x_wconf 84' lang='lat' dir='ltr'>divinarum</span> <span class='ocrx_word' id='word_1_19' title='bbox 690 762 781 841; x_wconf 77' lang='lat' dir='ltr'>alque</span> <span class='ocrx_word' id='word_1_20' title='bbox 793 759 1000 823; x_wconf 83' lang='lat' dir='ltr'>humanarum</span> <span class='ocrx_word' id='word_1_21' title='bbox 1010 776 1248 841; x_wconf 81' lang='lat' dir='ltr'>causarumque,</span> 
     </span>
     <span class='ocr_line' id='line_1_4' title="bbox 127 862 1250 953; baseline 0.003 -26"><span class='ocrx_word' id='word_1_22' title='bbox 127 864 240 946; x_wconf 81' lang='lat' dir='ltr'>quihus</span> <span class='ocrx_word' id='word_1_23' title='bbox 253 865 301 929; x_wconf 73' lang='lat' dir='ltr'>hm</span> <span class='ocrx_word' id='word_1_24' title='bbox 322 884 372 929; x_wconf 79' lang='lat' dir='ltr'>res</span> <span class='ocrx_word' id='word_1_25' title='bbox 394 866 606 941; x_wconf 82' lang='lat' dir='ltr'>continentur,</span> <span class='ocrx_word' id='word_1_26' title='bbox 631 862 788 931; x_wconf 77' lang='lat' dir='ltr'>scientia»</span> <span class='ocrx_word' id='word_1_27' title='bbox 802 862 875 953; x_wconf 85' lang='lat'>(1):</span> <span class='ocrx_word' id='word_1_28' title='bbox 900 884 999 949; x_wconf 86' lang='lat' dir='ltr'>quarn</span> <span class='ocrx_word' id='word_1_29' title='bbox 1027 864 1250 930; x_wconf 80' lang='lat' dir='ltr'>definitionem</span> 
     </span>
     <span class='ocr_line' id='line_1_5' title="bbox 129 968 1251 1058; baseline 0.001 -23"><span class='ocrx_word' id='word_1_30' title='bbox 129 978 243 1053; x_wconf 87' lang='lat' dir='ltr'>postea</span> <span class='ocrx_word' id='word_1_31' title='bbox 277 972 431 1037; x_wconf 88' lang='lat' dir='ltr'><strong>Clemens</strong></span> <span class='ocrx_word' id='word_1_32' title='bbox 457 971 696 1041; x_wconf 77' lang='lat' dir='ltr'>Alexandrinus</span> <span class='ocrx_word' id='word_1_33' title='bbox 724 969 775 1058; x_wconf 84' lang='lat'>(2)</span> <span class='ocrx_word' id='word_1_34' title='bbox 801 982 833 1037; x_wconf 89' lang='lat' dir='ltr'>et</span> <span class='ocrx_word' id='word_1_35' title='bbox 866 970 1028 1056; x_wconf 83' lang='lat' dir='ltr'><strong>Origenes</strong></span> <span class='ocrx_word' id='word_1_36' title='bbox 1055 968 1108 1058; x_wconf 72' lang='lat'>(3)</span> <span class='ocrx_word' id='word_1_37' title='bbox 1134 972 1251 1055; x_wconf 86' lang='lat' dir='ltr'>aliique</span> 
     </span>
     <span class='ocr_line' id='line_1_6' title="bbox 129 1078 1252 1163; baseline 0.001 -22"><span class='ocrx_word' id='word_1_38' title='bbox 129 1078 224 1142; x_wconf 91' lang='lat' dir='ltr'>multi</span> <span class='ocrx_word' id='word_1_39' title='bbox 246 1080 387 1162; x_wconf 75' lang='lat' dir='ltr'>amplexi</span> <span class='ocrx_word' id='word_1_40' title='bbox 402 1090 492 1146; x_wconf 92' lang='lat' dir='ltr'>sunt.</span> <span class='ocrx_word' id='word_1_41' title='bbox 514 1079 681 1145; x_wconf 83' lang='lat' dir='ltr'>«Nomine</span> <span class='ocrx_word' id='word_1_42' title='bbox 696 1098 774 1144; x_wconf 90' lang='lat' dir='ltr'>vero</span> <span class='ocrx_word' id='word_1_43' title='bbox 793 1078 977 1144; x_wconf 84' lang='lat' dir='ltr'>divinarum</span> <span class='ocrx_word' id='word_1_44' title='bbox 997 1080 1147 1163; x_wconf 82' lang='lat' dir='ltr'>intelligit</span> <span class='ocrx_word' id='word_1_45' title='bbox 1170 1078 1252 1142; x_wconf 81' lang='lat' dir='ltr'>Am·</span> 
     </span>
     <span class='ocr_line' id='line_1_7' title="bbox 129 1183 1251 1273; baseline 0.004 -26"><span class='ocrx_word' id='word_1_46' title='bbox 129 1184 262 1251; x_wconf 90' lang='lat' dir='ltr'>monius</span> <span class='ocrx_word' id='word_1_47' title='bbox 280 1183 332 1273; x_wconf 83' lang='lat'>(4)</span> <span class='ocrx_word' id='word_1_48' title='bbox 346 1204 395 1251; x_wconf 91' lang='lat' dir='ltr'>res</span> <span class='ocrx_word' id='word_1_49' title='bbox 409 1187 642 1270; x_wconf 87' lang='lat' dir='ltr'>sempiternas,</span> <span class='ocrx_word' id='word_1_50' title='bbox 659 1186 818 1253; x_wconf 88' lang='lat' dir='ltr'>vocabulo</span> <span class='ocrx_word' id='word_1_51' title='bbox 834 1187 1183 1262; x_wconf 84' lang='lat' dir='ltr'>autemlmmonarum,</span> <span class='ocrx_word' id='word_1_52' title='bbox 1199 1205 1251 1250; x_wconf 91' lang='lat' dir='ltr'>ca-</span> 
     </span>
     <span class='ocr_line' id='line_1_8' title="bbox 127 1291 1252 1380; baseline 0.001 -24"><span class='ocrx_word' id='word_1_53' title='bbox 127 1294 245 1357; x_wconf 88' lang='lat' dir='ltr'>ducas:</span> <span class='ocrx_word' id='word_1_54' title='bbox 268 1294 432 1359; x_wconf 85' lang='lat' dir='ltr'>Honorius</span> <span class='ocrx_word' id='word_1_55' title='bbox 454 1293 764 1377; x_wconf 79' lang='lat' dir='ltr'>Augustodunensis</span> <span class='ocrx_word' id='word_1_56' title='bbox 784 1291 836 1380; x_wconf 80' lang='grc'>(5)</span> <span class='ocrx_word' id='word_1_57' title='bbox 851 1293 985 1359; x_wconf 88' lang='lat' dir='ltr'>nomine</span> <span class='ocrx_word' id='word_1_58' title='bbox 1002 1294 1185 1359; x_wconf 77' lang='lat' dir='ltr'>divinarum</span> <span class='ocrx_word' id='word_1_59' title='bbox 1203 1292 1252 1357; x_wconf 93' lang='lat' dir='ltr'>in-</span> 
     </span>
     <span class='ocr_line' id='line_1_9' title="bbox 127 1401 1251 1484; baseline 0.001 -21"><span class='ocrx_word' id='word_1_60' title='bbox 127 1418 319 1483; x_wconf 75' lang='lat' dir='ltr'>corporeaS,</span> <span class='ocrx_word' id='word_1_61' title='bbox 331 1402 553 1479; x_wconf 81' lang='lat' dir='ltr'>hummrorum,</span> <span class='ocrx_word' id='word_1_62' title='bbox 570 1420 758 1484; x_wconf 88' lang='lat' dir='ltr'>corporeas,</span> <span class='ocrx_word' id='word_1_63' title='bbox 775 1420 851 1466; x_wconf 86' lang='lat' dir='ltr'>cunr</span> <span class='ocrx_word' id='word_1_64' title='bbox 867 1401 911 1466; x_wconf 88' lang='lat' dir='ltr'>ait</span> <span class='ocrx_word' id='word_1_65' title='bbox 924 1401 1165 1484; x_wconf 85' lang='lat' dir='ltr'>Philosophiam</span> <span class='ocrx_word' id='word_1_66' title='bbox 1181 1418 1251 1465; x_wconf 88' lang='lat' dir='ltr'>esse</span> 
     </span>
     <span class='ocr_line' id='line_1_10' title="bbox 127 1509 1251 1591; baseline 0.002 -20"><span class='ocrx_word' id='word_1_67' title='bbox 127 1518 258 1584; x_wconf 86' lang='lat' dir='ltr'>eorum,</span> <span class='ocrx_word' id='word_1_68' title='bbox 275 1526 349 1591; x_wconf 84' lang='lat' dir='ltr'>quae</span> <span class='ocrx_word' id='word_1_69' title='bbox 375 1519 453 1575; x_wconf 89' lang='lat' dir='ltr'>sunt</span> <span class='ocrx_word' id='word_1_70' title='bbox 479 1519 511 1573; x_wconf 85' lang='lat' dir='ltr'>et</span> <span class='ocrx_word' id='word_1_71' title='bbox 535 1528 601 1574; x_wconf 95' lang='lat' dir='ltr'>non</span> <span class='ocrx_word' id='word_1_72' title='bbox 626 1509 794 1585; x_wconf 90' lang='lat' dir='ltr'>videntur,</span> <span class='ocrx_word' id='word_1_73' title='bbox 820 1518 852 1575; x_wconf 86' lang='lat' dir='ltr'>et</span> <span class='ocrx_word' id='word_1_74' title='bbox 870 1526 1091 1591; x_wconf 74' lang='lat' dir='ltr'>eorumquae</span> <span class='ocrx_word' id='word_1_75' title='bbox 1116 1516 1194 1575; x_wconf 89' lang='lat' dir='ltr'>sunt</span> <span class='ocrx_word' id='word_1_76' title='bbox 1215 1527 1251 1573; x_wconf 86' lang='lat' dir='ltr'>ac</span> 
     </span>
     <span class='ocr_line' id='line_1_11' title="bbox 127 1612 877 1701; baseline 0.001 -23"><span class='ocrx_word' id='word_1_77' title='bbox 127 1614 294 1692; x_wconf 87' lang='lat' dir='ltr'>videntur,</span> <span class='ocrx_word' id='word_1_78' title='bbox 311 1634 421 1681; x_wconf 90' lang='lat' dir='ltr'>veram</span> <span class='ocrx_word' id='word_1_79' title='bbox 437 1615 765 1699; x_wconf 88' lang='lat' dir='ltr'>comprehensionem</span> <span class='ocrx_word' id='word_1_80' title='bbox 774 1636 792 1680; x_wconf 66' lang='lat'>³&gt;</span> <span class='ocrx_word' id='word_1_81' title='bbox 812 1612 877 1701; x_wconf 90' lang='lat'><strong>(6).</strong></span> 
     </span>
    </p>

    <p class='ocr_par' dir='ltr' id='par_1_3' title="bbox 124 1722 1338 2453">
     <span class='ocr_line' id='line_1_12' title="bbox 198 1722 1254 1817; baseline 0 -30"><span class='ocrx_word' id='word_1_82' title='bbox 198 1722 402 1817; x_wconf 31' lang='lat' dir='ltr'>Sic&#39;accepta</span> <span class='ocrx_word' id='word_1_83' title='bbox 422 1723 627 1806; x_wconf 83' lang='lat' dir='ltr'>Philosophia</span> <span class='ocrx_word' id='word_1_84' title='bbox 646 1724 831 1789; x_wconf 87' lang='lat' dir='ltr'>universam</span> <span class='ocrx_word' id='word_1_85' title='bbox 857 1741 941 1805; x_wconf 91' lang='lat' dir='ltr'>pene</span> <span class='ocrx_word' id='word_1_86' title='bbox 959 1726 1176 1790; x_wconf 86' lang='lat' dir='ltr'>humanarum</span> <span class='ocrx_word' id='word_1_87' title='bbox 1197 1741 1254 1787; x_wconf 91' lang='lat' dir='ltr'>co·</span> 
     </span>
     <span class='ocr_line' id='line_1_13' title="bbox 125 1828 1252 1914; baseline 0.004 -23"><span class='ocrx_word' id='word_1_88' title='bbox 125 1828 580 1913; x_wconf 80' lang='lat' dir='ltr'>gnitionumcncyclopaedr&#39;am</span> <span class='ocrx_word' id='word_1_89' title='bbox 589 1830 853 1914; x_wconf 89' lang='lat' dir='ltr'>comprehendit,</span> <span class='ocrx_word' id='word_1_90' title='bbox 867 1830 926 1895; x_wconf 92' lang='lat' dir='ltr'>nisi</span> <span class='ocrx_word' id='word_1_91' title='bbox 937 1830 1111 1896; x_wconf 83' lang='lat' dir='ltr'>uerborum</span> <span class='ocrx_word' id='word_1_92' title='bbox 1121 1839 1252 1895; x_wconf 89' lang='lat' dir='ltr'>senten-</span> 
     </span>
     <span class='ocr_line' id='line_1_14' title="bbox 126 1935 1252 2019; baseline -0.001 -16"><span class='ocrx_word' id='word_1_93' title='bbox 126 1937 170 2003; x_wconf 88' lang='lat' dir='ltr'>tia</span> <span class='ocrx_word' id='word_1_94' title='bbox 201 1936 371 2019; x_wconf 85' lang='lat' dir='ltr'>paululum</span> <span class='ocrx_word' id='word_1_95' title='bbox 395 1944 592 2005; x_wconf 71' lang='lat' dir='ltr'>coerceatur.</span> <span class='ocrx_word' id='word_1_96' title='bbox 619 1935 727 2011; x_wconf 81' lang='lat' dir='ltr'>Qrare</span> <span class='ocrx_word' id='word_1_97' title='bbox 758 1936 835 2002; x_wconf 91' lang='lat' dir='ltr'>nihil</span> <span class='ocrx_word' id='word_1_98' title='bbox 860 1938 997 2015; x_wconf 90' lang='lat' dir='ltr'>mirum,</span> <span class='ocrx_word' id='word_1_99' title='bbox 1021 1939 1048 2003; x_wconf 93' lang='lat' dir='ltr'>si</span> <span class='ocrx_word' id='word_1_100' title='bbox 1075 1936 1252 2003; x_wconf 73' lang='lat' dir='ltr'>cardinalis</span> 
     </span>
     <span class='ocr_line' id='line_1_15' title="bbox 126 2043 1251 2128; baseline -0.001 -20"><span class='ocrx_word' id='word_1_101' title='bbox 126 2044 264 2109; x_wconf 83' lang='lat' dir='ltr'>Tolerus</span> <span class='ocrx_word' id='word_1_102' title='bbox 278 2043 343 2109; x_wconf 92' lang='lat' dir='ltr'>sub</span> <span class='ocrx_word' id='word_1_103' title='bbox 354 2043 559 2127; x_wconf 83' lang='lat' dir='ltr'>Philosophia</span> <span class='ocrx_word' id='word_1_104' title='bbox 572 2043 776 2110; x_wconf 86' lang='lat' dir='ltr'>constituerit</span> <span class='ocrx_word' id='word_1_105' title='bbox 791 2044 949 2110; x_wconf 87' lang='lat' dir='ltr'>Musicam</span> <span class='ocrx_word' id='word_1_106' title='bbox 965 2052 999 2109; x_wconf 88' lang='lat' dir='ltr'>et</span> <span class='ocrx_word' id='word_1_107' title='bbox 1012 2045 1251 2128; x_wconf 88' lang='lat' dir='ltr'>Perspectivam</span> 
     </span>
     <span class='ocr_line' id='line_1_16' title="bbox 125 2150 1253 2233; baseline 0.001 -18"><span class='ocrx_word' id='word_1_108' title='bbox 125 2159 160 2215; x_wconf 89' lang='lat' dir='ltr'>et</span> <span class='ocrx_word' id='word_1_109' title='bbox 187 2151 328 2233; x_wconf 86' lang='lat' dir='ltr'>reliquas</span> <span class='ocrx_word' id='word_1_110' title='bbox 347 2158 432 2215; x_wconf 88' lang='lat' dir='ltr'>artes</span> <span class='ocrx_word' id='word_1_111' title='bbox 457 2150 555 2215; x_wconf 90' lang='lat' dir='ltr'>etiam</span> <span class='ocrx_word' id='word_1_112' title='bbox 578 2150 721 2224; x_wconf 86' lang='lat' dir='ltr'>labriles,</span> <span class='ocrx_word' id='word_1_113' title='bbox 745 2169 821 2216; x_wconf 90' lang='lat' dir='ltr'>cum</span> <span class='ocrx_word' id='word_1_114' title='bbox 847 2171 919 2216; x_wconf 92' lang='lat' dir='ltr'>eam</span> <span class='ocrx_word' id='word_1_115' title='bbox 947 2150 1115 2217; x_wconf 87' lang='lat' dir='ltr'>scientiam</span> <span class='ocrx_word' id='word_1_116' title='bbox 1135 2152 1168 2217; x_wconf 94' lang='lat' dir='ltr'>in</span> <span class='ocrx_word' id='word_1_117' title='bbox 1186 2158 1253 2233; x_wconf 80' lang='lat' dir='ltr'>spe-</span> 
     </span>
     <span class='ocr_line' id='line_1_17' title="bbox 124 2258 1338 2342; baseline 0.001 -20"><span class='ocrx_word' id='word_1_118' title='bbox 124 2258 316 2335; x_wconf 80' lang='lat' dir='ltr'>culativam,</span> <span class='ocrx_word' id='word_1_119' title='bbox 341 2258 474 2324; x_wconf 85' lang='lat' dir='ltr'>activam</span> <span class='ocrx_word' id='word_1_120' title='bbox 502 2267 535 2323; x_wconf 91' lang='lat' dir='ltr'>et</span> <span class='ocrx_word' id='word_1_121' title='bbox 553 2260 739 2342; x_wconf 70' lang='lat' dir='ltr'>factivum„</span> <span class='ocrx_word' id='word_1_122' title='bbox 753 2259 816 2325; x_wconf 92' lang='lat' dir='ltr'>sub</span> <span class='ocrx_word' id='word_1_123' title='bbox 840 2278 905 2341; x_wconf 91' lang='lat' dir='ltr'>qua</span> <span class='ocrx_word' id='word_1_124' title='bbox 933 2258 1142 2325; x_wconf 86' lang='lat' dir='ltr'>continentur</span> <span class='ocrx_word' id='word_1_125' title='bbox 1169 2266 1253 2323; x_wconf 86' lang='lat' dir='ltr'>artes</span> <span class='ocrx_word' id='word_1_126' title='bbox 1332 2284 1338 2313; x_wconf 73' lang='grc' dir='ltr'><strong><em>ι</em></strong></span> 
     </span>
     <span class='ocr_line' id='line_1_18' title="bbox 126 2364 1250 2453; baseline 0.001 -24"><span class='ocrx_word' id='word_1_127' title='bbox 126 2367 347 2440; x_wconf 87' lang='lat' dir='ltr'>mechanicae,</span> <span class='ocrx_word' id='word_1_128' title='bbox 382 2364 489 2430; x_wconf 89' lang='lat' dir='ltr'>divisit</span> <span class='ocrx_word' id='word_1_129' title='bbox 517 2364 583 2453; x_wconf 84' lang='lat'>(7),</span> <span class='ocrx_word' id='word_1_130' title='bbox 615 2365 693 2432; x_wconf 87' lang='lat' dir='ltr'>solis</span> <span class='ocrx_word' id='word_1_131' title='bbox 719 2366 865 2450; x_wconf 86' lang='lat' dir='ltr'>exceptis</span> <span class='ocrx_word' id='word_1_132' title='bbox 895 2368 1090 2449; x_wconf 87' lang='lat' dir='ltr'>quibusdam</span> <span class='ocrx_word' id='word_1_133' title='bbox 1117 2366 1250 2441; x_wconf 85' lang='lat' dir='ltr'>artibus,</span> 
     </span>
    </p>
   </div>
   <div class='ocr_carea' id='block_1_3' title="bbox 127 2472 1363 2557">
    <p class='ocr_par' dir='ltr' id='par_1_4' title="bbox 127 2472 1363 2557">
     <span class='ocr_line' id='line_1_19' title="bbox 127 2472 1363 2557; baseline 0.002 -24"><span class='ocrx_word' id='word_1_134' title='bbox 127 2492 229 2555; x_wconf 78' lang='lat' dir='ltr'>«quae</span> <span class='ocrx_word' id='word_1_135' title='bbox 249 2473 280 2536; x_wconf 92' lang='lat' dir='ltr'>in</span> <span class='ocrx_word' id='word_1_136' title='bbox 298 2472 513 2538; x_wconf 84' lang='lat' dir='ltr'>ministerium</span> <span class='ocrx_word' id='word_1_137' title='bbox 531 2473 746 2557; x_wconf 83' lang='lat' dir='ltr'>Philosophiae</span> <span class='ocrx_word' id='word_1_138' title='bbox 762 2473 903 2538; x_wconf 88' lang='lat' dir='ltr'>inventae</span> <span class='ocrx_word' id='word_1_139' title='bbox 922 2483 1017 2549; x_wconf 88' lang='lat' dir='ltr'>sunt,</span> <span class='ocrx_word' id='word_1_140' title='bbox 1034 2493 1069 2538; x_wconf 86' lang='lat' dir='ltr'>ac</span> <span class='ocrx_word' id='word_1_141' title='bbox 1084 2481 1252 2557; x_wconf 89' lang='lat' dir='ltr'>propterea</span> <span class='ocrx_word' id='word_1_142' title='bbox 1324 2496 1326 2499; x_wconf 94' lang='lat'>·</span> <span class='ocrx_word' id='word_1_143' title='bbox 1356 2512 1363 2528; x_wconf 84' lang='lat'><strong>·</strong></span> 
     </span>
    </p>
   </div>
   <div class='ocr_carea' id='block_1_4' title="bbox 124 2578 1257 3312">
    <p class='ocr_par' dir='ltr' id='par_1_5' title="bbox 124 2578 1257 3312">
     <span class='ocr_line' id='line_1_20' title="bbox 126 2578 1252 2663; baseline 0.001 -19"><span class='ocrx_word' id='word_1_144' title='bbox 126 2579 350 2663; x_wconf 87' lang='lat' dir='ltr'>Philosophiae</span> <span class='ocrx_word' id='word_1_145' title='bbox 370 2589 476 2663; x_wconf 90' lang='lat' dir='ltr'>partes</span> <span class='ocrx_word' id='word_1_146' title='bbox 496 2599 561 2645; x_wconf 94' lang='lat' dir='ltr'>non</span> <span class='ocrx_word' id='word_1_147' title='bbox 584 2589 759 2645; x_wconf 86' lang='lat' dir='ltr'>censentur</span> <span class='ocrx_word' id='word_1_148' title='bbox 780 2581 820 2645; x_wconf 92' lang='lat' dir='ltr'>ab</span> <span class='ocrx_word' id='word_1_149' title='bbox 841 2580 1003 2663; x_wconf 90' lang='lat' dir='ltr'>aliquibus</span> <span class='ocrx_word' id='word_1_150' title='bbox 1023 2578 1252 2663; x_wconf 66' lang='lat' dir='ltr'>Peripateticis</span> 
     </span>
     <span class='ocr_line' id='line_1_21' title="bbox 125 2685 1254 2772; baseline 0.002 -21"><span class='ocrx_word' id='word_1_151' title='bbox 125 2686 285 2769; x_wconf 89' lang='lat' dir='ltr'>quamvis</span> <span class='ocrx_word' id='word_1_152' title='bbox 306 2685 382 2751; x_wconf 88' lang='lat' dir='ltr'>nihil</span> <span class='ocrx_word' id='word_1_153' title='bbox 408 2694 497 2751; x_wconf 87' lang='lat' dir='ltr'>vetet</span> <span class='ocrx_word' id='word_1_154' title='bbox 521 2706 561 2752; x_wconf 86' lang='lat' dir='ltr'>ex</span> <span class='ocrx_word' id='word_1_155' title='bbox 590 2687 636 2753; x_wconf 81' lang='lat' dir='ltr'>eis</span> <span class='ocrx_word' id='word_1_156' title='bbox 660 2687 784 2772; x_wconf 89' lang='lat' dir='ltr'>aliquas</span> <span class='ocrx_word' id='word_1_157' title='bbox 807 2706 881 2754; x_wconf 91' lang='lat' dir='ltr'>esse</span> <span class='ocrx_word' id='word_1_158' title='bbox 903 2688 1094 2765; x_wconf 82' lang='lat' dir='ltr'>scientias,»</span> <span class='ocrx_word' id='word_1_159' title='bbox 1122 2696 1155 2752; x_wconf 91' lang='lat' dir='ltr'>et</span> <span class='ocrx_word' id='word_1_160' title='bbox 1175 2699 1254 2753; x_wconf 88' lang='lat' dir='ltr'>sunt</span> 
     </span>
     <span class='ocr_line' id='line_1_22' title="bbox 127 2793 1255 2880; baseline 0.001 -21"><span class='ocrx_word' id='word_1_161' title='bbox 127 2794 267 2878; x_wconf 86' lang='lat' dir='ltr'>Logica‚</span> <span class='ocrx_word' id='word_1_162' title='bbox 288 2794 523 2871; x_wconf 85' lang='lat' dir='ltr'>Grammatica,</span> <span class='ocrx_word' id='word_1_163' title='bbox 537 2793 725 2870; x_wconf 88' lang='lat' dir='ltr'>Rhetorica,</span> <span class='ocrx_word' id='word_1_164' title='bbox 742 2795 887 2872; x_wconf 90' lang='lat' dir='ltr'>Poetica,</span> <span class='ocrx_word' id='word_1_165' title='bbox 900 2795 1056 2862; x_wconf 82' lang='lat' dir='ltr'>ilistorica</span> <span class='ocrx_word' id='word_1_166' title='bbox 1078 2805 1110 2862; x_wconf 86' lang='lat' dir='ltr'>et</span> <span class='ocrx_word' id='word_1_167' title='bbox 1128 2796 1255 2880; x_wconf 86' lang='lat' dir='ltr'>Episto-</span> 
     </span>
     <span class='ocr_line' id='line_1_23' title="bbox 126 2900 1254 2990; baseline 0.004 -26"><span class='ocrx_word' id='word_1_168' title='bbox 126 2901 222 2966; x_wconf 89' lang='lat' dir='ltr'>laris:</span> <span class='ocrx_word' id='word_1_169' title='bbox 248 2919 322 2984; x_wconf 86' lang='lat' dir='ltr'>quae</span> <span class='ocrx_word' id='word_1_170' title='bbox 340 2919 494 2978; x_wconf 69' lang='lat' dir='ltr'>«omnes,</span> <span class='ocrx_word' id='word_1_171' title='bbox 518 2901 641 2985; x_wconf 88' lang='lat' dir='ltr'>inquit,</span> <span class='ocrx_word' id='word_1_172' title='bbox 658 2903 781 2967; x_wconf 87' lang='lat' dir='ltr'>ancillae</span> <span class='ocrx_word' id='word_1_173' title='bbox 802 2902 1019 2990; x_wconf 65' lang='lat' dir='ltr'>Philosophiae</span> <span class='ocrx_word' id='word_1_174' title='bbox 1037 2913 1128 2979; x_wconf 86' lang='lat' dir='ltr'>sunt,</span> <span class='ocrx_word' id='word_1_175' title='bbox 1145 2911 1177 2966; x_wconf 89' lang='lat' dir='ltr'>et</span> <span class='ocrx_word' id='word_1_176' title='bbox 1192 2900 1254 2985; x_wconf 88' lang='lat' dir='ltr'>ipsi</span> 
     </span>
     <span class='ocr_line' id='line_1_24' title="bbox 125 3009 1257 3095; baseline 0 -22"><span class='ocrx_word' id='word_1_177' title='bbox 125 3009 358 3074; x_wconf 72' lang='lat' dir='ltr'>deserviunt.»</span> <span class='ocrx_word' id='word_1_178' title='bbox 374 3009 410 3072; x_wconf 87' lang='lat' dir='ltr'>Et</span> <span class='ocrx_word' id='word_1_179' title='bbox 429 3011 465 3075; x_wconf 91' lang='lat' dir='ltr'>P.</span> <span class='ocrx_word' id='word_1_180' title='bbox 486 3009 655 3095; x_wconf 89' lang='lat' dir='ltr'>Sylvester</span> <span class='ocrx_word' id='word_1_181' title='bbox 669 3010 801 3074; x_wconf 85' lang='lat' dir='ltr'>Maurus</span> <span class='ocrx_word' id='word_1_182' title='bbox 816 3010 914 3074; x_wconf 88' lang='lat' dir='ltr'>etiam</span> <span class='ocrx_word' id='word_1_183' title='bbox 929 3009 1157 3086; x_wconf 88' lang='lat' dir='ltr'>Rhetoricam‚</span> <span class='ocrx_word' id='word_1_184' title='bbox 1177 3011 1257 3074; x_wconf 88' lang='lat' dir='ltr'>Poe-</span> 
     </span>
     <span class='ocr_line' id='line_1_25' title="bbox 124 3115 1256 3203; baseline 0 -21"><span class='ocrx_word' id='word_1_185' title='bbox 124 3119 231 3182; x_wconf 88' lang='lat' dir='ltr'>ticam</span> <span class='ocrx_word' id='word_1_186' title='bbox 253 3124 285 3180; x_wconf 84' lang='lat' dir='ltr'>et</span> <span class='ocrx_word' id='word_1_187' title='bbox 304 3115 557 3181; x_wconf 87' lang='lat' dir='ltr'>Grammatlcam</span> <span class='ocrx_word' id='word_1_188' title='bbox 579 3125 749 3200; x_wconf 81' lang='lat' dir='ltr'>tamquam</span> <span class='ocrx_word' id='word_1_189' title='bbox 769 3116 895 3201; x_wconf 89' lang='lat' dir='ltr'>species</span> <span class='ocrx_word' id='word_1_190' title='bbox 911 3117 1125 3203; x_wconf 87' lang='lat' dir='ltr'>Philosophiae</span> <span class='ocrx_word' id='word_1_191' title='bbox 1145 3118 1256 3183; x_wconf 87' lang='lat' dir='ltr'>Ratio·</span> 
     </span>
     <span class='ocr_line' id='line_1_26' title="bbox 125 3221 520 3312; baseline 0.003 -23"><span class='ocrx_word' id='word_1_192' title='bbox 125 3221 215 3289; x_wconf 84' lang='lat' dir='ltr'>nalis</span> <span class='ocrx_word' id='word_1_193' title='bbox 234 3223 440 3290; x_wconf 87' lang='lat' dir='ltr'>enumeravit</span> <span class='ocrx_word' id='word_1_194' title='bbox 455 3221 520 3312; x_wconf 88' lang='grc'>(8).</span> 
     </span>
    </p>
   </div>
   <div class='ocr_carea' id='block_1_5' title="bbox 123 3406 1264 4565">
    <p class='ocr_par' dir='ltr' id='par_1_6' title="bbox 164 3406 757 3495">
     <span class='ocr_line' id='line_1_27' title="bbox 164 3406 757 3495; baseline 0.005 -21"><span class='ocrx_word' id='word_1_195' title='bbox 164 3418 210 3488; x_wconf 87' lang='grc' dir='ltr'>(ι)</span> <span class='ocrx_word' id='word_1_196' title='bbox 247 3418 349 3476; x_wconf 87' lang='lat' dir='ltr'>Cicero</span> <span class='ocrx_word' id='word_1_197' title='bbox 361 3417 410 3475; x_wconf 86' lang='lat' dir='ltr'>lib.</span> <span class='ocrx_word' id='word_1_198' title='bbox 427 3440 442 3476; x_wconf 79' lang='lat' dir='ltr'>a</span> <span class='ocrx_word' id='word_1_199' title='bbox 458 3421 492 3475; x_wconf 81' lang='lat' dir='ltr'>rie</span> <span class='ocrx_word' id='word_1_200' title='bbox 507 3406 634 3495; x_wconf 77' lang='lat' dir='ltr'>Officiis,</span> <span class='ocrx_word' id='word_1_201' title='bbox 650 3440 715 3492; x_wconf 82' lang='lat' dir='ltr'>cup.</span> <span class='ocrx_word' id='word_1_202' title='bbox 731 3441 757 3478; x_wconf 84' lang='lat' dir='ltr'>a.</span> 
     </span>
    </p>

    <p class='ocr_par' dir='ltr' id='par_1_7' title="bbox 164 3507 621 3581">
     <span class='ocr_line' id='line_1_28' title="bbox 164 3507 621 3581; baseline 0.002 -17"><span class='ocrx_word' id='word_1_203' title='bbox 164 3507 211 3579; x_wconf 80' lang='lat' dir='ltr'>(a)</span> <span class='ocrx_word' id='word_1_204' title='bbox 249 3507 500 3567; x_wconf 82' lang='lat' dir='ltr'>Lib.1Slr&#39;omal.</span> <span class='ocrx_word' id='word_1_205' title='bbox 515 3529 577 3580; x_wconf 89' lang='lat' dir='ltr'>cap.</span> <span class='ocrx_word' id='word_1_206' title='bbox 595 3527 621 3581; x_wconf 83' lang='lat'>5.</span> 
     </span>
    </p>

    <p class='ocr_par' dir='ltr' id='par_1_8' title="bbox 163 3597 725 3672">
     <span class='ocr_line' id='line_1_29' title="bbox 163 3597 725 3672; baseline 0 -17"><span class='ocrx_word' id='word_1_207' title='bbox 163 3603 209 3666; x_wconf 76' lang='lat'>(3)</span> <span class='ocrx_word' id='word_1_208' title='bbox 247 3598 346 3655; x_wconf 86' lang='lat' dir='ltr'>Conlr.</span> <span class='ocrx_word' id='word_1_209' title='bbox 362 3599 478 3657; x_wconf 84' lang='lat' dir='ltr'>Celsum</span> <span class='ocrx_word' id='word_1_210' title='bbox 493 3597 542 3656; x_wconf 89' lang='lat' dir='ltr'>lib.</span> <span class='ocrx_word' id='word_1_211' title='bbox 560 3619 584 3668; x_wconf 85' lang='lat'>3.</span> <span class='ocrx_word' id='word_1_212' title='bbox 601 3619 663 3670; x_wconf 88' lang='lat' dir='ltr'>cap.</span> <span class='ocrx_word' id='word_1_213' title='bbox 682 3619 725 3672; x_wconf 87' lang='lat'>72.</span> 
     </span>
    </p>

    <p class='ocr_par' dir='ltr' id='par_1_9' title="bbox 164 3686 478 3758">
     <span class='ocr_line' id='line_1_30' title="bbox 164 3686 478 3758; baseline 0.006 -14"><span class='ocrx_word' id='word_1_214' title='bbox 164 3695 210 3758; x_wconf 78' lang='grc'>(4)</span> <span class='ocrx_word' id='word_1_215' title='bbox 248 3686 478 3746; x_wconf 82' lang='lat' dir='ltr'>luitioProedic.</span> 
     </span>
    </p>

    <p class='ocr_par' dir='ltr' id='par_1_10' title="bbox 162 3774 846 3849">
     <span class='ocr_line' id='line_1_31' title="bbox 162 3774 846 3849; baseline 0.001 -17"><span class='ocrx_word' id='word_1_216' title='bbox 162 3783 208 3846; x_wconf 79' lang='grc' dir='ltr'>(ς)</span> <span class='ocrx_word' id='word_1_217' title='bbox 247 3774 311 3834; x_wconf 81' lang='lat' dir='ltr'>Lib.</span> <span class='ocrx_word' id='word_1_218' title='bbox 328 3797 343 3848; x_wconf 83' lang='lat'><em>3</em></span> <span class='ocrx_word' id='word_1_219' title='bbox 358 3777 392 3832; x_wconf 83' lang='lat' dir='ltr'>de</span> <span class='ocrx_word' id='word_1_220' title='bbox 406 3778 598 3849; x_wconf 70' lang='lat' dir='ltr'>Philosophia</span> <span class='ocrx_word' id='word_1_221' title='bbox 611 3779 727 3848; x_wconf 79' lang='lat' dir='ltr'>mundi,</span> <span class='ocrx_word' id='word_1_222' title='bbox 742 3797 804 3848; x_wconf 83' lang='lat' dir='ltr'>cap.</span> <span class='ocrx_word' id='word_1_223' title='bbox 825 3798 846 3833; x_wconf 91' lang='lat' dir='ltr'>r.</span> 
     </span>
    </p>

    <p class='ocr_par' dir='ltr' id='par_1_11' title="bbox 123 3861 1264 4479">
     <span class='ocr_line' id='line_1_32' title="bbox 164 3861 1260 3942; baseline -0.003 -20"><span class='ocrx_word' id='word_1_224' title='bbox 164 3865 211 3936; x_wconf 83' lang='lat'>(6)</span> <span class='ocrx_word' id='word_1_225' title='bbox 249 3865 369 3924; x_wconf 88' lang='lat' dir='ltr'>Fonsec.</span> <span class='ocrx_word' id='word_1_226' title='bbox 386 3865 578 3924; x_wconf 79' lang='lat' dir='ltr'>Commentar.</span> <span class='ocrx_word' id='word_1_227' title='bbox 595 3868 627 3922; x_wconf 78' lang='lat' dir='ltr'>in</span> <span class='ocrx_word' id='word_1_228' title='bbox 645 3867 712 3924; x_wconf 78' lang='lat' dir='ltr'>libr.</span> <span class='ocrx_word' id='word_1_229' title='bbox 727 3861 959 3942; x_wconf 73' lang='lat' dir='ltr'>MelaphysicorJ</span> <span class='ocrx_word' id='word_1_230' title='bbox 971 3866 1142 3924; x_wconf 77' lang='lat' dir='ltr'>Aristotelis</span> <span class='ocrx_word' id='word_1_231' title='bbox 1155 3863 1260 3940; x_wconf 74' lang='lat' dir='ltr'>Stagi-</span> 
     </span>
     <span class='ocr_line' id='line_1_33' title="bbox 125 3953 1260 4028; baseline -0.003 -16"><span class='ocrx_word' id='word_1_232' title='bbox 125 3959 216 4024; x_wconf 74' lang='lat' dir='ltr'>rita,</span> <span class='ocrx_word' id='word_1_233' title='bbox 232 3953 282 4012; x_wconf 86' lang='lat' dir='ltr'>lib.</span> <span class='ocrx_word' id='word_1_234' title='bbox 298 3975 329 4024; x_wconf 81' lang='lat'>2,</span> <span class='ocrx_word' id='word_1_235' title='bbox 344 3975 406 4026; x_wconf 86' lang='lat' dir='ltr'>cap.</span> <span class='ocrx_word' id='word_1_236' title='bbox 425 3977 449 4025; x_wconf 82' lang='lat'>3.</span> <span class='ocrx_word' id='word_1_237' title='bbox 467 3975 496 4026; x_wconf 91' lang='lat' dir='ltr'>q.</span> <span class='ocrx_word' id='word_1_238' title='bbox 512 3977 540 4028; x_wconf 85' lang='lat'>3.</span> <span class='ocrx_word' id='word_1_239' title='bbox 557 3969 625 4013; x_wconf 89' lang='lat' dir='ltr'>sect.</span> <span class='ocrx_word' id='word_1_240' title='bbox 642 3975 657 4012; x_wconf 87' lang='lat' dir='ltr'>a</span> <span class='ocrx_word' id='word_1_241' title='bbox 674 3957 725 4013; x_wconf 85' lang='lat' dir='ltr'>fin.</span> <span class='ocrx_word' id='word_1_242' title='bbox 742 3955 804 4014; x_wconf 88' lang='lat' dir='ltr'>Csr.</span> <span class='ocrx_word' id='word_1_243' title='bbox 817 3957 921 4014; x_wconf 84' lang='lat' dir='ltr'>Franc.</span> <span class='ocrx_word' id='word_1_244' title='bbox 937 3955 1029 4014; x_wconf 87' lang='lat' dir='ltr'>Tolet.</span> <span class='ocrx_word' id='word_1_245' title='bbox 1047 3953 1260 4014; x_wconf 75' lang='lat' dir='ltr'>Commentario</span> 
     </span>
     <span class='ocr_line' id='line_1_34' title="bbox 126 4046 1259 4121; baseline -0.004 -17"><span class='ocrx_word' id='word_1_246' title='bbox 126 4069 194 4104; x_wconf 77' lang='lat' dir='ltr'>nnn</span> <span class='ocrx_word' id='word_1_247' title='bbox 208 4067 273 4103; x_wconf 85' lang='lat' dir='ltr'>cum</span> <span class='ocrx_word' id='word_1_248' title='bbox 288 4047 494 4120; x_wconf 79' lang='lat' dir='ltr'>quoeslionihus</span> <span class='ocrx_word' id='word_1_249' title='bbox 509 4049 541 4102; x_wconf 79' lang='lat' dir='ltr'>in</span> <span class='ocrx_word' id='word_1_250' title='bbox 554 4057 617 4104; x_wconf 80' lang='lat' dir='ltr'>ocio</span> <span class='ocrx_word' id='word_1_251' title='bbox 636 4047 726 4104; x_wconf 83' lang='lat' dir='ltr'>libros</span> <span class='ocrx_word' id='word_1_252' title='bbox 741 4047 834 4104; x_wconf 80' lang='lat' dir='ltr'>Arist.</span> <span class='ocrx_word' id='word_1_253' title='bbox 850 4048 885 4103; x_wconf 82' lang='lat' dir='ltr'>de</span> <span class='ocrx_word' id='word_1_254' title='bbox 894 4047 1023 4121; x_wconf 81' lang='lat' dir='ltr'>Physica</span> <span class='ocrx_word' id='word_1_255' title='bbox 1034 4046 1259 4104; x_wconf 78' lang='lat' dir='ltr'>auscultatione.</span> 
     </span>
     <span class='ocr_line' id='line_1_35' title="bbox 125 4133 1262 4212; baseline -0.004 -18"><span class='ocrx_word' id='word_1_256' title='bbox 125 4133 252 4194; x_wconf 81' lang='lat' dir='ltr'>Praesat.</span> <span class='ocrx_word' id='word_1_257' title='bbox 268 4135 312 4192; x_wconf 85' lang='lat' dir='ltr'>De</span> <span class='ocrx_word' id='word_1_258' title='bbox 326 4135 444 4192; x_wconf 80' lang='lat' dir='ltr'>Phr&#39;los.</span> <span class='ocrx_word' id='word_1_259' title='bbox 460 4135 585 4212; x_wconf 61' lang='lat' dir='ltr'>Nomine</span> <span class='ocrx_word' id='word_1_260' title='bbox 600 4155 636 4193; x_wconf 82' lang='lat' dir='ltr'>ac</span> <span class='ocrx_word' id='word_1_261' title='bbox 649 4136 844 4208; x_wconf 60' lang='lat' dir='ltr'>&amp;finitivum</span> <span class='ocrx_word' id='word_1_262' title='bbox 855 4149 883 4194; x_wconf 87' lang='lat' dir='ltr'>et</span> <span class='ocrx_word' id='word_1_263' title='bbox 896 4135 1164 4205; x_wconf 82' lang='lat' dir='ltr'>Conimbricenses,</span> <span class='ocrx_word' id='word_1_264' title='bbox 1177 4135 1262 4193; x_wconf 85' lang='lat' dir='ltr'>Com-</span> 
     </span>
     <span class='ocr_line' id='line_1_36' title="bbox 124 4224 1262 4301; baseline 0.002 -19"><span class='ocrx_word' id='word_1_265' title='bbox 124 4227 303 4282; x_wconf 78' lang='lat' dir='ltr'>mentarior.</span> <span class='ocrx_word' id='word_1_266' title='bbox 319 4224 452 4301; x_wconf 70' lang='lat' dir='ltr'>Collegii</span> <span class='ocrx_word' id='word_1_267' title='bbox 462 4225 635 4282; x_wconf 77' lang='lat' dir='ltr'>Conimbric.</span> <span class='ocrx_word' id='word_1_268' title='bbox 648 4247 662 4282; x_wconf 86' lang='lat' dir='ltr'>e</span> <span class='ocrx_word' id='word_1_269' title='bbox 674 4224 740 4284; x_wconf 87' lang='lat' dir='ltr'>Soc.</span> <span class='ocrx_word' id='word_1_270' title='bbox 749 4226 822 4297; x_wconf 79' lang='lat' dir='ltr'>Jesu</span> <span class='ocrx_word' id='word_1_271' title='bbox 835 4235 924 4299; x_wconf 84' lang='lat' dir='ltr'>super</span> <span class='ocrx_word' id='word_1_272' title='bbox 937 4234 1000 4283; x_wconf 81' lang='lat' dir='ltr'>octo</span> <span class='ocrx_word' id='word_1_273' title='bbox 1013 4226 1103 4284; x_wconf 80' lang='lat' dir='ltr'>libros</span> <span class='ocrx_word' id='word_1_274' title='bbox 1119 4227 1262 4300; x_wconf 77' lang='lat' dir='ltr'>Physico·</span> 
     </span>
     <span class='ocr_line' id='line_1_37' title="bbox 124 4314 1264 4388; baseline 0.003 -16"><span class='ocrx_word' id='word_1_275' title='bbox 124 4333 198 4372; x_wconf 78' lang='lat' dir='ltr'>rum</span> <span class='ocrx_word' id='word_1_276' title='bbox 212 4315 387 4371; x_wconf 77' lang='lat' dir='ltr'>Aristotelis</span> <span class='ocrx_word' id='word_1_277' title='bbox 398 4315 558 4388; x_wconf 70' lang='lat' dir='ltr'>Stagirilae.</span> <span class='ocrx_word' id='word_1_278' title='bbox 572 4314 697 4374; x_wconf 86' lang='lat' dir='ltr'>Prooem.</span> <span class='ocrx_word' id='word_1_279' title='bbox 713 4315 757 4372; x_wconf 85' lang='lat' dir='ltr'>De</span> <span class='ocrx_word' id='word_1_280' title='bbox 771 4315 897 4372; x_wconf 81' lang='lat' dir='ltr'>Nomine</span> <span class='ocrx_word' id='word_1_281' title='bbox 910 4314 1139 4388; x_wconf 73' lang='lat' dir='ltr'>Definihbneque</span> <span class='ocrx_word' id='word_1_282' title='bbox 1152 4317 1264 4376; x_wconf 80' lang='lat' dir='ltr'>Philo-</span> 
     </span>
     <span class='ocr_line' id='line_1_38' title="bbox 123 4403 934 4479; baseline 0 -18"><span class='ocrx_word' id='word_1_283' title='bbox 123 4403 246 4479; x_wconf 80' lang='lat' dir='ltr'>sophr&#39;oe</span> <span class='ocrx_word' id='word_1_284' title='bbox 260 4423 375 4477; x_wconf 81' lang='lat' dir='ltr'>paragr.</span> <span class='ocrx_word' id='word_1_285' title='bbox 391 4403 458 4460; x_wconf 81' lang='lat' dir='ltr'>Alii</span> <span class='ocrx_word' id='word_1_286' title='bbox 471 4404 694 4478; x_wconf 71' lang='lat' dir='ltr'>Philosophiam</span> <span class='ocrx_word' id='word_1_287' title='bbox 709 4424 771 4462; x_wconf 78' lang='lat' dir='ltr'>esse</span> <span class='ocrx_word' id='word_1_288' title='bbox 786 4405 934 4462; x_wconf 76' lang='lat' dir='ltr'>dixerunt.</span> 
     </span>
    </p>

    <p class='ocr_par' dir='ltr' id='par_1_12' title="bbox 164 4491 493 4565">
     <span class='ocr_line' id='line_1_39' title="bbox 164 4491 493 4565; baseline 0 -15"><span class='ocrx_word' id='word_1_289' title='bbox 164 4499 210 4565; x_wconf 84' lang='lat'>(7)</span> <span class='ocrx_word' id='word_1_290' title='bbox 250 4491 319 4550; x_wconf 86' lang='lat' dir='ltr'>Loc.</span> <span class='ocrx_word' id='word_1_291' title='bbox 336 4513 429 4564; x_wconf 88' lang='lat' dir='ltr'>nuper</span> <span class='ocrx_word' id='word_1_292' title='bbox 444 4491 493 4550; x_wconf 88' lang='lat' dir='ltr'>cit.</span> 
     </span>
    </p>
   </div>
   <div class='ocr_carea' id='block_1_6' title="bbox 165 4581 1357 4659">
    <p class='ocr_par' dir='ltr' id='par_1_13' title="bbox 165 4581 1357 4659">
     <span class='ocr_line' id='line_1_40' title="bbox 165 4581 1357 4659; baseline 0.004 -19"><span class='ocrx_word' id='word_1_293' title='bbox 165 4583 210 4648; x_wconf 88' lang='lat'>(8)</span> <span class='ocrx_word' id='word_1_294' title='bbox 249 4583 422 4641; x_wconf 78' lang='lat' dir='ltr'>Aristotelis</span> <span class='ocrx_word' id='word_1_295' title='bbox 451 4581 551 4657; x_wconf 83' lang='lat' dir='ltr'>Opera</span> <span class='ocrx_word' id='word_1_296' title='bbox 577 4583 671 4641; x_wconf 80' lang='lat' dir='ltr'>omnia</span> <span class='ocrx_word' id='word_1_297' title='bbox 697 4603 758 4656; x_wconf 72' lang='lat' dir='ltr'>qum</span> <span class='ocrx_word' id='word_1_298' title='bbox 781 4593 899 4653; x_wconf 79' lang='lat' dir='ltr'>extant,</span> <span class='ocrx_word' id='word_1_299' title='bbox 922 4583 1007 4641; x_wconf 80' lang='lat' dir='ltr'>brevi</span> <span class='ocrx_word' id='word_1_300' title='bbox 1029 4587 1215 4659; x_wconf 72' lang='lat' dir='ltr'>paraphrasi</span> <span class='ocrx_word' id='word_1_301' title='bbox 1236 4597 1264 4644; x_wconf 80' lang='lat' dir='ltr'>et</span> <span class='ocrx_word' id='word_1_302' title='bbox 1351 4605 1357 4626; x_wconf 84' lang='grc'><em>·</em></span> 
     </span>
    </p>
   </div>
   <div class='ocr_carea' id='block_1_7' title="bbox 124 4671 1261 4835">
    <p class='ocr_par' dir='ltr' id='par_1_14' title="bbox 124 4671 1261 4835">
     <span class='ocr_line' id='line_1_41' title="bbox 124 4671 1261 4747; baseline 0.002 -16"><span class='ocrx_word' id='word_1_303' title='bbox 124 4675 244 4731; x_wconf 69' lang='lat' dir='ltr'>linere</span> <span class='ocrx_word' id='word_1_304' title='bbox 255 4673 413 4731; x_wconf 74' lang='lat' dir='ltr'>inhaerente</span> <span class='ocrx_word' id='word_1_305' title='bbox 421 4675 605 4747; x_wconf 79' lang='lat' dir='ltr'>expositione</span> <span class='ocrx_word' id='word_1_306' title='bbox 616 4673 769 4731; x_wconf 79' lang='lat' dir='ltr'>illustrata</span> <span class='ocrx_word' id='word_1_307' title='bbox 784 4695 800 4732; x_wconf 82' lang='lat' dir='ltr'>a</span> <span class='ocrx_word' id='word_1_308' title='bbox 816 4673 967 4746; x_wconf 61' lang='lat' dir='ltr'>Sylvaetro</span> <span class='ocrx_word' id='word_1_309' title='bbox 980 4673 1083 4732; x_wconf 83' lang='lat' dir='ltr'>Mauro</span> <span class='ocrx_word' id='word_1_310' title='bbox 1095 4671 1127 4733; x_wconf 89' lang='lat' dir='ltr'>S.</span> <span class='ocrx_word' id='word_1_311' title='bbox 1140 4674 1167 4744; x_wconf 91' lang='lat' dir='ltr'>J.</span> <span class='ocrx_word' id='word_1_312' title='bbox 1179 4675 1236 4733; x_wconf 80' lang='lat' dir='ltr'>vol.</span> <span class='ocrx_word' id='word_1_313' title='bbox 1250 4697 1261 4733; x_wconf 87' lang='lat'>1</span> 
     </span>
     <span class='ocr_line' id='line_1_42' title="bbox 127 4763 910 4835; baseline 0 -14"><span class='ocrx_word' id='word_1_314' title='bbox 127 4765 255 4822; x_wconf 85' lang='lat' dir='ltr'>Proem.</span> <span class='ocrx_word' id='word_1_315' title='bbox 272 4773 316 4821; x_wconf 88' lang='lat' dir='ltr'>tot</span> <span class='ocrx_word' id='word_1_316' title='bbox 329 4781 408 4834; x_wconf 82' lang='lat' dir='ltr'>oper.</span> <span class='ocrx_word' id='word_1_317' title='bbox 428 4782 457 4821; x_wconf 90' lang='lat' dir='ltr'>n.</span> <span class='ocrx_word' id='word_1_318' title='bbox 475 4784 501 4835; x_wconf 80' lang='lat'>3.</span> <span class='ocrx_word' id='word_1_319' title='bbox 906 4763 910 4770; x_wconf 83' lang='lat'>&#39;</span> 
     </span>
    </p>
   </div>
   <div class='ocr_carea' id='block_1_8' title="bbox 0 0 1750 5525">
    <p class='ocr_par' dir='ltr' id='par_1_15' title="bbox 0 0 1750 5525">
     <span class='ocr_line' id='line_1_43' title="bbox 0 0 1750 5525; baseline 0 0"><span class='ocrx_word' id='word_1_320' title='bbox 0 0 1750 5525; x_wconf 95' lang='lat' dir='ltr'> </span> 
     </span>
    </p>
   </div>
  </div>
 </body>
</html>
