3492 5525
385 416 463 483 Cre.
488 434 560 483 zum
582 416 747 484 Renutras
768 416 1027 483 Unrvensntrun
1168 414 1226 498 653

145 603 246 669 estin
265 602 398 685 homine
417 602 549 687 requirit
567 602 829 675 rationalitatem,
851 602 942 685 quod
953 609 1047 666 'vero'
1058 608 1110 665 est
1124 599 1158 665 in
1174 600 1268 663 leone

146 710 198 775 vel
218 727 321 793 equo,
342 710 428 775 illam
449 709 661 778 essentialiter
679 708 835 777 excludit.

213 816 258 883 Ex
276 836 343 900 quo
357 818 426 903 jam
452 818 558 883 multo
577 816 780 883 manifestius
802 824 890 900 patet
913 815 1095 881 doctrinam
1115 796 1264 881 nostram

146 926 187 991 de
201 924 327 990 formali
347 924 471 991 unitate
486 933 610 990 naturae
623 943 688 991 non
704 926 804 990 modo
819 941 886 990 non
903 939 1066 1007 pugnare,
1084 923 1143 988 sed
1157 922 1267 1006 potius

147 1031 292 1117 apprime
310 1032 494 1098 consentire
507 1052 584 1099 cum
603 1031 748 1097 doctrina
771 1030 920 1097 Doctoris
945 1028 1108 1115 ungerer,
1125 1029 1181 1113 qui
1202 1048 1267 1094 non

147 1141 251 1205 semel
264 1138 390 1224 scripsit
409 1148 579 1217 naturam,
594 1158 670 1224 quae
685 1124 801 1225 subest
820 1137 1069 1213 universalitati,
1091 1143 1152 1203 nec'
1169 1156 1268 1203 unam

148 1266 221 1313 esse
247 1237 418 1313 dicendam
446 1266 505 1313 nec
532 1248 658 1332 plures,
689 1246 844 1313 nimirum
876 1246 999 1313 unitate
1022 1264 1059 1309 ac
1087 1246 1270 1329 pluralitate

150 1353 324 1431 numerali,
342 1354 418 1444 quia
431 1365 570 1438 utraque
589 1364 639 1421 est
657 1362 748 1420 extra
767 1363 965 1438 conceptum
979 1353 1065 1419 illius
1081 1362 1222 1429 naturae,
1237 1361 1269 1418 et

150 1470 286 1546 utraque
303 1462 442 1532 occidere
460 1461 488 1528 ei
509 1472 633 1547 potest,
658 1482 733 1529 cunr
755 1481 819 1529 una
839 1463 881 1529 sit
899 1460 932 1527 in
951 1461 1090 1547 singulis
1109 1472 1142 1527 et
1161 1462 1271 1545 plures
1290 1445 1292 1448 ’

149 1571 182 1635 in
198 1570 346 1654 pluribus
359 1570 535 1636 individuis
554 1570 569 1655 (
594 1568 619 1657 ).

200 1693 273 1760 150.
319 1675 389 1757 Jarn
409 1676 557 1761 aptitudo
576 1676 704 1743 essendi
724 1676 755 1741 in
776 1677 889 1742 multis
912 1676 1041 1761 propria
1066 1676 1269 1752 universalis,
1369 1712 1388 1741 ι
1420 1712 1441 1743 m

152 1794 287 1851 nonest
312 1784 521 1869 intelligenda
543 1786 610 1849 sola
637 1802 701 1849 non
727 1785 949 1867 repugnantia,
982 1793 1018 1849 ut
1048 1784 1155 1849 adsint
1179 1785 1271 1867 plura
1305 1776 1319 1807 ²
1345 1767 1409 1885 ‘urb
1431 1787 1467 1819 ¹⁰·

151 1891 315 1957 individua
343 1890 475 1967 similia,
507 1910 581 1975 quae
604 1909 671 1957 uno
702 1901 861 1975 conceptu
886 1891 1013 1975 possint
1034 1890 1269 1975 repraesentari,
1321 1909 1385 1954 unte.
1433 1916 1450 1961 ·.

153 2018 239 2089 ηειπιΙ
254 1998 443 2084 hujusmodi
468 1999 652 2083 negativam
676 1979 891 2082 aptitudinem
912 1998 1033 2063 habent
1051 2017 1183 2082 quoque
1202 1999 1273 2082 ipsa
1294 1976 1303 1993 ⁸
1372 2075 1376 2083 g

153 2105 336 2181 individua,
357 2106 472 2171 saltem
492 2105 686 2181 materialia,
708 2124 783 2170 cum
797 2112 909 2171 tamen
929 2104 1092 2171 individua
1108 2111 1272 2189 nequeant

154 2213 271 2278 habere
291 2211 509 2295 aptitudinem
529 2213 615 2279 illam
630 2212 760 2279 essendi
780 2212 812 2277 in
829 2213 941 2279 multis
961 2214 1122 2297 propriam
1144 2214 1274 2278 univer·

153 2320 283 2386 salium.
304 2321 348 2385 lta
362 2322 457 2386 Petro
475 2328 548 2386 actu
562 2318 713 2389 existenti
730 2338 794 2385 non
810 2330 974 2405 repugnat
987 2321 1101 2386 adesse
1116 2321 1148 2385 in
1165 2338 1271 2385 rerum

155 2438 285 2504 natura,
302 2428 388 2493 aliud
402 2424 606 2493 individuum
620 2426 739 2501 simile,
757 2427 892 2492 Paulum
909 2426 1057 2493 videlicet
1071 2429 1121 2492 vel
1135 2427 1274 2493 Francis·
1289 2416 1297 2431 ’

153 2554 243 2603 cum.
259 2526 450 2621 intelligitur
464 2553 543 2619 ergo
563 2533 613 2598 illa
634 2534 782 2617 aptitudo
797 2535 957 2618 capacitas
970 2535 1099 2601 essendi
1114 2535 1145 2599 in
1162 2534 1274 2600 multis

154 2662 212 2726 per
226 2640 443 2716 identitatem,
464 2641 508 2707 ita
527 2650 563 2706 ut
583 2652 696 2707 natura
715 2642 783 2717 illa,
800 2660 873 2724 quae
890 2642 1082 2708 universalis
1096 2651 1166 2718 est,
1184 2662 1276 2727 repe-

155 2750 254 2817 riatur
272 2750 304 2816 in
325 2749 479 2818 omnibus
494 2750 573 2826 illis,
590 2769 627 2814 ac
642 2748 777 2832 proinde
794 2750 834 2814 de
849 2749 1004 2816 omnibus
1024 2750 1185 2834 praedicari
1201 2767 1277 2834 pos-

155 2859 214 2935 sit,
243 2859 412 2941 quomodo
440 2877 473 2928 v.
503 2877 537 2942 g.
568 2858 753 2922 humanitas
785 2866 836 2922 est
863 2858 895 2922 in
924 2857 1000 2941 ipso.
1023 2858 1132 2935 Petr0,
1163 2860 1275 2933 Paulo,

155 2967 285 3032 Andrea
303 2975 380 3040 etc„
402 2984 438 3030 ac
457 2966 497 3031 de
512 2965 572 3030 illis
591 2965 799 3047 praedicatur3
819 2984 895 3029 narn
911 2983 1029 3030 omnes
1044 2965 1088 3031 illi
1108 2985 1144 3031 ac
1159 2965 1277 3051 singuli

156 3082 234 3138 sunt
247 3091 357 3138 revera
375 3071 527 3138 homines
545 3069 609 3159 (2).
631 3070 696 3137 Sed
712 3073 781 3137 naec
796 3071 901 3156 magis
918 3073 1051 3139 interius
1069 3073 1279 3156 explicabun-

154 3190 224 3246 tur:
247 3199 334 3246 nunc
354 3179 533 3246 videndum
557 3187 608 3244 est
626 3198 667 3244 an
688 3187 720 3244 et
744 3180 915 3262 quomodo
938 3180 1057 3248 existat
1080 3180 1276 3246 universale.

577 3477 777 3566 CAPUT
808 3477 864 3564 ll.

423 3699 538 3787 DE
570 3696 1032 3788 REAMTATE

279 3845 440 3920 nTQuE
467 3845 751 3912 EXISTENTIA
782 3844 1161 3912 uttrvensntrun.

226 4056 446 4142 Aggredimur
469 4055 537 4141 jam
567 4053 821 4121 controversiam
841 4073 964 4141 magno
986 4055 1174 4122 animorum
1200 4066 1283 4123 aestu

160 4164 316 4251 agitatam
346 4163 378 4228 in
406 4171 503 4228 aetate
534 4160 659 4238 media,
689 4170 721 4226 et
748 4179 930 4244 numquam
956 4174 1021 4229 non
1054 4163 1227 4250 diligenter
1250 4165 1283 4230 in

160 4271 433 4338 Scholasticorum
449 4269 530 4335 aulis
545 4268 698 4351 librisque
714 4269 908 4336 discussam.
922 4269 1116 4337 Existuntne
1128 4271 1161 4336 in
1176 4290 1284 4338 rerum

162 4390 276 4446 natura
304 4377 445 4444 rationes
472 4377 689 4454 universales,
711 4378 824 4460 quales
852 4379 1013 4444 hactenus
1040 4379 1283 4465 descripsimus,

166 4551 431 4568 .-—---

195 4629 236 4701 (ι)
275 4626 308 4686 S.
324 4627 392 4698 Th.¹
407 4627 452 4685 De
466 4626 540 4684 Ente
554 4635 582 4684 et
594 4626 735 4696 essentie,
751 4646 814 4698 cap.
829 4644 857 4698 4.

195 4723 236 4787 (a)
272 4715 349 4775 Vide
362 4716 399 4776 de
412 4713 460 4776 his
473 4713 537 4776 fuse
553 4713 677 4788 Suara,
692 4715 769 4788 disp.
784 4717 802 4774 6
823 4715 947 4791 Metap„
961 4727 1032 4776 sect.
1044 4734 1073 4792 4.
