3492 5525
555 457 613 526 7²²
670 411 796 508 Looica
810 437 1041 519 Maron-Lm.
1059 455 1131 520 ιν,
1146 437 1238 508 Dran.
1258 453 1302 510 1.·
1317 445 1398 509 Can.
1415 455 1487 525 art·

515 627 621 694 inesse
639 627 803 712 pluribus,
824 626 850 694 si
870 634 969 714 prout
984 623 1057 693 tatis
1083 625 1306 694 consideratur
1334 627 1537 712 respiciendo
1566 625 1636 699 iiia,

515 733 698 802 intellectus
714 735 840 802 invenit
858 735 894 800 in
911 755 950 800 ea
966 735 1019 805 uei
1038 734 1202 820 excogitat
1221 733 1325 803 varias
1344 735 1531 802 relationes.
1550 733 1647 800 Sicut

514 841 610 908 realis
626 843 756 918 relatio,
776 841 883 928 inquit
910 841 947 908 S.
977 841 1139 918 Thomas,
1168 841 1314 909 consistit
1332 843 1369 907 in
1392 841 1505 907 ordine
1527 841 1578 906 rei
1599 842 1646 904 att

514 968 595 1024 rem,
632 949 678 1015 ito
709 951 820 1016 relatio
852 950 989 1016 rationis
1023 950 1169 1016 consistit
1200 951 1236 1015 in
1259 948 1382 1017 ‘ordine
1417 949 1642 1016 intellectuum,

516 1049 610 1141 Quod
637 1057 761 1142 quidem
790 1059 959 1141 dupliciter
977 1059 1079 1140 potest
1103 1057 1303 1142 contingere:
1330 1075 1394 1137 uno
1418 1059 1509 1122 nodo
1529 1075 1646 1122 suun-

513 1166 590 1231 dum
607 1167 691 1250 quorl
707 1165 765 1231 iste
782 1169 859 1232 ordo
877 1169 925 1232 est
939 1167 1127 1238 adinventas
1139 1173 1198 1247 per
1215 1165 1406 1232 intellectum
1422 1167 1455 1232 et
1469 1165 1645 1230 attitutus

513 1272 559 1347 ei,
579 1273 664 1356 quod
688 1271 819 1338 relative
844 1273 973 1338 dieitan.
999 1273 1041 1339 Et
1060 1271 1240 1359 hujusmodi
1261 1275 1339 1338 sunt
1363 1272 1546 1346 renunes,
1574 1291 1647 1356 qua

513 1377 732 1444 attribuuntur
747 1379 788 1446 ot
805 1379 960 1445 intellectu
978 1379 1071 1446 rebus
1089 1380 1254 1446 intellectis
1267 1384 1452 1461 prouisunt
1462 1379 1642 1452 intellectu,

513 1485 596 1551 sicut
609 1487 719 1553 relatio
734 1486 860 1571 generis
877 1491 908 1552 et
922 1486 1046 1568 speciei.
1067 1487 1136 1552 Hos
1154 1487 1238 1552 enim
1255 1487 1421 1553 relationes
1441 1485 1525 1552 ratio
1547 1488 1646 1550 adin-

512 1592 601 1658 venit
615 1594 839 1660 cousiderando
855 1594 997 1659 ordinem
1013 1593 1098 1680 ejus,
1113 1596 1199 1678 qnod
1214 1593 1311 1659 estin
1325 1593 1496 1669 intellectu,
1515 1595 1562 1658 ad
1579 1613 1643 1667 res,

512 1719 583 1786 qua
599 1705 676 1766 sunt
690 1705 793 1788 extro,
809 1702 968 1767 ueletiam
983 1701 1125 1766 ordinem
1143 1701 1356 1766 intellectuum
1372 1703 1417 1765 art
1429 1699 1591 1787 invicem(
1618 1700 1643 1787 ).

579 1807 706 1894 Nempe
724 1809 798 1894 quia
816 1809 991 1874 intellectus
1008 1807 1139 1894 rateriit
1153 1815 1250 1892 supra
1266 1807 1417 1890 seipsum,
1433 1811 1467 1874 ei
1478 1815 1579 1890 staper
1593 1828 1643 1884 ea,

512 1932 582 1999 quo
603 1914 639 1980 in
663 1933 700 1981 eo
721 1920 811 1992 sunl,
830 1916 898 1982 sive
921 1915 1086 2001 ncn'ective
1105 1915 1172 1981 sive
1192 1916 1339 2002 om'ective
1363 1914 1499 2003 (nempe
1523 1927 1562 1982 ut
1589 1935 1646 1980 co

431 2051 434 2056 ¹
513 2007 644 2108 gnita),
675 2024 855 2090 cvnsiderat
871 2024 985 2089 iterum
1013 2023 1166 2089 hominem
1190 2023 1237 2088 sic
1267 2043 1288 2088 a
1312 2041 1345 2089 se
1371 2023 1560 2088 intellectum
1578 2023 1647 2087 sine

511 2131 740 2196 conditionibus
767 2131 925 2212 maurim
949 2135 981 2198 ei
1005 2129 1108 2205 videt,
1137 2131 1221 2214 quod
1247 2130 1321 2196 tatis
1346 2133 1462 2195 natura
1484 2149 1557 2194 curn
1586 2130 1647 2196 tali

467 2261 469 2268 ’
512 2239 747 2305 universalitate
759 2241 861 2321 potest
875 2239 1010 2305 attribui
1026 2237 1097 2304 huic
1115 2236 1166 2303 vet
1182 2237 1234 2303 illi
1256 2237 1435 2319 individua
1452 2241 1484 2302 et
1502 2237 1549 2304 sic
1569 2239 1645 2323 sor·

511 2351 578 2412 mai
592 2347 759 2412 secundam
772 2347 976 2412 intentionem
992 2347 1032 2412 de
1049 2345 1109 2413 tali
1125 2349 1259 2428 natura;
1274 2351 1307 2412 et
1317 2347 1397 2412 tanc
1411 2345 1643 2412 vocotuniver-

511 2455 577 2519 sole
593 2453 658 2519 sive
671 2453 872 2538 predicabile
890 2451 953 2541 (2).

389 2708 437 2738 rm
562 2683 634 2753 177.
682 2666 854 2735 Sertouott.
890 2667 935 2732 Ex
972 2670 1130 2733 hactenus
1162 2665 1337 2752 disputatis
1355 2668 1473 2733 resolvi
1498 2668 1642 2752 quaestio

302 2850 321 2882 ‚¹
337 2768 413 2883 ²2¹3„
424 2780 487 2882 50:¹¹·
512 2775 565 2843 iiia
583 2785 708 2861 potest,
729 2786 839 2843 utrum
855 2776 1038 2842 universale
1056 2775 1099 2841 sit
1112 2794 1173 2841 ens
1187 2775 1336 2851 rationis,
1352 2792 1393 2841 an
1412 2794 1473 2842 ens
1491 2778 1591 2843 reale.

579 2884 612 2950 in
632 2884 762 2969 primis,
783 2886 810 2950 si
828 2902 937 2950 sermo
955 2884 997 2950 sit
1019 2884 1060 2949 de
1084 2895 1201 2950 natura
1220 2884 1289 2967 ipsa
1309 2882 1541 2951 universalitati
1562 2886 1642 2952 sui>

511 3002 627 3069 strata,
648 2992 700 3057 iiia
720 3000 771 3059 est
789 3011 849 3058 ens
867 2992 969 3069 reale,
986 2993 1103 3056 saitem
1122 2992 1337 3076 pierumque,
1358 2998 1396 3057 ut
1415 3000 1507 3075 patet
1524 3010 1570 3059 ex
1588 2994 1637 3067 iis,

510 3118 584 3184 quae
609 3112 722 3168 contra
741 3100 923 3165 nominales
946 3101 1168 3178 demonstrata
1190 3098 1341 3184 superius
1371 3109 1450 3165 sunt
1480 3097 1544 3187 (3).
1567 3100 1637 3166 Dixi

509 3208 626 3273 saitem
646 3209 857 3294 plerumque,
875 3207 952 3291 quia
976 3215 1082 3293 potest
1106 3207 1292 3274 intellectus
1309 3208 1409 3273 etiam
1428 3228 1446 3272 a
1474 3209 1637 3275 cirimaeris
1727 3215 1729 3232 '

508 3322 541 3380 et
560 3313 691 3383 entibus
711 3332 790 3401 pure
816 3314 937 3383 fictitiis
957 3314 1099 3381 rationes
1118 3332 1316 3381 communes
1343 3316 1548 3399 abstrahere;
1571 3334 1637 3400 quo

509 3434 604 3509 pacto
622 3422 765 3491 scientiae
784 3422 952 3509 disputant
971 3424 1013 3489 de
1028 3431 1104 3489 ente
1123 3422 1273 3501 rationis,
1295 3425 1433 3508 ejusque
1447 3423 1634 3508 speciebus.

508 3527 649 3597 Etcum
678 3529 758 3597 ratio
789 3531 1032 3600 universalitati·
1051 3532 1198 3616 subjecta
1228 3530 1416 3616 hujusmodi
1442 3542 1511 3607 est,
1542 3532 1635 3613 piane

508 3638 612 3725 liquet
630 3640 719 3705 iilam
740 3658 806 3706 non
824 3658 897 3706 esse
915 3658 975 3705 ens
995 3640 1091 3707 reale.

575 3736 591 3811 a
599 3746 631 3813 Si
656 3756 767 3815 autem
794 3748 835 3815 sit
854 3766 965 3814 sermo
983 3746 1024 3813 de
1044 3746 1285 3813 universalitate
1303 3746 1373 3831 ipsa
1391 3732 1512 3813 seu'de
1531 3745 1636 3815 inten

506 3854 595 3922 tione
615 3854 880 3931 universalitatis,
906 3854 953 3947 sie
974 3852 1195 3920 communiter
1212 3850 1274 3921 dici
1293 3854 1377 3920 solet
1394 3872 1461 3921 non
1480 3870 1555 3921 esse
1577 3872 1634 3921 ens

413 3953 420 3969 '
507 3963 589 4029 reate
603 3964 661 4030 sed
680 3964 829 4039 rationis,
845 3962 937 4047 quod
951 3962 983 4028 in
1000 3962 1062 4028 hoc
1076 3980 1176 4029 sensu
1190 3980 1304 4029 verum
1324 3972 1391 4037 est,
1407 3960 1532 4032 scilicet
1543 3961 1634 4046 quod

507 4087 573 4137 non
592 4080 642 4137 est
664 4072 843 4157 proprietas
866 4068 973 4155 aliqua
997 4086 1106 4154 neque
1123 4067 1245 4154 aliquid
1263 4068 1436 4136 intrinsece
1454 4077 1488 4134 et
1506 4072 1635 4136 realiter

506 4176 667 4245 inhaerens
682 4186 822 4255 naturae,
843 4196 918 4263 quae
928 4178 1159 4245 denominatur
1169 4176 1378 4253 universalis,
1390 4178 1484 4261 juxta
1495 4170 1547 4253 e'a,
1559 4195 1634 4262 quae

505 4283 661 4379 diximus.
680 4287 805 4354 Tamen
824 4287 856 4354 in
876 4285 939 4353 aiio
957 4302 1057 4354 sensu
1072 4286 1207 4353 nonulla
1218 4284 1425 4352 distinctione
1442 4294 1476 4350 et
1490 4285 1634 4353 deciara-

539 4558 581 4621 (i)
619 4553 652 4614 S.
667 4554 737 4627 Tic,
753 4554 797 4613 De
810 4554 939 4625 Poterit,
953 4572 986 4627 q.
999 4575 1027 4628 7,
1042 4568 1098 4613 art.
1117 4572 1158 4613 rr.
1173 4550 1236 4611 cte.
1253 4550 1325 4611 ibid.
1340 4551 1447 4612 ιω·

496 4642 499 4649 ’
539 4648 579 4710 (a)
615 4644 1350 4720 summ.rortmtoptc.arter.,tnet.1.eap.r.

537 4736 579 4809 (a)
615 4734 692 4795 Vide
705 4755 768 4811 eap.
781 4756 813 4809 a,
828 4748 884 4796 art.
898 4754 926 4806 ι,
941 4746 971 4795 et
981 4746 1037 4795 art.
1048 4752 1080 4801 a,
1095 4732 1185 4806 hujus
1197 4729 1301 4805 capitia
1316 4752 1347 4805 3.
1363 4750 1394 4793 n.
1412 4732 1473 4805 169.
