3492 5525
543 462 600 527 812
657 462 781 529 Locren
796 463 1026 536 Maron-Lis.
1045 476 1114 538 αι’,
1132 462 1226 528 Drse.
1245 478 1288 547 3.·
1302 464 1380 528 Can.
1400 480 1469 528 απ

505 643 549 713 At
566 666 669 715 unum
688 666 885 735 cognoscere
898 666 938 714 ex
954 646 1017 714 alio
1031 660 1099 714 non
1117 649 1226 715 solum
1245 649 1401 734 importat
1425 649 1510 717 duos
1532 658 1629 715 actus

495 756 674 823 distinctos
691 774 728 823 ac
745 755 946 823 successivos
964 754 1177 841 cognitionis,
1192 757 1257 822 sed
1274 756 1407 841 insuper
1435 757 1628 841 dependen-
1731 755 1733 761 “

502 863 580 930 tiam
600 862 730 931 alterius
747 864 789 929 ab
802 865 902 930 altera
916 860 981 951 (r).
1001 862 1048 927 De
1073 873 1139 947 qua
1157 882 1190 929 re
1209 863 1295 930 varia
1315 873 1489 931 occurrunt
1506 865 1625 931 dubia.
1731 881 1732 954 (

875 1127 1175 1204 ARTICULUS
1206 1126 1236 1201 I.

601 1296 654 1362 In
678 1314 770 1378 quo
789 1296 1007 1362 oonsistst
1026 1296 1224 1361 essentia
1244 1294 1509 1377 syllogismi.

545 1526 582 1574 21
590 1526 624 1594 3.
671 1509 834 1588 Quoniam
855 1510 888 1575 in
907 1508 997 1575 omni
1011 1508 1159 1576 discursu
1175 1509 1267 1575 adest
1285 1508 1478 1575 antecedens
1496 1517 1531 1575 et
1543 1528 1634 1601 con7

500 1635 660 1700 sequens,
682 1618 732 1683 vel
751 1618 777 1683 si
803 1616 925 1693 mavis,
955 1616 1064 1682 omnis
1092 1616 1319 1702 syllogismus,
1349 1636 1424 1699 quae
1442 1617 1547 1682 forma
1569 1630 1622 1685 est

500 1724 665 1791 discursus
681 1726 948 1809 prestantissima
960 1722 1125 1801 omnium,
1138 1724 1319 1809 praemissas
1333 1723 1477 1790 continet
1490 1734 1523 1789 et
1541 1744 1623 1792 con·

499 1831 697 1915 elusionem3
714 1832 913 1916 disceptatur
924 1831 1007 1897 inter
1024 1829 1172 1916 logicos,
1190 1848 1270 1897 num
1284 1832 1424 1899 essentia
1435 1831 1620 1918 syllogismi

499 1940 569 2006 sola
586 1936 795 2007 conclusione
813 1939 997 2027 syllogismi
1012 1939 1215 2015 absolvatur,
1235 1958 1277 2004 an
1297 1957 1375 2005 vero
1396 1942 1555 2007 coalescat
1576 1960 1621 2006 ex

499 2048 676 2132 praemissis
694 2058 726 2115 et
744 2048 966 2114 conclusione.
988 2046 1062 2120 Qua
1080 2044 1112 2111 in
1137 2064 1170 2111 re
1190 2046 1345 2113 Albertus
1363 2048 1424 2122 M,
1440 2046 1567 2132 Niphus
1586 2057 1620 2113 et

498 2154 548 2218 alii
568 2155 656 2241 apud
673 2153 955 2221 Conimbricenses
972 2150 1036 2242 (2),
1057 2162 1178 2238 negant
1205 2153 1446 2220 conclusionem
1475 2173 1547 2221 esse
1575 2157 1621 2221 de

434 2320 436 2325 ,
497 2263 636 2329 essentia
654 2263 852 2348 syllogismi,
873 2262 930 2327 sed
951 2263 1066 2327 volunt
1085 2279 1157 2327 esse
1175 2260 1260 2327 illius
1274 2261 1447 2330 dumtaxat
1460 2264 1616 2329 effectum

497 2377 529 2434 et
545 2368 656 2435 finem.
679 2370 878 2453 Philoponus
893 2385 971 2435 vero
990 2365 1054 2456 (3),
1071 2368 1202 2434 Rhodes
1217 2365 1269 2455 (4)
1286 2368 1404 2452 aliique
1423 2390 1442 2434 e
1459 2389 1621 2437 converso

497 2477 616 2542 docent
635 2475 818 2561 praemissas
837 2476 973 2542 minime
991 2486 1135 2559 spectare
1154 2476 1195 2540 ad
1218 2475 1400 2563 syllogismi
1427 2479 1619 2554 essentiam,

497 2584 555 2650 sed
573 2586 748 2651 essentiam
768 2584 863 2650 sitam
883 2583 1058 2650 formaliter
1081 2601 1154 2649 esse
1173 2583 1205 2648 in
1224 2585 1292 2649 sola
1322 2584 1464 2650 illatione
1486 2588 1622 2652 conclu·

497 2693 598 2762 sionis
610 2713 650 2760 ex
664 2694 858 2779 praemissiS,
875 2694 948 2760 licet
962 2692 1054 2777 quasi
1069 2692 1274 2766 materialiter
1283 2700 1316 2759 et
1330 2693 1363 2758 in
1375 2693 1510 2778 obliquo
1523 2714 1623 2760 com-

497 2803 674 2889 prehendat
694 2803 876 2887 praemissas
893 2821 1025 2886 quoque
1039 2811 1071 2868 et
1086 2801 1342 2867 conclusionem.
1359 2802 1466 2868 Tertia
1481 2803 1620 2869 demum
1738 2886 1739 2901 χ

497 2919 529 2975 et
548 2909 869 2996 longecommunior
891 2910 1048 2976 sententia
1068 2917 1159 2975 tenet
1183 2908 1358 2975 essentiam
1380 2910 1563 2998 syllogismi
1586 2913 1621 2978 in
1737 2927 1739 2932 ’

497 3019 670 3101 complexu
699 3018 941 3103 praemissarum
970 3016 1253 3101 conclusionisque
1280 3017 1503 3102 reponendam
1532 3037 1620 3086 esse.

498 3124 542 3190 lta
562 3126 751 3192 existimant
770 3125 1053 3192 Conimbricenses
1072 3121 1135 3211 (5),
1162 3124 1337 3190 Alamanni
1356 3121 1419 3212 (6),
1438 3125 1579 3206 joannes
1604 3149 1623 3194 a

497 3231 532 3300 S.
547 3232 672 3300 Thoma
685 3231 753 3320 (7),
766 3233 900 3320 Arriaga
913 3231 981 3320 (8),
998 3230 1124 3298 Oviedo
1138 3229 1205 3319 (9),
1221 3229 1337 3298 Soarez
1351 3232 1512 3300 lusitanus
1526 3230 1616 3323 (ιο),

501 3339 546 3406 De
566 3341 744 3408 Benedictis
763 3338 850 3429 (ιι),
872 3341 1014 3406 Lossada
1031 3338 1116 3429 (12),
1133 3340 1261 3424 aliique.

543 3465 620 3531 214.
668 3455 713 3517 Et
729 3457 808 3517 (ια-ο
826 3453 962 3516 videtur
980 3453 1185 3532 probabilior
1203 3453 1384 3516 sententia.

534 3779 574 3842 (r)
611 3772 688 3832 Vide
704 3771 767 3831 fuse
781 3772 858 3831 dicta
873 3772 910 3829 de
923 3773 978 3830 hec
991 3791 1021 3828 re
1035 3770 1066 3828 in
1084 3768 1206 3828 Dialcet.
1222 3769 1340 3842 Disput.
1357 3793 1383 3844 3,
1399 3793 1461 3845 esp.
1481 3796 1503 3841 ι,
1520 3791 1578 3836 art.
1595 3800 1622 3837 2.

535 3868 576 3930 (a)
613 3863 646 3922 ln
660 3862 726 3922 libr.
744 3873 802 3920 1.'¹¹¹
814 3859 914 3920 Prio'r.
927 3861 1114 3935 analyticos,
1124 3879 1186 3931 cap.
1200 3881 1224 3928 1,
1234 3873 1338 3931 quaest.
1350 3880 1378 3930 a,
1388 3873 1443 3922 ert.
1454 3883 1558 3924 avers.
1569 3867 1622 3926 fin.

535 3957 576 4024 (3)
610 3952 698 4025 Apud
714 3951 942 4010 Conimbricens.
958 3950 1028 4009 ibid.

535 4047 576 4115 (4)
611 4044 725 4100 Philas.
738 4043 848 4116 ῥινί),
864 4041 915 4098 lib.
936 4063 958 4110 ι,
972 4038 1047 4111 disp.
1063 4058 1091 4111 4,
1103 4051 1210 4110 quaest.
1230 4038 1318 4110 unio,
1330 4053 1398 4099 sect.
1414 4061 1439 4100 a.

535 4137 576 4202 (ς)
614 4131 833 4201 Loc.nup.cit.

535 4223 575 4287 (6)
611 4220 720 4279 Summ.
736 4221 861 4286 Portos,
877 4219 955 4277 Part.
975 4241 1002 4288 ι,
1014 4232 1117 4290 quaest.
1133 4238 1178 4288 ao,
1189 4230 1244 4276 art.
1255 4227 1282 4277 a.

536 4311 577 4384 (7)
613 4309 731 4386 (Λεία,
746 4311 962 4368 illustrationes
978 4309 1009 4367 in
1021 4309 1198 4378 Summulos,
1213 4320 1315 4380 quaest.
1330 4309 1359 4380 8,
1374 4325 1429 4370 art.
1444 4334 1469 4385 3.

485 4445 489 4452 .
535 4401 576 4468 (8)
611 4401 729 4478 (Λεία,
744 4399 819 4470 disp.
844 4417 997 4471 15,n.11.

515 4485 517 4492 '
535 4493 576 4562 (9)
612 4490 728 4567 (Λεία,
744 4488 913 4548 Controver.
928 4510 955 4560 9,
971 4508 1033 4559 esp.
1051 4509 1073 4546 ι.

536 4583 594 4644 (ιο)
631 4580 746 4654 Logia,
762 4591 844 4636 truct.
859 4579 888 4647 8,
903 4576 978 4649 disp.
993 4597 1020 4646 a,
1037 4590 1105 4636 sect.
1121 4597 1148 4647 a,
1164 4597 1193 4638 n.
1208 4580 1243 4651 63
1253 4599 1334 4652 seqq.

488 4677 490 4682 '
536 4671 594 4734 (11)
630 4669 746 4744 (Λεία,
761 4667 811 4725 lib.
827 4687 854 4740 4,
870 4679 973 4740 quaest.
993 4689 1015 4736 ι,
1031 4687 1090 4738 cap,
1110 4688 1133 4726 ι.
1260 4693 1266 4700 ·

537 4755 614 4842 (ιι),
630 4757 744 4832 (Λεία,
760 4768 843 4816 tract.
858 4757 886 4826 6,
901 4756 978 4828 disp.
995 4777 1019 4829 ι,
1033 4777 1095 4829 cap.
1115 4777 1138 4814 ι.
