3492 5525
306 427 395 512 §ill
418 427 657 495 Pultosoenue
670 446 771 493 omoo
794 448 839 491 er,
859 447 1077 498 enooaessus
1175 449 1213 516 25

123 614 158 678 in
173 613 349 681 Aristotele
362 611 533 697 enituisse,
552 629 652 676 nemo
662 610 878 677 dubitaverit:
895 612 941 680 ita
950 617 1148 686 omniasunt
1158 621 1254 704 plena

123 722 267 788 lectione
278 720 499 803 antiquitatis,
517 719 561 785 ita
574 728 686 783 ornata
698 729 731 785 et
746 719 862 803 polita,
881 728 917 785 ut
937 740 1003 787 non
1018 724 1088 789 sine
1102 745 1199 793 causa
1211 730 1255 795 de

123 831 262 895 Platone
275 828 399 895 dictum
412 826 469 895 sit:
486 826 641 907 «lovem,
656 827 682 891 si
693 844 799 911 graece
813 826 981 909 loquatur,
999 850 1064 897 non
1078 834 1140 898 alio
1153 814 1253 918 quam

123 934 295 1003 Platonico
314 954 467 1002 sermone
481 929 675 1020 usurumu(
701 930 726 1020 ).

194 1042 278 1109 llinc
292 1052 343 1109 est
357 1052 393 1108 ut
407 1040 674 1127 praestantissima
689 1040 741 1105 illa
755 1042 887 1126 ingenia
903 1044 1055 1112 «Marcus
1065 1048 1190 1115 Tullius
1199 1048 1256 1139 Ι(2)

122 1162 158 1215 et
178 1150 219 1219 D.
245 1150 453 1235 Augustinus
473 1146 526 1238 (3)
550 1150 720 1215 Platonem
740 1148 863 1232 ubique
886 1154 1069 1235 preferant,
1098 1155 1141 1220 ita
1166 1157 1254 1223 enim
1317 1152 1320 1157 ’

123 1259 338 1323 Aristotelem
361 1256 574 1333 admirantur,
599 1266 634 1322 ut
653 1255 822 1322 Platonem
847 1276 979 1343 semper
1001 1262 1183 1345 excipiant»
1204 1262 1255 1352 (4)
1378 1260 1382 1270 ’

123 1365 203 1429 llaec
212 1366 344 1449 aliaque
364 1364 483 1429 leviora
493 1373 693 1449 'argumenta
709 1365 804 1429 refert
819 1366 854 1430 P.
873 1367 988 1433 Petrus
1008 1368 1167 1447 Fonseca‚
1182 1373 1256 1454 qui·

122 1472 188 1537 bus
207 1483 321 1538 tamen
339 1472 409 1557 ipse
426 1470 563 1537 minime
579 1480 772 1557 permotus,
789 1470 998 1539 Aristotelem
1025 1476 1149 1544 Platoni
1174 1498 1253 1563 prae·

127 1578 225 1663 ponit
244 1576 308 1665 (5)·
386 1650 390 1661 .

192 1684 309 1761 chid
330 1684 436 1761 enim,
465 1687 590 1769 inquit,
618 1685 811 1752 Aristoteles
835 1706 901 1752 non
927 1691 1033 1756 multo
1058 1691 1252 1770 absolutius,

121 1812 226 1876 quam
247 1794 337 1860 Plato
352 1793 503 1860 tradidit?
517 1796 601 1879 Nam
621 1806 656 1861 ut
678 1792 845 1869 omittam,
863 1814 939 1878 quae
955 1797 995 1862 ab
1010 1799 1064 1863 illo
1078 1802 1160 1882 jacta
1176 1809 1254 1866 sunt

121 1899 389 1967 mechanicarum
417 1900 535 1968 artium
563 1902 715 1985 praeclara
740 1901 969 1986 fundamenta;
1001 1905 1135 1973 Poeticae
1159 1908 1251 1983 item,

120 2026 200 2091 quae
219 2026 304 2091 pene
319 2008 462 2095 vulgaris
478 2028 529 2073 res
549 2015 617 2084 est,
638 2009 866 2093 gravissimam
880 2011 1149 2095 explicationem
1167 2024 1254 2080 certe

120 2115 273 2180 oratoriae
294 2114 370 2180 artis
396 2124 564 2193 naturam,
593 2126 701 2200 partes
728 2134 861 2192 omnes,
889 2130 1049 2203 praecepta
1078 2140 1113 2186 ac
1139 2139 1251 2198 usum,
1297 2122 1300 2128 ’

119 2222 294 2298 omnium,
321 2220 377 2305 qui
404 2240 551 2306 unquam
577 2221 793 2310 scripserunt,
820 2224 1083 2309 ingeniosissime
1107 2216 1251 2294 tradidit.

119 2328 155 2393 ln
175 2328 346 2395 dialectica
361 2350 439 2396 vero
458 2339 542 2406 arte,
565 2330 625 2396 etsi
649 2313 856 2397 inductiones
872 2342 905 2396 et
919 2335 1071 2416 quaedam
1091 2335 1249 2401 definitio

120 2454 204 2503 num
219 2435 311 2501 initia
324 2435 447 2502 Socrati
462 2457 498 2501 ac
513 2438 639 2503 Platoni
654 2436 859 2520 tribuuntur;
878 2448 981 2505 totam
997 2449 1108 2507 tamen
1126 2441 1253 2509 ratioci-

121 2544 222 2608 nandi
242 2542 462 2627 disciplinam,
488 2563 554 2628 qua
580 2544 610 2609 in
637 2553 727 2627 parte
750 2554 819 2611 tota
846 2565 929 2628 pene
949 2546 997 2612 vis
1020 2568 1057 2613 ac
1080 2549 1253 2615 difficultas

122 2648 202 2715 artis
218 2652 324 2733 posita
338 2660 407 2727 est,
423 2652 576 2738 adjuncta
592 2650 689 2716 etiam
707 2653 853 2717 locorum
866 2654 1025 2732 doctrina,
1041 2658 1110 2739 ipse
1126 2658 1252 2739 primus

121 2769 153 2826 et
169 2756 297 2825 invenit
310 2770 342 2826 et
358 2760 400 2824 ita
416 2771 606 2844 persecutus
624 2771 691 2836 est,
710 2769 746 2824 ut
763 2779 860 2824 nemo
876 2775 950 2844 post
965 2782 1041 2827 eum
1057 2764 1250 2848 quicquam,

121 2868 212 2948 quod
232 2864 369 2951 alicujus
390 2869 537 2945 nomenti
559 2867 618 2945 sit,
639 2867 775 2949 adjicere
795 2869 938 2950 potuerit
959 2867 1021 2959 (6).
1046 2871 1253 2956 Philosophia

122 2979 161 3044 de
175 2979 325 3045 moribus
339 2997 439 3062 quam
461 2975 557 3046 multi
576 2976 744 3042 inventam
764 2997 782 3042 a
798 2978 945 3055 Socrate,
961 2997 979 3041 a
993 2979 1127 3044 Platone
1142 2982 1253 3045 excul-

121 3097 189 3152 tam
209 3097 379 3163 asserunt,
401 3085 442 3150 ab
462 3098 553 3161 utro,
575 3103 707 3167 quaes0,
723 3086 856 3163 uerius,
873 3087 1011 3162 castius,
1034 3085 1250 3170 ingeniosius,

122 3195 209 3261 etad
226 3212 326 3259 usum
342 3193 623 3259 accommodatius
637 3192 753 3258 tradita
766 3191 836 3258 est?
855 3193 968 3258 Utram
986 3193 1149 3258 utiliorem
1165 3194 1252 3280 judi-

121 3301 206 3367 cavit
215 3301 391 3367 christiana
402 3298 612 3384 Respublica,
630 3319 723 3382 quae,
736 3299 848 3365 divino
860 3301 994 3365 numine
1007 3300 1133 3378 edocta,
1148 3302 1252 3368 since-

124 3409 285 3474 rissimam
301 3409 342 3474 de
356 3407 422 3476 vita
437 3427 474 3474 ac
491 3407 638 3476 moribus
653 3408 834 3473 doctrinam
851 3407 1043 3492 profitetur?

168 3517 259 3596 ajam
275 3518 308 3582 in
325 3515 462 3582 naturali
477 3515 685 3598 Philosophia
699 3534 796 3581 nemo
811 3524 878 3593 est,
896 3517 952 3600 qui
968 3517 1135 3581 Platonem
1151 3517 1251 3602 longe

122 3621 307 3689 inferiorem
335 3625 435 3691 luisse
460 3641 526 3689 non
550 3624 700 3700 fateatur,
726 3631 815 3690 tanta
833 3619 927 3689 ¹enim
948 3634 998 3691 est
1021 3635 1155 3707 tamque
1176 3643 1251 3708 pro·

122 3733 222 3797 funda
236 3731 269 3797 in
286 3733 380 3822 omni
393 3751 501 3798 rerum
518 3731 713 3798 naturalium
727 3749 848 3816 genere
867 3731 1072 3798 Aristotelica
1089 3732 1248 3809 doctrina,

158 4015 199 4086 (1)
235 4015 334 4075 Refert
347 4016 456 4075 dictum
472 4015 552 4074 istud
562 4015 665 4075 Cicero
678 4019 713 4074 de
727 4015 829 4076 Clario
844 4017 929 4076 Orat.

158 4105 199 4176 (2)
235 4105 338 4164 Cicero
352 4105 401 4165 lib.
421 4127 432 4162 r
451 4105 603 4175 Academ.;
619 4105 670 4166 lib.
689 4127 700 4162 1
721 4106 868 4164 Tusculon
882 4118 982 4180 quaesl.

159 4199 199 4264 (3)
233 4199 362 4268 August.
378 4195 427 4254 lib.
443 4195 462 4251 8
476 4197 510 4252 de
526 4195 621 4254 civit.
639 4197 710 4265 Dei,
727 4217 792 4268 cap.
808 4217 836 4270 4,

160 4289 200 4356 (4)
237 4285 427 4342 Fouseeloc.
443 4285 492 4342 eit.
966 4355 971 4365 Ι

160 4372 200 4440 (sl
236 4372 299 4431 Cir.
314 4371 402 4431 etiam
416 4373 452 4432 de
469 4373 524 4433 hac
535 4394 566 4432 re
581 4373 724 4434 Gonzalez
736 4395 797 4447 par.
816 4377 860 4448 76.

163 4463 202 4528 (6)
237 4463 282 4520 De
295 4461 498 4522 inventoribus
509 4463 624 4536 Logicae
633 4464 698 4522 vide
715 4465 748 4523 P.
765 4465 895 4523 Barthol.
907 4465 1016 4535 Amici,
1031 4464 1061 4520 in
1075 4465 1250 4525 Universum

123 4552 299 4610 Aristotelis
313 4553 471 4629 Logicam‚
482 4566 567 4612 tract.
583 4567 620 4612 1.·
632 4566 735 4626 quaest.
752 4575 783 4624 23
799 4555 833 4613 P.
851 4555 953 4613 Frane.
965 4555 1058 4613 Tolet.
1074 4553 1109 4611 In
1123 4554 1250 4614 Univer-

123 4659 188 4697 sum
199 4642 375 4701 Aristotelis
390 4643 533 4718 Logicom
553 4643 784 4716 Commentario,
803 4644 846 4705 De
857 4646 1027 4722 Dialectica
1039 4646 1071 4701 in
1083 4643 1247 4712 Communi,

124 4749 242 4805 paragr.
259 4753 282 4790 ι.
