3492 5525
542 466 603 531 99²
658 448 785 511 Locren
799 447 1047 523 Meron-Lm,
1064 462 1124 511 au·
1138 448 1225 539 Drse.
1242 460 1287 527 4·
1303 446 1383 508 Can.
1401 460 1477 525 ψ’

454 687 457 690 .
571 631 608 715 α)
644 630 841 713 &urentia
869 630 1009 715 quidem,
1043 631 1164 696 etenim
1193 629 1300 695 adhuc
1329 634 1404 711 post
1432 624 1635 709 acquisitam

504 738 688 805 facilitatem
718 738 964 805 demonstrandi
987 737 1214 803 conclusiones
1236 743 1420 821 spectantes
1444 734 1488 799 ad
1519 742 1639 799 exten-

504 846 630 911 sionem
662 846 712 910 vel
744 844 950 912 essentialem
984 862 1158 929 corporum
1195 842 1485 919 constitutionem,
1524 848 1638 925 potest

504 952 578 1036 quis
605 952 830 1019 difficultatem
849 952 996 1037 experiri
1027 953 1067 1018 ad
1097 952 1176 1018 alias
1205 950 1527 1025 demonstrationes,
1561 964 1637 1030 quae

504 1060 682 1145 respiciunt
708 1078 842 1145 corpora
870 1060 1025 1125 animata.
1051 1058 1157 1125 lmmo
1185 1078 1283 1125 nemo
1310 1066 1380 1135 est,
1410 1057 1470 1141 qui
1498 1074 1575 1122 non
1603 1073 1636 1118 se

503 1166 621 1234 sentiat
641 1176 715 1253 post
733 1167 854 1251 primas
871 1168 1169 1233 demonstrationes
1192 1166 1323 1251 penitus
1343 1167 1495 1250 jejunum
1522 1172 1561 1227 et
1589 1164 1637 1227 in-

503 1273 643 1340 habilem
671 1276 711 1339 ad
738 1276 814 1350 alia,
836 1275 941 1341 donec
960 1275 1092 1340 accedat
1111 1293 1236 1341 novum
1257 1272 1403 1341 studium
1423 1272 1560 1355 aequale
1581 1280 1636 1335 aut

502 1382 585 1447 forte
599 1385 706 1469 majus
724 1382 781 1459 illi,
798 1383 889 1466 quod
908 1382 1129 1449 adhibendum
1148 1383 1209 1450 fuit
1229 1383 1268 1448 ad
1283 1380 1404 1464 primas
1418 1380 1636 1445 demonsua-

501 1489 609 1555 tiones
627 1489 855 1555 addiscendas.
876 1489 939 1567 Qui
960 1508 1038 1575 ergo
1063 1490 1185 1556 nullam
1212 1489 1245 1554 in
1272 1507 1308 1554 se
1336 1487 1436 1554 sentit
1465 1488 1509 1551 ad
1539 1494 1635 1551 actus

501 1596 629 1679 aliquos
658 1596 859 1675 facilitatem,
881 1596 984 1662 immo
1012 1596 1177 1682 experitur
1197 1596 1442 1672 difficultatem,
1465 1612 1540 1677 quo
1560 1595 1635 1679 jure

501 1703 620 1769 audeat
644 1722 787 1771 asserere
816 1703 980 1783 habitum,
1003 1704 1063 1771 nisi
1093 1704 1223 1771 aliunde
1250 1704 1418 1769 evidentes
1446 1692 1634 1785 suppetant

501 1810 659 1888 rationes,
688 1814 802 1894 quales
829 1820 915 1877 certe
944 1830 1009 1877 non
1038 1821 1115 1877 sunt
1143 1811 1401 1893 adversariorum
1432 1822 1632 1877 nostrorum

501 1916 662 1984 rationes?

567 2024 607 2113 β)
624 2026 716 2094 Ratio
733 2026 825 2092 etiam
843 2026 926 2091 idem
943 2026 1068 2092 evincit.
1089 2026 1174 2103 Quia
1201 2024 1332 2092 habitus
1358 2026 1547 2110 productus
1575 2044 1635 2109 per

499 2144 605 2200 certos
623 2146 732 2211 actus,
754 2134 866 2218 nequit
884 2132 1025 2201 tribuere
1043 2134 1226 2201 facilitatem
1248 2132 1307 2200 nisi
1327 2134 1366 2199 ad
1386 2144 1482 2199 actus
1502 2132 1634 2199 similes

500 2241 578 2320 illis,
600 2242 687 2307 unde
707 2242 837 2307 habitus
855 2226 1034 2326 productus
1053 2243 1123 2309 fuit.
1144 2242 1246 2308 Secus
1269 2240 1328 2307 erit
1353 2240 1385 2306 in
1410 2242 1535 2307 effectu
1559 2260 1634 2325 per-

500 2348 597 2415 fectio
615 2368 772 2435 superans
800 2349 1030 2434 perfectionem
1049 2368 1168 2417 causae.
1196 2350 1295 2433 Atqui
1322 2358 1431 2425 actus,
1453 2360 1632 2415 versantes

499 2478 532 2524 v.
554 2478 589 2542 g.
616 2456 699 2523 circa
721 2476 911 2541 corpoream
939 2457 1302 2537 extensionem,valde
1329 2456 1447 2523 diversi
1477 2466 1561 2523 sunt
1589 2456 1631 2521 ab

498 2563 626 2631 actibus
655 2563 900 2649 respicientibus
927 2585 1060 2651 corpora
1089 2566 1245 2641 viventia,
1272 2575 1386 2651 utpote
1413 2566 1473 2648 qui
1503 2564 1631 2630 habent

498 2673 625 2756 objecta
658 2672 805 2738 formalia
834 2672 984 2758 specifice
1011 2674 1155 2749 diversa,
1180 2684 1212 2741 et
1245 2673 1409 2759 principiis
1436 2672 1631 2739 innituntur

498 2780 740 2865 diversissimis.
761 2781 887 2867 Ergo...

565 2894 680 2956 Dices.
703 2891 805 2955 Actus
823 2889 875 2956 isti
904 2890 977 2955 licet
1004 2889 1121 2958 diversi
1153 2898 1231 2956 sunt
1257 2889 1424 2975 specifice,
1445 2893 1560 2958 adbuc
1579 2903 1629 2958 ta-

499 3013 576 3062 men
590 2997 652 3062 sub
671 2997 786 3062 eadem
806 2997 929 3064 ratione
949 2999 1074 3064 formali
1099 2999 1325 3074 continentur,
1351 3017 1425 3082 quae
1450 3001 1627 3068 constituit

498 3104 649 3188 generale
683 3105 848 3189 objectum
879 3105 1097 3190 Philosophiae
1135 3104 1307 3182 naturalis,
1346 3125 1463 3173 omnes
1501 3109 1628 3196 quippe

498 3220 670 3278 versantur
688 3211 771 3277 circa
784 3231 839 3278 ens
852 3213 963 3278 mobile
976 3211 1250 3297 sensibilibusque
1266 3213 1503 3281 mutationibus
1517 3217 1626 3282 obno-

497 3318 602 3384 xium.
619 3320 726 3397 Qrare
744 3318 894 3404 specifica
915 3319 1051 3386 varietas
1074 3329 1207 3386 actuum
1231 3322 1526 3389 conclusionumve
1553 3345 1627 3410 par-

496 3426 621 3492 tialium
643 3445 707 3493 non
727 3427 879 3512 impedit,
900 3427 980 3511 quin
1000 3447 1116 3495 onrnes
1136 3427 1382 3514 proficiscantur
1397 3431 1438 3495 ab
1451 3432 1627 3522 unolsim·
1722 3419 1723 3422 ¹

498 3533 569 3618 plici
598 3535 727 3611 habitu,
752 3533 835 3602 sicut
864 3535 961 3602 etiam
985 3555 1103 3602 omnes
1127 3537 1306 3621 procedunt
1332 3537 1373 3602 ab
1392 3555 1456 3604 una
1480 3539 1624 3624 simplici

498 3642 643 3726 potentia
658 3641 864 3711 intellectiva.
887 3644 990 3709 immo
1010 3643 1107 3711 etiam
1128 3661 1213 3710 unus
1233 3644 1374 3729 simplex
1392 3643 1523 3712 habitus
1545 3645 1623 3713 fidei

497 3747 618 3816 sufficit
633 3750 673 3815 ad
692 3750 868 3816 credendas
887 3769 1004 3817 omnes
1022 3751 1175 3820 veritates
1194 3753 1367 3829 revelatas,
1388 3752 1535 3838 itemque
1557 3775 1624 3820 una
1721 3783 1722 3788 ¹

497 3857 633 3924 charitas
651 3856 771 3924 suflicit
793 3858 834 3924 ad
854 3849 1056 3942 diligendum
1075 3859 1244 3926 inimicum
1268 3870 1302 3925 et
1319 3859 1479 3938 amicum,
1501 3881 1625 3945 quam-

415 4029 418 4034 .
498 3964 548 4031 vis
565 3965 692 4031 diversa
719 3983 792 4032 esse
817 3967 920 4050 possit
944 3967 1117 4033 difficultas
1145 3976 1217 4033 tum
1238 3969 1269 4034 in
1288 3968 1458 4034 credendis
1486 3969 1560 4036 aliis
1592 3983 1623 4038 et
1720 4041 1721 4052 χ

497 4072 566 4138 ains
585 4072 792 4148 veritatibus,
813 4081 885 4139 tum
902 4073 935 4140 in
953 4073 1118 4158 dirigendo
1135 4075 1243 4141 amico
1261 4084 1294 4141 et
1313 4074 1456 4143 inimico.
1478 4075 1550 4142 troc
1571 4093 1622 4146 esi
1720 4061 1721 4064 ‘

498 4198 602 4247 unum
621 4200 662 4247 ex
680 4181 898 4266 argumentis,
919 4181 1039 4267 quibus
1058 4183 1094 4249 Ρ.
1114 4182 1255 4264 loannes
1270 4203 1288 4248 a
1303 4181 1337 4253 S.
1354 4181 1481 4250 Tlroma
1500 4186 1622 4271 aliique

497 4289 689 4368 contrariam
705 4297 841 4355 tuentur
859 4290 1069 4358 sententiam.
1719 4353 1720 4376 2

562 4404 698 4466 Verum
715 4407 794 4466 haec
810 4419 934 4480 parum
960 4403 1181 4466 convincunt.
1202 4397 1286 4465 Nam
1305 4410 1449 4468 testante
1467 4399 1507 4469 D.
1530 4399 1620 4469 Tho

497 4520 550 4570 ma
565 4522 642 4570 cum
663 4504 852 4581 Aristotele,
872 4503 924 4594 (1)
941 4523 981 4571 ex
994 4503 1149 4573 similibus
1161 4506 1391 4594 operationibus
1398 4509 1619 4595 fluntnmites

497 4657 749 4676 υῌ-ῌ

531 4741 572 4806 (ι)
608 4733 674 4796 Lib.
691 4742 730 4796 a.·
741 4735 882 4809 Etlu'cor..
897 4755 961 4812 cap.
980 4757 1005 4812 r,
1020 4735 1071 4798 fin.
