3492 5525
231 505 349 566 Aarrc.
376 517 435 566 μ’
449 500 681 565 Saecrrtcarro
709 519 939 568 scieurmrcun
964 518 1082 563 roric.
1132 516 1191 579 973

1021 604 1234 619 μ

156 685 265 762 Objic.
292 686 342 747 2.⁰
387 676 526 744 Scientia
551 678 649 744 etiam
668 679 710 742 ad
729 680 932 764 subjectum,
953 678 1068 761 inquo
1088 686 1150 754 est,
1172 697 1231 745 seu

110 788 152 851 ad
178 786 371 871 principium
399 784 556 862 efficiens,
576 785 732 870 importat
760 784 973 852 intrinsecum
993 794 1091 869 atque
1117 803 1232 851 essen-

111 894 220 959 tialem
240 893 402 960 ordinem.
433 894 516 979 Ergo
535 892 562 958 si
582 904 693 960 noster
716 894 966 979 argumentandi
987 893 1107 958 modus
1134 892 1232 975 quid·

109 1002 197 1084 piam
212 1003 313 1077 valet,
334 1000 540 1085 specificatur
559 1000 656 1066 etiam
676 1001 811 1067 scientia
830 1020 888 1085 per
906 1001 998 1066 illud.

177 1116 282 1191 Resp.
301 1126 368 1191 neg.
389 1108 627 1191 consentiam
648 1109 786 1192 quaestlo
807 1118 917 1174 nostra
935 1118 985 1173 est
1004 1108 1045 1173 de
1069 1106 1234 1190 specifica·

111 1218 198 1283 tione
208 1216 351 1305 scientiae
362 1234 427 1282 non
437 1216 692 1301 cujuscumque,
707 1217 765 1282 sed
781 1217 947 1281 humane.
965 1214 1105 1281 Scientae
1119 1224 1230 1279 autem

109 1325 277 1401 humana,
298 1333 413 1408 utpote
432 1343 506 1407 quae
524 1341 643 1389 omnes
660 1333 740 1390 sunt
758 1321 791 1389 in
810 1323 926 1389 eodem
947 1322 1108 1407 subjecto,
1139 1320 1234 1387 intel-

110 1432 196 1498 lectu
224 1431 373 1498 videlicet
400 1431 560 1507 hominis,
591 1432 736 1515 prolecto
765 1441 934 1525 nequeunt
963 1448 1064 1495 exeo
1087 1428 1172 1494 inter
1198 1447 1233 1495 se

110 1538 266 1624 distingui
294 1551 395 1621 atque
418 1537 609 1622 specificati.
637 1540 855 1622 Praeterquam
884 1538 974 1622 quod
993 1538 1062 1622 jam
1089 1536 1233 1603 diximus

108 1663 185 1711 cum
205 1646 376 1731 Sylvestro
395 1646 526 1719 Mauro,
547 1645 645 1712 etiam
665 1664 722 1728 per
740 1644 887 1711 ordinem
907 1646 947 1709 ad
973 1645 1156 1728 subjectum
1178 1643 1233 1707 ali·

109 1771 176 1836 quo
196 1754 296 1818 modo
322 1751 476 1818 constitui
506 1752 669 1827 scientias,
699 1770 766 1817 non
796 1761 910 1817 tamen
930 1750 1057 1836 proprie
1075 1751 1234 1837 specifica·

108 1862 158 1937 ri,
187 1880 263 1926 cum
291 1879 356 1926 non
384 1859 542 1943 accipiant
564 1879 658 1926 suam
688 1860 838 1925 ultimam
866 1860 1075 1943 (inferentiam
1100 1878 1157 1943 per
1180 1876 1233 1923 or·

108 1970 218 2034 dinem
246 1968 285 2033 ad
313 1968 411 2044 illud,
443 1968 502 2034 sed
528 1970 635 2035 solum
663 1968 818 2054 altribma
839 1970 982 2052 quadam
1008 1964 1184 2033 communia
1203 1968 1237 2030 et

103 2075 261 2158 gerrerr'ca.

153 2186 261 2265 Obiic.
283 2189 332 2249 3.⁰
378 2180 528 2248 Scientlae
547 2189 686 2266 possunt
704 2181 802 2247 etiam
833 2180 1008 2267 specificari
1037 2198 1077 2246 ex
1100 2182 1231 2246 diverso

109 2291 210 2356 modo
235 2290 389 2355 tendendi
413 2288 445 2353 in
471 2288 655 2373 objectum,
683 2297 717 2354 et
734 2288 786 2354 sic·
797 2289 938 2373 simplex
962 2288 1177 2372 apprehensio
1197 2296 1230 2353 et

103 2397 281 2482 judicium,
308 2396 382 2461 licet
410 2397 490 2462 circa
509 2396 595 2461 idem
615 2397 781 2481 objectum
805 2407 988 2471 versentur,
1019 2394 1231 2462 nihilominus

108 2506 258 2589 specifice
276 2504 538 2589 distinguuntur,
559 2504 634 2587 quia
654 2523 774 2588 nempe
793 2503 1011 2571 diversimode
1031 2504 1171 2571 tendunt
1198 2503 1230 2569 in

107 2613 287 2698 objectum.
445 2681 450 2699 ,
1288 2596 1300 2611 ”

134 2801 138 2808 Ι
175 2728 279 2804 Reep.
301 2719 333 2786 ln
354 2718 465 2804 primis
484 2717 545 2785 dici
565 2729 675 2804 posset
698 2730 788 2798 actus
807 2718 1019 2796 scientificos,
1041 2727 1154 2803 utpote
1174 2717 1229 2804 qui

107 2847 225 2894 omnes
244 2838 321 2894 sunt
338 2827 524 2904 discursivl,
544 2830 700 2895 eumdem
724 2829 845 2896 habere
863 2823 1001 2894 modum
1021 2828 1175 2894 tendendi
1195 2827 1229 2893 ln

107 2937 286 3021 objectum.
308 2935 373 3001 Sed
395 2938 480 3002 adde
508 2945 662 3019 praeterea
688 2938 906 3022 objectionem
933 2955 999 3002 non
1018 2953 1090 3002 esse
1116 2944 1228 3001 contra

108 3052 255 3110 nostram
286 3045 560 3127 propositionem
593 3044 625 3108 in
652 3063 717 3128 qua
743 3064 809 3110 non
841 3043 1018 3111 asserimus
1047 3061 1104 3110 eos
1136 3051 1229 3110 actus

108 3152 267 3226 scientiae,
289 3151 345 3234 qui
361 3153 479 3218 habent
497 3153 583 3217 idem
599 3153 764 3238 objectum
780 3139 915 3219 formale
930 3169 996 3217 non
1016 3169 1112 3236 posse
1126 3150 1230 3218 aliun-

107 3264 148 3329 de
166 3259 389 3337 diversisrcari,
415 3261 472 3325 sed
502 3268 631 3327 tantum
655 3279 712 3327 eos
736 3270 844 3338 actus,
872 3259 929 3344 qui
961 3259 1088 3326 diversa
1108 3259 1229 3325 habent

107 3369 251 3453 objecta,
268 3369 406 3434 diversae
424 3386 495 3434 esse
514 3366 645 3451 speclei.

477 3633 778 3708 ARTICULUS
801 3633 848 3708 ΙΙ.

169 3802 410 3867 Undenam
428 3805 615 3865 sumant
631 3801 832 3864 scientiae
850 3799 1015 3866 totales'
1029 3817 1164 3866 suam

342 3911 564 3974 unitatem
587 3907 661 3972 vel
683 3907 995 4009 diversitatem

533 4017 806 4097 specificam.

154 4226 231 4296 286.
279 4231 382 4296 Valde
407 4239 617 4297 controversa
637 4238 688 4296 est
713 4231 797 4297 inter
819 4239 968 4296 auctores
993 4231 1228 4315 questionae,

108 4357 208 4420 quarn
229 4338 324 4402 multi
342 4357 419 4403 cum
437 4339 543 4423 magis
567 4338 760 4403 declaratam
780 4339 918 4414 vellent,
940 4356 1006 4406 non
1026 4337 1232 4406 mediocriter

108 4446 337 4521 obscurarunt,
358 4454 456 4529 atque
486 4445 705 4531 implicarunt.
735 4444 850 4512 Nodus
881 4446 1059 4514 solvendus
1089 4447 1140 4512 liic
1165 4457 1228 4514 est.

110 4553 269 4618 Videmus
296 4553 329 4618 in
357 4553 496 4638 singulis
520 4555 675 4620 totalibus
700 4554 841 4620 scientiis
868 4555 976 4638 plures
1004 4557 1231 4623 conclusiones
1309 4569 1385 4618 stum

107 4661 471 4745 demonstrationesque
489 4661 616 4728 diversa
635 4662 781 4727 formalia
808 4663 934 4746 objecta
961 4662 1135 4739 habentes,
1156 4682 1232 4748 quae
1276 4645 1413 4703 mlh·

109 4767 257 4852 proinde,
284 4787 325 4834 ex
354 4770 512 4836 hactenus
547 4770 656 4846 dictis,
687 4770 831 4836 diversas
855 4769 1004 4853 specifice
1025 4770 1232 4840 constituunt
