3492 5525
273 491 394 561 Annis.
410 508 471 559 aa·
484 493 1122 567 Denrrrocmroaraacuuaumrroue
1154 518 1211 589 315

398 600 1251 627 -........-.....-......-....

197 674 281 743 Hinc
298 676 392 745 facile
408 678 533 763 capies,
553 698 611 747 cur
627 681 772 767 cognitio
794 701 855 766 per
872 682 1056 751 discursum
1075 684 1201 752 dicatur
1219 700 1252 755 et

128 783 171 852 sit
188 783 340 861 mula,
362 786 440 870 quia
462 783 617 855 nimirum
643 789 744 856 utitur
766 790 866 855 medio
891 808 949 858 seu
973 802 1181 877 argumento.
1209 792 1252 859 Ut
1306 826 1427 873 „qm

129 910 208 958 vero
238 911 279 959 ne
307 893 475 979 decipiaris
500 895 534 962 in
565 896 608 962 rei
635 898 732 982 hujus
760 893 988 983 intelligentia,
1019 898 1101 966 scito
1129 901 1252 985 duplex
1293 908 1325 946 ‘¹¹
1345 901 1439 954 ⁰⁰⁸³i¹³⁰

128 999 287 1085 distingui
317 1001 481 1079 medium,
507 1003 593 1071 aliud
622 1004 658 1071 in
683 1023 760 1089 qno,
785 1003 872 1071 aliud
899 1024 939 1071 ex
961 1024 1041 1091 qum·
1069 1024 1135 1074 non
1162 1007 1250 1075 enim

129 1107 264 1193 perinde
281 1118 346 1188 est,
363 1128 559 1196 cognoscere
573 1111 695 1196 aliquid
712 1112 748 1177 in
764 1112 829 1179 alio
850 1121 884 1179 et
902 1132 1099 1199 cognoscere
1116 1116 1249 1183 exalia

1315 970 1418 1017 mediata.

129 1216 275 1283 Medium
292 1216 329 1283 in
344 1236 406 1302 qno
422 1228 473 1285 est
495 1219 541 1297 id,
564 1218 598 1285 in
617 1237 684 1304 quo
707 1219 829 1304 aliquid
846 1222 986 1299 relucet,
1007 1222 1153 1290 medium
1172 1241 1251 1290 vern
1274 1272 1374 1320 aarum
1385 1274 1406 1317 ὴ
1417 1289 1459 1331 m

127 1343 169 1389 ex
185 1343 247 1409 gero
264 1326 377 1404 estid,
395 1326 487 1410 quod
504 1325 595 1413 prius
611 1328 655 1395 in·
669 1347 704 1394 se
719 1327 907 1424 cognitum,
929 1328 1072 1397 lacitncs
1090 1330 1178 1397 aliud
1194 1350 1251 1397 co-
1282 1345 1448 1392 acerruma

128 1449 305 1517 gnoscere,
325 1434 415 1518 quod
433 1434 524 1519 prius
541 1434 786 1521 ignorabamus.
807 1435 852 1503 lta
869 1436 957 1505 Beati
973 1437 1125 1505 dicuntur
1142 1436 1251 1505 videre

128 1551 294 1610 meaturas
321 1542 357 1609 in
385 1540 525 1611 essentia
554 1543 679 1621 divina,
709 1562 747 1609 ac
773 1553 899 1628 partem
927 1543 1078 1613 videmus
1106 1544 1142 1611 in
1164 1554 1248 1624 tcto,

129 1651 260 1717 vultum
280 1657 430 1717 nostrum
449 1648 552 1718 aliave
569 1649 696 1737 objecta
717 1651 752 1717 in
777 1654 930 1736 speculo,
950 1662 1122 1739 tamquam
1142 1652 1250 1720 medio

128 1760 163 1824 in
191 1777 273 1844 qno,·
300 1758 360 1826 sed
388 1758 445 1824 Dei
474 1759 679 1826 existentiam
702 1760 934 1845 cognoscimus
959 1780 1000 1829 ex
1030 1771 1249 1828 creaturarum

128 1867 316 1944 existentia,
338 1866 456 1934 animae
474 1868 752 1934 immortalitatem
766 1887 806 1934 ex
819 1868 1058 1952 spiritualitate,
1079 1870 1251 1953 spirituali-

128 1983 231 2043 tatem
246 1994 287 2041 ex
304 1976 430 2043 actibus
455 1976 525 2044 sive
550 1976 732 2043 intellectus
763 1975 831 2043 sive
860 1977 1053 2057 voluntatis,
1076 1986 1248 2062 tamquam

128 2084 240 2150 medio
255 2102 296 2150 ex
311 2102 385 2169 qno.

196 2190 282 2259 Cum
314 2210 393 2278 ergo
410 2190 555 2279 cognitio
575 2190 753 2259 discursive
778 2192 893 2260 dicitur
918 2192 1074 2269 mediata,
1100 2192 1251 2279 intelligi-

129 2301 321 2369 turbabere
339 2299 486 2366 medium
505 2317 545 2365 ex
566 2318 644 2384 qno,
673 2318 739 2365 non
763 2318 843 2365 vero
868 2298 902 2365 in
924 2318 985 2386 qno
1009 2300 1192 2367 dumtaxat.
1213 2301 1251 2367 Et

130 2410 213 2475 ratio
224 2417 293 2483 est,
309 2408 387 2492 quia
400 2407 609 2494 cognoscitur
622 2426 727 2475 unum
743 2408 776 2473 in
788 2408 854 2474 alio
864 2426 922 2492 per
935 2409 1067 2475 unicum
1080 2408 1251 2494 simplicis-
1301 2442 1306 2453 ·

10 2507 11 2516 '
126 2518 254 2583 simum
273 2525 383 2582 actum
403 2515 528 2599 absque
554 2516 652 2582 ullius
670 2514 798 2601 generis
815 2516 980 2597 discursu;
1009 2514 1153 2601 cognitio
1171 2536 1250 2583 vero

10 2649 11 2712 t
125 2623 309 2692 discursive
321 2623 466 2709 implicat
484 2625 593 2707 plures
611 2622 784 2691 distinctos
795 2642 983 2699 asssensus,
1004 2642 1146 2706 quorum
1162 2640 1248 2691 unus

128 2732 260 2817 respicit
277 2729 442 2819 objectum
463 2728 624 2798 nonsatis
642 2732 817 2798 intellectui
835 2731 908 2798 luce
927 2732 1055 2816 propria
1070 2732 1246 2818 refulgens

125 2841 219 2926 quod
238 2840 372 2924 proinde
390 2839 563 2906 illuminari
581 2840 623 2906 ab
646 2839 708 2904 alio
722 2839 835 2915 debet,
853 2849 889 2907 ut
904 2841 1008 2905 valeat
1016 2839 1189 2923 cognosci.

194 2933 327 3030 Diffent,
347 2945 455 3030 inquit
473 2945 508 3013 S.
528 2947 691 3023 Thomas,
710 2965 888 3032 cognoscere
903 2946 1028 3032 aliquit
1043 2952 1080 3014 in
1097 2947 1204 3032 nln'qno
1220 2951 1254 3013 ct

123 3055 251 3141 alam&
265 3077 310 3123 ex
325 3054 444 3140 nlr'qnn
466 3055 602 3138 Quando
617 3053 702 3121 enirn
718 3053 842 3138 nimand
857 3059 895 3122 in
912 3053 1017 3140 aliquo
1040 3054 1246 3139 cognoscitur,

125 3271 190 3330 ΑΛ.
205 3268 282 3328 eirca
296 3267 453 3328 nonnullas
472 3267 712 3340 consequentias:
731 3267 784 3340 qui
805 3269 883 3327 enim
903 3281 1112 3343 argumentum
1127 3289 1248 3342 prorsus

123 3358 309 3419 identifieaut
320 3379 388 3417 cum
398 3358 504 3429 medio,
513 3372 623 3432 negm
635 3357 858 3431 consequentias
866 3359 1099 3428 conversionum,
1109 3359 1248 3432 aequipol-

125 3449 286 3509 lentiamm
312 3461 342 3507 et
355 3447 566 3508 resolutionurn
577 3447 740 3507 communis
753 3448 964 3520 suppositionis
982 3469 1066 3508 veras
1080 3469 1145 3507 esse
1158 3469 1248 3526 argn-

124 3541 332 3607 mentalium,
366 3538 417 3597 sed
442 3536 587 3610 simplices
610 3551 699 3610 atque
726 3530 907 3597 immediatas
934 3538 1171 3610 consequentias,
1194 3540 1247 3610 qui

123 3629 262 3688 videlicet
274 3647 333 3688 non
348 3628 457 3687 habeut
469 3628 597 3687 medium
604 3627 787 3699 distinctum,
800 3642 890 3700 atque
898 3627 971 3687 adeo
984 3648 1079 3700 neque
1093 3649 1248 3703 argumen-

124 3733 207 3785 tum,
227 3717 444 3791 argumentatio
464 3732 562 3777 autem
584 3737 644 3777 non
664 3717 793 3776 estsine
815 3731 999 3790 argumento.
1022 3718 1064 3778 lta
1086 3717 1163 3777 inter
1175 3719 1248 3779 alios

124 3811 259 3868 Fonseca
272 3808 345 3874 (loc.
360 3807 410 3866 eit.
423 3807 474 3866 lib.
489 3808 518 3876 6,
529 3827 593 3881 cap.
612 3809 649 3878 rl3
664 3807 843 3866 Conimbric.
859 3813 870 3867 l
876 3807 926 3866 lib.
944 3808 1036 3867 Prior.
1050 3829 1113 3881 cap.
1132 3831 1157 3879 r,
1172 3830 1201 3882 q.
1218 3830 1246 3880 a,

123 3921 152 3958 a.
167 3899 220 3972 3.);
234 3911 264 3956 et
278 3898 322 3956 De
336 3895 502 3956 Benedictis
515 3897 601 3971 (Log.
616 3896 667 3956 lib.
682 3919 706 3966 r,
717 3918 746 3968 q.
762 3918 786 3967 ι,
801 3917 863 3969 cap.
877 3901 915 3971 5).
929 3897 988 3955 Alii
998 3917 1065 3956 vero
1078 3899 1247 3958 econtrario

123 4001 256 4059 censent,
271 3987 303 4057 ip
315 3987 533 4060 consequentiis
545 3986 768 4046 conversionum
782 4000 850 4057 etc,
864 3986 1032 4047 ncndeesse
1041 4002 1246 4062 argumentum

123 4099 177 4139 seu
191 4077 346 4137 inventum
364 4077 403 4136 ad
422 4075 582 4136 faciendam
606 4075 693 4135 fidem
711 4075 867 4146 idoneum,
886 4076 951 4136 licet
972 4097 1032 4136 non
1053 4078 1130 4138 adsit
1144 4097 1246 4137 verum

124 4169 274 4238 medium,
289 4187 357 4227 nam
372 4187 473 4228 revera
485 4167 665 4240 quicumque
677 4167 852 4226 antecedens
864 4166 1044 4236 considerat,
1064 4167 1100 4226 ad
1119 4169 1247 4228 inseren-

122 4259 197 4318 dum
219 4277 401 4330 consequens
419 4256 578 4317 inducitur.
599 4257 677 4331 Ergo
694 4258 778 4315 adest
797 4257 886 4315 etiam
901 4256 941 4315 ibi
959 4258 1173 4330 argumentatio
1186 4259 1247 4317 veri

123 4346 266 4417 nominis,
279 4367 347 4406 eum
360 4367 495 4405 vereurm
508 4347 616 4406 veritas
627 4369 662 4406 ex
673 4347 729 4405 alia
742 4359 935 4421 cognoscatur
948 4359 1067 4420 propter
1079 4348 1246 4408 earumdem

123 4437 347 4498 connexionem.
366 4436 443 4495 Vide
460 4436 591 4496 Lossada
605 4437 744 4508 (Dialecl.
760 4437 836 4509 disp.
855 4437 883 4504 8,
907 4457 969 4509 cap.
985 4457 1012 4506 a,
1026 4458 1056 4496 n.
1077 4455 1103 4508 ς,
1118 4438 1158 4506 6).
1182 4438 1245 4498 Cir.

122 4529 220 4588 Tolet.
228 4527 387 4592 (Sammaei.
402 4526 453 4586 lib.
461 4547 490 4602 4,
498 4548 524 4585 a.
541 4531 577 4597 r);
587 4540 617 4586 et
629 4526 736 4597 Jcann,
747 4525 805 4585 aS.
818 4527 875 4586 Th.
886 4528 1047 4594 (illustrat.
1059 4527 1244 4589 inSummuI.

122 4639 154 4692 q.
168 4618 199 4688 8,
213 4638 241 4675 a.
256 4616 295 4687 a),
311 4615 363 4689 qui
379 4615 617 4692 consequentiam
637 4630 668 4676 et
680 4615 964 4691 argumentationem
985 4615 1103 4689 penitus
1117 4617 1245 4677 identifi-

121 4716 203 4768 eaut.
231 4703 292 4765 Sed
312 4706 516 4766 controversiae
535 4705 600 4766 istae
617 4720 688 4767 sunt
704 4706 741 4765 de
759 4727 844 4778 voce,
863 4705 972 4780 quibus
989 4705 1101 4767 diutius
1124 4722 1246 4770 nonest

122 4794 332 4858 insistendum.

1341 1430 1390 1475 quc.
