3492 5525
496 456 499 469 ·
549 437 609 522 678
665 437 791 503 Locren
806 437 1049 512 llion-Lta..
1067 450 1123 513 av,
1140 436 1235 501 Drse.
1254 449 1295 499 1.·
1311 436 1390 501 Cae.
1406 450 1478 499 ιω

510 630 543 687 et
566 620 862 705 praedicabilitatem
884 622 1093 698 universalis,
1113 620 1172 688 sed
1198 629 1277 688 sunt
1295 630 1405 706 partes
1426 630 1559 687 tantum
1578 638 1637 688 ex-

510 726 669 795 tensionis
687 729 784 796 illius.
806 729 992 797 Universale
1012 747 1101 805 vero,
1122 728 1190 795 sub
1202 726 1305 795 altero
1319 740 1480 813 respectu,
1498 740 1635 795 nonest

510 843 617 903 totum
637 837 733 905 relate
752 838 793 903 ad
808 834 975 913 interiora,
991 837 1032 902 de
1047 836 1168 920 quibus
1182 836 1390 922 praedicatur,
1406 836 1466 903 sed
1479 854 1571 920 saepe
1583 848 1635 902 est

511 962 601 1030 pars,
622 963 697 1028 quae
716 945 853 1029 proinde
872 964 938 1011 non
952 944 1106 1030 exprimit
1126 945 1288 1031 integram
1306 946 1481 1012 essentiam
1501 962 1631 1023 eorum3

511 1061 547 1118 ut
567 1052 646 1118 ratio
664 1053 814 1138 generica
829 1074 862 1121 v.
879 1074 913 1139 g.
932 1071 998 1118 non
1016 1061 1066 1119 est
1085 1052 1146 1118 nisi
1160 1070 1233 1136 pars
1246 1054 1396 1119 essentiae
1414 1052 1578 1127 hominis,
1591 1052 1634 1117 de

509 1178 577 1243 quo
598 1160 805 1245 praedicatur,
818 1168 852 1225 et
871 1160 1020 1227 similiter
1035 1158 1115 1225 ratio
1132 1159 1333 1236 ditierentiae,
1355 1180 1388 1227 v.
1404 1180 1439 1244 g.
1454 1159 1631 1239 rationalis.

510 1266 546 1333 Et
574 1267 682 1334 solum
713 1267 793 1335 ratio
816 1267 964 1353 specifica
984 1267 1175 1350 praedicatur
1205 1269 1246 1333 de
1265 1266 1440 1333 individuis
1457 1274 1631 1351 tamquam

510 1371 636 1459 integra
650 1374 790 1441 essentia
805 1392 933 1441 eorum.

553 1488 632 1564 obj.
652 1489 703 1565 9.⁰
749 1482 783 1549 si
803 1483 988 1549 universale
1006 1481 1159 1550 existeret
1181 1482 1215 1548 in
1233 1482 1347 1560 rebus,
1368 1501 1435 1549 non
1448 1490 1555 1559 esset,
1575 1502 1634 1549 cur

510 1598 641 1674 negaret
661 1588 855 1656 Aristoteles
875 1588 1067 1657 universalia
1085 1608 1157 1657 esse
1182 1588 1397 1664 substantias,
1418 1608 1495 1655 nam
1514 1591 1632 1656 saltem

510 1705 623 1763 natura
643 1697 865 1767 substantialis
884 1696 1075 1764 universalis
1094 1705 1182 1764 esset
1198 1717 1274 1764 vere
1299 1697 1494 1767 substantia.
1528 1696 1631 1781 Atqui

447 1802 448 1805 ’
507 1811 618 1870 tamen
638 1822 725 1889 saepe
743 1804 775 1870 id
795 1805 986 1871 Aristoteles
1001 1815 1113 1891 negat.
1132 1804 1258 1889 Ergo...

573 1918 678 1995 Resp.
698 1911 773 1977 dist.
794 1913 909 1997 Major.
931 1911 965 1978 Sl
984 1912 1135 1979 existeret
1153 1921 1227 1978 actu
1246 1920 1289 1979 et·
1302 1911 1494 1987 formaliter,
1514 1913 1548 1979 id
1565 1924 1630 1989 est,

506 2036 583 2087 cum
603 2036 660 2087 sua
681 2020 939 2095 universalitate,
953 2038 1055 2095 conc„
1066 2020 1093 2086 si
1111 2020 1221 2087 solum
1243 2020 1359 2086 existat
1377 2020 1633 2087 fundamentali-

507 2136 556 2192 ter
574 2137 606 2194 et
624 2126 834 2211 inpotentia,
855 2126 888 2193 id
907 2136 973 2202 est,
995 2136 1110 2193 natura
1129 2128 1282 2210 quidem,
1312 2145 1386 2209 quae
1414 2127 1532 2193 dicitur
1558 2131 1631 2195 uni·

508 2233 655 2311 versatis,
677 2252 710 2299 re
729 2235 862 2310 existat,
883 2234 1108 2302 universalitas
1127 2250 1212 2300 vero·
1223 2234 1294 2318 ejus
1315 2234 1424 2300 solum
1444 2252 1486 2299 ex
1505 2236 1633 2301 intelle·

506 2350 579 2408 ctus
607 2341 795 2426 operatione
827 2341 968 2419 accidat,
997 2361 1070 2426 neg.
1104 2342 1143 2407 Et
1167 2340 1361 2409 Contradist.
1392 2339 1527 2419 Minori,
1561 2361 1629 2427 neg.

505 2466 641 2532 conseq.
661 2446 713 2538 (r)

772 2606 791 2698 5
811 2610 964 2679 ll.-l’xo
983 2609 1146 2677 Rmtrsno
1165 2570 1371 2675 Ptaromco.

555 2768 627 2855 164.
675 2771 858 2856 objic.1.⁰
904 2772 1078 2858 Objectum
1097 2771 1305 2840 scientiarum
1326 2779 1376 2838 est
1390 2774 1628 2849 necessarium,

504 2888 680 2954 aeternum,
694 2879 946 2965 incorruptibile,
965 2879 1195 2964 ingenerabile.
1212 2878 1278 2944 Sed
1292 2879 1458 2964 objectum
1476 2880 1630 2948 scientia-

506 3005 577 3053 rum
597 2997 647 3054 est
667 2985 861 3054 universale.
883 2987 968 3073 Ergo
998 2987 1179 3053 universale
1196 2995 1247 3051 est
1265 2985 1503 3064 necessarium,
1535 2997 1630 3054 aeter-

505 3113 584 3161 num
594 3145 603 3172 ,
615 3095 871 3180 incorruptibile,
889 3094 1119 3180 ingenerabile.
1136 3092 1236 3177 Atqui
1251 3092 1329 3159 nihil
1344 3093 1509 3178 ejusmodi
1528 3096 1628 3162 estin

503 3200 690 3269 individuis.
710 3202 793 3290 Ergo
813 3219 947 3268 necesse
974 3209 1025 3268 est
1051 3209 1143 3266 extra
1159 3198 1326 3268 individua
1343 3217 1543 3285 cognoscere
1563 3205 1627 3268 tor-

505 3328 577 3376 mas
595 3309 809 3385 universales,
835 3327 909 3393 quae
934 3309 1000 3375 sint
1020 3308 1187 3393 proprium
1214 3307 1422 3374 scientiarum
1441 3309 1623 3393 objectum.

571 3424 675 3510 Resp.
704 3417 780 3483 dist.
812 3417 926 3502 Major.
954 3415 1131 3502 Objectum
1160 3415 1368 3482 scientiarum
1391 3423 1443 3481 est
1475 3435 1628 3484 necessa·

505 3525 677 3602 numere..
692 3525 800 3608 quoad
812 3525 917 3608 ipsam
930 3522 1151 3600 existentiam,
1163 3541 1250 3607 neg„
1262 3523 1372 3606 quoad
1385 3522 1626 3590 connexionem

504 3631 664 3718 praedicati
697 3649 773 3698 cum
806 3631 969 3717 subjecto,
1000 3631 1052 3697 vel
1079 3630 1113 3696 ln
1144 3630 1339 3697 verificando
1370 3629 1624 3715 propositiones,

503 3759 589 3805 conc.

572 3847 668 3915 Cone.
689 3847 784 3922 Min,
806 3856 838 3913 et
856 3847 934 3912 dist.
955 3846 1072 3913 eodem
1098 3845 1199 3912 modo
1217 3864 1348 3930 conseq.
1378 3845 1417 3911 Et
1437 3847 1624 3916 contradit.

404 4017 407 4024 .
503 3955 628 4022 Minore
646 3954 861 4039 subsumpta,
882 3972 954 4039 neg.
975 3953 1129 4020 ultimum
1144 3971 1363 4037 consequens.

568 4061 716 4128 Scientiae
734 4063 998 4146 contemplantur
1018 4061 1162 4146 objecta,
1183 4079 1258 4144 quae
1276 4060 1309 4126 in
1327 4079 1363 4127 se
1379 4059 1458 4145 ipsis
1481 4079 1543 4128 nec
1566 4081 1623 4129 ne-

501 4169 641 4236 cessario
667 4167 830 4245 existunt,
861 4187 921 4234 nec
949 4170 991 4233 ab
1024 4179 1165 4243 aeterno,
1187 4185 1327 4252 quaeque
1354 4178 1387 4233 et
1411 4169 1624 4253 generatione

536 4363 577 4435 (r)
613 4363 688 4422 Vide
707 4363 740 4422 S.
758 4363 815 4421 Th.
836 4375 877 4436 7.·
890 4363 960 4425 Met.
979 4363 1044 4421 leet.
1067 4381 1114 4435 13,
1137 4361 1248 4435 Opusc.
1274 4371 1312 4419 r.·
1332 4365 1366 4420 de
1384 4363 1626 4430 universalibus.-

499 4453 553 4512 Sic
565 4455 659 4530 igitur
673 4455 880 4512 comederam
893 4454 1072 4522 unebersclc,
1087 4457 1121 4510 iat
1141 4461 1280 4527 quantum
1301 4453 1544 4522 accumulem,
1567 4467 1623 4513 etc.

499 4563 602 4602 versus
620 4543 756 4602 medium.
778 4543 815 4602 Et
839 4543 948 4616 Opusc.
969 4552 1009 4600 a.·
1026 4545 1062 4600 de
1089 4542 1328 4610 Universclr'brcs,
1353 4542 1506 4624 Quoerc'tur
1529 4553 1625 4601 eurem

499 4641 598 4690 utrum
618 4635 785 4694 universale
805 4636 847 4692 stt
868 4633 1033 4692 substantio
1053 4633 1103 4690 vel
1124 4631 1289 4690 cendone...
1309 4629 1371 4690 Ct'r.
1388 4629 1481 4701 Suar,
1502 4631 1581 4704 disp.
1596 4635 1625 4701 6,

499 4734 569 4781 sect.
584 4744 612 4797 7,
623 4742 653 4781 n.
665 4723 694 4782 6.
1001 4748 1004 4754 ·
