3492 5525
571 451 627 518 ror>
758 451 885 518 Loorcn
905 449 1151 516 M1non-Drse.
1179 463 1220 515 r.·
1240 451 1320 515 Cae.
1346 467 1416 531 aare

529 645 621 703 notas
652 637 710 704 has
735 635 908 722 cujuslibet
934 635 995 713 rei,
1022 644 1094 701 tum
1120 653 1316 702 communes
1342 644 1413 700 tum
1441 633 1580 719 proprias
1600 651 1632 698 ac

527 742 720 830 peculiares,
737 743 819 810 inter
831 763 866 810 se
879 761 1125 828 comparemus,
1142 743 1327 809 videbimus
1343 744 1487 827 proiecto
1502 740 1632 825 proprias

527 851 652 936 concipi
672 869 769 936 posse
788 851 889 918 instar
911 859 1004 918 actus
1027 871 1063 917 ac
1088 853 1201 917 lormae
1224 850 1467 917 determinantis
1490 868 1527 915 ac
1551 847 1634 932 pem-

468 1025 477 1076 !
526 958 656 1037 cientis,
676 943 871 1026 communes
889 968 999 1026 autem
1018 959 1120 1026 instar
1136 959 1302 1056 materiaeL
1312 958 1447 1043 subjecti
1463 959 1514 1023 vel
1531 965 1635 1042 poten·

468 1093 474 1110 ·
526 1065 579 1133 tiae
598 1065 850 1135 determinabilis
870 1068 1006 1134 ulterius
1025 1086 1061 1133 ac
1080 1066 1305 1187 perfectibilis)

594 1175 705 1260 ltaque
730 1183 815 1240 notae
837 1176 900 1240 illae
923 1177 974 1241 vel
999 1175 1138 1242 rationes
1162 1173 1392 1259 proprirssimae
1416 1191 1473 1257 per
1491 1189 1571 1254 quas
1591 1171 1635 1236 di·

528 1281 756 1348 scriminantur
780 1301 830 1348 res
848 1285 915 1350 solo
939 1301 1069 1349 numero
1096 1282 1247 1359 diversae,
1281 1289 1439 1348 vocantur
1464 1278 1636 1364 dfflrmtiae

526 1389 773 1456 individuantcs.
803 1389 861 1456 llis
889 1407 967 1456 vero
998 1389 1171 1476 neglectis,
1201 1397 1287 1455 notae
1315 1389 1394 1466 illae,
1424 1406 1499 1473 quae
1523 1386 1637 1453 consti·

526 1504 625 1565 tuunt
651 1497 810 1584 integram
837 1497 1011 1564 essentiam
1038 1514 1251 1563 communem
1278 1495 1425 1579 pluribus
1450 1494 1546 1561 rebus
1572 1492 1636 1560 solo

528 1623 666 1671 numero
686 1604 961 1690 discrepantibus,
983 1604 1100 1670 dicitur
1116 1601 1230 1687 species
1251 1603 1379 1669 illarum
1403 1601 1564 1668 omnium.
1583 1599 1636 1666 Hae

525 1730 622 1795 porro
650 1711 774 1796 species
806 1711 1051 1779 constituuntur
1078 1711 1110 1776 in
1139 1710 1268 1796 proprio
1295 1710 1398 1795 gradu
1427 1729 1484 1794 per
1501 1709 1637 1793 aliquam

432 1859 436 1868 ·
526 1818 682 1885 rationem
703 1838 761 1886 seu
781 1828 893 1886 notam
913 1819 991 1886 solis
1014 1819 1076 1886 illis
1100 1819 1280 1904 propriam,
1305 1837 1381 1902 quae
1403 1825 1536 1884 vocatur
1555 1819 1640 1901 dr'ffc-

526 1927 628 1992 tentia
645 1927 804 2016 spcczfica,
830 1937 862 1994 et
886 1945 943 2011 per
962 1927 1055 1992 aliam
1077 1928 1174 1994 rebus
1191 1927 1288 1992 etiam
1308 1925 1442 1991 aliarum
1460 1925 1638 2010 specierum

524 2053 756 2112 communem,
778 2054 853 2119 quae
873 2054 994 2101 nomen
1013 2035 1136 2119 accepit
1149 2033 1283 2118 generis.
1303 2034 1460 2117 Exemplo
1481 2052 1549 2099 rem
1570 2033 1640 2099 illu·

525 2152 679 2209 stremus.
702 2141 735 2208 Si
755 2142 856 2209 aciem
877 2143 997 2209 mentis
1014 2151 1243 2208 convertamus
1261 2140 1294 2206 in
1312 2141 1463 2208 homines
1483 2159 1540 2225 per
1552 2161 1642 2208 com·
1714 2182 1716 2247 ἱ

525 2249 724 2338 parationem
754 2251 795 2315 ad
819 2249 959 2333 reliqua,
987 2269 1062 2332 quae
1085 2251 1194 2334 ipsum
1218 2249 1448 2325 circumstant,
1473 2249 1506 2314 in
1530 2248 1642 2333 primis

524 2365 694 2425 occurrent
721 2357 792 2442 ipsa
818 2356 985 2424 individua
1012 2359 1184 2434 bumana,
1211 2375 1286 2440 quae
1313 2357 1467 2422 differunt
1492 2356 1574 2422 inter
1604 2376 1642 2422 se

526 2463 729 2531 lineamentis
748 2463 947 2548 quibusdam
963 2464 1169 2549 specialibus.
1187 2465 1296 2547 Atque
1311 2464 1362 2530 bae
1384 2475 1542 2531 vocantur
1554 2464 1645 2547 diffe-
1714 2478 1715 2483 ’

522 2573 631 2638 renlr'ae
650 2571 872 2648 inanimales,
900 2591 975 2655 quae
999 2571 1099 2638 modo
1122 2573 1162 2637 ad
1182 2580 1326 2637 nostram
1349 2571 1644 2638 considerationem

524 2699 589 2746 non
609 2679 783 2766 pertinent.
806 2679 863 2744 His
882 2699 960 2765 ergo
977 2680 1118 2764 praecisis
1136 2679 1232 2765 aquid
1247 2686 1393 2744 remanet
1411 2677 1473 2745 illis
1487 2679 1646 2746 omnibus
1714 2700 1716 2856 q

523 2786 699 2855 individuis
714 2806 908 2863 commune,
925 2789 1017 2853 aede
1033 2787 1095 2855 illis
1110 2787 1312 2871 praedicabile
1326 2795 1496 2869 tamquam
1515 2788 1648 2872 integra

523 2894 731 2981 singulorum
746 2894 903 2962 essentia?
916 2896 1107 2961 haematitas:
1122 2914 1163 2959 en
1174 2894 1301 2977 speciem
1314 2894 1507 2963 humanam.
1519 2893 1649 2961 Natura

524 3020 620 3087 porro
634 3002 760 3087 integra
777 3002 920 3071 hominis
934 3002 1093 3069 conflatur
1106 3021 1148 3068 ex
1160 3002 1353 3069 animalitate
1366 3021 1403 3067 ac
1417 3000 1647 3069 rabbnalitatc.

523 3110 562 3175 Et
579 3109 761 3176 animalitas
783 3110 917 3193 quidem
941 3110 1066 3177 bomini
1085 3129 1162 3176 curn
1189 3109 1303 3175 multis
1324 3108 1393 3175 aliis
1417 3109 1515 3177 rebus
1536 3109 1578 3176 ab
1603 3130 1650 3177 eo
1714 3075 1716 3196 i

522 3216 659 3284 diversis
677 3218 865 3285 communis
884 3226 951 3294 est,
972 3218 1171 3284 ralionalitas
1190 3236 1268 3283 vero
1291 3216 1420 3301 propria
1441 3217 1502 3283 sibi
1529 3228 1572 3283 et·
1585 3238 1653 3303 pe-
1714 3219 1716 3224 “

522 3324 662 3391 culiaris:
685 3326 738 3391 illa
766 3344 845 3412 ergo
867 3326 1003 3409 generis,
1029 3327 1099 3391 haec
1122 3324 1279 3391 rationem
1306 3326 1403 3391 babet
1419 3325 1654 3413 spccr‘ficoedp‘-
1714 3403 1715 3406 Ἴ

511 3432 671 3519 [Μὴ.

587 3539 671 3616 Quae
688 3557 765 3607 curn
790 3540 835 3607 ita
850 3540 932 3617 sint,
955 3541 1045 3606 facile
1059 3541 1129 3626 jam
1145 3540 1253 3624 capies
1274 3539 1480 3606 definitiones
1497 3542 1651 3627 generis,

335 3668 478 3725 mamas.
520 3648 638 3731 speciei
657 3666 694 3713 ac
723 3648 914 3714 differentiae
933 3647 1107 3731 specifica,
1127 3665 1210 3731 quas
1227 3648 1430 3732 subjicimus.
1450 3646 1564 3715 Genus
1593 3660 1658 3716 est

519 3755 618 3832 ratio,
642 3758 764 3840 quoede
778 3755 926 3837 pluribus
937 3756 1113 3838 predicari
1130 3759 1243 3837 potest,
1260 3758 1416 3840 tamquam
1430 3761 1511 3837 pars
1533 3752 1659 3823 mm

518 3862 659 3929 essentie
675 3862 920 3929 determinabilis
931 3870 992 3944 per
1006 3862 1104 3928 aliam
1120 3860 1191 3949 (r):
1211 3882 1245 3927 v.
1265 3882 1300 3946 g.
1316 3862 1434 3928 animal
1449 3863 1540 3945 quod
1557 3882 1660 3947 prae-

519 3970 644 4037 dicatur
666 3978 836 4053 tamquam
860 3968 982 4052 aliquid
1006 3970 1176 4037 essentiale
1197 3970 1240 4034 de
1262 3970 1412 4047 bomine,
1438 3970 1657 4037 actuandurn

517 4086 630 4143 tamen
660 4089 692 4145 et
717 4078 1003 4144 determinandum
1029 4096 1088 4161 per
1111 4078 1199 4143 aliud
1223 4078 1263 4143 ad
1288 4096 1361 4145 esse
1387 4078 1554 4163 proprium
1584 4081 1665 4146 ho-

519 4202 628 4251 rnrnrs.

550 4476 592 4541 (r)
628 4471 729 4545 loque
741 4470 907 4547 analogiam
924 4470 1013 4531 babet
1028 4470 1161 4531 cumbae
1172 4470 1337 4545 acceptioue
1348 4470 1550 4545 philosophica
1573 4476 1668 4533 vul-

513 4561 594 4636 garia
613 4561 663 4619 illa
683 4561 779 4631 notio,
793 4581 852 4633 qua
878 4581 974 4636 gem
986 4558 1121 4634 designat
1143 4580 1327 4620 communem
1345 4560 1475 4633 aliquam
1502 4560 1666 4635 stirpem,

513 4650 593 4710 unde
606 4651 705 4723 plures
715 4650 858 4725 originem
872 4650 999 4719 ducunt,
1015 4663 1049 4709 ut
1056 4670 1151 4727 genus
1162 4649 1383 4709 Heraclidamm
1397 4648 1473 4719 (Cir.
1489 4650 1669 4725 Por-phyr.

512 4742 635 4818 Isagop.
648 4759 711 4814 etp.
743 4740 779 4811 ι).
