3492 5525
316 477 394 541 Cui.
411 492 480 541 num
494 477 584 555 Quro
602 494 644 541 er
658 493 862 553 Quorunssx
876 494 1057 541 uernoous
1131 492 1208 557 1049

123 672 187 726 tas.
217 662 302 728 'ium
329 662 473 747 denique
497 660 706 745 dissipandae,
733 660 759 727 si
789 678 864 745 quae
891 668 1076 734 remanent,
1103 657 1246 725 tenebrae

124 749 358 836 contraridrum
378 781 647 855 argumentorum
667 769 944 854 objectionumve.
1350 848 1351 851 Ἴ

193 878 259 942 llac
270 878 303 943 in
314 896 347 943 re
357 878 529 963 insigniter
542 872 708 944 eminuere
717 875 873 951 Doctores
884 874 1089 965 Scholastici,
1101 892 1243 957 quorum
1263 869 1448 987 sedicit,

125 984 270 1069 vestigiis
289 985 322 1052 in
342 1005 376 1051 re
390 984 597 1070 potissimum
619 985 802 1069 theologica
820 992 853 1049 et
871 982 1096 1068 philosophica
1114 978 1245 1048 scienti·

124 1092 184 1157 tice
212 1094 435 1177 proponenda,
463 1112 581 1159 omnes
611 1092 813 1176 quicumque
836 1099 893 1157 aut
920 1092 1048 1157 laudem
1077 1088 1244 1174 aptissime

123 1198 274 1267 scientias
297 1201 444 1267 tradendi
472 1181 620 1286 assequi,
646 1208 703 1267 aut
730 1201 770 1266 ad
797 1198 912 1266 intima
933 1198 978 1265 rei
997 1197 1119 1264 viscera
1140 1195 1172 1262 in
1196 1197 1245 1263 di-

123 1308 264 1385 scendo,
286 1317 447 1392 quantum
471 1309 545 1374 licet
564 1310 709 1377 humano
733 1307 877 1393 ingenio,
898 1317 1065 1391 penetrare
1092 1306 1241 1389 cupiunt,

123 1417 291 1493 insistant,
312 1435 446 1484 necesse
460 1426 522 1485 est.
542 1417 617 1483 ldeo
635 1419 740 1482 torma
761 1416 815 1483 illa
833 1414 1025 1481 scientificas
1044 1414 1244 1497 quaestiones

123 1525 355 1607 pertractandi,
380 1545 480 1609 quam
500 1526 534 1592 in
552 1526 614 1591 hoc
634 1534 797 1609 praecepto
817 1523 1066 1608 descripsimus,
1097 1522 1243 1589 methodi

122 1632 323 1698 scholasticae
342 1651 463 1699 nornen
482 1632 594 1699 sortita
612 1640 675 1719 est,
696 1631 774 1716 quia
791 1651 865 1696 eam
895 1630 990 1697 nobis
1009 1632 1160 1714 exemplo
1185 1632 1245 1695 do·

123 1742 292 1824 ctrinaque
316 1758 377 1806 sua
402 1740 560 1807 tradidere
589 1739 775 1825 Philosophi
806 1748 840 1803 et
861 1737 1020 1824 Theologi
1040 1738 1241 1814 Scholastici,

123 1848 207 1913 duce
226 1839 261 1913 S.
282 1838 438 1935 Thema(
463 1845 489 1933 ).

189 1953 260 2022 Dixi
270 1955 415 2041 vestigiis
428 1955 702 2041 Scholasticorum
718 1954 935 2021 insistendum
950 1972 1023 2023 esse
1034 1952 1241 2037 potissimum

123 2065 155 2128 in
176 2082 208 2127 re
227 2063 410 2148 theologica
434 2071 466 2128 et
494 2063 733 2148 philosophica,
754 2062 829 2145 quia
852 2062 927 2129 licet
949 2068 1154 2146 praeceptum
1179 2061 1242 2126 hoc

102 2183 202 2252 -4.¹¹¹¹¹
217 2172 324 2253 quoad
344 2172 558 2237 substantiam
583 2170 656 2255 plus
683 2171 792 2236 minus
811 2188 942 2253 semper
972 2168 1167 2234 servandum
1193 2176 1242 2233 est

121 2278 154 2343 in
175 2279 328 2345 omnibus
347 2278 450 2355 libris,
467 2297 608 2361 quorum
631 2278 706 2344 linis
721 2287 771 2343 est
789 2278 952 2353 doctrina,
969 2277 1109 2342 sormam
1130 2284 1241 2341 tamen

121 2386 261 2462 dicendi,
289 2396 324 2453 ut
344 2405 402 2469 par
419 2397 480 2461 est,
500 2387 623 2452 variare
644 2393 775 2471 oportet
802 2403 861 2468 pro
891 2384 1032 2450 materiae
1051 2383 1239 2460 tractandae,

121 2491 207 2567 fmis,
238 2511 536 2577 personarumque,
565 2495 605 2558 ad
631 2512 713 2578 quas
742 2493 822 2560 liber
846 2491 1010 2577 dirigitur,
1042 2490 1239 2557 conditione.

119 2602 234 2684 Neque
254 2600 351 2667 etiam
371 2619 448 2666 cum
469 2599 741 2667 Scholasticorum
771 2618 870 2685 opera
893 2608 1063 2682 tamquam
1092 2599 1243 2684 exempla

122 2709 286 2787 methodi,
303 2727 377 2794 quae
394 2709 427 2774 in
442 2708 646 2796 gravioribus
660 2708 850 2776 tractatibus
869 2707 1042 2776 scientitice
1058 2725 1243 2793 proponen-

120 2817 170 2882 dis
189 2825 347 2892 servetur‚
364 2818 533 2902 proposui,
551 2837 589 2882 ea
604 2835 737 2901 quoque
750 2817 827 2881 vitia
842 2817 1047 2882 accidentalia
1061 2816 1136 2902 styli
1152 2834 1243 2881 com·

122 2925 274 2989 mendata
293 2924 393 3000 volui,
416 2923 536 3007 quibus
552 2924 684 3008 quidam
705 2924 835 2989 illorum
857 2923 976 3007 scripta
995 2943 1054 2990 sua
1071 2924 1188 3007 partim
1201 2943 1242 2991 ex

121 3032 240 3117 ingenii
260 3030 309 3098 sui
326 3041 456 3108 natura,
477 3030 593 3115 partim
605 3051 648 3098 ex
665 3032 794 3097 defectu
808 3045 996 3115 temporum
1012 3031 1239 3116 deturparunt.

164 3145 331 3224 Quintum
344 3153 569 3223 praeceptum.
616 3141 690 3205 Non
710 3138 820 3204 omnia
834 3138 1000 3204 tractanda
1020 3149 1097 3205 sunt
1113 3140 1240 3205 metho-

120 3247 180 3323 do,
202 3265 302 3331 quam
322 3246 436 3313 dicunt
453 3246 666 3313 mathematica
684 3247 735 3313 vel
752 3245 948 3331 geonretrica.
982 3246 1058 3312 llaec
1084 3264 1179 3331 porro
1208 3247 1240 3313 in

155 3520 196 3582 (1)
233 3514 387 3588 Egregium
403 3513 518 3571 laudern
533 3513 601 3571 huie
616 3513 754 3573 methodo
766 3513 975 3572 scholasticus
995 3513 1101 3573 SSmo.
1115 3515 1241 3574 Domino

119 3605 226 3663 Nostro
240 3604 337 3662 Leone
349 3603 416 3661 Xlll
432 3602 569 3661 tributam
586 3603 692 3660 tacitus
706 3602 753 3661 hic
765 3601 913 3674 praeterire
934 3623 1059 3674 nequeo:
1083 3605 1242 3664 Proectarce

117 3696 208 3766 dotes,
223 3715 287 3769 quae
302 3693 706 3770 Theologiamselrolasticam
719 3692 848 3750 hostibus
865 3695 1134 3764 veritatissuciuut
1145 3704 1241 3753 tento·
1305 3680 1309 3692 ’

118 3795 187 3861 pere
203 3783 450 3854 formidolosum·
464 3783 611 3851 nimirum,
637 3793 668 3840 ut
690 3784 765 3840 idem
786 3781 1064 3853 Pontifexffiixtus
1087 3783 1132 3855 V)
1150 3785 1239 3842 addit.-

118 3885 192 3948 Apta
205 3881 254 3931 illa
271 3888 299 3930 et
314 3881 387 3930 inter
406 3893 437 3930 ee
450 3893 541 3931 rerum
555 3887 583 3929 et
600 3893 748 3930 cursurum
761 3879 942 3942 conamus,
957 3879 1005 3930 ille
1018 3881 1087 3931 ordo
1101 3889 1130 3931 et
1147 3881 1242 3948 dispo-

116 3974 186 4023 sitio
198 3980 342 4036 tamquam
357 3970 477 4020 militum
491 3969 522 4020 in
535 3969 689 4034 pugnando
702 3970 864 4031 insuuetlo,
880 3969 936 4020 illue
955 3969 1086 4021 dilueidra
1100 3970 1241 4022 definitio·

116 4075 170 4113 nes
185 4069 213 4112 er
226 4059 433 4119 ausneeona,
451 4059 501 4109 ru·
519 4067 746 4124 aeramentorum
766 4060 882 4110 mnsam
896 4067 924 4110 et
935 4040 1128 4112 'amusim
1142 4061 1240 4126 anpu-

116 4151 253 4211 tationee,
267 4149 425 4214 quibuslux
434 4149 593 4207 utenebrie,
610 4162 706 4199 vuum
721 4165 739 4200 s
750 4149 823 4211 tulso
836 4149 1031 4214 distinguntur,
1046 4150 1240 4202 hereueorum

116 4241 265 4292 mendacia
278 4238 374 4289 moltis
382 4239 533 4305 prestigiis
545 4247 573 4289 et
585 4239 705 4290 tettuciis
713 4239 853 4302 involuta,
868 4247 1012 4304 tamquam
1023 4246 1100 4290 veste
1107 4240 1239 4302 detractu,

114 4333 289 4398 patefiuntet
297 4332 482 4382 denudentur.
494 4322 591 4389 (Bulla
604 4321 850 4396 Triumpharrtise
862 4317 1057 4380 SixtoVenn.
1071 4322 1138 4393 1588
1145 4322 1239 4392 editu,

112 4417 278 4489 practerea,
300 4416 456 4488 inquimus,
472 4421 501 4471 et
515 4413 666 4470 mirabiles
684 4413 751 4468 istoe
767 4413 846 4468 dotes
861 4412 945 4468 uuice
959 4433 978 4468 a
991 4421 1068 4469 recto
1087 4431 1143 4470 usu
1157 4421 1240 4488 repe·

115 4507 209 4563 teudoe
223 4514 290 4562 sunt
304 4503 367 4578 ejus
377 4503 594 4578 Philosophiae,
609 4522 694 4576 quam
708 4502 849 4578 magistri
859 4499 1046 4569 Scholastici,
1064 4502 1134 4560 data
1148 4510 1239 4576 opera

116 4605 146 4652 et
171 4595 301 4668 sepienti
323 4594 452 4660 consitio,
476 4594 510 4650 iu
531 4591 782 4666 disputationibus
805 4591 891 4648 etiam
912 4590 1099 4664 rbeologriris,
1125 4595 1238 4666 passim

115 4692 260 4756 usurpare
282 4692 503 4742 consueverunt.
528 4681 631 4755 Encyl.
654 4679 726 4739 litt.
748 4681 869 4738 AEterni
892 4681 1006 4750 Patris,
1027 4699 1144 4756 paragr.
1166 4683 1239 4764 Quu-

116 4773 238 4832 uerbo...
