3492 5525
553 441 629 507 ¹044
750 420 876 491 Locren
897 422 1128 499 Maron-Lm.
1152 440 1210 489 au·
1229 423 1318 489 Drse.
1346 436 1390 507 5.·

1311 530 1627 543 n——n—-u-

692 908 1141 1021 DISPUTATIO
1172 908 1457 1038 QUINTA

914 1134 967 1189 DE
999 1132 1219 1191 METHODO.

580 1349 663 1433 Qdae
682 1360 839 1427 hactenus
858 1361 977 1444 scripta
996 1369 1090 1435 sunt,
1116 1358 1265 1425 sufficere
1293 1367 1448 1441 possunt,
1479 1367 1516 1422 ut
1536 1376 1632 1421 mens

513 1466 593 1533 satis
611 1468 765 1533 instructa
783 1467 908 1533 dicatur
934 1468 965 1533 in
995 1467 1094 1532 modo
1122 1467 1291 1533 exercendi
1321 1476 1386 1531 tres
1414 1464 1630 1549 operationes.

513 1592 653 1657 quarum
675 1592 736 1641 usu
756 1576 897 1641 scientiae
917 1575 1143 1658 comparandae
1163 1583 1254 1640 sunt.
1275 1574 1384 1639 Unum
1405 1584 1573 1657 superest,
1600 1586 1632 1637 ut

513 1683 653 1747 breviter
671 1681 818 1748 dicamus
838 1685 878 1747 de
897 1683 1009 1747 ordine
1029 1682 1222 1765 procedendi
1238 1682 1269 1747 in
1287 1681 1492 1747 scientiarum
1508 1699 1634 1745 assecu-

513 1790 618 1864 tione,
639 1789 693 1872 qui
708 1789 870 1854 Methodus
888 1789 1014 1854 dicitur.
1037 1789 1068 1854 ln
1097 1789 1299 1855 assecutione
1322 1806 1465 1871 namque
1489 1788 1633 1853 veritatis

513 1896 646 1961 interest
666 1897 808 1961 multum
825 1916 891 1962 non
906 1898 1013 1962 solum
1030 1914 1109 1963 usus
1122 1907 1227 1962 rectus
1242 1897 1432 1962 facultatum
1448 1906 1632 1961 nostrarum

513 2003 546 2068 in
564 2003 633 2069 suis
653 2003 913 2087 operationibus,
943 2005 1001 2069 sed
1030 2004 1127 2069 etiam
1157 2005 1208 2068 via
1239 2012 1271 2067 et
1299 2003 1379 2068 ordo
1407 2004 1574 2068 tenendus
1604 2003 1633 2065 in

514 2112 611 2203 rehus
630 2110 876 2195 investigandis,
889 2110 972 2181 sicut
988 2130 1053 2177 non
1069 2106 1188 2177 sufficit
1203 2112 1243 2176 ad
1259 2112 1438 2177 terminum
1452 2110 1631 2194 quemdam

388 2289 392 2300 ¹
512 2217 683 2300 pervenire
712 2218 872 2302 cupienti,
904 2228 940 2285 ut
967 2220 1065 2301 pedes
1093 2219 1209 2284 habeat
1235 2217 1347 2283 firmos
1373 2229 1406 2284 et
1430 2217 1556 2283 habiles
1579 2226 1635 2281 aut

347 3303 437 3350 &finili
446 3324 451 3344 t

311 3376 410 3423 methodi
419 3392 487 3431 gene·

360 3447 433 3497 ratim,

324 3526 347 3564 et
357 3519 471 3572 speciatim

329 3587 351 3631 in
360 3588 466 3632 scientiis·

339 4386 462 4435 Mallon

338 4459 455 4519 andria,

512 2340 635 2408 equum
656 2324 754 2391 etiam
775 2328 825 2391 vel
846 2327 978 2391 rhedam
999 2328 1040 2391 ad
1060 2328 1118 2392 iter
1136 2325 1335 2401 faciendum,
1357 2325 1415 2390 sed
1435 2327 1568 2408 insuper
1588 2345 1635 2390 re-

512 2432 651 2516 quiritur
669 2452 766 2499 nosse
785 2434 869 2499 viam
886 2434 1063 2523 planiorem
1084 2434 1320 2517 aptioremque.

1064 2592 1073 2624 Ι

944 2752 1144 2838 CAPUT
1177 2752 1207 2836 l.

667 2934 855 3016 Qum
881 2937 975 2998 ET
1000 2933 1480 3016 QUOTUPLEX

882 3040 888 3050 ’
935 3083 1203 3148 METHODUS.

558 3307 636 3381 prr.
685 3295 876 3378 Methodus,
897 3288 1033 3382 μέθοδος,
1056 3311 1074 3356 a
1094 3293 1354 3376 vocibusgraecis
1372 3315 1450 3382 μετα
1470 3295 1580 3376 (cum)
1603 3307 1633 3358 et

512 3397 577 3476 ὁδός
590 3403 693 3485 (aza),
713 3402 804 3485 quasi
819 3401 940 3466 diceres
957 3419 1028 3466 cum
1041 3399 1094 3464 uia
1109 3401 1159 3463 vel
1179 3403 1284 3476 inodo,
1305 3399 1430 3466 definiri
1452 3412 1558 3483 potest
1577 3419 1634 3483 ge-

500 3480 667 3576 *neratimt
685 3512 795 3574 modus
804 3509 993 3592 procedendi
1000 3513 1057 3573 aut
1068 3508 1191 3592 aliquid
1198 3508 1343 3592 faciendi
1346 3529 1359 3588 ,·
1379 3508 1410 3572 in
1431 3509 1540 3591 specie
1556 3527 1635 3572 vero

513 3619 608 3682 relate
627 3617 668 3682 ad
686 3617 835 3682 scientias
854 3625 903 3682 est
921 3617 998 3680 ordo
1022 3617 1071 3680 vel
1090 3616 1200 3680 modus
1214 3615 1406 3696 procedendi
1431 3616 1466 3680 in
1489 3613 1636 3680 verimtis

512 3724 673 3808 indagine,
695 3724 745 3789 vel
765 3722 797 3788 in
816 3723 1024 3789 scientiarum
1043 3721 1257 3788 assecutione.
1273 3723 1379 3799 Quare
1396 3742 1462 3787 non
1481 3723 1634 3788 consistit

514 3833 643 3916 praecise
663 3834 695 3897 in
716 3840 799 3896 recta
819 3830 1045 3895 exercitatione
1063 3829 1195 3913 triplicis
1211 3840 1302 3896 actus
1318 3831 1559 3904 intellectualis,
1576 3831 1636 3896 sed

513 3941 544 4004 in
565 3939 775 4023 dispositione
794 3938 910 4023 objecti
931 3957 966 4003 ac
986 3939 1097 4004 ordine
1121 3938 1280 4012 materiae,
1300 3939 1383 4003 circa
1414 3956 1515 4022 quam
1542 3950 1639 4004 actus

512 4047 556 4130 illi
575 4061 797 4114 exerceantur.

579 4156 684 4220 Variae
703 4165 839 4239 possunt
858 4173 930 4219 esse
950 4153 1124 4219 divisiones
1143 4154 1304 4229 methodi,
1326 4153 1383 4219 sed
1403 4151 1456 4218 illa
1472 4155 1638 4237 praecipue

512 4264 551 4329 ad
572 4282 640 4327 rem
658 4271 804 4328 nostram
825 4261 978 4344 pertinet,
1000 4279 1065 4343 qua
1086 4261 1261 4327 methodus
1279 4261 1476 4345 dispescitur
1496 4261 1530 4326 in
1556 4281 1642 4326 anu-

511 4371 637 4453 lyticam
655 4380 687 4434 et
712 4369 925 4450 synthett'cam.
947 4369 1121 4452 Methodus
1144 4366 1302 4454 analytica
1320 4361 1500 4454 generatim
1523 4389 1643 4454 proce-

510 4478 558 4543 dit
576 4478 733 4562 perviam
753 4459 976 4550 resolutionis,
994 4476 1262 4560 progrediturque
1281 4497 1298 4540 a
1319 4476 1424 4560 magis
1439 4477 1644 4561 compositis

509 4595 543 4650 et
558 4584 789 4667 posterioribus
808 4584 848 4647 ad
863 4581 1028 4666 simpliora
1047 4594 1079 4649 et
1094 4584 1210 4666 priora.
1227 4583 1264 4646 Et
1278 4582 1381 4648 tribus
1401 4581 1511 4651 modis
1527 4601 1644 4650 serva·

417 4683 421 4688 ’
509 4702 563 4760 tur
582 4695 651 4758 haec
670 4691 844 4757 methodus
856 4689 1078 4758 resolutionis:
1092 4690 1198 4776 primo
1212 4709 1288 4758 cum
1308 4709 1325 4756 a
1344 4691 1645 4776 compositioribus
