3492 5525
528 428 605 489 roob
633 427 761 491 Locren
775 427 1010 502 Maron-Lim
1027 443 1097 503 μ’,
1114 428 1203 491 Drsr.
1221 440 1266 511 4·
1281 427 1363 491 Can.
1382 440 1452 509 ω

472 612 676 704 praedicatur
703 610 745 677 de
773 630 911 679 numero
940 630 1072 688 sonoro,
1097 612 1225 696 objecto
1249 612 1401 687 Musices,
1421 620 1455 675 et
1484 628 1605 695 corpus

485 720 645 796 animale,
661 705 827 805 objectum
848 720 990 805 partiale.
1014 720 1184 805 Physices,
1205 720 1360 804 adquam
1381 727 1506 803 spectat
1524 734 1605 783 con-

486 827 625 893 siderare
648 845 708 894 ens
727 829 859 903 mobile,
880 848 916 893 ac
935 828 1070 911 proinde
1087 828 1323 911 etiam-corpus
1342 828 1454 893 vivum
1466 830 1513 890 'et
1536 825 1606 890 ani·

487 936 583 1010 male,
601 935 644 1001 de
667 952 800 1019 corpore
820 944 856 1001 ut
875 934 1031 1012 sensibili,
1052 934 1142 1018 quod
1165 944 1214 1001 est
1232 936 1398 1019 objectum
1418 932 1603 1001 Medicinae.

318 1072 385 1102 secun
417 1090 423 1109 .
485 1047 642 1110 &cunda
658 1050 709 1109 est
726 1044 882 1122 conditio,
901 1053 938 1109 ut
959 1043 1142 1129 subjectum
1161 1042 1393 1110 subalternatae
1407 1042 1606 1125 superaddat

427 1207 430 1214 ,
485 1149 627 1233 aliquam
655 1150 868 1215 differentiam
897 1150 1144 1217 accidentariam
1173 1161 1206 1215 et
1227 1158 1426 1216 extraneam:
1456 1150 1530 1215 talis
1555 1158 1608 1214 est
1731 1150 1732 1155 ’

486 1276 519 1324 v.
539 1277 574 1341 g.
590 1256 758 1323 diserentia
774 1259 884 1323 sonori
896 1260 946 1324 vel
964 1258 1116 1323 sanabilis
1134 1257 1166 1323 in
1186 1258 1288 1325 allatis
1308 1276 1412 1342 nuper
1429 1257 1604 1341 exemplis.

485 1362 547 1429 Ubi
559 1382 663 1430 unum
683 1366 784 1448 probe
800 1373 894 1441 nota,
909 1366 1094 1449 passionem
1107 1382 1165 1433 seu
1177 1365 1407 1449 proprietatem
1426 1383 1491 1431 non
1506 1382 1606 1449 posse

484 1488 557 1537 esse
575 1471 787 1540 differentiam
806 1484 916 1558 aptam
944 1474 984 1539 ad
1004 1475 1082 1549 hoc,
1103 1482 1139 1538 ut
1158 1473 1280 1559 adjecta
1302 1472 1449 1558 subjecto
1467 1472 1607 1555 alicuius

484 1578 627 1645 scientiae
654 1579 833 1648 constituat
864 1580 1048 1667 subjectum
1080 1580 1221 1647 scientie
1247 1580 1488 1647 subalternatae.
1517 1580 1607 1656 Quia

485 1686 557 1752 licet
568 1687 675 1770 passio
683 1688 725 1753 sit
735 1687 885 1755 accidens
895 1688 928 1753 in
938 1706 1035 1753 sensu
1050 1688 1273 1773 metaphysico
1285 1738 1293 1764 ,
1307 1687 1518 1753 nihilominus
1536 1706 1605 1753 non

483 1802 533 1859 est
542 1794 664 1878 aliquid
678 1804 870 1861 extraneum
886 1814 975 1863 asuo
990 1796 1152 1882 subjecto,
1165 1795 1223 1861 sed
1238 1796 1279 1860 ab
1297 1815 1338 1860 eo
1354 1794 1538 1861 necessario
1557 1795 1608 1860 di·
1731 1826 1732 1851 r

485 1901 1606 1988 manans:undeetiamtractaturabeademscientiaquaesubjcctum

483 2008 678 2075 considerat:
699 2008 803 2075 immo
823 2011 854 2077 id
873 2020 924 2077 est
943 2010 1109 2096 proprium
1126 2011 1268 2096 cujusvis
1287 2010 1449 2086 scientiae,
1471 2021 1509 2075 ut
1529 2030 1609 2095 pas-

344 2148 355 2175 e
377 2130 405 2175 a.
482 2117 591 2182 siones
606 2136 642 2183 ac
657 2117 869 2201 proprietates
882 2118 1018 2203 subjecti
1033 2119 1083 2184 sui
1098 2118 1315 2185 demonstret.
1327 2122 1447 2185 Tertia
1460 2117 1608 2183 conditio

483 2232 546 2300 est,
566 2234 603 2289 ut
622 2224 775 2310 principia
792 2226 916 2302 omnia,
938 2227 989 2290 vel
1005 2226 1118 2291 saltem
1133 2226 1298 2309 pleraque,
1316 2234 1485 2292 mutuetur
1499 2226 1610 2291 scien-

482 2332 525 2397 tia
543 2332 761 2399 subalternata
779 2352 798 2396 a
815 2332 971 2416 superiori
991 2332 1136 2408 scientia,
1157 2334 1250 2417 cujus
1269 2328 1347 2399 sunt
1374 2318 1608 2399 conclusiones

481 2459 500 2504 a
527 2438 623 2523 priori
649 2441 882 2506 demonstrate
901 2442 951 2505 vel
970 2439 1242 2507 demonstrabiles
1266 2436 1329 2528 (1).
1361 2440 1404 2505 lta
1432 2440 1607 2506 Medicinae

482 2548 584 2630 prima
607 2547 759 2631 principia
786 2557 864 2613 sunt
893 2548 1121 2614 conclusiones
1150 2547 1313 2634 Physices:
1340 2548 1426 2613 unde
1456 2550 1608 2615 manavit

480 2654 558 2719 illud
578 2652 799 2740 proloquium:
819 2656 882 2723 Ubi
892 2654 1009 2721 desinit
1019 2656 1182 2737 physicus,
1199 2656 1310 2737 incipit
1321 2654 1475 2721 Medicus.
1493 2654 1606 2731 Quare

480 2760 697 2829 subalternata
715 2760 848 2829 scientia
866 2781 933 2830 non
957 2764 1054 2832 habet
1074 2762 1211 2848 ‘propria
1231 2763 1402 2849 principia,
1423 2765 1481 2830 sed
1514 2763 1607 2848 prin·

479 2869 562 2953 cipia
578 2870 649 2954 ejus
667 2876 745 2936 sunt
763 2871 990 2938 conclusiones
1010 2870 1152 2937 scientiae
1177 2870 1440 2939 subalternantis.

419 3009 441 3037 a
544 2978 618 3043 Non
637 2977 758 3043 desunt
771 2980 881 3062 plures
899 2987 1064 3054 auctores,
1081 2978 1137 3063 qui
1154 2987 1269 3046 notent
1283 2981 1366 3044 hanc
1379 2979 1507 3046 tertiam
1523 2999 1606 3046 con·
1665 2985 1673 2996 '

367 3137 410 3180 ,ω
479 3085 635 3152 ditionem
654 3085 698 3152 ita
716 3103 786 3152 esse
806 3105 864 3170 per
882 3105 918 3152 se
936 3095 1034 3170 atque
1052 3087 1265 3153 essentialiter
1288 3086 1494 3171 requisitam,
1516 3099 1556 3156 ut
1575 3089 1603 3154 si

478 3194 547 3259 sola
561 3193 661 3269 adsit,
678 3193 775 3259 etiam
791 3192 923 3278 reliquis
937 3193 1173 3270 deficientibus,
1187 3192 1328 3261 sufficiat
1342 3195 1382 3259 ad
1398 3213 1508 3260 veram
1522 3195 1604 3262 sub-

478 3301 724 3369 alternationem
739 3298 803 3388 (2).
826 3300 887 3366 Alii
905 3309 1035 3378 tamen,
1063 3320 1130 3368 non
1148 3302 1292 3368 contenti
1316 3303 1375 3367 hac
1400 3303 1469 3368 sola
1488 3303 1604 3368 condi-

478 3409 578 3485 tione,
594 3418 728 3474 caeteras
740 3408 856 3485 etiam,
873 3426 956 3492 quas
966 3409 1066 3475 modo
1076 3409 1327 3488 declaravimus,
1346 3410 1513 3494 requirunt
1532 3407 1600 3498 (3).

545 3517 578 3582 ln
598 3517 657 3583 hac
667 3516 853 3582 diversitate
871 3517 1026 3601 loquendi
1045 3528 1170 3583 certum
1187 3517 1389 3602 planumque
1407 3525 1474 3593 est,
1495 3517 1604 3584 scien·

477 3625 555 3692 tiam
579 3626 621 3691 ab
634 3626 693 3691 alia
712 3625 954 3708 dependentem
979 3625 1012 3690 in
1031 3624 1189 3691 omnibus
1208 3625 1277 3692 suis
1301 3625 1464 3710 principiis
1490 3624 1603 3691 eidem

477 3733 702 3799 subalternari.
719 3732 846 3798 Etenim
863 3732 989 3817 propria
1004 3732 1226 3826 subordinatio
1243 3732 1397 3818 importat
1411 3733 1609 3818 dependen-

512 4000 553 4073 (ι)
587 4001 664 4059 Vide
687 3999 830 4071 Caietam,
849 4011 930 4058 tract.
956 4000 993 4057 dc
1015 3999 1216 4058 Subolternat.
1231 4001 1394 4069 scientiam:
1415 4001 1491 4059 Rub.
1511 4001 1606 4080 Lep.¹

476 4089 525 4148 lib.
551 4099 588 4148 r.·
603 4092 696 4158 Post„
720 4103 802 4148 tract.
823 4089 860 4146 de
873 4088 1040 4148 Subollem.
1058 4091 1176 4158 scient:
1191 4087 1332 4160 Lossada,
1356 4089 1445 4166 Lug„
1462 4105 1550 4152 tract.
1575 4095 1607 4164 6,
1684 4080 1689 4088 ’

476 4179 552 4253 disp.
569 4199 595 4248 a,
610 4199 672 4252 cap.
685 4198 715 4252 4,
731 4199 761 4238 n.
778 4199 818 4250 ¹3·

511 4273 552 4338 (2)
587 4269 664 4326 Vide
678 4267 799 4327 Cardin.
816 4268 908 4339 Caiet.
931 4267 962 4327 in
979 4277 1037 4326 r.⁸¹¹
1055 4280 1143 4341 part,
1159 4281 1264 4340 quoest.
1281 4289 1307 4336 r,
1325 4281 1380 4327 art.
1404 4289 1436 4339 a:
1451 4269 1607 4344 Valentia,

475 4358 507 4417 in
528 4369 585 4417 ιθ·
596 4372 682 4430 pert,
694 4358 770 4431 disp.
790 4378 814 4429 r,
830 4370 934 4430 quaest.
954 4377 977 4427 r,
994 4370 1094 4430 punct.
1111 4379 1137 4430 3,
1155 4377 1255 4432 parag.
1271 4377 1298 4426 a:
1313 4357 1415 4417 Cosm.
1431 4359 1468 4417 de
1484 4357 1605 4430 Lernae,

475 4447 593 4523 Logia,
604 4448 653 4506 lib.
668 4449 695 4514 8,
713 4460 818 4521 quaest.
837 4469 878 4519 13,
896 4447 970 4506 Dico
980 4449 1081 4523 igitur
1097 4458 1138 4505 1.⁰

510 4540 553 4609 (3)
588 4537 664 4595 Vide
676 4557 704 4596 v.
717 4559 747 4611 g.
759 4536 859 4606 Suam,
875 4535 951 4610 disp.
971 4557 994 4607 r,
1007 4537 1147 4612 Metapa..
1163 4550 1232 4596 sect.
1248 4555 1272 4610 5,
1289 4557 1319 4596 n.
1333 4538 1380 4612 48,
1396 4557 1493 4612 seqq-3
1508 4539 1608 4602 Tolct.

476 4626 507 4686 in
524 4639 581 4686 r.··
595 4639 682 4700 part,
697 4639 802 4700 quaest.
825 4648 854 4698 ι,
869 4639 923 4685 art.
946 4647 978 4696 2,
999 4639 1103 4699 quaest.
1129 4639 1180 4698 αθ,
1194 4627 1333 4696 Jacobum
1357 4627 1551 4704 Granadum,
1577 4635 1609 4694 in

479 4727 533 4778 ι.·“
546 4729 634 4792 parta,
649 4729 731 4777 tract.
746 4716 784 4776 de
796 4717 906 4778 Natur.
923 4717 1073 4792 Theolog„
1087 4715 1165 4789 disp.
1181 4717 1213 4788 6,
1230 4717 1259 4776 ir.
1274 4717 1302 4775 6.
