3492 5525
227 468 341 533 alarin.
357 483 417 533 υ*
429 469 479 532 An
493 486 746 533 nenonsrnsno
761 487 812 533 srr
825 486 869 531 ax
885 485 1003 531 nanas.
1020 484 1092 531 arc.
1126 465 1185 548 863

165 646 200 735 α)
218 650 390 732 Propositio
407 653 446 715 de
465 652 636 734 prodeam
653 655 696 718 de
713 657 810 719 omni
837 650 954 718 dicitur
973 650 1170 736 propositio,
1191 650 1225 714 in
1276 738 1282 748 ἢ
1312 666 1404 748 0111Ἰ

98 773 165 838 qua
183 756 260 823 nihil
280 767 329 823 est
347 776 477 823 sumere
495 760 558 825 sub
580 759 745 843 subjecto,
761 761 803 825 de
824 777 893 843 quo
914 777 981 825 non
1000 757 1125 824 dicatur
1143 776 1227 842 prae·
1263 747 1418 854 '¹‘ffffi‘¹⁰

99 862 261 939 dicatum,
282 875 314 931 et
333 864 467 948 quidem
487 884 546 951 pro
564 866 655 932 omni
674 875 844 950 tempore;
860 858 984 950 ¹irempe
1004 876 1054 931 est
1078 864 1228 950 proposi·
1271 883 1412 938 narratum

99 972 163 1047 tio,
185 970 217 1037 in
243 989 309 1055 qua
336 974 548 1056 praedicatum
575 991 652 1040 cum
679 974 816 1039 veritate
843 972 1000 1039 convenit
1027 973 1171 1039 omnibus
1195 979 1228 1036 et
1286 954 1392 1000 ‘¹⁶⁰¹“¹¹¹·

98 1079 239 1164 singulis
272 1079 474 1147 interioribus
502 1082 638 1168 subjecti
668 1091 700 1148 et
723 1099 870 1166 semper,
893 1090 930 1148 ut
956 1082 1042 1146 haec:
1067 1078 1167 1145 Homo
1184 1082 1231 1144 est

99 1185 286 1268 retroneis,-
311 1188 362 1252 vel
387 1188 521 1253 Animal
543 1191 591 1254 esi
612 1188 804 1269 srrlrstantio;
832 1187 1015 1254 animalitas
1038 1186 1126 1252 eninr
1152 1204 1227 1251 vere

99 1294 254 1361 convenit
268 1294 359 1360 omni
379 1294 548 1361 individuo
566 1296 682 1380 speciei
702 1297 855 1363 humanae
873 1304 907 1362 et
925 1294 1060 1380 quidem
1081 1311 1225 1379 semper,

99 1411 134 1467 et
158 1400 305 1467 similiter
322 1402 505 1469 substantia
529 1403 691 1488 praedicari
711 1422 842 1488 semper
859 1422 936 1472 cum
964 1392 1100 1469 'veritate
1118 1408 1228 1485 potest

102 1511 143 1575 de
157 1510 276 1593 quovis
294 1510 426 1575 animali
442 1506 506 1597 (r).
705 1586 709 1597 ⁸

169 1618 331 1683 Caeterum
352 1626 467 1683 notant
481 1618 672 1703 interpretes
687 1619 727 1684 ad
744 1617 984 1703 propositiones
997 1617 1043 1682 de
1053 1615 1227 1700 praedicato

99 1727 140 1789 de
157 1725 244 1791 omni
262 1727 404 1792 revocari
424 1744 522 1810 posse
541 1724 780 1811 propositiones
799 1726 966 1811 negativas
980 1723 1021 1790 de
1035 1726 1140 1800 nullo,
1154 1722 1227 1788 licet

101 1834 171 1899 illas
191 1852 257 1899 non
276 1834 469 1918 expresserit
488 1833 653 1920 stagirita:
676 1851 752 1901 nam
772 1832 950 1919 praemissae
970 1831 1130 1917 negative
1144 1830 1226 1895 tales

101 1958 173 2007 esse
202 1940 335 2017 debent,
364 1951 400 2007 ut
420 1940 498 2007 nihil
517 1942 599 2007 inira
621 1960 732 2007 earum
755 1942 942 2025 subjectum
966 1938 1052 2006 sumi
1073 1937 1187 2024 possit,
1207 1955 1226 2001 a

102 2066 171 2131 quo
190 2065 255 2114 non
274 2048 317 2114 sit
336 2050 574 2115 removendum
594 2049 803 2135 praedicatum
823 2066 883 2133 pro
901 2037 1168 2131 omnitempore,
1190 2055 1226 2111 ut

101 2154 261 2241 contingit
278 2154 310 2223 in
330 2156 402 2222 hac:
423 2156 541 2225 Nullus
555 2157 635 2240 lapis
649 2162 695 2223 est
706 2156 824 2223 vivens.

170 2263 249 2329 lllnd
279 2264 378 2331 etiam
408 2272 485 2330 nota
513 2265 735 2350 praedicatum
754 2265 794 2330 de
812 2264 900 2329 omni
922 2280 1019 2348 posse
1042 2262 1129 2328 sumi
1161 2278 1226 2326 non

101 2374 209 2437 solum
224 2372 370 2453 positive,
391 2372 522 2456 quando
542 2392 661 2457 nempe
680 2372 866 2456 subjectum
886 2379 937 2436 est
955 2370 1117 2435 terminus
1135 2386 1227 2436 eom·

102 2480 213 2545 munis
231 2481 322 2565 plura
337 2480 511 2546 continens
528 2480 677 2547 interiora
689 2482 751 2547 sub
764 2499 823 2546 sua
838 2478 1042 2554 extensione,
1058 2475 1227 2543 sedetiam

101 2588 256 2671 negative,
276 2588 409 2671 quando
428 2586 575 2655 videlicet
593 2588 777 2670 subjectum
797 2600 847 2654 est
865 2588 1026 2653 terminus
1039 2584 1226 2670 singularis,

100 2696 217 2759 saltem
233 2694 259 2762 si
273 2694 316 2762 sit
328 2693 532 2762 individuum
547 2693 680 2780 aliquod
695 2692 1027 2781 immultiplieabilein
1038 2711 1097 2759 sua
1107 2690 1226 2777 specie,

101 2803 188 2869 utin
208 2805 280 2871 hac:
301 2805 389 2870 Deus
399 2806 512 2870 extens
529 2823 549 2870 a
568 2823 611 2870 se.
631 2805 716 2872 Nam
731 2802 830 2870 etiam
846 2814 927 2871 tunc
949 2821 1059 2869 revera
1080 2799 1158 2867 nihil
1178 2810 1229 2866 est

136 3056 178 3127 (ι)
215 3052 291 3112 Vide
303 3053 383 3113 Sum.
401 3053 488 3112 totius
503 3055 624 3131 Logieoe
637 3055 775 3124 Ariston,
791 3067 873 3112 tract.
890 3074 920 3126 9,
936 3073 999 3126 cap.
1015 3072 1041 3110 a.

154 3144 199 3203 nd
215 3143 437 3217 intelligentiam
453 3157 583 3202 veterum
598 3143 772 3215 scriptorum
788 3157 855 3202 nota
870 3142 978 3215 dopiex
990 3140 1133 3215 distingui
1148 3160 1229 3213 prve-

100 3233 228 3294 dicatum
243 3234 280 3292 de
293 3235 380 3301 omni,
395 3233 475 3291 aliud
491 3234 706 3306 prroristicum,
722 3232 801 3292 aliud
819 3233 1092 3306 posteriors'stierrnr.
1116 3229 1230 3288 Priori-

63 3353 68 3364 ·
100 3324 207 3384 sticum
229 3336 274 3382 est
294 3323 482 3396 praedieatum
503 3322 679 3382 attributum
700 3323 829 3394 subiecto
849 3321 1010 3381 secundum
1030 3333 1122 3380 totam
1144 3339 1228 3378 auam

99 3413 298 3473 extensionem
314 3433 346 3470 ae
365 3412 504 3486 temporis
516 3413 715 3478 durationem,
731 3412 947 3488 praescindendo
962 3413 997 3469 ab
1010 3431 1052 3480 eo,
1074 3411 1148 3484 quod
1163 3428 1230 3468 vere

100 3504 150 3562 vel
163 3503 248 3573 saiso
268 3503 444 3560 attribuatur
458 3504 511 3560 snb
532 3523 567 3560 ee
588 3503 822 3561 universalitate.
847 3499 1110 3559 Posterioristieum
1130 3512 1229 3558 autem

100 3606 146 3650 est
157 3591 355 3666 predicatum,
366 3591 445 3664 quod
460 3612 525 3650 vere
539 3591 709 3650 attribuitur
721 3592 857 3662 subjecto,
873 3590 1035 3649 secundum
1045 3604 1136 3649 totam
1146 3609 1229 3646 auam

99 3682 298 3740 extensionem
312 3701 365 3754 pro
379 3680 483 3752 queris
494 3681 659 3740 duratione.
677 3681 761 3740 Ratio
782 3679 986 3752 appellationis
1003 3699 1037 3737 ae
1049 3676 1230 3737 diversitatis

101 3773 192 3844 hujus
206 3791 239 3828 ex
254 3791 288 3830 eo
303 3770 424 3843 petitur,
441 3771 520 3842 quod
533 3769 704 3830 Aristoteles
716 3785 779 3829 turn
793 3769 824 3829 in
838 3768 921 3828 libris
934 3771 1074 3829 Priorum
1088 3769 1229 3842 Anolyti-

100 3883 173 3930 cor.,
187 3875 249 3919 tum
260 3859 291 3917 in
303 3859 385 3918 libris
393 3861 564 3930 Posterior.,
577 3861 691 3919 locutus
701 3859 788 3932 luerit
797 3859 834 3917 de
844 3857 1013 3930 hujusmodi
1023 3856 1230 3931 propositioni·

101 3953 157 4010 bus
172 3949 388 4009 universalibus
401 3951 436 4008 de
449 3953 543 4020 omni,
558 3948 617 4008 Sed
629 3949 768 4021 quoniam
785 3949 816 4008 in
830 3947 911 4009 libris
923 3950 1060 4008 Priorum
1074 3946 1169 4006 solum
1183 3945 1230 4004 in-

100 4039 196 4099 tendit
209 4059 351 4113 exponere
373 4038 495 4098 formem
513 4039 690 4113 syllogismi,
707 4039 811 4111 inqua
836 4058 896 4097 non
919 4052 1088 4111 expectatur
1109 4037 1227 4106 veritas,
1248 4057 1253 4067 ·

100 4129 151 4188 sed
175 4143 245 4202 apta
268 4129 420 4188 dumtaxat
442 4129 601 4201 dispositio,
618 4129 809 4190 terminorum
830 4128 867 4186 ad
890 4124 1229 4196 reeteeoneludendum,

100 4220 194 4278 solam
208 4219 333 4290 respexit
352 4217 644 4288 universalitatem,
667 4217 888 4291 praescindendo
901 4239 919 4276 a
934 4217 1067 4277 veritate.
1092 4215 1184 4275 Sonus
1199 4215 1229 4274 in

100 4307 184 4368 libris
198 4309 412 4392 Pospere'ornm,
428 4308 459 4368 in
473 4309 594 4380 quibus,
610 4308 680 4379 quia
694 4308 793 4381 agitur
806 4308 843 4366 de
857 4306 1035 4368 resolutione
1054 4305 1185 4366 scientiae
1198 4304 1230 4366 in

101 4419 155 4456 sun
171 4397 312 4472 principis
338 4398 422 4457 aede
443 4397 706 4465 demonstratione,
733 4398 926 4471 praescindere
947 4417 1006 4456 non
1025 4395 1120 4470 potuit
1141 4416 1160 4454 a
1179 4415 1230 4455 ve·

100 4489 187 4548 ritate
207 4487 237 4546 in
253 4487 500 4560 propositionibus
514 4487 551 4548 de
563 4488 716 4555 omnibus,
742 4509 810 4547 nam
832 4486 953 4547 seientia
974 4500 1004 4546 et
1020 4485 1230 4548 demonstratio

99 4577 253 4638 veritatem
275 4577 468 4638 essentialiter
491 4578 650 4650 postulent.
666 4577 744 4638 Vide
758 4577 792 4638 S.
807 4578 967 4649 Thomala,
989 4575 1054 4636 lib.
1073 4583 1110 4634 r.'
1129 4577 1230 4636 Poste·

100 4669 182 4735 rior..
199 4666 269 4726 leet„
286 4688 316 4741 95
336 4667 489 4728 Albertum
510 4667 564 4738 ll,
590 4666 711 4739 Sotum,
726 4667 878 4739 Toletum,
895 4663 1087 4738 conimbrie,
1102 4665 1229 4730 Rubium

102 4771 158 4817 ete.
174 4756 221 4817 hie
233 4757 265 4817 in
279 4778 340 4831 eap.
356 4777 385 4832 4,
400 4757 450 4817 lib.
469 4779 480 4818 r
496 4759 657 4819 Posterior.
