<?xml version="1.0" encoding="UTF-8"?>
<!DOCTYPE html PUBLIC "-//W3C//DTD XHTML 1.0 Transitional//EN"
    "http://www.w3.org/TR/xhtml1/DTD/xhtml1-transitional.dtd">
<html xmlns="http://www.w3.org/1999/xhtml" xml:lang="en" lang="en">
 <head>
  <title>
</title>
<meta http-equiv="Content-Type" content="text/html;charset=utf-8" />
  <meta name='ocr-system' content='tesseract 3.04.00' />
  <meta name='ocr-capabilities' content='ocr_page ocr_carea ocr_par ocr_line ocrx_word'/>
</head>
<body>
  <div class='ocr_page' id='page_1' title='image "./institutionesph00urrgoog/institutionesph00urrgoog_0545.png"; bbox 0 0 3492 5525; ppageno 0'>
   <div class='ocr_carea' id='block_1_1' title="bbox 282 428 1243 514">
    <p class='ocr_par' dir='ltr' id='par_1_1' title="bbox 282 428 1243 514">
     <span class='ocr_line' id='line_1_1' title="bbox 282 428 1243 514; baseline -0.003 -20"><span class='ocrx_word' id='word_1_1' title='bbox 282 428 400 497; x_wconf 86' lang='lat' dir='ltr'><strong>Anrrc.</strong></span> <span class='ocrx_word' id='word_1_2' title='bbox 418 446 477 514; x_wconf 59' lang='lat'><strong>3³¹·</strong></span> <span class='ocrx_word' id='word_1_3' title='bbox 491 428 614 495; x_wconf 83' lang='lat' dir='ltr'><strong>Urnuu</strong></span> <span class='ocrx_word' id='word_1_4' title='bbox 629 447 805 495; x_wconf 79' lang='lat' dir='ltr'><strong>nvrnnurrn</strong></span> <span class='ocrx_word' id='word_1_5' title='bbox 818 448 924 495; x_wconf 77' lang='lat' dir='ltr'><strong>conas</strong></span> <span class='ocrx_word' id='word_1_6' title='bbox 938 448 982 495; x_wconf 78' lang='lat' dir='ltr'><strong>ao</strong></span> <span class='ocrx_word' id='word_1_7' title='bbox 995 448 1165 495; x_wconf 77' lang='lat' dir='ltr'><strong>assensuri</strong></span> <span class='ocrx_word' id='word_1_8' title='bbox 1188 445 1243 514; x_wconf 81' lang='lat'><strong>5²3</strong></span> 
     </span>
    </p>
   </div>
   <div class='ocr_carea' id='block_1_2' title="bbox 158 537 480 559">
    <p class='ocr_par' dir='ltr' id='par_1_2' title="bbox 158 537 480 559">
     <span class='ocr_line' id='line_1_2' title="bbox 158 537 480 559; baseline -0.003 -6"><span class='ocrx_word' id='word_1_9' title='bbox 158 537 480 559; x_wconf 60' lang='grc' dir='ltr'>...ιιι-ιιι,-</span> 
     </span>
    </p>
   </div>
   <div class='ocr_carea' id='block_1_3' title="bbox 156 612 1283 917">
    <p class='ocr_par' dir='ltr' id='par_1_3' title="bbox 156 612 1283 917">
     <span class='ocr_line' id='line_1_3' title="bbox 206 612 1283 701; baseline -0.006 -16"><span class='ocrx_word' id='word_1_10' title='bbox 206 623 308 685; x_wconf 79' lang='lat' dir='ltr'><strong>Prob.</strong></span> <span class='ocrx_word' id='word_1_11' title='bbox 329 632 380 683; x_wconf 54' lang='grc' dir='ltr'><strong>ιο</strong></span> <span class='ocrx_word' id='word_1_12' title='bbox 424 617 547 701; x_wconf 83' lang='lat' dir='ltr'><strong>Nequit</strong></span> <span class='ocrx_word' id='word_1_13' title='bbox 566 615 750 682; x_wconf 90' lang='lat' dir='ltr'><strong>intellectus</strong></span> <span class='ocrx_word' id='word_1_14' title='bbox 777 612 958 700; x_wconf 82' lang='lat' dir='ltr'>quidquam</span> <span class='ocrx_word' id='word_1_15' title='bbox 978 616 1131 699; x_wconf 91' lang='lat' dir='ltr'><strong>amplecti</strong></span> <span class='ocrx_word' id='word_1_16' title='bbox 1158 616 1283 699; x_wconf 81' lang='lat' dir='ltr'>absque</span> 
     </span>
     <span class='ocr_line' id='line_1_4' title="bbox 156 722 1281 809; baseline -0.002 -18"><span class='ocrx_word' id='word_1_17' title='bbox 156 723 334 793; x_wconf 84' lang='lat' dir='ltr'><strong>sufficienti</strong></span> <span class='ocrx_word' id='word_1_18' title='bbox 359 725 497 791; x_wconf 88' lang='lat' dir='ltr'><strong>motivo.</strong></span> <span class='ocrx_word' id='word_1_19' title='bbox 518 724 620 809; x_wconf 86' lang='lat' dir='ltr'><strong>Atqui</strong></span> <span class='ocrx_word' id='word_1_20' title='bbox 645 741 723 790; x_wconf 88' lang='lat' dir='ltr'><strong>vero</strong></span> <span class='ocrx_word' id='word_1_21' title='bbox 746 722 914 791; x_wconf 87' lang='lat' dir='ltr'><strong>evidenter</strong></span> <span class='ocrx_word' id='word_1_22' title='bbox 937 732 1131 809; x_wconf 83' lang='lat' dir='ltr'>apparente,</span> <span class='ocrx_word' id='word_1_23' title='bbox 1153 723 1281 790; x_wconf 92' lang='lat' dir='ltr'><strong>nullum</strong></span> 
     </span>
     <span class='ocr_line' id='line_1_5' title="bbox 157 828 1279 917; baseline -0.002 -18"><span class='ocrx_word' id='word_1_24' title='bbox 157 840 269 917; x_wconf 90' lang='lat' dir='ltr'><strong>potest</strong></span> <span class='ocrx_word' id='word_1_25' title='bbox 285 840 460 917; x_wconf 82' lang='lat' dir='ltr'>suppetere</span> <span class='ocrx_word' id='word_1_26' title='bbox 480 828 641 898; x_wconf 86' lang='lat' dir='ltr'><strong>motivum</strong></span> <span class='ocrx_word' id='word_1_27' title='bbox 666 830 707 896; x_wconf 94' lang='lat' dir='ltr'><strong>ad</strong></span> <span class='ocrx_word' id='word_1_28' title='bbox 733 831 921 915; x_wconf 90' lang='lat' dir='ltr'><strong>oppositum</strong></span> <span class='ocrx_word' id='word_1_29' title='bbox 946 849 1129 897; x_wconf 81' lang='lat' dir='ltr'>assensum.</span> <span class='ocrx_word' id='word_1_30' title='bbox 1154 831 1279 917; x_wconf 87' lang='lat' dir='ltr'><strong>Ergo...</strong></span> 
     </span>
    </p>
   </div>
   <div class='ocr_carea' id='block_1_4' title="bbox 146 936 1353 4355">
    <p class='ocr_par' dir='ltr' id='par_1_4' title="bbox 154 936 1282 1135">
     <span class='ocr_line' id='line_1_6' title="bbox 226 936 1282 1024; baseline -0.002 -18"><span class='ocrx_word' id='word_1_31' title='bbox 226 946 339 1023; x_wconf 85' lang='lat' dir='ltr'><strong>Major</strong></span> <span class='ocrx_word' id='word_1_32' title='bbox 353 947 458 1024; x_wconf 92' lang='lat' dir='ltr'><strong>patet,</strong></span> <span class='ocrx_word' id='word_1_33' title='bbox 474 938 550 1022; x_wconf 92' lang='lat' dir='ltr'><strong>quia</strong></span> <span class='ocrx_word' id='word_1_34' title='bbox 567 938 751 1004; x_wconf 90' lang='lat' dir='ltr'><strong>intellectus</strong></span> <span class='ocrx_word' id='word_1_35' title='bbox 770 946 820 1003; x_wconf 90' lang='lat' dir='ltr'><strong>est</strong></span> <span class='ocrx_word' id='word_1_36' title='bbox 840 940 974 1005; x_wconf 80' lang='lat' dir='ltr'><strong>facultas</strong></span> <span class='ocrx_word' id='word_1_37' title='bbox 994 936 1157 1004; x_wconf 90' lang='lat' dir='ltr'><strong>rationalis</strong></span> <span class='ocrx_word' id='word_1_38' title='bbox 1177 947 1209 1004; x_wconf 92' lang='lat' dir='ltr'><strong>et</strong></span> <span class='ocrx_word' id='word_1_39' title='bbox 1227 957 1282 1005; x_wconf 88' lang='lat' dir='ltr'><strong>co·</strong></span> 
     </span>
     <span class='ocr_line' id='line_1_7' title="bbox 154 1044 1278 1135; baseline 0.002 -22"><span class='ocrx_word' id='word_1_40' title='bbox 154 1046 351 1133; x_wconf 81' lang='lat' dir='ltr'><strong>gnoscitiva,</strong></span> <span class='ocrx_word' id='word_1_41' title='bbox 368 1045 507 1130; x_wconf 91' lang='lat' dir='ltr'><strong>ideoque</strong></span> <span class='ocrx_word' id='word_1_42' title='bbox 520 1064 720 1135; x_wconf 75' lang='lat' dir='ltr'><strong>cognoscere</strong></span> <span class='ocrx_word' id='word_1_43' title='bbox 734 1046 832 1111; x_wconf 90' lang='lat' dir='ltr'><strong>debet</strong></span> <span class='ocrx_word' id='word_1_44' title='bbox 843 1044 999 1131; x_wconf 89' lang='lat' dir='ltr'><strong>idipsum,</strong></span> <span class='ocrx_word' id='word_1_45' title='bbox 1014 1047 1104 1130; x_wconf 90' lang='lat' dir='ltr'><strong>quod</strong></span> <span class='ocrx_word' id='word_1_46' title='bbox 1119 1048 1278 1115; x_wconf 83' lang='lat' dir='ltr'><strong>enuntiat.</strong></span> 
     </span>
    </p>

    <p class='ocr_par' dir='ltr' id='par_1_5' title="bbox 154 1152 1281 1453">
     <span class='ocr_line' id='line_1_8' title="bbox 227 1152 1281 1239; baseline -0.003 -18"><span class='ocrx_word' id='word_1_47' title='bbox 227 1162 349 1239; x_wconf 81' lang='lat' dir='ltr'><strong>Neque</strong></span> <span class='ocrx_word' id='word_1_48' title='bbox 363 1160 470 1229; x_wconf 81' lang='lat' dir='ltr'><strong>dicas,</strong></span> <span class='ocrx_word' id='word_1_49' title='bbox 487 1154 531 1221; x_wconf 89' lang='lat' dir='ltr'><strong>ita</strong></span> <span class='ocrx_word' id='word_1_50' title='bbox 545 1152 679 1237; x_wconf 87' lang='lat' dir='ltr'><strong>quidem</strong></span> <span class='ocrx_word' id='word_1_51' title='bbox 696 1171 732 1219; x_wconf 90' lang='lat' dir='ltr'><strong>se</strong></span> <span class='ocrx_word' id='word_1_52' title='bbox 747 1172 815 1219; x_wconf 91' lang='lat' dir='ltr'><strong>rem</strong></span> <span class='ocrx_word' id='word_1_53' title='bbox 828 1153 958 1229; x_wconf 88' lang='lat' dir='ltr'><strong>babere,</strong></span> <span class='ocrx_word' id='word_1_54' title='bbox 970 1152 997 1219; x_wconf 94' lang='lat' dir='ltr'><strong>si</strong></span> <span class='ocrx_word' id='word_1_55' title='bbox 1007 1153 1068 1219; x_wconf 87' lang='lat' dir='ltr'>sibi</span> <span class='ocrx_word' id='word_1_56' title='bbox 1083 1154 1281 1237; x_wconf 81' lang='lat' dir='ltr'><strong>relinquatur</strong></span> 
     </span>
     <span class='ocr_line' id='line_1_9' title="bbox 155 1260 1281 1345; baseline 0.004 -20"><span class='ocrx_word' id='word_1_57' title='bbox 155 1260 358 1339; x_wconf 89' lang='lat' dir='ltr'><strong>intellectus,</strong></span> <span class='ocrx_word' id='word_1_58' title='bbox 380 1277 477 1345; x_wconf 90' lang='lat' dir='ltr'><strong>posse</strong></span> <span class='ocrx_word' id='word_1_59' title='bbox 505 1269 615 1327; x_wconf 89' lang='lat' dir='ltr'><strong>tamen</strong></span> <span class='ocrx_word' id='word_1_60' title='bbox 635 1262 722 1326; x_wconf 89' lang='lat' dir='ltr'><strong>bunc</strong></span> <span class='ocrx_word' id='word_1_61' title='bbox 740 1260 863 1344; x_wconf 93' lang='lat' dir='ltr'><strong>aliquid</strong></span> <span class='ocrx_word' id='word_1_62' title='bbox 882 1260 980 1328; x_wconf 90' lang='lat' dir='ltr'><strong>etiam</strong></span> <span class='ocrx_word' id='word_1_63' title='bbox 1005 1260 1128 1344; x_wconf 84' lang='lat' dir='ltr'><strong>absque</strong></span> <span class='ocrx_word' id='word_1_64' title='bbox 1156 1262 1281 1329; x_wconf 90' lang='lat' dir='ltr'><strong>ratione</strong></span> 
     </span>
     <span class='ocr_line' id='line_1_10' title="bbox 154 1352 1056 1453; baseline 0 -18"><span class='ocrx_word' id='word_1_65' title='bbox 154 1369 289 1446; x_wconf 69' lang='lat' dir='ltr'><strong>secun,</strong></span> <span class='ocrx_word' id='word_1_66' title='bbox 310 1368 338 1435; x_wconf 91' lang='lat' dir='ltr'><strong>si</strong></span> <span class='ocrx_word' id='word_1_67' title='bbox 352 1368 506 1437; x_wconf 87' lang='lat' dir='ltr'><strong>nimirum</strong></span> <span class='ocrx_word' id='word_1_68' title='bbox 522 1369 696 1453; x_wconf 90' lang='lat' dir='ltr'><strong>imperium</strong></span> <span class='ocrx_word' id='word_1_69' title='bbox 720 1367 897 1433; x_wconf 88' lang='lat' dir='ltr'><strong>voluntatis</strong></span> <span class='ocrx_word' id='word_1_70' title='bbox 915 1352 1056 1437; x_wconf 82' lang='lat' dir='ltr'><strong>acceda&#39;t.</strong></span> 
     </span>
    </p>

    <p class='ocr_par' dir='ltr' id='par_1_6' title="bbox 151 1474 1353 2189">
     <span class='ocr_line' id='line_1_11' title="bbox 226 1474 1279 1561; baseline -0.002 -18"><span class='ocrx_word' id='word_1_71' title='bbox 226 1482 451 1561; x_wconf 83' lang='lat' dir='ltr'><strong>Respondebo</strong></span> <span class='ocrx_word' id='word_1_72' title='bbox 474 1476 561 1542; x_wconf 91' lang='lat' dir='ltr'><strong>enim</strong></span> <span class='ocrx_word' id='word_1_73' title='bbox 589 1475 763 1560; x_wconf 90' lang='lat' dir='ltr'><strong>imperium</strong></span> <span class='ocrx_word' id='word_1_74' title='bbox 792 1474 971 1542; x_wconf 90' lang='lat' dir='ltr'><strong>voluntatis</strong></span> <span class='ocrx_word' id='word_1_75' title='bbox 997 1494 1069 1541; x_wconf 87' lang='lat' dir='ltr'><strong>esse</strong></span> <span class='ocrx_word' id='word_1_76' title='bbox 1095 1475 1128 1541; x_wconf 92' lang='lat' dir='ltr'><strong>in</strong></span> <span class='ocrx_word' id='word_1_77' title='bbox 1154 1476 1279 1543; x_wconf 92' lang='lat' dir='ltr'><strong>bonurn</strong></span> 
     </span>
     <span class='ocr_line' id='line_1_12' title="bbox 155 1581 1353 1669; baseline 0.002 -22"><span class='ocrx_word' id='word_1_78' title='bbox 155 1584 293 1650; x_wconf 90' lang='lat' dir='ltr'><strong>aliarum</strong></span> <span class='ocrx_word' id='word_1_79' title='bbox 314 1586 551 1669; x_wconf 90' lang='lat' dir='ltr'><strong>potentiarum,</strong></span> <span class='ocrx_word' id='word_1_80' title='bbox 572 1582 692 1667; x_wconf 92' lang='lat' dir='ltr'><strong>quibus</strong></span> <span class='ocrx_word' id='word_1_81' title='bbox 710 1581 861 1668; x_wconf 85' lang='lat' dir='ltr'><strong>imperat.</strong></span> <span class='ocrx_word' id='word_1_82' title='bbox 888 1582 1010 1665; x_wconf 88' lang='lat' dir='ltr'><strong>Nequit</strong></span> <span class='ocrx_word' id='word_1_83' title='bbox 1028 1601 1106 1669; x_wconf 87' lang='lat' dir='ltr'><strong>ergo</strong></span> <span class='ocrx_word' id='word_1_84' title='bbox 1129 1584 1281 1649; x_wconf 89' lang='lat' dir='ltr'><strong>voluntas</strong></span> <span class='ocrx_word' id='word_1_85' title='bbox 1348 1605 1353 1616; x_wconf 70' lang='lat'><strong><em>¹</em></strong></span> 
     </span>
     <span class='ocr_line' id='line_1_13' title="bbox 155 1690 1277 1777; baseline -0.002 -20"><span class='ocrx_word' id='word_1_86' title='bbox 155 1692 360 1758; x_wconf 86' lang='lat' dir='ltr'><strong>intellectum</strong></span> <span class='ocrx_word' id='word_1_87' title='bbox 390 1691 518 1777; x_wconf 86' lang='lat' dir='ltr'><strong>adigere</strong></span> <span class='ocrx_word' id='word_1_88' title='bbox 550 1691 591 1756; x_wconf 92' lang='lat' dir='ltr'><strong>ad</strong></span> <span class='ocrx_word' id='word_1_89' title='bbox 619 1691 760 1774; x_wconf 87' lang='lat' dir='ltr'><strong>aliquem</strong></span> <span class='ocrx_word' id='word_1_90' title='bbox 786 1708 974 1767; x_wconf 83' lang='lat' dir='ltr'><strong>assensum,</strong></span> <span class='ocrx_word' id='word_1_91' title='bbox 1000 1691 1052 1755; x_wconf 88' lang='lat' dir='ltr'><strong>vel</strong></span> <span class='ocrx_word' id='word_1_92' title='bbox 1076 1690 1277 1767; x_wconf 87' lang='lat' dir='ltr'><strong>dissensum,</strong></span> 
     </span>
     <span class='ocr_line' id='line_1_14' title="bbox 156 1796 1279 1883; baseline 0 -20"><span class='ocrx_word' id='word_1_93' title='bbox 156 1817 304 1883; x_wconf 92' lang='lat' dir='ltr'><strong>proquo</strong></span> <span class='ocrx_word' id='word_1_94' title='bbox 324 1800 445 1865; x_wconf 92' lang='lat' dir='ltr'><strong>nullam</strong></span> <span class='ocrx_word' id='word_1_95' title='bbox 466 1799 574 1865; x_wconf 89' lang='lat' dir='ltr'><strong>videat</strong></span> <span class='ocrx_word' id='word_1_96' title='bbox 595 1798 767 1866; x_wconf 90' lang='lat' dir='ltr'><strong>rationem.</strong></span> <span class='ocrx_word' id='word_1_97' title='bbox 795 1796 910 1881; x_wconf 89' lang='lat' dir='ltr'><strong>Neque</strong></span> <span class='ocrx_word' id='word_1_98' title='bbox 927 1798 987 1865; x_wconf 89' lang='lat' dir='ltr'><strong>alia</strong></span> <span class='ocrx_word' id='word_1_99' title='bbox 1014 1807 1064 1863; x_wconf 88' lang='lat' dir='ltr'><strong>est</strong></span> <span class='ocrx_word' id='word_1_100' title='bbox 1081 1817 1196 1874; x_wconf 89' lang='lat' dir='ltr'><strong>causa,</strong></span> <span class='ocrx_word' id='word_1_101' title='bbox 1223 1818 1279 1864; x_wconf 89' lang='lat' dir='ltr'><strong>cur</strong></span> 
     </span>
     <span class='ocr_line' id='line_1_15' title="bbox 154 1904 1332 2003; baseline 0 -32"><span class='ocrx_word' id='word_1_102' title='bbox 154 1924 223 1971; x_wconf 93' lang='lat' dir='ltr'><strong>non</strong></span> <span class='ocrx_word' id='word_1_103' title='bbox 261 1907 404 1990; x_wconf 91' lang='lat' dir='ltr'><strong>possim,</strong></span> <span class='ocrx_word' id='word_1_104' title='bbox 444 1904 543 1972; x_wconf 87' lang='lat' dir='ltr'><strong>etiam</strong></span> <span class='ocrx_word' id='word_1_105' title='bbox 583 1925 640 1991; x_wconf 92' lang='lat' dir='ltr'><strong>per</strong></span> <span class='ocrx_word' id='word_1_106' title='bbox 676 1904 850 1990; x_wconf 92' lang='lat' dir='ltr'><strong>imperium</strong></span> <span class='ocrx_word' id='word_1_107' title='bbox 890 1904 1084 1981; x_wconf 91' lang='lat' dir='ltr'><strong>voluntatis,</strong></span> <span class='ocrx_word' id='word_1_108' title='bbox 1119 1904 1276 1991; x_wconf 85' lang='lat' dir='ltr'><strong>judicare,</strong></span> <span class='ocrx_word' id='word_1_109' title='bbox 1326 1978 1332 2003; x_wconf 42' lang='grc'>1</span> 
     </span>
     <span class='ocr_line' id='line_1_16' title="bbox 155 2012 1279 2099; baseline 0.003 -22"><span class='ocrx_word' id='word_1_110' title='bbox 155 2034 190 2077; x_wconf 90' lang='grc' dir='ltr'><strong>ν.</strong></span> <span class='ocrx_word' id='word_1_111' title='bbox 220 2034 255 2099; x_wconf 83' lang='lat' dir='ltr'><strong>g.</strong></span> <span class='ocrx_word' id='word_1_112' title='bbox 275 2015 387 2080; x_wconf 89' lang='lat' dir='ltr'><strong>stellas</strong></span> <span class='ocrx_word' id='word_1_113' title='bbox 406 2032 478 2081; x_wconf 91' lang='lat' dir='ltr'><strong>esse</strong></span> <span class='ocrx_word' id='word_1_114' title='bbox 494 2032 588 2097; x_wconf 90' lang='lat' dir='ltr'><strong>pares</strong></span> <span class='ocrx_word' id='word_1_115' title='bbox 607 2020 664 2079; x_wconf 95' lang='lat' dir='ltr'><strong>aut</strong></span> <span class='ocrx_word' id='word_1_116' title='bbox 677 2012 834 2097; x_wconf 89' lang='lat' dir='ltr'><strong>impares,</strong></span> <span class='ocrx_word' id='word_1_117' title='bbox 850 2012 927 2096; x_wconf 92' lang='lat' dir='ltr'><strong>quia</strong></span> <span class='ocrx_word' id='word_1_118' title='bbox 941 2013 1093 2079; x_wconf 90' lang='lat' dir='ltr'><strong>nimirum</strong></span> <span class='ocrx_word' id='word_1_119' title='bbox 1110 2014 1198 2079; x_wconf 88' lang='lat' dir='ltr'><strong>nulla</strong></span> <span class='ocrx_word' id='word_1_120' title='bbox 1212 2014 1279 2081; x_wconf 91' lang='lat' dir='ltr'><strong>exi·</strong></span> 
     </span>
     <span class='ocr_line' id='line_1_17' title="bbox 151 2114 1021 2189; baseline -0.002 -1"><span class='ocrx_word' id='word_1_121' title='bbox 151 2120 212 2187; x_wconf 90' lang='lat' dir='ltr'><strong>stit</strong></span> <span class='ocrx_word' id='word_1_122' title='bbox 226 2122 306 2186; x_wconf 90' lang='lat' dir='ltr'><strong>ratio</strong></span> <span class='ocrx_word' id='word_1_123' title='bbox 325 2122 516 2189; x_wconf 89' lang='lat' dir='ltr'><strong>alterutrum</strong></span> <span class='ocrx_word' id='word_1_124' title='bbox 531 2121 685 2187; x_wconf 86' lang='lat' dir='ltr'><strong>suadens.</strong></span> <span class='ocrx_word' id='word_1_125' title='bbox 1018 2114 1021 2119; x_wconf 74' lang='grc'><strong>’</strong></span> 
     </span>
    </p>

    <p class='ocr_par' dir='ltr' id='par_1_7' title="bbox 152 2226 1277 2527">
     <span class='ocr_line' id='line_1_18' title="bbox 202 2226 1275 2312; baseline 0.001 -19"><span class='ocrx_word' id='word_1_126' title='bbox 202 2235 303 2295; x_wconf 85' lang='lat' dir='ltr'><strong>Prob.</strong></span> <span class='ocrx_word' id='word_1_127' title='bbox 325 2234 376 2296; x_wconf 79' lang='lat'><strong>3.⁰</strong></span> <span class='ocrx_word' id='word_1_128' title='bbox 422 2229 607 2295; x_wconf 90' lang='lat' dir='ltr'><strong>intellectus</strong></span> <span class='ocrx_word' id='word_1_129' title='bbox 627 2245 776 2311; x_wconf 86' lang='lat' dir='ltr'><strong>respuere</strong></span> <span class='ocrx_word' id='word_1_130' title='bbox 795 2227 910 2311; x_wconf 88' lang='lat' dir='ltr'><strong>nequit</strong></span> <span class='ocrx_word' id='word_1_131' title='bbox 931 2228 980 2303; x_wconf 94' lang='lat' dir='ltr'><strong>id,</strong></span> <span class='ocrx_word' id='word_1_132' title='bbox 1007 2226 1040 2293; x_wconf 94' lang='lat' dir='ltr'><strong>in</strong></span> <span class='ocrx_word' id='word_1_133' title='bbox 1066 2246 1135 2312; x_wconf 93' lang='lat' dir='ltr'><strong>quo</strong></span> <span class='ocrx_word' id='word_1_134' title='bbox 1154 2229 1275 2295; x_wconf 89' lang='lat' dir='ltr'><strong>nnllam</strong></span> 
     </span>
     <span class='ocr_line' id='line_1_19' title="bbox 152 2333 1277 2421; baseline 0.004 -22"><span class='ocrx_word' id='word_1_135' title='bbox 152 2334 245 2400; x_wconf 89' lang='lat' dir='ltr'><strong>videt</strong></span> <span class='ocrx_word' id='word_1_136' title='bbox 264 2333 405 2420; x_wconf 88' lang='lat' dir='ltr'><strong>speciem</strong></span> <span class='ocrx_word' id='word_1_137' title='bbox 426 2336 585 2406; x_wconf 85' lang='lat' dir='ltr'><strong>salsitatis.</strong></span> <span class='ocrx_word' id='word_1_138' title='bbox 605 2334 705 2419; x_wconf 86' lang='lat' dir='ltr'><strong>Atqui</strong></span> <span class='ocrx_word' id='word_1_139' title='bbox 724 2334 757 2400; x_wconf 91' lang='lat' dir='ltr'><strong>in</strong></span> <span class='ocrx_word' id='word_1_140' title='bbox 777 2335 906 2420; x_wconf 85' lang='lat' dir='ltr'><strong>objecto</strong></span> <span class='ocrx_word' id='word_1_141' title='bbox 921 2335 1087 2402; x_wconf 89' lang='lat' dir='ltr'><strong>evidenter</strong></span> <span class='ocrx_word' id='word_1_142' title='bbox 1099 2346 1277 2421; x_wconf 82' lang='lat' dir='ltr'><strong>apparente</strong></span> 
     </span>
     <span class='ocr_line' id='line_1_20' title="bbox 153 2442 826 2527; baseline -0.003 -18"><span class='ocrx_word' id='word_1_143' title='bbox 153 2443 243 2510; x_wconf 90' lang='lat' dir='ltr'><strong>nulla</strong></span> <span class='ocrx_word' id='word_1_144' title='bbox 259 2451 309 2508; x_wconf 92' lang='lat' dir='ltr'><strong>est</strong></span> <span class='ocrx_word' id='word_1_145' title='bbox 327 2442 454 2527; x_wconf 88' lang='lat' dir='ltr'><strong>species</strong></span> <span class='ocrx_word' id='word_1_146' title='bbox 474 2442 632 2511; x_wconf 85' lang='lat' dir='ltr'><strong>salsitatis.</strong></span> <span class='ocrx_word' id='word_1_147' title='bbox 648 2442 788 2527; x_wconf 79' lang='lat' dir='ltr'><strong>Ergo...</strong></span> <span class='ocrx_word' id='word_1_148' title='bbox 819 2506 826 2517; x_wconf 82' lang='grc'><strong>,</strong></span> 
     </span>
    </p>

    <p class='ocr_par' dir='ltr' id='par_1_8' title="bbox 150 2548 1278 3609">
     <span class='ocr_line' id='line_1_21' title="bbox 222 2548 1274 2633; baseline 0 -16"><span class='ocrx_word' id='word_1_149' title='bbox 222 2557 346 2633; x_wconf 76' lang='lat' dir='ltr'><strong>Major.</strong></span> <span class='ocrx_word' id='word_1_150' title='bbox 361 2548 444 2625; x_wconf 88' lang='lat' dir='ltr'><strong>Quia</strong></span> <span class='ocrx_word' id='word_1_151' title='bbox 461 2550 557 2617; x_wconf 91' lang='lat' dir='ltr'><strong>simili</strong></span> <span class='ocrx_word' id='word_1_152' title='bbox 574 2550 674 2616; x_wconf 90' lang='lat' dir='ltr'><strong>modo</strong></span> <span class='ocrx_word' id='word_1_153' title='bbox 688 2548 835 2622; x_wconf 84' lang='lat' dir='ltr'><strong>sehabet</strong></span> <span class='ocrx_word' id='word_1_154' title='bbox 854 2551 1036 2617; x_wconf 88' lang='lat' dir='ltr'><strong>intellectus</strong></span> <span class='ocrx_word' id='word_1_155' title='bbox 1050 2549 1132 2617; x_wconf 89' lang='lat' dir='ltr'><strong>circa</strong></span> <span class='ocrx_word' id='word_1_156' title='bbox 1146 2571 1274 2629; x_wconf 90' lang='lat' dir='ltr'><strong>verum,</strong></span> 
     </span>
     <span class='ocr_line' id='line_1_22' title="bbox 151 2657 1278 2743; baseline 0.003 -20"><span class='ocrx_word' id='word_1_157' title='bbox 151 2677 191 2724; x_wconf 85' lang='lat' dir='ltr'><strong>ac</strong></span> <span class='ocrx_word' id='word_1_158' title='bbox 207 2659 358 2725; x_wconf 86' lang='lat' dir='ltr'><strong>voluntas</strong></span> <span class='ocrx_word' id='word_1_159' title='bbox 372 2658 454 2724; x_wconf 91' lang='lat' dir='ltr'><strong>circa</strong></span> <span class='ocrx_word' id='word_1_160' title='bbox 473 2658 613 2741; x_wconf 89' lang='lat' dir='ltr'><strong>bonum.</strong></span> <span class='ocrx_word' id='word_1_161' title='bbox 627 2657 789 2725; x_wconf 91' lang='lat' dir='ltr'><strong>Voluntas</strong></span> <span class='ocrx_word' id='word_1_162' title='bbox 803 2666 913 2722; x_wconf 92' lang='lat' dir='ltr'><strong>autem</strong></span> <span class='ocrx_word' id='word_1_163' title='bbox 930 2660 1076 2743; x_wconf 81' lang='lat' dir='ltr'><strong>refugere</strong></span> <span class='ocrx_word' id='word_1_164' title='bbox 1091 2660 1205 2743; x_wconf 89' lang='lat' dir='ltr'><strong>nequit</strong></span> <span class='ocrx_word' id='word_1_165' title='bbox 1218 2661 1278 2735; x_wconf 86' lang='lat' dir='ltr'><strong>bo·</strong></span> 
     </span>
     <span class='ocr_line' id='line_1_23' title="bbox 154 2765 1276 2854; baseline 0.002 -22"><span class='ocrx_word' id='word_1_166' title='bbox 154 2785 237 2832; x_wconf 90' lang='lat' dir='ltr'><strong>num</strong></span> <span class='ocrx_word' id='word_1_167' title='bbox 257 2785 391 2850; x_wconf 85' lang='lat' dir='ltr'><strong>purum,</strong></span> <span class='ocrx_word' id='word_1_168' title='bbox 408 2766 440 2832; x_wconf 95' lang='lat' dir='ltr'><strong>in</strong></span> <span class='ocrx_word' id='word_1_169' title='bbox 459 2786 527 2850; x_wconf 93' lang='lat' dir='ltr'><strong>quo</strong></span> <span class='ocrx_word' id='word_1_170' title='bbox 547 2767 635 2832; x_wconf 91' lang='lat' dir='ltr'><strong>nulla</strong></span> <span class='ocrx_word' id='word_1_171' title='bbox 649 2766 902 2851; x_wconf 87' lang='lat' dir='ltr'><strong>apprehenditur</strong></span> <span class='ocrx_word' id='word_1_172' title='bbox 916 2767 996 2833; x_wconf 90' lang='lat' dir='ltr'><strong>ratio</strong></span> <span class='ocrx_word' id='word_1_173' title='bbox 1015 2767 1090 2833; x_wconf 89' lang='lat' dir='ltr'><strong>mali</strong></span> <span class='ocrx_word' id='word_1_174' title='bbox 1109 2765 1172 2854; x_wconf 91' lang='grc' dir='ltr'>(ι).</span> <span class='ocrx_word' id='word_1_175' title='bbox 1194 2769 1276 2853; x_wconf 80' lang='lat' dir='ltr'><strong>Ergo</strong></span> 
     </span>
     <span class='ocr_line' id='line_1_24' title="bbox 151 2873 1278 2956; baseline 0.002 -16"><span class='ocrx_word' id='word_1_176' title='bbox 151 2873 239 2940; x_wconf 91' lang='lat' dir='ltr'><strong>idem</strong></span> <span class='ocrx_word' id='word_1_177' title='bbox 260 2873 434 2940; x_wconf 89' lang='lat' dir='ltr'><strong>dicendum</strong></span> <span class='ocrx_word' id='word_1_178' title='bbox 455 2875 495 2938; x_wconf 87' lang='lat' dir='ltr'><strong>de</strong></span> <span class='ocrx_word' id='word_1_179' title='bbox 514 2875 680 2939; x_wconf 91' lang='lat' dir='ltr'><strong>intellectu</strong></span> <span class='ocrx_word' id='word_1_180' title='bbox 695 2873 774 2939; x_wconf 88' lang='lat' dir='ltr'><strong>circa</strong></span> <span class='ocrx_word' id='word_1_181' title='bbox 795 2892 928 2950; x_wconf 91' lang='lat' dir='ltr'><strong>verum,</strong></span> <span class='ocrx_word' id='word_1_182' title='bbox 946 2875 1036 2956; x_wconf 90' lang='lat' dir='ltr'><strong>quod</strong></span> <span class='ocrx_word' id='word_1_183' title='bbox 1057 2875 1144 2940; x_wconf 87' lang='lat' dir='ltr'><strong>nulla</strong></span> <span class='ocrx_word' id='word_1_184' title='bbox 1158 2876 1278 2942; x_wconf 91' lang='lat' dir='ltr'><strong>obscu-</strong></span> 
     </span>
     <span class='ocr_line' id='line_1_25' title="bbox 152 2977 1277 3068; baseline 0.002 -22"><span class='ocrx_word' id='word_1_185' title='bbox 152 2989 241 3046; x_wconf 89' lang='lat' dir='ltr'><strong>ratur</strong></span> <span class='ocrx_word' id='word_1_186' title='bbox 263 2980 379 3048; x_wconf 89' lang='lat' dir='ltr'><strong>umbra</strong></span> <span class='ocrx_word' id='word_1_187' title='bbox 398 2979 543 3047; x_wconf 80' lang='lat' dir='ltr'><strong>falsitatis</strong></span> <span class='ocrx_word' id='word_1_188' title='bbox 565 2977 629 3068; x_wconf 81' lang='lat'><strong>(2).</strong></span> <span class='ocrx_word' id='word_1_189' title='bbox 651 2981 809 3064; x_wconf 90' lang='lat' dir='ltr'><strong>Apposite</strong></span> <span class='ocrx_word' id='word_1_190' title='bbox 828 2979 864 3046; x_wconf 91' lang='lat' dir='ltr'><strong>S.</strong></span> <span class='ocrx_word' id='word_1_191' title='bbox 890 2981 1051 3047; x_wconf 87' lang='lat' dir='ltr'><strong>Thomas:</strong></span> <span class='ocrx_word' id='word_1_192' title='bbox 1071 2983 1202 3049; x_wconf 82' lang='lat' dir='ltr'><strong>Sr&#39;cut...</strong></span> <span class='ocrx_word' id='word_1_193' title='bbox 1223 3003 1277 3048; x_wconf 87' lang='lat' dir='ltr'><strong>oo-</strong></span> 
     </span>
     <span class='ocr_line' id='line_1_26' title="bbox 151 3087 1276 3176; baseline 0.004 -23"><span class='ocrx_word' id='word_1_194' title='bbox 151 3089 259 3154; x_wconf 86' lang='lat' dir='ltr'><strong>luntas</strong></span> <span class='ocrx_word' id='word_1_195' title='bbox 273 3091 414 3154; x_wconf 76' lang='lat' dir='ltr'><strong>movebar</strong></span> <span class='ocrx_word' id='word_1_196' title='bbox 430 3105 469 3152; x_wconf 84' lang='lat' dir='ltr'><strong>ex</strong></span> <span class='ocrx_word' id='word_1_197' title='bbox 485 3087 661 3154; x_wconf 75' lang='lat' dir='ltr'><strong>necessitate</strong></span> <span class='ocrx_word' id='word_1_198' title='bbox 683 3088 723 3152; x_wconf 85' lang='lat' dir='ltr'><strong>ab</strong></span> <span class='ocrx_word' id='word_1_199' title='bbox 749 3087 878 3174; x_wconf 86' lang='lat' dir='ltr'><strong>objecto,</strong></span> <span class='ocrx_word' id='word_1_200' title='bbox 908 3090 991 3170; x_wconf 84' lang='lat' dir='ltr'><strong>quod</strong></span> <span class='ocrx_word' id='word_1_201' title='bbox 1007 3093 1056 3153; x_wconf 85' lang='lat' dir='ltr'><strong>cst</strong></span> <span class='ocrx_word' id='word_1_202' title='bbox 1075 3091 1276 3176; x_wconf 78' lang='lat' dir='ltr'><strong>omnifariam</strong></span> 
     </span>
     <span class='ocr_line' id='line_1_27' title="bbox 152 3196 1276 3282; baseline 0.004 -22"><span class='ocrx_word' id='word_1_203' title='bbox 152 3197 284 3270; x_wconf 86' lang='lat' dir='ltr'><strong>bonum,</strong></span> <span class='ocrx_word' id='word_1_204' title='bbox 305 3214 368 3260; x_wconf 90' lang='lat' dir='ltr'><strong>non</strong></span> <span class='ocrx_word' id='word_1_205' title='bbox 382 3199 485 3260; x_wconf 80' lang='lat' dir='ltr'><strong>autem</strong></span> <span class='ocrx_word' id='word_1_206' title='bbox 499 3196 539 3260; x_wconf 83' lang='lat' dir='ltr'><strong>ab</strong></span> <span class='ocrx_word' id='word_1_207' title='bbox 555 3196 687 3282; x_wconf 82' lang='lat' dir='ltr'><strong>objecto,</strong></span> <span class='ocrx_word' id='word_1_208' title='bbox 707 3197 790 3278; x_wconf 86' lang='lat' dir='ltr'><strong>quod</strong></span> <span class='ocrx_word' id='word_1_209' title='bbox 802 3198 909 3276; x_wconf 80' lang='lat' dir='ltr'><strong>potest</strong></span> <span class='ocrx_word' id='word_1_210' title='bbox 917 3196 1019 3276; x_wconf 71' lang='lat' dir='ltr'><strong>accrbi</strong></span> <span class='ocrx_word' id='word_1_211' title='bbox 1030 3199 1199 3264; x_wconf 83' lang='lat' dir='ltr'><strong>secundum</strong></span> <span class='ocrx_word' id='word_1_212' title='bbox 1215 3200 1276 3264; x_wconf 83' lang='lat' dir='ltr'><strong>aii-</strong></span> 
     </span>
     <span class='ocr_line' id='line_1_28' title="bbox 150 3301 1276 3387; baseline 0.002 -17"><span class='ocrx_word' id='word_1_213' title='bbox 150 3321 246 3387; x_wconf 85' lang='lat' dir='ltr'><strong>qaarn</strong></span> <span class='ocrx_word' id='word_1_214' title='bbox 264 3303 417 3368; x_wconf 86' lang='lat' dir='ltr'><strong>rationem</strong></span> <span class='ocrx_word' id='word_1_215' title='bbox 438 3307 477 3368; x_wconf 86' lang='lat' dir='ltr'><strong>ut</strong></span> <span class='ocrx_word' id='word_1_216' title='bbox 496 3304 629 3386; x_wconf 84' lang='lat' dir='ltr'><strong>malam,</strong></span> <span class='ocrx_word' id='word_1_217' title='bbox 655 3302 702 3370; x_wconf 82' lang='lat' dir='ltr'><strong>ita</strong></span> <span class='ocrx_word' id='word_1_218' title='bbox 724 3302 819 3366; x_wconf 76' lang='lat' dir='ltr'><strong>ctiam</strong></span> <span class='ocrx_word' id='word_1_219' title='bbox 836 3301 1011 3368; x_wconf 75' lang='lat' dir='ltr'><strong>intellectus</strong></span> <span class='ocrx_word' id='word_1_220' title='bbox 1036 3322 1076 3368; x_wconf 84' lang='lat' dir='ltr'><strong>ex</strong></span> <span class='ocrx_word' id='word_1_221' title='bbox 1097 3305 1276 3372; x_wconf 83' lang='lat' dir='ltr'><strong>necessitate</strong></span> 
     </span>
     <span class='ocr_line' id='line_1_29' title="bbox 150 3411 1272 3498; baseline 0.003 -22"><span class='ocrx_word' id='word_1_222' title='bbox 150 3415 295 3477; x_wconf 82' lang='lat' dir='ltr'><strong>mouetur</strong></span> <span class='ocrx_word' id='word_1_223' title='bbox 315 3431 335 3476; x_wconf 93' lang='lat' dir='ltr'><strong>a</strong></span> <span class='ocrx_word' id='word_1_224' title='bbox 358 3429 431 3476; x_wconf 85' lang='lat' dir='ltr'><strong>vero</strong></span> <span class='ocrx_word' id='word_1_225' title='bbox 448 3411 637 3486; x_wconf 86' lang='lat' dir='ltr'><strong>necessario,</strong></span> <span class='ocrx_word' id='word_1_226' title='bbox 666 3411 749 3494; x_wconf 87' lang='lat' dir='ltr'><strong>qaod</strong></span> <span class='ocrx_word' id='word_1_227' title='bbox 774 3427 837 3476; x_wconf 90' lang='lat' dir='ltr'><strong>non</strong></span> <span class='ocrx_word' id='word_1_228' title='bbox 850 3414 952 3492; x_wconf 80' lang='lat' dir='ltr'><strong>potest</strong></span> <span class='ocrx_word' id='word_1_229' title='bbox 977 3412 1078 3493; x_wconf 80' lang='lat' dir='ltr'><strong>accipi</strong></span> <span class='ocrx_word' id='word_1_230' title='bbox 1094 3414 1272 3498; x_wconf 84' lang='lat' dir='ltr'><strong>utsalsum,</strong></span> 
     </span>
     <span class='ocr_line' id='line_1_30' title="bbox 150 3517 1272 3609; baseline 0.003 -24"><span class='ocrx_word' id='word_1_231' title='bbox 150 3537 215 3585; x_wconf 89' lang='lat' dir='ltr'><strong>non</strong></span> <span class='ocrx_word' id='word_1_232' title='bbox 232 3521 369 3584; x_wconf 86' lang='lat' dir='ltr'><strong>autema</strong></span> <span class='ocrx_word' id='word_1_233' title='bbox 386 3537 459 3584; x_wconf 85' lang='lat' dir='ltr'><strong>aero</strong></span> <span class='ocrx_word' id='word_1_234' title='bbox 476 3517 684 3602; x_wconf 83' lang='lat' dir='ltr'><strong>contingenti,</strong></span> <span class='ocrx_word' id='word_1_235' title='bbox 704 3520 787 3601; x_wconf 83' lang='lat' dir='ltr'><strong>quod</strong></span> <span class='ocrx_word' id='word_1_236' title='bbox 795 3521 900 3598; x_wconf 79' lang='lat' dir='ltr'><strong>potest</strong></span> <span class='ocrx_word' id='word_1_237' title='bbox 915 3519 1016 3599; x_wconf 83' lang='lat' dir='ltr'><strong>accipi</strong></span> <span class='ocrx_word' id='word_1_238' title='bbox 1027 3519 1191 3604; x_wconf 83' lang='lat' dir='ltr'><strong>atsatsum</strong></span> <span class='ocrx_word' id='word_1_239' title='bbox 1208 3517 1272 3609; x_wconf 75' lang='lat'><strong>(3).</strong></span> 
     </span>
    </p>

    <p class='ocr_par' dir='ltr' id='par_1_9' title="bbox 146 3623 1274 4355">
     <span class='ocr_line' id='line_1_31' title="bbox 220 3623 1274 3710; baseline 0.004 -20"><span class='ocrx_word' id='word_1_240' title='bbox 220 3625 328 3708; x_wconf 85' lang='lat' dir='ltr'><strong>Atque</strong></span> <span class='ocrx_word' id='word_1_241' title='bbox 354 3627 422 3692; x_wconf 87' lang='lat' dir='ltr'><strong>haec</strong></span> <span class='ocrx_word' id='word_1_242' title='bbox 447 3625 564 3710; x_wconf 89' lang='lat' dir='ltr'><strong>pariter</strong></span> <span class='ocrx_word' id='word_1_243' title='bbox 590 3625 699 3691; x_wconf 90' lang='lat' dir='ltr'><strong>valent</strong></span> <span class='ocrx_word' id='word_1_244' title='bbox 726 3625 757 3690; x_wconf 93' lang='lat' dir='ltr'><strong>in</strong></span> <span class='ocrx_word' id='word_1_245' title='bbox 783 3623 957 3709; x_wconf 86' lang='lat' dir='ltr'><strong>praemissis</strong></span> <span class='ocrx_word' id='word_1_246' title='bbox 980 3625 1212 3709; x_wconf 90' lang='lat' dir='ltr'><strong>probabilibus.</strong></span> <span class='ocrx_word' id='word_1_247' title='bbox 1237 3628 1274 3694; x_wconf 89' lang='lat' dir='ltr'><strong>Et</strong></span> 
     </span>
     <span class='ocr_line' id='line_1_32' title="bbox 150 3730 1274 3817; baseline 0.001 -18"><span class='ocrx_word' id='word_1_248' title='bbox 150 3733 232 3799; x_wconf 91' lang='lat' dir='ltr'><strong>ratio</strong></span> <span class='ocrx_word' id='word_1_249' title='bbox 262 3743 328 3808; x_wconf 89' lang='lat' dir='ltr'><strong>est,</strong></span> <span class='ocrx_word' id='word_1_250' title='bbox 362 3733 439 3817; x_wconf 89' lang='lat' dir='ltr'><strong>quia</strong></span> <span class='ocrx_word' id='word_1_251' title='bbox 469 3731 524 3817; x_wconf 95' lang='lat' dir='ltr'><strong>qui</strong></span> <span class='ocrx_word' id='word_1_252' title='bbox 555 3731 703 3799; x_wconf 91' lang='lat' dir='ltr'><strong>concedit</strong></span> <span class='ocrx_word' id='word_1_253' title='bbox 730 3730 932 3816; x_wconf 78' lang='lat' dir='ltr'><strong>praemissaS,</strong></span> <span class='ocrx_word' id='word_1_254' title='bbox 969 3731 1066 3800; x_wconf 92' lang='lat' dir='ltr'><strong>simul</strong></span> <span class='ocrx_word' id='word_1_255' title='bbox 1097 3732 1274 3802; x_wconf 85' lang='lat' dir='ltr'><strong>virtualiter</strong></span> 
     </span>
     <span class='ocr_line' id='line_1_33' title="bbox 148 3839 1271 3926; baseline 0.004 -20"><span class='ocrx_word' id='word_1_256' title='bbox 148 3842 298 3908; x_wconf 86' lang='lat' dir='ltr'><strong>concedit</strong></span> <span class='ocrx_word' id='word_1_257' title='bbox 317 3841 574 3907; x_wconf 87' lang='lat' dir='ltr'><strong>conclusionem.</strong></span> <span class='ocrx_word' id='word_1_258' title='bbox 598 3840 645 3905; x_wconf 86' lang='lat' dir='ltr'><strong>Ac</strong></span> <span class='ocrx_word' id='word_1_259' title='bbox 659 3840 794 3923; x_wconf 92' lang='lat' dir='ltr'><strong>proinde</strong></span> <span class='ocrx_word' id='word_1_260' title='bbox 809 3839 865 3922; x_wconf 92' lang='lat' dir='ltr'><strong>qui</strong></span> <span class='ocrx_word' id='word_1_261' title='bbox 885 3840 1067 3908; x_wconf 87' lang='lat' dir='ltr'><strong>assentiens</strong></span> <span class='ocrx_word' id='word_1_262' title='bbox 1082 3843 1271 3926; x_wconf 78' lang='lat' dir='ltr'><strong>praemissis,</strong></span> 
     </span>
     <span class='ocr_line' id='line_1_34' title="bbox 148 3947 1272 4032; baseline 0.003 -18"><span class='ocrx_word' id='word_1_263' title='bbox 148 3948 225 4014; x_wconf 88' lang='lat' dir='ltr'><strong>licet</strong></span> <span class='ocrx_word' id='word_1_264' title='bbox 243 3947 481 4032; x_wconf 89' lang='lat' dir='ltr'><strong>probabilibus,</strong></span> <span class='ocrx_word' id='word_1_265' title='bbox 504 3957 637 4032; x_wconf 83' lang='lat' dir='ltr'><strong>negaret</strong></span> <span class='ocrx_word' id='word_1_266' title='bbox 659 3947 922 4022; x_wconf 89' lang='lat' dir='ltr'><strong>conclusionem,</strong></span> <span class='ocrx_word' id='word_1_267' title='bbox 943 3948 1010 4015; x_wconf 93' lang='lat' dir='ltr'><strong>duo</strong></span> <span class='ocrx_word' id='word_1_268' title='bbox 1029 3947 1127 4016; x_wconf 91' lang='lat' dir='ltr'><strong>simul</strong></span> <span class='ocrx_word' id='word_1_269' title='bbox 1146 3962 1272 4019; x_wconf 91' lang='lat' dir='ltr'><strong>contra·</strong></span> 
     </span>
     <span class='ocr_line' id='line_1_35' title="bbox 147 4054 1272 4124; baseline 0.002 -2"><span class='ocrx_word' id='word_1_270' title='bbox 147 4055 282 4122; x_wconf 84' lang='lat' dir='ltr'><strong>dicteria</strong></span> <span class='ocrx_word' id='word_1_271' title='bbox 310 4057 429 4122; x_wconf 89' lang='lat' dir='ltr'><strong>saltem</strong></span> <span class='ocrx_word' id='word_1_272' title='bbox 451 4055 629 4122; x_wconf 87' lang='lat' dir='ltr'><strong>virtualiter</strong></span> <span class='ocrx_word' id='word_1_273' title='bbox 651 4055 848 4120; x_wconf 89' lang='lat' dir='ltr'><strong>admitteret.</strong></span> <span class='ocrx_word' id='word_1_274' title='bbox 879 4054 980 4122; x_wconf 85' lang='lat' dir='ltr'><strong>Secus</strong></span> <span class='ocrx_word' id='word_1_275' title='bbox 1008 4056 1095 4122; x_wconf 91' lang='lat' dir='ltr'><strong>enim</strong></span> <span class='ocrx_word' id='word_1_276' title='bbox 1124 4061 1272 4124; x_wconf 90' lang='lat' dir='ltr'><strong>tenderet</strong></span> 
     </span>
     <span class='ocr_line' id='line_1_36' title="bbox 146 4161 1271 4250; baseline 0.004 -21"><span class='ocrx_word' id='word_1_277' title='bbox 146 4173 239 4229; x_wconf 85' lang='lat' dir='ltr'><strong>extra</strong></span> <span class='ocrx_word' id='word_1_278' title='bbox 259 4163 426 4248; x_wconf 91' lang='lat' dir='ltr'><strong>proprium</strong></span> <span class='ocrx_word' id='word_1_279' title='bbox 446 4163 629 4246; x_wconf 85' lang='lat' dir='ltr'><strong>objectum:</strong></span> <span class='ocrx_word' id='word_1_280' title='bbox 650 4161 682 4228; x_wconf 93' lang='lat' dir='ltr'><strong>id</strong></span> <span class='ocrx_word' id='word_1_281' title='bbox 701 4163 791 4246; x_wconf 93' lang='lat' dir='ltr'><strong>quod</strong></span> <span class='ocrx_word' id='word_1_282' title='bbox 811 4180 851 4227; x_wconf 92' lang='lat' dir='ltr'><strong>ne</strong></span> <span class='ocrx_word' id='word_1_283' title='bbox 871 4181 927 4246; x_wconf 92' lang='lat' dir='ltr'><strong>per</strong></span> <span class='ocrx_word' id='word_1_284' title='bbox 945 4163 1117 4248; x_wconf 92' lang='lat' dir='ltr'><strong>imperium</strong></span> <span class='ocrx_word' id='word_1_285' title='bbox 1137 4166 1271 4250; x_wconf 91' lang='lat' dir='ltr'><strong>quidem</strong></span> 
     </span>
     <span class='ocr_line' id='line_1_37' title="bbox 148 4269 837 4355; baseline 0 -17"><span class='ocrx_word' id='word_1_286' title='bbox 148 4269 331 4338; x_wconf 91' lang='lat' dir='ltr'><strong>voluntatis</strong></span> <span class='ocrx_word' id='word_1_287' title='bbox 350 4272 452 4336; x_wconf 85' lang='lat' dir='ltr'><strong>iacere</strong></span> <span class='ocrx_word' id='word_1_288' title='bbox 471 4279 579 4355; x_wconf 89' lang='lat' dir='ltr'><strong>potest</strong></span> <span class='ocrx_word' id='word_1_289' title='bbox 597 4271 662 4335; x_wconf 89' lang='lat' dir='ltr'><strong>ulla</strong></span> <span class='ocrx_word' id='word_1_290' title='bbox 681 4269 837 4354; x_wconf 88' lang='lat' dir='ltr'><strong>potentia.</strong></span> 
     </span>
    </p>
   </div>
   <div class='ocr_carea' id='block_1_5' title="bbox 145 4465 415 4480">
    <p class='ocr_par' dir='ltr' id='par_1_10' title="bbox 145 4465 415 4480">
     <span class='ocr_line' id='line_1_38' title="bbox 145 4465 415 4480; baseline -0.015 -1"><span class='ocrx_word' id='word_1_291' title='bbox 145 4465 415 4480; x_wconf 35' lang='grc' dir='ltr'><strong><em>ἡ</em></strong></span> 
     </span>
    </p>
   </div>
   <div class='ocr_carea' id='block_1_6' title="bbox 180 4537 1152 4797">
    <p class='ocr_par' dir='ltr' id='par_1_11' title="bbox 180 4537 1152 4797">
     <span class='ocr_line' id='line_1_39' title="bbox 182 4537 1152 4615; baseline 0.005 -17"><span class='ocrx_word' id='word_1_292' title='bbox 182 4545 224 4607; x_wconf 85' lang='grc' dir='ltr'><strong>(ι)</strong></span> <span class='ocrx_word' id='word_1_293' title='bbox 261 4539 338 4598; x_wconf 88' lang='lat' dir='ltr'><strong>Vide</strong></span> <span class='ocrx_word' id='word_1_294' title='bbox 353 4537 386 4598; x_wconf 89' lang='lat' dir='ltr'><strong>S.</strong></span> <span class='ocrx_word' id='word_1_295' title='bbox 402 4539 506 4597; x_wconf 90' lang='lat' dir='ltr'><strong>Thom.</strong></span> <span class='ocrx_word' id='word_1_296' title='bbox 526 4559 549 4596; x_wconf 90' lang='lat' dir='ltr'><strong>r.</strong></span> <span class='ocrx_word' id='word_1_297' title='bbox 567 4558 595 4608; x_wconf 84' lang='lat' dir='ltr'><strong>a,</strong></span> <span class='ocrx_word' id='word_1_298' title='bbox 609 4558 639 4610; x_wconf 91' lang='lat' dir='ltr'><strong>q.</strong></span> <span class='ocrx_word' id='word_1_299' title='bbox 659 4557 701 4610; x_wconf 88' lang='lat' dir='ltr'><strong>ro,</strong></span> <span class='ocrx_word' id='word_1_300' title='bbox 716 4560 742 4596; x_wconf 87' lang='lat' dir='ltr'><strong>a.</strong></span> <span class='ocrx_word' id='word_1_301' title='bbox 759 4559 785 4607; x_wconf 73' lang='lat'><strong>23</strong></span> <span class='ocrx_word' id='word_1_302' title='bbox 801 4539 923 4599; x_wconf 83' lang='lat' dir='ltr'><strong>a.·dist.</strong></span> <span class='ocrx_word' id='word_1_303' title='bbox 938 4559 983 4614; x_wconf 65' lang='grc' dir='ltr'><strong>ες,</strong></span> <span class='ocrx_word' id='word_1_304' title='bbox 998 4562 1027 4615; x_wconf 86' lang='lat' dir='ltr'><strong>q.</strong></span> <span class='ocrx_word' id='word_1_305' title='bbox 1046 4563 1070 4613; x_wconf 91' lang='lat' dir='ltr'><strong>r,</strong></span> <span class='ocrx_word' id='word_1_306' title='bbox 1083 4565 1110 4602; x_wconf 81' lang='lat' dir='ltr'><strong>a.</strong></span> <span class='ocrx_word' id='word_1_307' title='bbox 1126 4565 1152 4604; x_wconf 84' lang='lat' dir='ltr'><strong>a.</strong></span> 
     </span>
     <span class='ocr_line' id='line_1_40' title="bbox 180 4627 891 4703; baseline 0 -15"><span class='ocrx_word' id='word_1_308' title='bbox 180 4631 223 4703; x_wconf 65' lang='grc' dir='ltr'><strong>(π)</strong></span> <span class='ocrx_word' id='word_1_309' title='bbox 260 4629 337 4687; x_wconf 88' lang='lat' dir='ltr'><strong>Vide</strong></span> <span class='ocrx_word' id='word_1_310' title='bbox 350 4627 383 4688; x_wconf 88' lang='lat' dir='ltr'><strong>S.</strong></span> <span class='ocrx_word' id='word_1_311' title='bbox 396 4627 513 4695; x_wconf 85' lang='lat' dir='ltr'><strong>Thom.,</strong></span> <span class='ocrx_word' id='word_1_312' title='bbox 528 4630 564 4686; x_wconf 82' lang='lat' dir='ltr'><strong>de</strong></span> <span class='ocrx_word' id='word_1_313' title='bbox 578 4629 682 4699; x_wconf 76' lang='lat' dir='ltr'><strong>Verit,</strong></span> <span class='ocrx_word' id='word_1_314' title='bbox 698 4649 727 4701; x_wconf 88' lang='lat' dir='ltr'><strong>q.</strong></span> <span class='ocrx_word' id='word_1_315' title='bbox 746 4648 779 4702; x_wconf 84' lang='lat'><strong>14</strong></span> <span class='ocrx_word' id='word_1_316' title='bbox 792 4643 847 4688; x_wconf 81' lang='lat' dir='ltr'><strong>art.</strong></span> <span class='ocrx_word' id='word_1_317' title='bbox 866 4651 891 4688; x_wconf 90' lang='lat' dir='ltr'><strong>r.</strong></span> 
     </span>
     <span class='ocr_line' id='line_1_41' title="bbox 181 4717 890 4797; baseline 0.001 -19"><span class='ocrx_word' id='word_1_318' title='bbox 181 4726 223 4793; x_wconf 82' lang='lat'><strong>(3)</strong></span> <span class='ocrx_word' id='word_1_319' title='bbox 261 4718 319 4790; x_wconf 90' lang='lat' dir='ltr'><strong>Qq.</strong></span> <span class='ocrx_word' id='word_1_320' title='bbox 335 4717 422 4797; x_wconf 75' lang='lat' dir='ltr'><strong>disp,</strong></span> <span class='ocrx_word' id='word_1_321' title='bbox 439 4719 474 4780; x_wconf 82' lang='lat' dir='ltr'><strong>de</strong></span> <span class='ocrx_word' id='word_1_322' title='bbox 490 4718 582 4788; x_wconf 84' lang='lat' dir='ltr'><strong>Molo,</strong></span> <span class='ocrx_word' id='word_1_323' title='bbox 597 4734 700 4791; x_wconf 75' lang='lat' dir='ltr'><strong>quest.</strong></span> <span class='ocrx_word' id='word_1_324' title='bbox 715 4718 744 4787; x_wconf 87' lang='lat'><strong>6,</strong></span> <span class='ocrx_word' id='word_1_325' title='bbox 760 4719 797 4778; x_wconf 85' lang='lat' dir='ltr'><strong>ad</strong></span> <span class='ocrx_word' id='word_1_326' title='bbox 815 4729 890 4779; x_wconf 53' lang='lat' dir='ltr'><strong>rof·</strong></span> 
     </span>
    </p>
   </div>
   <div class='ocr_carea' id='block_1_7' title="bbox 0 0 1750 5525">
    <p class='ocr_par' dir='ltr' id='par_1_12' title="bbox 0 0 1750 5525">
     <span class='ocr_line' id='line_1_42' title="bbox 0 0 1750 5525; baseline 0 3"><span class='ocrx_word' id='word_1_327' title='bbox 0 0 1750 5525; x_wconf 95' lang='lat' dir='ltr'><strong> </strong></span> 
     </span>
    </p>
   </div>
  </div>
 </body>
</html>
