3492 5525
264 519 384 584 Annio.
401 533 461 584 a*
475 517 527 581 Dr:
539 532 703 580 aesopus.
721 531 887 579 suenostu.
905 531 1079 579 connums
1135 527 1189 596 195

858 637 1228 654 w

104 735 248 808 munem
261 718 441 802 praedicati,
454 717 585 784 inverso
600 715 701 782 modo
715 716 889 801 procedes,
904 715 1019 782 coniici
1025 715 1109 781 endo
1123 716 1231 800 plures
1346 766 1351 776 .

105 824 366 910 propositiones,
387 843 526 910 quanam
546 823 633 890 idem
648 825 690 890 sit
704 822 908 907 subjectum,
926 835 958 890 et
973 822 1173 889 enuntiando
1191 822 1233 888 de

105 933 172 997 boc
188 932 339 998 interiora
355 932 518 1017 praedicati
532 931 731 998 communis.
748 929 936 997 Secundum
952 949 1053 1014 quam
1069 931 1231 1014 regulam,

106 1039 368 1123 propositionem
387 1039 502 1106 istam:
519 1039 618 1105 Homo
632 1057 696 1105 non
709 1043 758 1104 est
768 1038 849 1120 lapis
855 1059 870 1121 ;
884 1041 1027 1105 resolves
1042 1039 1104 1104 hoc
1118 1036 1230 1102 modo:

105 1147 211 1211 Honto
226 1165 290 1212 non
306 1150 355 1212 est
368 1146 418 1212 bic
435 1144 533 1232 lapis,
552 1165 617 1211 nou
633 1145 751 1211 astilia
768 1143 850 1228 Iapis
868 1154 932 1214 etc.
953 1142 1006 1234 (l)
1081 1227 1082 1232 Ἰ

177 1251 361 1328 Quacum
386 1254 432 1320 ita
453 1253 534 1330 sint,
560 1252 799 1337 propositiones
822 1271 940 1318 omnes
971 1249 1232 1338 suppositionem

106 1361 270 1427 habentes
287 1359 545 1437 distributivam,
573 1361 661 1426 talsae
681 1369 792 1436 erunt,
819 1360 847 1426 si
866 1379 931 1426 una
954 1362 1024 1427 sola
1042 1361 1083 1426 de
1101 1359 1179 1434 illis,
1201 1358 1233 1423 in

106 1486 195 1552 quas
212 1469 403 1534 resolvenda
421 1469 520 1543 toret,
541 1469 666 1533 laboret
683 1467 835 1534 falsitate.
938 1479 945 1489 ’

154 1571 213 1642 61.
261 1575 428 1643 Resolutio
446 1574 676 1659 propositionis
692 1575 908 1642 distributivae
927 1593 984 1659 per
1006 1591 1177 1640 ascensum
1197 1571 1236 1638 srt
1261 1583 1300 1626 μ’
1312 1575 1436 1616 ’ΝΜ

107 1682 296 1768 colligendo
322 1702 363 1749 ex
388 1683 485 1749 variis
513 1681 807 1768 propositionibus,
837 1682 870 1748 in
899 1683 1019 1766 quibus
1046 1681 1166 1765 aliquid
1194 1681 1235 1746 de

108 1789 253 1875 singulis
271 1791 474 1865 enuntiatur,
494 1790 590 1856 aliam
608 1789 880 1875 propositionem,
900 1790 934 1857 in
949 1808 1015 1874 qua
1029 1790 1115 1856 idem
1133 1806 1236 1853 enun-

107 1898 213 1964 tietur
231 1898 272 1963 de
286 1897 433 1983 subjecto
447 1895 630 1974 communi,
646 1897 776 1982 singula
789 1898 842 1963 illa
857 1897 919 1962 sub
933 1916 970 1963 se
983 1899 1232 1981 complectente:

109 1995 206 2090 vig.
225 2022 325 2070 exeo
344 2005 434 2088 quod
451 2005 500 2070 bie
521 2003 608 2070 maro
631 2004 676 2068 sit
695 2004 827 2070 adibitis
848 2009 880 2070 et
898 2005 952 2070 ille
968 2005 1056 2071 ionio
1072 2005 1117 2069 sit
1130 2001 1237 2068 risibi-

109 2112 154 2177 lis
177 2119 259 2188 eto,
286 2111 405 2178 interes
430 2129 550 2178 omnem
568 2111 720 2176 bominem
744 2129 809 2177 esse
837 2111 999 2178 risibilem
1027 2113 1113 2178 Tum
1140 2128 1237 2194 porro
1327 2181 1330 2190 ,

111 2220 259 2283 maxime
276 2218 400 2284 utimur
417 2236 555 2284 ascensu
574 2219 734 2302 «quando
759 2219 929 2286 veritatem
955 2209 1089 2310 aliquus
1108 2217 1238 2285 univer·

109 2327 192 2391 salis
209 2325 440 2409 propositionis
458 2326 595 2408 probare
613 2335 646 2390 et
661 2327 868 2392 manifestare
883 2328 1051 2393 volumus:
1070 2335 1240 2411 propterea

110 2443 261 2517 oportet,
288 2443 327 2498 ut
344 2430 456 2498 omnia
473 2432 665 2517 singularia,
691 2435 800 2516 quoad
823 2433 893 2498 iveri
917 2443 1042 2518 potest,
1068 2452 1239 2500 enumere-

110 2559 193 2605 mus
211 2535 274 2627 (2).
295 2537 463 2605 Descensu
481 2547 593 2604 autem
612 2541 736 2604 utimur
755 2541 795 2605 ad
814 2540 1006 2607 universalis
1029 2542 1164 2627 alicujus
1183 2541 1240 2606 ial-

109 2647 247 2713 sitatem
281 2645 538 2712 ostendendam:
573 2655 744 2730 propterea
776 2667 843 2713 non
876 2667 1007 2734 semper
1039 2659 1167 2734 oportet
1198 2649 1240 2714 acl

110 2755 230 2821 omnia
251 2753 425 2839 singularia
447 2753 642 2822 descendere
666 2756 729 2826 sub
754 2757 928 2824 universali
952 2757 1143 2835 distributo,
1163 2776 1239 2823 cum

10 2909 11 2912 ,
111 2862 240 2928 salsitas
270 2880 312 2927 ex
350 2862 448 2928 unius
475 2862 647 2947 singularis
674 2863 818 2940 deiectu,
852 2866 972 2933 veritas
1000 2875 1109 2932 autem
1139 2864 1241 2950 ipsius

10 2971 11 3014 ἒ
111 2971 310 3037 universalis
327 2988 370 3035 ex
387 2970 537 3036 omnium
557 2970 771 3055 singularium
788 2973 950 3057 positione
967 2975 1161 3059 proveniat»
1176 2971 1241 3062 (3).

183 3076 366 3163 Propositio
384 3078 550 3144 collectiva
569 3077 686 3144 resolvi
702 3081 816 3164 nequit
836 3080 896 3147 nisi
912 3099 970 3165 per
989 3080 1117 3147 unicam
1137 3082 1245 3147 omni-

111 3205 160 3251 no
181 3184 458 3270 propositionem,
474 3184 506 3250 in
527 3204 593 3267 qua
610 3196 845 3254 enumerentur
860 3189 1008 3255 interiora
1024 3190 1136 3255 omnia
1153 3208 1246 3255 com-

112 3294 231 3359 munis
247 3290 397 3365 termini,
417 3311 455 3358 ac
476 3293 518 3358 de
541 3292 621 3371 illis,
648 3312 714 3359 non
742 3295 879 3362 seorsim
904 3296 1045 3384 sumptis
1063 3299 1122 3364 sed
1147 3296 1245 3363 simul

110 3399 279 3485 copulatis
297 3398 486 3466 enuntietur
503 3398 727 3485 predicatum.
752 3400 804 3468 Sic
823 3405 893 3469 haec
916 3404 1108 3489 propositio:
1130 3404 1247 3472 Omnes
1270 3481 1272 3490 Ι
1361 3432 1364 3439 ·

110 3506 264 3590 Apostoli
278 3510 358 3571 sunt
370 3506 551 3573 duodecim:
571 3508 689 3574 resolvi
709 3511 770 3575 hoc
784 3509 887 3576 modo
901 3511 1014 3578 debet:
1036 3512 1120 3597 Ergo
1133 3513 1247 3578 Petrus

109 3620 144 3681 et
160 3614 331 3691 Andreas,
342 3616 481 3697 joannes
497 3618 530 3679 et
535 3614 672 3697 jacobus
690 3626 756 3682 etc.
776 3621 853 3682 sunt
866 3618 1040 3688 duodecim.
1061 3618 1151 3686 Hanc
1169 3638 1247 3685 vero

110 3723 232 3787 aliam:
254 3722 393 3803 Europa,
413 3720 514 3797 Asela,
533 3722 666 3806 Africa,
687 3724 835 3791 Anserica
852 3730 885 3791 et
906 3724 1045 3793 Oceania
1062 3730 1140 3792 nent
1155 3728 1248 3812 quin·

109 3848 191 3916 qua·
217 3827 266 3895 sic
292 3846 351 3912 per
375 3846 549 3895 ascensum
578 3830 740 3897 resolvas:
768 3850 848 3918 ergo
867 3852 982 3919 ⁵ornares
1002 3840 1111 3919 partas
1138 3834 1251 3901 mundi

109 3940 192 4003 sunt
207 3936 360 4023 quinque.

159 4042 222 4113 62.
268 4040 453 4128 Propositio
469 4042 664 4131 disjunctiva
682 4047 856 4115 resolvitur
868 4067 927 4133 per
940 4048 1151 4135 descensum,
1169 4066 1250 4116 enu·
1311 4085 1423 4135 pm„

12 4145 13 4162 ¹
112 4153 278 4221 merando
293 4150 443 4217 interiora
460 4152 573 4218 omnia
590 4154 778 4220 communis
790 4156 924 4223 termini
939 4158 1001 4224 sub
1016 4155 1246 4244 disjunctione,
1289 4159 1434 4217 &inunive-
1498 4163 1501 4179 ·

145 4367 191 4441 (ι)
231 4364 332 4425 Simili
345 4363 432 4424 modo
446 4376 567 4436 possent
581 4364 718 4438 explicari
738 4386 771 4426 ee
786 4367 893 4429 resolvi
908 4369 1123 4443 propositiones
1141 4368 1250 4431 affectae

110 4468 391 4531 syncategoremate
421 4452 581 4513 universali
601 4453 663 4514 sive
679 4457 820 4529 temporis
837 4459 901 4519 sive
924 4458 994 4528 loci,
1017 4470 1149 4536 semper,
1169 4480 1249 4521 nun·

112 4567 218 4623 punt,
242 4546 493 4619 quotiescumque,
515 4544 638 4618 ubique,
658 4547 801 4618 ubilibet,
820 4550 936 4621 ubiuis,
957 4552 1109 4624 nuspiam,
1125 4551 1247 4609 nullibi.

114 4640 237 4698 Resest
250 4632 417 4694 manifesta.

149 4732 194 4798 (a)
234 4724 282 4785 De
295 4725 351 4785 hoc
363 4723 471 4794 fusius,
485 4722 538 4785 ubi
550 4720 751 4787 inductionem
764 4728 984 4803 explicabimus.

147 4818 193 4892 (3)
231 4813 331 4877 Talea
344 4816 504 4877 tenedum.
519 4814 554 4875 in
567 4815 696 4879 Dialect.
711 4816 763 4880 lib.
778 4838 807 4893 a,
821 4840 886 4895 cap.
901 4840 930 4895 4.
