3492 5525
530 419 587 488 252
722 407 845 471 Laurea
866 407 1112 471 Minoa-Drse.
1138 421 1181 470 a·
1203 407 1280 472 Cae.
1305 423 1376 471 aum

855 801 1152 878 ARTICULUS
1175 803 1239 876 ΙΙΙ.
1359 814 1364 824 “

528 986 787 1052 Divisiones
799 987 1124 1069 propositionis
1139 990 1315 1054 ratione
1329 989 1572 1070 qualitatis.

538 1253 609 1304 ιιι.
653 1233 801 1312 Qualitas
815 1235 1045 1321 propositionis
1062 1237 1095 1302 in
1115 1237 1233 1323 duplici
1252 1256 1350 1304 sensu
1367 1237 1465 1324 accipi
1484 1245 1604 1322 potest,

489 1344 521 1408 in
558 1360 658 1409 sensu
677 1344 821 1425 physico,
838 1353 999 1434 quatenus
1027 1345 1178 1428 exprimit
1200 1345 1319 1429 aliquid
1348 1365 1412 1411 non
1436 1345 1607 1412 essentiale

488 1452 597 1533 quoad
627 1469 694 1517 rem
714 1451 836 1536 ipsam3
857 1461 889 1517 et
907 1453 1054 1518 insensu
1080 1453 1201 1537 logico,
1231 1460 1391 1535 quatenus
1422 1452 1606 1536 exprimere

488 1567 596 1642 potest
614 1558 711 1625 etiam
731 1559 868 1642 aliquid,
889 1560 992 1643 quod,
1014 1559 1087 1625 licet
1106 1560 1215 1642 quoad
1231 1579 1298 1625 rem
1314 1561 1418 1644 ipsam
1431 1548 1480 1626 ⁴sit
1493 1577 1607 1626 essen-

487 1665 578 1743 tiale,
599 1666 799 1752 significatur
816 1675 927 1733 tamen
948 1667 1047 1733 modo
1060 1667 1229 1754 actjaativa:
1248 1685 1315 1750 quo
1334 1686 1433 1734 sensu
1454 1667 1606 1732 differen-

487 1772 533 1840 tia
582 1772 743 1857 specitica,
781 1782 958 1857 utcumque
996 1773 1111 1858 speciei
1162 1775 1358 1852 essentialis,
1392 1774 1607 1840 nihilominus

488 1881 655 1948 constituit
674 1882 874 1965 praedicabile
892 1882 926 1947 in
945 1884 1052 1967 quate,
1069 1881 1223 1948 nimirum
1244 1883 1276 1947 in
1295 1885 1386 1968 quate
1403 1883 1492 1967 quid.

305 2011 441 2058 animant·
555 1988 592 2053 Et
611 1988 733 2054 ratione
752 1989 914 2072 qualitatis
934 1990 1035 2074 logice
1050 1998 1193 2074 sumptae
1211 1989 1363 2056 dividitur
1381 1988 1560 2074 propositio
1575 1989 1607 2054 in

273 2091 295 2128 ‘¹
312 2083 706 2210 ”ffisstwaffirmatiuam
719 2106 752 2162 et
769 2098 961 2182 negativam:
980 2097 1174 2164 affirmativa
1194 2115 1296 2163 unum
1313 2098 1354 2163 de
1374 2097 1436 2163 alio
1453 2096 1605 2174 affirmat,

488 2205 661 2288 vocarique
678 2206 763 2271 solet
776 2206 873 2271 etiam
891 2206 1085 2287 compositio,
1106 2206 1190 2288 quia
1204 2205 1416 2290 praedicatum
1434 2223 1511 2271 cum
1531 2206 1608 2270 sub·
1642 2195 1647 2208 '

483 2313 571 2397 jecto
602 2313 784 2397 componit.
804 2313 964 2398 Negativa
983 2330 1086 2378 unum
1109 2313 1149 2379 de
1168 2313 1230 2379 alio
1250 2323 1364 2398 negat,
1386 2320 1420 2377 et
1446 2312 1519 2377 ideo
1537 2311 1610 2376 dici·

486 2427 540 2484 tur
575 2420 671 2485 etiam
689 2420 821 2497 divisio,
856 2420 934 2504 quia
958 2421 1167 2504 praedicatum
1187 2419 1300 2486 dividit
1330 2428 1387 2486 aut
1416 2428 1562 2485 removet
1591 2439 1609 2482 a
1726 2449 1727 2466 ι

487 2527 653 2613 subjecto;
673 2529 870 2610 efferturque
890 2546 947 2611 per
966 2527 1155 2612 particulam
1176 2527 1362 2611 negativam
1382 2527 1483 2594 verbo
1505 2525 1609 2611 praefi-

486 2653 580 2710 xam,
601 2653 676 2718 quae
694 2654 815 2700 nomen
835 2633 958 2719 accepit
971 2633 1138 2717 partiario
1149 2635 1350 2717 nmta'gnantis
1367 2638 1500 2700 natura.

553 2743 596 2809 Ut
609 2741 716 2820 vides,
734 2742 851 2810 divisio
869 2743 939 2808 haec
957 2751 1007 2808 est
1024 2741 1140 2807 divisio
1155 2742 1279 2827 generis
1297 2740 1332 2807 in
1349 2742 1477 2824 species,
1494 2756 1610 2825 quem·
1724 2757 1725 2767 ³

488 2851 668 2917 admodum
693 2845 994 2936 notat'Angelicus,
1014 2850 1090 2934 quia
1115 2848 1255 2935 sequitur
1271 2853 1439 2917 secuntum
1465 2850 1610 2934 differen-

488 2957 564 3023 tiam
577 2959 754 3040 mutuati,
783 2961 828 3023 ad
843 2962 926 3043 quod
942 2960 1049 3044 fertur
1071 2958 1206 3041 negano,
1226 2957 1549 3039 predicatumautem
1565 2962 1614 3023 cst

481 3066 713 3151 parssormalis
729 3063 767 3154 (i.
789 3086 819 3141 e,
841 3064 1038 3151 essentialis)
1051 3064 1290 3141 enuntiationis,
1307 3075 1340 3130 et
1353 3064 1423 3130 idea
1437 3066 1611 3151 hujusmodi

486 3172 603 3239 divisio
620 3174 739 3239 decitur
750 3174 907 3255 pertinere
917 3175 962 3237 ad
973 3173 1153 3258 qualitatem
1165 3170 1400 3248 enuntiationis,
1415 3173 1607 3256 qualitatem,

487 3280 633 3365 inquam,
653 3280 843 3346 essentialem
854 3331 862 3358 ,
874 3283 1043 3346 secundum
1056 3280 1139 3364 quad
1151 3278 1327 3361 differentia
1340 3278 1501 3363 significat
1510 3287 1610 3364 quale

488 3386 600 3476 quid(
625 3385 651 3475 ).

308 3510 443 3557 affirmatur
555 3495 640 3563 inter
675 3496 733 3561 has
767 3495 1004 3580 propositiones
1035 3493 1229 3559 affirmativa
1273 3504 1423 3561 censetur
1456 3494 1609 3580 negativa

276 3580 475 3706 “hssjgafl‘jfflffi‘
489 3604 627 3669 nobilior
657 3622 693 3667 ac
712 3602 813 3686 prior:
845 3602 984 3670 nobilior
1006 3602 1159 3684 quidem,
1184 3602 1260 3685 quia
1288 3599 1394 3687 magis
1424 3602 1610 3669 manifestat

488 3712 583 3777 dere
605 3728 705 3794 quam
730 3712 897 3796 negativa,
918 3728 975 3794 per
996 3727 1096 3792 quam
1117 3728 1183 3775 non
1204 3708 1354 3792 patescit,
1375 3707 1435 3775 nisi
1459 3709 1536 3793 qum
1553 3720 1609 3775 aut

488 3818 592 3904 quatis
606 3836 656 3884 res
673 3837 737 3884 nan
762 3818 821 3896 sit,
843 3836 909 3883 non
928 3825 1038 3882 autem
1058 3817 1137 3903 quid
1153 3824 1211 3882 aut
1227 3816 1331 3901 quatis
1347 3816 1400 3885 sit.
1425 3816 1515 3883 Prior
1531 3837 1609 3884 vero

489 3934 538 3991 est
565 3926 776 4003 affirmativa,
797 3926 872 4009 quia
897 3924 974 4008 quid
997 3941 1125 3991 resnou
1146 3925 1200 4003 sit,
1223 3924 1292 3990 sciri
1312 3942 1378 3990 non
1398 3932 1519 4008 potest,
1544 3925 1606 3993 nisi
1726 3992 1727 4003 ,

488 4043 720 4119 cognoscatur,
739 4032 882 4119 quaiisit,
899 4034 1014 4098 saltem
1029 4032 1168 4099 contuso
1186 4032 1294 4114 aliquo
1311 4032 1410 4096 modo
1424 4029 1487 4119 (2).
1507 4032 1609 4097 Nimi-
1726 4022 1727 4047 ³

492 4160 563 4206 rum
580 4143 750 4207 intellectus
764 4141 934 4225 negata'onis
950 4147 1069 4222 semper
1075 4140 1239 4224 fundatur
1254 4139 1289 4203 in
1307 4139 1414 4225 aliqua
1430 4139 1610 4222 affirmatio·
1726 4168 1727 4209 1

489 4266 541 4316 ne.
583 4248 675 4329 Quod
708 4268 748 4314 ex
775 4249 829 4314 iac
841 4252 942 4330 patet,
977 4248 1052 4332 quia
1070 4247 1171 4313 omnis
1200 4246 1339 4331 negativa
1364 4252 1424 4328 per
1448 4246 1609 4329 affirnrati-

530 4515 572 4584 (ι)
609 4514 642 4574 S.
661 4514 767 4573 Thom.
781 4515 957 4584 Periierm„
972 4512 1022 4571 lib.
1041 4534 1065 4583 1,
1079 4516 1143 4572 lect.
1162 4530 1209 4581 ιο,
1224 4532 1341 4586 paragr.
1358 4511 1383 4569 i.
1726 4582 1727 4597 χ

532 4609 573 4672 (a)
609 4604 686 4663 Vide
712 4602 745 4663 S.
760 4604 866 4663 Thom.
890 4604 1065 4675 Periaerm,
1081 4602 1130 4661 lib.
1149 4624 1176 4671 1,
1194 4604 1259 4661 lect.
1284 4602 1310 4669 Β,
1328 4600 1421 4660 initio.
1436 4600 1498 4661 cir.
1514 4602 1605 4663 Tolet.

505 4696 610 4771 Logia.
625 4694 670 4754 De
684 4694 837 4769 interpret.
847 4712 911 4767 cap.
925 4713 957 4768 4,
972 4711 1002 4765 q.
1015 4712 1041 4751 a.
