3492 5525
286 476 305 556 ἓ
324 474 373 539 111.
398 473 638 543 Prrruosoerrnra
659 494 759 541 omno
782 497 824 541 Ετ
840 496 1058 543 PROGRESSUS
1153 495 1190 563 35

114 656 189 721 vixit
213 654 418 721 Alexandriae
440 656 503 721 sub
531 656 712 723 Ptolomaeo
737 656 956 725 Philometore
977 656 1046 746 (r),
1071 666 1170 742 atque
1195 671 1231 725 ut

113 760 292 827 doctrinam
316 763 348 827 in
374 764 473 830 sacris
496 763 603 830 bibliis
630 776 820 833 contentam
845 784 922 833 cum
949 784 1064 851 graecae
1088 765 1232 832 Philoso-

112 870 196 959 ρὴίωΙ
216 868 430 954 dogmatibus
450 871 650 949 conciliarem
676 882 732 939 aut
760 872 858 938 etiam
894 892 994 939 unam
1019 892 1093 940 esse
1116 875 1232 957 proba·

113 986 178 1052 ret,
209 995 278 1041 non
297 976 420 1043 veritus
450 990 500 1044 est
525 978 623 1045 etiam
648 980 688 1045 ad
711 980 843 1046 labellos
873 979 1089 1065 fictionesque
1112 982 1233 1067 ¹conlu-

111 1086 202 1167 gere'.
955 1087 958 1093 '

177 1190 266 1255 ldem
281 1202 427 1277 systema
442 1192 597 1260 doctrinae
615 1194 791 1271 eclecticae‚
807 1194 881 1260 licet
900 1195 1086 1272 honestius,
1100 1203 1235 1262 secutus

114 1308 162 1362 est
186 1298 296 1374 Philo,
317 1300 374 1381 qui
398 1307 494 1366 natus
513 1309 563 1365 est
586 1300 697 1384 paucis
716 1302 810 1371 annis
833 1284 909 1368 ante
932 1303 1099 1368 Christum
1123 1302 1235 1367 Domi-

112 1424 212 1481 num,
241 1414 274 1471 et
297 1405 379 1473 vixit
402 1407 619 1483 Alexandria,
645 1409 752 1495 Moysi
772 1428 848 1475 cum
879 1410 1012 1475 Platone
1033 1410 1236 1475 conciliando

111 1510 284 1601 intentus(
310 1511 335 1601 ).

178 1620 308 1687 Flavius
320 1620 485 1705 josephus
506 1619 618 1709 (natus
632 1642 686 1687 an.
712 1640 754 1708 37
779 1643 812 1706 p.
830 1621 886 1711 C.)
900 1624 998 1688 etiam
1024 1623 1234 1690 llebraeorum

109 1727 293 1793 doctrinam
318 1726 430 1812 spoliis
452 1748 566 1813 graecae
581 1730 797 1814 Philosophiae
821 1731 953 1796 vestivit
974 1727 1047 1818 (3),
1081 1731 1236 1814 idemque

108 1834 240 1901 videtur
268 1835 411 1901 voluisse
439 1837 614 1905 Numenius
641 1836 858 1921 Apameensis
881 1837 1084 1915 Platonicus,
1114 1840 1171 1921 qui
1196 1856 1236 1904 eo

108 1941 250 2007 intendit
269 1942 497 2027 potissimum,
510 1955 546 2010 ut
560 1943 728 2009 Platonem
746 1962 822 2011 cum
843 1946 1025 2030 Pythagora
1038 1944 1235 2022 conciliaret,

107 2058 141 2113 et
161 2050 335 2135 utriusque
353 2052 517 2118 doctrinas
540 2050 708 2136 perficeret
730 2070 807 2117 cum
829 2052 987 2137 religiosis
1009 2052 1237 2119 traditionibus

109 2177 151 2221 ex
167 2157 255 2223 lndia
269 2170 303 2223 et
323 2156 473 2245 AEgypto
489 2156 659 2237 derivatis,
681 2169 713 2228 et
732 2160 777 2225 sic
801 2159 905 2243 prima
928 2160 1142 2225 fundamenta
1160 2160 1238 2244 jecit

109 2266 371 2349 Neoplatonismi
396 2266 622 2343 Alexandrini,
639 2268 923 2349 quemadmodum
948 2267 1078 2333 videtur
1100 2265 1238 2331 Eusebio

110 2370 300 2439 Caesariensi
324 2370 388 2461 (4).
420 2374 525 2458 liujus
547 2382 597 2439 est
617 2393 681 2439 vox
695 2372 764 2438 illa:
789 2375 951 2439 Platonem
968 2375 1059 2439 aliud
1075 2394 1138 2439 non
1160 2393 1237 2450 aare,

109 2500 206 2564 quam
225 2482 363 2562 Moyscra
377 2482 528 2546 Attr'carm.

157 2608 214 2669 40.
265 2588 350 2653 Cum
365 2588 405 2653 de
427 2588 639 2654 llebraeorum
665 2589 871 2673 Philosophia
895 2589 933 2654 fn
952 2596 1084 2664 sermo,
1110 2588 1239 2654 silentio
1262 2635 1346 2681 caran
1356 2636 1445 2689 ΝΜ

109 2695 265 2780 praerenri
281 2695 394 2780 nequit
410 2696 546 2773 Cabala,
563 2714 622 2763 seu
638 2695 732 2762 oralis
745 2696 892 2763 traditio:
910 2715 978 2781 quo
995 2697 1131 2763 nomine
1146 2696 1241 2762 intel-
1325 2722 1373 2752 rum

109 2804 223 2888 ligitur
241 2813 327 2869 certa
352 2801 433 2880 ratio
460 2805 614 2870 secretior
637 2814 669 2870 et
692 2805 833 2890 mystica
856 2805 1089 2889 interpretandi
1113 2803 1240 2870 divinas

108 2909 1242 2996 litterassensusqueoccultioresacdifficilesinveniendi,opevaria-
1332 2925 1336 2930 ’

108 3039 187 3085 rum
214 3019 492 3102 compositionum
518 3027 574 3084 aut
598 3019 851 3086 dissolutionum
878 3020 1074 3096 verborum,
1102 3018 1242 3104 syllaba—

108 3147 206 3203 rum,
233 3127 428 3202 litterarum‚
460 3135 658 3211 punctorum
678 3137 777 3209 atque
802 3135 1016 3207 accentuum;
1048 3143 1116 3209 quo
1143 3124 1240 3190 etiam

107 3237 253 3320 pertinet
268 3235 388 3300 modus
402 3234 483 3299 mira
498 3235 650 3318 quaedam
666 3234 830 3318 patrandi,
848 3245 928 3318 puta
942 3234 1076 3300 curandi
1092 3232 1238 3310 morbos,

107 3346 169 3410 vel'
178 3343 350 3409 daemones
364 3327 527 3428 ejiciendi,
548 3341 701 3408 adhibitis
716 3348 805 3407 certo
820 3344 965 3425 quodam
986 3351 1081 3427 pacto
1095 3341 1242 3406 textibus

107 3453 219 3517 Sacrae
235 3451 409 3535 Scriptura
424 3451 476 3518 vel
499 3450 709 3534 pronuntiato
734 3449 790 3514 Dei
811 3449 945 3516 nomine
967 3448 1119 3534 peculiari
1134 3448 1243 3531 aliqua

107 3561 249 3625 ratione.
269 3557 419 3624 Doctrina
439 3559 524 3634 haec,
551 3576 651 3642 quam
663 3543 933 3641 'antiquissimam
958 3557 1092 3640 quidam
1109 3563 1238 3641 putant,

106 3667 306 3733 concinnata
323 3674 356 3729 et
374 3665 405 3730 in
427 3665 576 3730 ordinem
597 3665 724 3730 redacta
743 3665 861 3731 dicitur
881 3664 921 3730 ab
947 3664 1073 3730 Aliaha
1094 3660 1151 3750 (-l-
1181 3663 1240 3747 138

107 3797 140 3859 p.
163 3771 223 3862 C.)
243 3783 276 3839 et
298 3773 484 3840 continetur
504 3773 712 3858 potissimum
727 3773 759 3839 in
785 3773 865 3838 libro
889 3773 942 3839 cui
965 3773 1082 3837 titulus
1095 3770 1239 3857 Jaairab,

107 3883 166 3968 qui
192 3883 300 3947 eidem
321 3881 459 3948 Alribhae
473 3881 642 3959 tribuitur,
664 3893 696 3947 et
716 3879 748 3946 in
774 3882 874 3946 altero
902 3881 1004 3946 Sohar
1019 3879 1205 3962 conscripto
1223 3897 1242 3941 a

105 3993 254 4056 Sr'rnaona
273 3991 339 4055 Ban
348 3989 476 4071 Jachai,
501 3988 638 4054 Akibhae
659 3988 831 4073 discipulo.
850 3987 1078 4072 Philosophica
1097 3985 1242 4052 doctrina

106 4098 296 4164 cabalistica
316 4096 444 4179 respicit
466 4095 624 4180 originem
651 4114 758 4162 rerum
783 4116 841 4180 per
862 4095 1106 4161 emanationem
1129 4115 1147 4158 a
1171 4093 1242 4158 luce

106 4201 432 4289 quadamprimitiva
442 4202 584 4278 infinita,
596 4221 696 4285 quarn
708 4203 867 4286 Ensophan
882 4201 1012 4280 dicunt,
1026 4209 1123 4287 prout
1137 4199 1243 4266 fusius

142 4499 188 4558 (ι)
227 4489 388 4559 Gonzulez,
405 4507 468 4560 par.
487 4485 771 4560 1043l'ennemann,
788 4507 850 4558 par.
871 4488 930 4559 196.

142 4586 188 4648 (π)
225 4579 304 4637 Vide
315 4577 473 4647 Gonzalea,
489 4597 588 4650 parag.
608 4576 1029 4646 ioorTennemann,1oc.cit.
1045 4592 1108 4648 por.
1125 4577 1187 4650 196.

142 4675 189 4740 (ς)
226 4667 497 4738 Tennemanmloc.
514 4667 562 4727 cit.
600 4707 602 4712 ,

141 4761 189 4834 (4)
227 4760 316 4833 Apud
332 4757 489 4830 Gonzalea,
504 4777 567 4830 par.
586 4774 652 4829 1143
668 4752 719 4814 ubi
734 4756 818 4828 plura
834 4755 993 4814 haedere.
1048 4802 1052 4809 .
