3492 5525
558 448 618 511 474
679 426 802 494 Locrca
818 427 1047 503 Minoa-Lis.
1068 442 1136 505 rur,
1153 428 1246 492 Drsr».
1266 439 1309 495 aa
1322 428 1399 493 cap,
1419 443 1488 492 gum

341 626 464 671 sectans·
585 612 657 677 Alia
674 630 806 697 quoque
824 620 876 678 est
894 611 1097 679 necessitatis
1114 612 1279 679 distinctio
1293 612 1326 679 in
1344 614 1517 681 absolutam
1534 621 1569 681 et
1585 614 1646 696 hy-

313 777 334 813 a
344 697 490 826 meza
513 720 708 803 patheticam.
723 721 882 787 Absoluta
898 730 949 787 est
964 718 1030 795 illa,
1045 739 1120 803 quae
1135 721 1180 787 rei
1198 721 1365 798 convenit,
1381 730 1525 806 spectata
1537 722 1644 805 ipsius

519 828 677 905 essentia,
712 838 745 893 et
772 828 1028 911 independenter
1054 828 1095 894 ab
1124 827 1214 894 omni
1240 829 1440 897 conditione.
1471 828 1526 895 Sic
1550 828 1642 895 Deus

519 935 698 1001 necessario
717 944 766 1001 est
786 935 994 1011 immortalis,
1024 944 1058 1000 et
1077 936 1178 1001 homo
1196 944 1247 1002 est
1266 936 1399 1002 animal.
1426 937 1641 1022 Hypothetica

517 1052 567 1109 est
585 1042 653 1118 illa,
675 1061 749 1126 quae
773 1042 815 1108 rei
840 1043 1017 1127 competit,
1037 1044 1206 1127 supposita
1233 1042 1341 1127 aliqua
1365 1043 1564 1112 conditione.
1587 1042 1641 1111 Sic

519 1152 663 1217 mundus
682 1151 819 1217 existere
848 1151 962 1227 debet,
992 1150 1163 1235 supposito
1188 1151 1300 1217 divino
1322 1152 1451 1219 decreto
1477 1153 1519 1218 de
1537 1151 1642 1237 ipsius

516 1258 693 1325 creatione.
714 1258 752 1323 Et
770 1258 852 1323 hanc
872 1257 1117 1345 hypotheticam
1143 1260 1370 1327 necessitatem
1391 1268 1499 1345 potest
1521 1260 1641 1326 habere

517 1385 736 1451 quacumque
756 1384 806 1433 res
823 1367 1022 1450 ceteroquin
1042 1366 1125 1433 insse
1139 1367 1208 1451 ipsa
1226 1368 1440 1453 contingens:
1457 1388 1533 1435 nam
1551 1388 1642 1434 ornm

516 1477 677 1559 quaeest,
699 1492 819 1539 neccsse
839 1478 983 1551 estesse,
1007 1476 1134 1559 pando
1149 1478 1212 1553 est,
1231 1479 1262 1541 el
1278 1494 1366 1541 omne
1388 1480 1471 1560 quod
1494 1494 1557 1543 non
1579 1478 1638 1551 est,

520 1600 639 1648 necesse
656 1585 703 1647 est
718 1600 781 1647 non
804 1600 868 1647 esse
881 1589 943 1665 pro
964 1582 1020 1647 illo
1047 1585 1194 1664 tempore,
1218 1584 1345 1667 qamndo
1365 1588 1509 1659 nonest,
1534 1583 1641 1669 inquit

517 1688 557 1755 S.
579 1688 723 1755 Thomas
740 1686 792 1777 (r)
811 1708 886 1755 cum
907 1678 1087 1776 Stagirita(
1113 1686 1138 1776 ).

588 1795 730 1873 Quando
748 1811 828 1881 ergo
846 1796 1005 1882 objectiva
1029 1790 1189 1864 certitudo
1207 1796 1324 1864 dicitur
1342 1816 1413 1865 esse
1436 1798 1506 1881 ipsa
1522 1798 1641 1884 objecti

523 1905 708 1982 necessitas,
729 1903 761 1969 id
779 1903 908 1970 videtur
927 1904 1177 1989 intelligendum
1195 1905 1236 1971 de
1264 1924 1474 1989 quacumque
1500 1907 1641 1973 necessi-

520 2020 599 2089 tate,
620 2012 693 2079 sive
715 2012 875 2087 absoluta,
902 2011 971 2077 sive
991 2012 1212 2097 hypothetica,
1242 2012 1477 2100 metaphysica,
1507 2013 1642 2100 physica

517 2130 551 2186 et
571 2120 684 2186 morali
702 2120 823 2188 stricta.
843 2119 955 2202 Atque
973 2119 1016 2183 ita
1035 2128 1173 2203 possunt
1186 2120 1347 2187 conciliari
1372 2121 1510 2187 diversae
1528 2133 1642 2189 aucto-

519 2247 590 2294 rum
612 2226 752 2311 rationes
771 2228 939 2310 loquendi,
961 2224 1029 2293 aliis
1043 2228 1279 2312 explicantibus
1297 2229 1495 2314 objectivam
1508 2230 1643 2296 certitu-

456 2391 457 2395 ,
518 2336 629 2402 dinem
664 2353 720 2419 per
747 2335 864 2419 objecti
896 2334 1133 2412 necessitatem,
1163 2334 1233 2401 aliis
1256 2355 1334 2402 vero
1363 2354 1421 2421 per
1448 2340 1521 2414 hoc,
1548 2338 1642 2421 quod

518 2442 639 2527 aliquid
669 2452 779 2528 potest
807 2461 879 2509 esse
898 2443 1063 2529 objectum
1093 2454 1185 2511 actus
1202 2443 1293 2510 certi.
1315 2443 1400 2520 Qria
1427 2464 1503 2511 cum
1530 2458 1642 2512 certus

516 2562 607 2617 actus
629 2570 670 2616 ex
686 2559 800 2616 natura
824 2570 884 2616 sua
908 2552 1049 2634 postulet
1074 2550 1261 2628 veritatem,
1290 2552 1387 2619 debet
1413 2554 1579 2620 terminari
1597 2556 1641 2619 ad

517 2660 682 2745 objectum
698 2659 806 2741 aliquo
821 2658 937 2723 saltem
952 2659 1065 2733 modo,
1081 2658 1149 2724 sive
1162 2658 1310 2725 absolute
1331 2660 1400 2725 sive
1417 2660 1640 2747 hypothetice,

518 2767 749 2834 necessarium.
779 2765 992 2850 Quamquam
1015 2766 1104 2832 enim
1133 2767 1331 2833 enuntiabile
1358 2768 1491 2851 aliquod
1519 2769 1561 2835 sit
1581 2771 1645 2834 ab·

517 2877 622 2943 solute
645 2885 679 2940 et
698 2877 730 2942 in
750 2894 785 2940 se
800 2874 1007 2960 contingens,
1037 2876 1181 2958 taleque,
1206 2876 1296 2957 quod
1320 2875 1462 2960 potuerit
1487 2877 1578 2942 aliter
1603 2896 1645 2944 se

518 2983 648 3060 habere,
669 2982 882 3048 nihilominus
900 2983 980 3047 dum
999 2982 1096 3047 hicet
1110 3000 1197 3048 nunc
1216 2992 1269 3050 est·
1283 2993 1374 3049 certo
1392 2985 1503 3067 aliquo
1522 2985 1641 3062 modo,

513 3095 581 3179 jam
610 3090 706 3156 habet
735 3087 961 3156 necessitatem
991 3088 1249 3175 hypotheticam,
1279 3099 1378 3173 atque
1411 3092 1492 3158 adeo
1525 3102 1642 3158 acturn

517 3210 642 3266 certum
661 3197 833 3264 terminare
852 3206 973 3283 potest.
994 3195 1045 3276 Sic
1060 3216 1192 3282 possem
1212 3217 1274 3283 ego
1294 3216 1382 3266 nunc
1402 3218 1468 3266 non
1487 3199 1642 3284 scribere3

517 3307 577 3373 sed
597 3306 753 3390 quoniam
773 3306 813 3371 de
836 3306 920 3371 lacto
938 3305 1060 3380 scribo,
1079 3306 1146 3390 jam
1172 3324 1238 3372 non
1259 3323 1395 3391 possum
1414 3306 1466 3374 hic
1484 3317 1517 3373 et
1536 3327 1642 3385 nunc,

517 3416 597 3481 dum
617 3414 735 3491 scribo,
753 3433 820 3479 non
844 3413 999 3489 scribere,
1020 3422 1053 3479 et
1071 3411 1114 3478 ita
1132 3423 1222 3479 certo
1245 3432 1410 3498 cognosco
1427 3415 1642 3500 scriptionem

519 3540 639 3588 meam.
661 3522 698 3588 Et
716 3521 812 3588 simili
828 3521 928 3587 modo
946 3529 1036 3587 certo
1053 3521 1285 3606 cognoscimus
1304 3522 1397 3605 plura
1411 3523 1492 3588 lacta
1506 3523 1538 3590 in
1554 3542 1590 3588 se
1606 3537 1644 3592 et

517 3630 666 3696 absolute
684 3629 922 3714 contingentia,
943 3647 1017 3711 quae
1036 3628 1234 3712 experientia
1252 3628 1472 3708 innotescunt,
1496 3631 1573 3714 quia
1592 3632 1646 3698 in-

518 3736 749 3812 differentiam,
780 3754 880 3820 quam
911 3755 951 3801 ex
983 3756 1041 3802 sua
1075 3744 1190 3803 natura
1220 3737 1370 3804 absolute
1395 3737 1572 3816 habebant,
1605 3753 1646 3808 ut

519 3855 628 3912 essent
646 3845 698 3911 vel
720 3863 785 3910 non
806 3851 933 3920 essent,
963 3845 1015 3910 vel
1034 3851 1071 3909 ut
1088 3843 1134 3910 sic
1152 3854 1207 3910 aut
1225 3842 1316 3909 aliter
1334 3852 1462 3922 essent,
1482 3845 1552 3931 jam
1572 3865 1645 3913 non

520 3953 661 4037 amplius
682 3951 833 4028 retinent,
855 3953 914 4017 sed
928 3961 1005 4018 sunt
1024 3952 1064 4017 ad
1084 3968 1188 4017 unum
1209 3950 1424 4023 determinata
1443 3961 1541 4038 atque
1557 3954 1645 4021 adeo

519 4059 732 4148 hypothetice
752 4059 943 4124 necessaria.

556 4369 567 4424 l
572 4368 596 4430 1)
635 4363 698 4421 Lib.
719 4385 742 4419 1.
758 4362 922 4420 Periherm.
935 4361 998 4420 lect.
1015 4359 1312 4436 15.Cfr.lect.14,et
1329 4384 1351 4420 1.
1368 4384 1398 4436 p.
1411 4385 1441 4435 q.
1460 4384 1502 4437 14,
1516 4386 1543 4424 a.
1563 4387 1594 4436 η
1605 4367 1647 4424 ad

521 4465 599 4524 a.¹¹·;
614 4466 718 4525 quaest.
739 4474 779 4525 19,
792 4473 819 4510 a.
838 4473 865 4524 33
892 4471 916 4510 1.
933 4471 960 4523 p.
977 4471 1006 4522 q.
1021 4452 1068 4521 86,
1083 4473 1110 4509 a.
1133 4472 1158 4522 3³
1173 4452 1208 4509 de
1234 4453 1328 4511 Veril.
1343 4473 1372 4524 q.
1389 4473 1434 4526 24,
1448 4475 1476 4512 a.
1495 4475 1518 4512 r.
1543 4453 1580 4513 ad
1598 4477 1646 4528 ης

520 4545 629 4604 Contra
642 4543 724 4604 Gerrl.
742 4543 792 4601 lib.
808 4562 834 4611 a,
850 4562 914 4614 cap.
925 4559 956 4614 55
970 4540 1001 4600 in
1011 4542 1079 4611 fine,
1091 4555 1120 4600 ct
1130 4561 1194 4614 cap.
1207 4561 1242 4615 30
1251 4542 1302 4603 fin.
1313 4543 1388 4601 Vide
1398 4543 1484 4602 etiam
1496 4545 1647 4617 Bdctium,

519 4636 554 4692 de
569 4634 771 4694 Consolatione
785 4633 910 4700 Philas,
925 4631 975 4691 lib.
992 4649 1030 4704 5..
1046 4651 1131 4704 prosa
1145 4632 1211 4701 ult..
1228 4632 1362 4692 emedio.

556 4730 597 4792 (a)
634 4723 808 4793 Pera‘herm„
822 4721 875 4782 lib.
894 4743 931 4791 ι...
945 4741 1009 4794 cap.
1024 4721 1091 4792 ult..
1106 4734 1175 4780 text.
1194 4741 1227 4782 ro
1239 4719 1324 4789 (aliae
1337 4722 1388 4783 lib.
1406 4745 1431 4784 r.
1444 4743 1508 4804 cap.
1522 4727 1563 4798 9).
