3492 5525
584 449 660 514 ¹1¹4
700 428 825 495 Loorca
840 430 1070 505 MxJoR-Lrn.
1089 445 1160 495 aar.
1173 430 1261 497 Drsn.
1276 430 1322 492 6.·
1338 430 1415 493 Can.
1437 442 1507 491 num

544 613 773 681 Grammaticae
802 613 946 682 construi
966 615 1086 683 vocalis
1104 612 1266 690 definitio,
1298 614 1519 701 syllogismus
1537 620 1647 678 etc.:er

540 721 603 788 hoc
620 730 669 787 est
687 722 825 808 regulari
848 741 947 789 voces
975 722 1128 791 indirecte
1155 741 1197 789 ex
1223 721 1437 807 consequenti
1458 740 1501 787 ex
1522 720 1647 805 quadan

539 828 807 906 concomitantia,
824 838 861 897 ut
881 829 926 897 ait
943 827 995 919 (u)
1013 828 1158 897 Eximius
1176 827 1240 917 (2).

606 937 726 1007 interes
745 946 918 1021 praeterea,
938 935 1211 1004 aSummularum
1228 938 1357 1022 regulas
1374 936 1460 1004 circa
1478 953 1581 1001 voces
1597 955 1648 1001 non

396 1053 506 1084 mmm
539 1042 663 1110 institui
682 1062 723 1110 ex
742 1043 903 1130 exigentia
921 1043 1063 1131 Logicae,
1083 1044 1142 1111 sed
1161 1064 1202 1111 ex
1220 1044 1398 1129 indigentia
1412 1045 1465 1109 vel
1480 1046 1649 1109 commodi

361 1126 499 1228 ercam
539 1160 606 1223 tate
623 1151 745 1238 Logici.
766 1152 851 1218 Nam
869 1151 985 1237 Logica
1009 1170 1075 1219 non
1100 1152 1223 1239 indiget
1242 1151 1364 1237 regulis
1381 1151 1509 1219 artificii
1530 1152 1646 1220 vocalis,

325 1268 403 1299 “⁰³²¹
417 1256 450 1336 ‘J'
466 1270 493 1299 ‘¹¹
504 1256 525 1299 i·
540 1268 577 1327 ut
590 1259 691 1326 finem
706 1277 805 1327 suum
819 1261 958 1343 perfecte
971 1259 1172 1342 obtineat...;
1191 1278 1249 1327 nec
1264 1259 1408 1336 aliunde,
1425 1267 1463 1325 ut
1478 1260 1649 1343 acquiratur

387 1412 410 1441 ‚2
425 1340 472 1441 ἰζ’
539 1368 624 1451 ipsa,
640 1385 716 1433 curn
736 1367 839 1451 possit
853 1346 973 1452 acquiri
993 1366 1181 1452 simpliciter
1199 1368 1387 1435 inventione
1408 1369 1558 1453 propria,
1571 1369 1647 1433 utel

323 1480 346 1511 ¹⁰
363 1466 369 1476 '
384 1468 443 1513 ‘lt‘
489 1467 524 1513 ³⁶⁵·
540 1474 712 1541 Aristotele
731 1474 957 1566 acquisita‘est
976 1493 1096 1560 magna
1114 1494 1155 1541 ex
1173 1484 1278 1560 parte,
1296 1478 1347 1541 vel
1367 1476 1467 1541 etiam
1489 1494 1548 1559 per
1567 1495 1647 1559 regu

538 1584 586 1650 las
604 1602 683 1650 uoce
703 1582 850 1667 magistri
879 1602 1066 1667 expressas,
1086 1602 1162 1668 quae
1191 1601 1256 1649 non
1283 1584 1325 1650 de
1352 1584 1512 1661 vocibus,
1535 1585 1591 1649 sed
1615 1586 1646 1649 de

505 1691 616 1757 solis
645 1690 858 1773 conceptibus
884 1678 1113 1774 loquanturm'
1138 1693 1189 1757 vel
1223 1692 1321 1759 etiam
1358 1710 1414 1775 per
1451 1690 1644 1775 scripturam.

538 1800 787 1884 «Praeterquam
801 1800 892 1882 quod
907 1798 1030 1875 media,
1044 1817 1120 1882 quae
1134 1808 1262 1867 tantum
1276 1819 1317 1865 ex
1331 1799 1556 1865 imbecillitate
1570 1820 1645 1865 men

536 1908 578 1974 tis
593 1908 747 1973 humanae
764 1907 976 1990 requiruntur
991 1908 1032 1974 ad
1051 1906 1280 1991 acquirendam
1299 1906 1490 1984 scientiam,
1506 1926 1573 1973 non
1585 1909 1644 1975 ideo

536 2014 669 2100 praecise
689 2014 810 2082 debent
828 2033 901 2081 esse
920 2014 1068 2102 ejusdem
1095 2014 1236 2082 scientiae
1260 2016 1428 2101 proprium
1448 2016 1642 2101 objectum...

535 2122 650 2189 Solum
669 2142 749 2207 ergo
768 2122 927 2206 praedictae
947 2125 1068 2208 regulae
1087 2123 1242 2189 institutae
1262 2134 1339 2189 sunt
1363 2143 1404 2189 ex
1429 2124 1604 2209 indigentia
1620 2138 1644 2187 et

534 2230 769 2296 commoditate
787 2230 1008 2306 studentium,
1027 2231 1084 2314 qui
1104 2232 1208 2297 multo
1233 2230 1443 2297 commodius
1469 2230 1643 2315 faciliusque

536 2337 717 2423 percipiunt
748 2340 877 2424 regulas
905 2358 980 2404 vere
1001 2328 1130 2424 'logicas
1163 2337 1286 2405 artificii
1315 2340 1485 2417 mentalis,
1514 2339 1543 2405 si
1570 2340 1644 2423 prius

534 2454 747 2512 exerceantur
775 2446 809 2510 in
833 2444 967 2512 artificio
998 2446 1117 2522 vocali,
1143 2456 1175 2513 et
1201 2447 1272 2531 ejus
1299 2447 1426 2531 regulas
1453 2446 1643 2515 addiscant.»

534 2552 700 2620 Nonnulla
729 2554 827 2620 etiam
855 2554 1079 2638 disputantur,
1106 2564 1142 2620 ut
1170 2572 1294 2621 errores
1329 2556 1490 2631 vitentur,
1517 2556 1574 2639 qui
1600 2575 1645 2639 per

534 2662 674 2729 abusum
694 2680 812 2728 vocum
833 2662 971 2746 irrepere
985 2672 1124 2745 possunt
1141 2660 1173 2727 in
1187 2662 1328 2729 scientiis
1343 2682 1384 2728 ex
1401 2663 1530 2730 deiectu
1551 2673 1642 2729 atten-

533 2769 632 2836 tionis
662 2771 714 2834 vel
743 2778 838 2835 rectae
867 2769 1092 2854 applicationis
1123 2781 1374 2855 praeceptorum:
1405 2790 1474 2854 quo
1504 2782 1642 2856 spectant

535 2878 605 2953 illa,
621 2896 696 2961 quae
705 2885 884 2943 tractantur
897 2878 938 2943 de
950 2875 1100 2944 terminis
1112 2878 1305 2960 aequivocis,
1320 2878 1575 2964 amphibologiis
1588 2889 1640 2946 etc.

536 2984 637 3052 allae
654 2996 764 3052 autem
789 2994 945 3071 tyronum
965 2985 1098 3052 tarditas
1118 2986 1169 3050 vel
1188 2985 1405 3050 commoditas
1427 3005 1485 3070 per
1504 2987 1643 3052 accidens

534 3103 586 3160 est
604 3101 752 3176 respectu
767 3093 910 3178 logicae:
932 3110 1032 3175 quare
1048 3109 1145 3160 voces
1160 3093 1311 3176 appellari
1330 3094 1439 3160 solent
1458 3092 1500 3159 ab
1518 3095 1644 3160 auctori

534 3201 597 3268 bus
615 3209 735 3267 nostrae
752 3199 921 3266 sententiae
946 3193 1110 3286 objectum
1139 3199 1266 3286 Logicae
1290 3218 1347 3283 per
1374 3199 1539 3268 accidens:
1569 3211 1642 3266 certe

535 3311 641 3375 vocari
659 3308 780 3376 debent
798 3308 964 3394 objectum
994 3327 1059 3374 non
1078 3309 1232 3393 scrutate,
1259 3326 1324 3374 non
1344 3309 1459 3374 directe
1487 3312 1521 3375 et
1539 3317 1643 3392 perse

533 3417 779 3492 consideratum,
800 3416 859 3483 sed
873 3416 1040 3492 indirecte,
1060 3415 1235 3491 reductive,
1250 3417 1282 3480 et
1296 3434 1336 3480 cx
1348 3418 1548 3502 consequenti
1563 3437 1642 3501 regu·

535 3527 657 3591 latum»
677 3521 740 3613 (3).

867 3685 1065 3752 Socvuurux
1081 3699 1325 3751 orrncucrxres.

579 3864 657 3934 340.
705 3852 812 3930 objle.
842 3853 890 3914 1.⁰
936 3845 1011 3912 liaec
1038 3845 1135 3912 habet
1161 3843 1196 3911 S.
1227 3845 1371 3914 Thomas
1399 3865 1473 3930 quae
1502 3865 1640 3932 expresse

537 3966 658 4022 nostrae
677 3953 848 4020 sententiae
865 3954 1108 4019 contradicunt:
1129 3953 1194 4020 Sed
1204 3953 1280 4042 qurir
1297 3953 1412 4038 Logiea
1427 3955 1592 4021 ordinater
1605 3958 1640 4020 ut

535 4063 743 4148 cognitionem
764 4065 804 4127 dc
826 4062 918 4127 rebus
939 4063 1139 4140 sementim·
1155 4061 1344 4148 sigru'ficatio
1361 4079 1483 4138 mcum,
1513 4081 1579 4147 qun
1603 4069 1642 4128 est

535 4171 717 4237 immediate
734 4169 813 4253 ipsis
824 4169 1018 4252 conceptibus
1034 4168 1221 4247 intellectus,
1242 4169 1436 4251 pcrtinetad
1448 4170 1638 4253 principalem

534 4278 811 4346 consideratiorem
824 4277 923 4360 ipsius
936 4273 1000 4365 (4).

571 4461 612 4524 (¹)
648 4454 732 4528 Diap.
751 4475 775 4526 1,
791 4455 872 4526 Men,
889 4467 957 4515 sect.
972 4473 1003 4530 4,
1021 4473 1051 4514 n.
1066 4463 1110 4530 2'7.

570 4550 612 4614 (a)
648 4545 781 4616 lassad,
796 4545 848 4603 loc.
864 4543 911 4603 cit.
928 4563 958 4602 n.
976 4563 1018 4602 12.

570 4640 611 4708 (3)
648 4635 792 4706 leucada,
805 4634 923 4701 loocit.
939 4653 970 4692 n.
989 4653 1028 4708 ¹4·

571 4725 612 4798 (4)
648 4723 681 4788 8.
696 4725 814 4796 ΤΙιοω.,
829 4725 1004 4795 ΡινίΙκηη.,
1019 4723 1069 4784 lib.
1089 4746 1112 4795 r,
1127 4724 1192 4784 lect.
1209 4743 1235 4794 a,
1251 4724 1339 4797 paulo
1352 4740 1422 4798 post
1432 4725 1500 4788 init.
