3492 5525
545 460 608 525 ooo
648 462 773 527 Lootct
786 463 1013 538 miton-Lm.
1034 479 1102 542 ψ,
1119 465 1211 529 Dtsn.
1228 478 1279 547 4⁸
1293 465 1371 528 Ceo.
1390 478 1461 527 ψ

504 650 635 729 oportet,
651 638 734 733 qnod
744 649 807 713 atto
817 651 944 725 autur,
960 648 1168 732 sautsepso,
1184 649 1220 714 in
1230 649 1341 734 quitus
1352 648 1414 715 siti
1425 668 1488 715 non
1498 646 1629 730 staffort·

506 754 573 819 idm
587 758 707 836 oportet
727 758 810 841 qnod
830 760 892 823 stet
905 756 989 833 ittis,
1014 775 1083 841 qna
1103 756 1187 822 ottus
1204 757 1264 823 seit
1282 760 1316 821 et
1329 760 1406 823 sunt
1419 755 1483 821 siti
1501 756 1626 840 ignoto,

505 860 664 938 steatitis,
684 880 753 947 qna
766 862 830 945 ipse
844 864 1017 948 cognoscit:
1031 867 1063 929 et
1076 864 1150 929 inde
1163 868 1224 940 est,
1239 867 1322 949 qnod
1335 863 1370 928 in
1383 862 1540 929 hominum
1552 880 1629 926 con-

505 968 678 1035 versatione
702 974 749 1035 est
768 972 848 1045 tides
869 970 1060 1047 necessario,
1080 989 1143 1055 ono
1165 989 1248 1039 untes
1265 972 1352 1037 homo
1377 970 1472 1036 dr'etis
1494 968 1629 1035 otarius

505 1076 616 1157 credit;
626 1081 658 1142 et
670 1076 724 1142 hoc
735 1081 782 1144 est
784 1078 921 1165 justitia
924 1078 1181 1162 fundamentum,
1197 1083 1235 1146 ut
1249 1078 1370 1146 Tattius
1381 1078 1505 1143 dicitin
1514 1076 1573 1144 tto.
1588 1079 1628 1141 de

507 1181 644 1265 Officiis:
661 1188 694 1249 et
713 1185 786 1251 inde
810 1190 858 1251 est
878 1190 962 1271 quod
985 1188 1110 1253 nntium
1130 1185 1325 1253 mendacium
1341 1185 1472 1251 estsine
1486 1188 1625 1267 peccato,

504 1308 576 1356 cnm
584 1297 643 1374 per
650 1310 739 1358 omne
747 1294 939 1359 mendatium
948 1293 1104 1379 bnicfidei
1117 1298 1180 1360 tam
1192 1295 1374 1360 necessarie
1382 1290 1573 1378 derogetur(
1599 1289 1625 1377 ).

574 1399 667 1465 Adde
685 1402 775 1484 quod
800 1400 896 1485 ipse,
927 1420 1009 1485 quas
1033 1402 1140 1487 quivis
1158 1403 1264 1468 coiere
1287 1404 1375 1478 vult,
1405 1400 1548 1467 scientiae
1571 1400 1627 1465 vix

504 1506 626 1572 addisci
644 1510 820 1575 commode
839 1519 978 1593 possunt
1003 1530 1040 1575 ac
1064 1510 1134 1576 sine
1157 1509 1356 1577 admixtione
1375 1526 1540 1585 errorum,
1563 1507 1626 1573 nisi

505 1616 609 1679 multa
627 1614 803 1699 discipulus
818 1635 837 1681 a
855 1616 1013 1701 magistro
1028 1634 1085 1701 per
1098 1616 1197 1683 fidem
1218 1615 1367 1701 accipiat,
1383 1634 1458 1699 quae
1470 1619 1629 1697 mpponat
1725 1613 1726 1680 t

503 1729 674 1805 tamquam
685 1741 761 1788 vera
770 1723 912 1806 alibique
922 1723 1099 1816 probanda,
1110 1732 1143 1789 et
1154 1723 1200 1790 sic
1211 1724 1312 1809 ipsius
1320 1724 1397 1789 ordo
1406 1726 1529 1789 namra
1537 1723 1585 1789 ita
1593 1742 1627 1787 se

504 1828 603 1905 habet,
619 1834 736 1895 ntcnm
748 1828 872 1914 atiqnta
885 1831 1044 1906 discimru,
1055 1830 1206 1897 rationem
1211 1816 1370 1914 pracedat
1378 1828 1571 1917 arsenoitas(
1597 1830 1623 1916 ).

573 1936 845 2003 Concludendum
867 1937 964 2022 igitur
985 1945 1033 2005 est
1051 1958 1127 2004 cum
1154 1937 1335 2005 Liberatore
1367 1936 1436 2026 (3):
1462 1939 1552 2004 «Nisi
1576 1948 1626 2003 te·

502 2044 664 2110 stantibus
683 2044 875 2120 fideremus,
897 2064 957 2111 nec
966 2046 1034 2111 vias
1045 2046 1209 2134 incedere,
1227 2065 1286 2112 nec
1298 2046 1480 2111 amicorum
1490 2065 1627 2112 consor-

502 2152 547 2217 tio
566 2152 630 2229 uti,
653 2171 712 2219 nec
731 2152 920 2235 parentibus
945 2154 1105 2219 honorem
1128 2154 1334 2238 impendere,
1355 2153 1460 2219 immo
1479 2172 1558 2220 vero
1583 2174 1625 2219 ne

501 2276 688 2325 sermonem
713 2259 847 2343 quidem
873 2280 950 2327 cum
970 2261 1040 2327 aliis
1057 2262 1202 2327 conterre
1219 2278 1410 2345 possemus;
1430 2270 1528 2344 atque
1546 2262 1624 2327 ideo

501 2365 610 2433 omnis
632 2366 733 2439 civilis
757 2368 882 2445 cuitus,
912 2387 1011 2434 omne
1034 2369 1153 2445 iaedus,
1183 2368 1293 2435 omnis
1315 2368 1390 2435 vitae
1415 2370 1624 2438 consuetudo

501 2474 709 2542 adimeretur.
732 2464 956 2550 Quamobrem
976 2476 1138 2558 sapienter
1157 2476 1193 2543 S.
1214 2476 1420 2561 Augustinus
1434 2477 1621 2551 admonuit,

504 2580 609 2647 Totam
627 2582 783 2648 omninum
800 2584 898 2648 vitem
909 2584 1096 2649 natnratttm
1105 2585 1214 2671 infide
1221 2585 1362 2669 fundari
1378 2581 1447 2671 (4):
1468 2588 1500 2649 et
1512 2586 1623 2650 sabin·

499 2693 552 2772 dc,·
576 2690 642 2755 Etsi
658 2691 843 2756 anctorttnte
864 2691 967 2774 decepi
979 2691 1126 2756 miserum
1143 2692 1202 2771 stt,
1223 2694 1314 2776 longe
1330 2695 1432 2759 tannen
1450 2710 1513 2758 esse
1529 2694 1623 2758 mise·
1725 2729 1727 2739 ι

500 2799 569 2865 rins
581 2799 621 2864 ab
633 2801 739 2864 eadem
757 2819 820 2864 non
837 2799 1041 2865 commoveri»
1062 2796 1127 2886 (5),
1725 2789 1727 2815 ⁵

567 2905 675 2989 Atque
695 2908 763 2972 haec
788 2925 885 2973 causa
904 2915 970 2983 est,
999 2925 1057 2973 cur
1076 2916 1189 2974 natura
1212 2907 1299 2993 ipsa,
1319 2927 1361 2974 ex
1379 2908 1621 2992 sapientissimo

499 3013 618 3079 divinae
645 3013 857 3080 Providentiae
884 3015 1035 3092 consilio,
1063 3014 1218 3082 omnibus
1243 3014 1433 3082 hominibus
1463 3034 1620 3101 magnam

499 3119 699 3204 impresserit
718 3121 757 3188 ad
776 3122 974 3187 credendum
1004 3121 1263 3200 inclinationem,
1284 3125 1506 3208 majoremque
1529 3124 1563 3189 in
1581 3145 1619 3190 ea

500 3237 594 3295 aetate
609 3239 641 3295 et
653 3228 851 3305 conditione,
868 3228 981 3313 inqua
999 3228 1075 3313 quis
1093 3229 1204 3296 minus
1218 3238 1315 3314 aptus
1326 3229 1490 3297 invenitur
1503 3233 1543 3298 ad
1563 3253 1617 3297 ve·

500 3335 626 3404 ritatem
642 3354 698 3420 per
709 3353 744 3402 se
758 3335 1006 3412 inveniendam,
1022 3345 1058 3403 ut
1069 3337 1179 3403 videre
1190 3346 1241 3404 est
1254 3339 1287 3404 in
1301 3340 1409 3424 pueris
1421 3359 1457 3405 ac
1470 3339 1617 3409 rudibus.

874 3547 1174 3624 ARTICULUS
1196 3549 1244 3624 Π.

688 3699 759 3764 De
780 3697 937 3764 valore
958 3699 1147 3764 humani
1168 3701 1426 3767 testimonii.

547 3892 584 3940 12
587 3893 620 3960 3.
667 3875 819 3947 Vidimus
838 3873 1062 3942 necessitatem
1079 3875 1257 3942 testimonii
1272 3877 1313 3943 ad
1328 3878 1484 3964 plurimas
1495 3901 1620 3967 cogno-

497 3983 633 4050 scendas
648 3982 815 4060 veritates,
836 4001 976 4066 quarum
992 3984 1133 4049 haberis
1154 3985 1248 4052 nobis
1266 3985 1359 4051 aliter
1377 3985 1491 4054 notitia
1505 3993 1617 4074 nequi-

497 4101 556 4157 ret.
576 4089 808 4175 inquirendum
829 4109 917 4157 nunc
931 4100 997 4167 est,
1019 4099 1180 4176 quantum
1195 4094 1303 4159 valere
1317 4095 1405 4178 apud
1424 4114 1486 4162 nos
1499 4097 1618 4165 debeat

530 4306 571 4378 (ι)
608 4304 642 4364 S.
657 4305 761 4364 Thom.
779 4304 889 4376 Opusc.
903 4306 938 4361 de
955 4303 1063 4362 Trinit.
1076 4295 1165 4380 super
1178 4307 1260 4366 Boet.
1276 4320 1382 4379 quoest.
1399 4330 1422 4384 3,
1437 4324 1492 4370 art.
1508 4307 1532 4370 'r.

532 4401 572 4463 (a)
609 4394 642 4454 S.
658 4396 797 4468 August„
813 4395 848 4454 de
862 4395 992 4452 Moribus
1005 4395 1143 4454 Ecclesiae
1151 4398 1267 4466 cathol,
1277 4419 1341 4471 cap.
1356 4419 1383 4458 π.

531 4486 572 4558 (3)
609 4487 736 4544 institut.
761 4485 890 4554 Pierios,
912 4497 933 4543 t.
958 4505 981 4541 ι.
996 4485 1099 4558 Logtt.
1122 4505 1186 4558 cap.
1203 4508 1229 4560 3,
1244 4501 1299 4547 art.
1317 4507 1342 4561 ς,
1359 4509 1446 4565 ως,
1462 4511 1531 4564 pag.
1556 4513 1616 4568 ¹5⁷·

497 4575 577 4634 Preti
594 4575 671 4633 1881.

529 4667 571 4738 (4)
607 4666 651 4724 De
663 4665 755 4723 utilit.
769 4665 912 4733 credendi,
926 4685 989 4738 cap.
1003 4685 1044 4723 12.

529 4759 570 4834 (5)
606 4755 715 4816 Ibidem
729 4775 792 4831 cap.
808 4755 849 4812 16.
