3492 5525
515 442 573 526 248
702 442 827 506 Loorca
847 439 1095 504 umor-urso.
1121 451 1163 500 a·
1183 437 1273 537 Car.
1291 451 1361 498 num

545 626 687 694 Caeteras
717 626 893 693 divisiones
923 625 1151 710 propositionis
1180 625 1406 690 denominatas
1442 642 1461 686 a
1495 619 1589 688 variis

475 737 644 822 speciebus
670 735 898 811 terminorum,
920 733 1039 818 quibus
1062 741 1209 800 constare
1228 739 1352 816 potest,
1375 748 1440 796 non
1464 738 1514 795 est
1533 747 1589 794 ne·

475 865 565 911 cesse
582 843 749 930 persequi,
770 853 841 908 tum
861 845 938 926 quia
956 843 1033 908 satis
1052 860 1109 926 per
1127 860 1162 906 se
1182 847 1308 924 patent,
1330 847 1401 904 tum
1427 837 1587 920 quianon

475 970 617 1039 magnus
631 971 743 1018 earum
763 965 813 1020 est
833 970 913 1018 usus
928 969 963 1015 ac
977 953 1150 1018 necessitas
1169 947 1181 1036 (
1207 945 1232 1030 ).

302 1095 424 1140 1,„„„„,
524 1079 595 1148 ¹09·
644 1062 752 1145 ltaque
769 1060 907 1146 gradum
924 1059 1078 1124 iaciamus
1096 1059 1137 1124 ad
1152 1057 1326 1124 divisiones
1344 1053 1585 1140 propositionis,

165 1197 172 1202 -
261 1181 357 1254 negata
369 1174 459 1218 muttit
474 1177 616 1253 spectata
636 1169 768 1234 materia
785 1167 870 1232 eirca
884 1185 990 1252 quam,
1006 1168 1038 1233 in
1054 1185 1119 1250 qua
1133 1165 1340 1249 potissimum
1356 1163 1587 1229 consideranda

288 1255 346 1288 ‘¹¹⁹⁸
356 1255 431 1300 Μ’
473 1277 563 1342 venit
580 1275 735 1343 habitudo
753 1285 786 1341 et
800 1276 919 1341 modus
933 1275 1144 1340 connexionis
1158 1271 1319 1357 praedicati
1333 1289 1409 1337 cum
1428 1269 1585 1353 subjecto,

472 1402 612 1467 quorum
635 1383 836 1450 identitatem
861 1383 1050 1468 pronuntiat
1074 1381 1265 1447 enuntiatio.
1296 1376 1458 1446 liabitudo
1477 1385 1585 1442 autem

473 1492 660 1578 hujusmodi
679 1491 795 1575 triplex
808 1509 880 1557 esse
899 1501 1024 1575 potest,
1046 1500 1141 1576 prout
1160 1491 1210 1554 vel
1230 1489 1437 1574 praedicatum
1452 1503 1587 1551 necessa-

471 1599 522 1665 rio
539 1598 624 1665 inest
643 1599 805 1683 subjecto,
826 1599 878 1662 vel
899 1605 1057 1683 repugnat
1074 1597 1134 1674 illi,
1156 1598 1205 1662 vel
1226 1615 1285 1662 nec
1305 1593 1484 1661 necessario
1502 1593 1585 1659 inest

473 1726 532 1773 nec
550 1713 725 1790 repugnat,
747 1705 804 1771 sed
822 1703 1036 1788 contingenter
1056 1703 1212 1788 competit
1230 1704 1349 1770 eidem.
1371 1702 1453 1767 Hinc
1470 1701 1584 1784 triplex

471 1815 555 1880 solet
582 1812 736 1898 distingui
761 1811 906 1890 materia,
931 1812 1118 1888 necessaria,
1137 1809 1334 1893 impossibilis
1351 1819 1383 1876 et
1405 1808 1585 1891 contingens

471 1940 529 1986 seu
542 1919 711 2003 possibilis,
732 1939 769 1986 ac
788 1921 922 2004 proinde
940 1920 1057 2004 triplex
1076 1920 1266 2004 propositio:
1283 1918 1323 1983 de
1338 1918 1470 2010 materia
1483 1934 1586 1982 neces-

469 2027 570 2105 saria,
590 2030 683 2112 cujus
702 2026 856 2093 nimirum
877 2027 1088 2111 praedicatum
1110 2027 1221 2111 nequit
1237 2047 1302 2094 non
1315 2028 1490 2095 convenire
1508 2026 1586 2092 sub·

466 2139 572 2223 jecto;
606 2138 645 2200 de
671 2135 803 2200 materia
829 2133 1024 2218 impossibili,
1058 2135 1150 2219 cujus
1186 2136 1394 2219 praedicatum
1431 2133 1584 2200 verificari
1636 2163 1641 2172 ·

472 2243 584 2327 nequit
609 2243 650 2309 de
679 2242 843 2329 subjecto;
870 2263 906 2309 ac
929 2245 969 2310 de
988 2245 1121 2310 materia
1141 2243 1330 2327 contingenti
1354 2246 1405 2310 vel
1428 2241 1585 2326 possibili·

469 2352 563 2435 cujus
581 2350 790 2434 praedicatum
811 2359 919 2435 potest
937 2361 1123 2436 competere
1142 2353 1300 2437 subjecto,
1317 2363 1349 2420 et
1361 2360 1469 2436 potest
1486 2351 1582 2417 etiam

471 2477 538 2524 non
557 2467 754 2542 competere.
775 2458 858 2525 Nam
875 2459 907 2524 si
916 2459 1124 2542 predicarem
1137 2468 1244 2544 perse
1263 2462 1342 2527 insit
1352 2463 1486 2549 subjecto
1500 2458 1583 2547 (sive

469 2565 547 2648 quia
573 2564 726 2649 exprimit
752 2566 837 2632 illius
864 2567 1057 2644 essentiam,
1092 2569 1160 2633 sive
1188 2567 1446 2656 proprietatem),
1477 2567 1584 2651 inquit

470 2671 506 2738 S.
526 2673 687 2747 Thomas,
706 2672 824 2738 dicitur
841 2691 905 2739 esse
922 2674 1095 2740 enuntiatio
1113 2676 1147 2740 in
1170 2677 1299 2742 nuteria
1322 2691 1506 2744 necessarie
1532 2676 1582 2740 vel

468 2796 643 2858 urrunnu,
673 2786 711 2845 nt
733 2800 804 2847 cum
827 2782 958 2849 dieitur:
987 2784 1087 2850 llono
1106 2800 1161 2851 esa
1178 2802 1307 2861 aurunt,
1337 2787 1387 2850 vel
1408 2784 1509 2851 llono
1527 2799 1584 2847 esr

469 2904 606 2955 nlsrene.
632 2888 671 2954 Si
693 2907 767 2954 uero
787 2888 993 2971 mediatum
1009 2898 1123 2974 perse
1150 2896 1302 2977 repugnat
1320 2894 1465 2979 subjecto,
1493 2890 1585 2976 quasi

467 2996 636 3061 excludens
660 2996 813 3062 ratonem
831 2997 941 3079 ipsius,
970 2998 1088 3065 dicitur
1106 3000 1279 3065 enuntiatio
1305 3018 1369 3066 esse
1391 3000 1427 3065 in
1452 2999 1582 3065 manne

469 3118 652 3169 rnrossreru
671 3103 735 3168 sive
753 3120 895 3181 tenore,
916 3109 954 3171 nt
970 3123 1041 3171 cum
1058 3106 1189 3172 dicitur:
1208 3106 1310 3174 llono
1329 3124 1386 3172 esr
1402 3122 1526 3172 asinus.
1546 3104 1584 3171 Si

467 3230 541 3277 vero
557 3212 659 3278 medio
676 3215 765 3278 modo
781 3232 814 3278 se
832 3213 923 3280 habet
935 3214 1143 3297 predicatum
1155 3218 1198 3281 ad
1214 3214 1394 3302 subjectum,
1415 3220 1453 3282 ut
1467 3214 1587 3281 seilicet

467 3337 523 3383 nee
544 3327 653 3402 perse
682 3325 830 3405 repugnet
849 3322 995 3408 sacbjecto,
1020 3341 1075 3387 nec
1091 3330 1152 3404 per
1172 3342 1205 3388 se
1232 3326 1320 3401 insit,
1342 3325 1463 3391 dicetur
1484 3346 1583 3392 enun-

468 3427 556 3493 tiatio
574 3429 610 3493 in
634 3430 765 3494 unteria
782 3445 926 3495 rossrenr
949 3430 1014 3495 siae
1031 3446 1240 3496 conrrnoeurr
1258 3428 1325 3519 (2);
1347 3442 1401 3498 ut:
1422 3432 1521 3499 Homo
1537 3437 1585 3498 est

466 3535 571 3603 albus.
591 3536 674 3612 Quae
692 3536 825 3613 divisio,
846 3545 883 3603 ut
901 3538 979 3605 satis
995 3556 1051 3621 per
1069 3558 1104 3604 se
1123 3540 1245 3615 elucet,
1266 3540 1434 3622 adaquata
1449 3552 1511 3607 est.

535 3643 689 3728 Sequitur
707 3654 816 3710 autem
832 3645 923 3721 hinc,
945 3644 976 3709 in
998 3644 1129 3713 materia
1146 3646 1323 3713 necessaria
1338 3665 1453 3714 omnes
1468 3666 1583 3733 propo-

467 3752 592 3818 sitionis
612 3750 808 3817 afirmativas
827 3770 899 3818 esse
918 3771 1028 3840 veras,
1044 3763 1075 3819 et
1095 3754 1190 3820 salsas
1209 3772 1325 3820 omnes
1345 3754 1527 3840 negativas;
1548 3754 1580 3821 in

468 3858 601 3925 materia
620 3878 699 3925 vero
714 3857 906 3943 impossibili
935 3877 1146 3943 econverso;
1166 3882 1204 3927 ac
1227 3861 1362 3928 demum
1389 3864 1421 3929 in
1450 3863 1582 3929 materia

464 3966 669 4052 contingenti
687 3974 760 4032 turn
780 3966 991 4035 affirmativas
1005 3977 1077 4034 tum
1095 3968 1276 4055 negativas,
1294 3988 1390 4053 posse
1404 3988 1474 4037 esse
1489 3988 1581 4037 veras

462 4292 675 4367 oppositionem
687 4292 724 4350 ad
734 4293 918 4367 objectiuem,
928 4305 1046 4365 quaeest
1055 4292 1141 4351 realis
1151 4292 1288 4352 identitas
1298 4293 1499 4366 terminorum,
1514 4314 1582 4368 quae

463 4382 665 4457 performelem
679 4382 906 4457 propositionem
921 4380 1102 4455 exprimitur.
1119 4382 1204 4442 Unde
1218 4384 1377 4457 propositio
1395 4388 1529 4455 formelr's
1550 4386 1582 4445 in

463 4475 518 4533 hoc
531 4493 620 4532 sensu
635 4472 779 4531 intellecta
793 4485 821 4531 et
828 4471 969 4543 objectiva
982 4472 1105 4532 invicem
1116 4489 1336 4547 comparentur,
1352 4476 1429 4537 sicut
1439 4476 1581 4536 terminus

463 4562 593 4622 formalis
606 4577 636 4621 et
653 4562 822 4635 objectivua.

498 4653 540 4723 (ι)
575 4652 651 4711 Vide
665 4651 804 4721 Losaada,
819 4651 896 4725 disp.
912 4674 939 4726 7,
954 4672 1018 4726 cap.
1037 4672 1061 4723 1,
1077 4672 1107 4711 n.
1123 4672 1150 4727 7.

498 4746 538 4811 (π)
574 4742 609 4803 8.
621 4742 738 4814 Thom,
754 4742 928 4815 Peritum,
943 4742 992 4803 lib.
1012 4764 1036 4814 r,
1050 4740 1114 4803 leet.
1133 4764 1175 4819 13,
1191 4742 1285 4807 initio.
