3492 5525
336 749 422 800 quarta.

534 523 589 587 182
723 523 846 586 Loorca
867 517 1113 584 Mruon—Drsp.
1133 530 1183 604 ,¹·‘
1204 517 1282 581 Can.
1308 531 1379 599 ψ]

557 706 681 783 Qrarta
703 704 827 790 species
850 703 1013 789 qualitatis
1034 711 1084 768 est
1097 702 1207 788 forma
1232 710 1265 766 et
1278 701 1398 786 figura.
1427 700 1541 765 Forma
1560 707 1610 763 est
1723 675 1724 680 ¹

491 815 647 898 qualitas,
663 833 740 898 quae
754 815 887 880 resultat
901 831 941 878 ex
955 809 1183 877 terminatione
1199 808 1389 892 quantitatis
1405 807 1436 873 in
1452 825 1485 872 re
1503 805 1610 891 ariqru

491 922 634 988 natrrrali
654 930 823 1006 spectatae,
851 928 887 986 ut
899 921 1006 1006 forma
1031 917 1179 994 lerninis,
1208 915 1320 994 kanis,
1348 933 1423 998 quae
1450 933 1490 980 ex
1512 915 1611 980 linea-

491 1030 612 1096 mentis
630 1030 774 1114 corporis
793 1029 951 1108 nascitur;
972 1026 1060 1092 unde
1079 1044 1120 1090 ex
1137 1025 1242 1090 torma
1266 1023 1380 1090 dicitur
1402 1021 1523 1106 aliquid
1537 1022 1611 1103 pul·
1723 1057 1724 1060 =

489 1157 578 1204 crum
595 1139 765 1220 uelturpe.
783 1137 900 1221 Figura
917 1142 967 1202 est
986 1133 1124 1218 qualitas
1143 1133 1305 1199 resultans
1323 1129 1610 1197 exterminatione

491 1245 684 1330 quantitatis
702 1245 882 1310 secundum
902 1262 937 1309 se
956 1249 1126 1325 spectate,
1154 1239 1186 1304 id
1204 1249 1255 1306 est
1274 1257 1341 1305 non
1361 1237 1468 1306 habita
1487 1236 1610 1304 ratione
1723 1243 1724 1250 ’

489 1353 643 1439 subjecti,
669 1353 703 1419 in
729 1371 796 1437 quo
822 1360 889 1429 est,
910 1360 948 1416 ut
966 1351 1158 1434 triangulus,
1177 1347 1332 1424 circulus,
1358 1355 1390 1412 et
1412 1344 1481 1411 aliae
1500 1362 1574 1429 quae
1593 1365 1612 1410 a

490 1460 727 1527 Mathematicis
745 1468 936 1528 tractantur.

556 1565 721 1634 Attributa
747 1586 806 1634 seu
836 1567 1050 1650 proprietates
1067 1563 1233 1647 qualitatis
1249 1569 1342 1629 sunt:
1363 1559 1398 1648 α)
1412 1561 1522 1628 haim
1538 1579 1613 1626 con-

489 1676 643 1742 trarium:
668 1673 881 1764 pleucipere
903 1673 1000 1758 magis
1021 1671 1189 1738 aiminus:
1212 1667 1252 1762 γ)
1283 1689 1348 1736 esse
1365 1669 1613 1755 fundamentum

488 1781 706 1849 similitudinis
724 1779 787 1870 (r).
1723 1839 1724 1876 r

556 1891 676 1958 Relatis
703 1899 753 1956 est
781 1889 938 1979 habitudo
967 1905 1024 1954 seu
1054 1895 1219 1970 respectus
1248 1885 1351 1951 unius'
1373 1885 1414 1950 ad
1442 1883 1545 1961 aliud,
1575 1893 1614 1950 ut

489 1998 639 2075 servitus,
660 1997 848 2073 dominatio,
863 1995 1058 2078 paternitas,
1068 1994 1189 2081 filiatio
1206 2003 1268 2059 etc.
1290 1995 1353 2061 Res
1374 2013 1449 2076 quae
1463 1995 1610 2068 refertur,

490 2106 606 2172 dicitur
616 2107 880 2190 fundamentum,
898 2121 948 2168 res
967 2105 1007 2168 ad
1026 2121 1125 2186 quam
1142 2103 1202 2166 alia
1221 2103 1371 2177 refertur,
1393 2102 1557 2177 terminus,
1579 2111 1614 2166 et

491 2213 540 2287 id,
557 2231 615 2296 per
627 2212 716 2296 quod
728 2229 832 2276 unum
846 2211 974 2294 respicit
989 2209 1092 2285 aliud,
1111 2210 1191 2274 ratio
1195 2208 1363 2293 fundandi
1368 2228 1380 2274 :
1393 2209 1462 2290 ipsa
1475 2209 1613 2273 demum

462 2305 466 2308 ⁴
491 2328 653 2398 extrema,
674 2338 732 2384 seu
752 2320 1005 2384 fundamentum
1025 2326 1059 2382 et
1071 2318 1248 2394 terminus,
1265 2326 1399 2382 vocatur
1414 2315 1545 2382 relativa
1559 2319 1613 2382 vel
1723 2343 1724 2426 ᾗ

491 2429 602 2492 relata.

329 2584 358 2614 ,0
406 2583 440 2613 „,
558 2533 717 2600 Dividitur
735 2533 847 2598 relatio
865 2534 898 2598 in
918 2535 1033 2599 realem
1051 2541 1083 2598 et
1101 2533 1245 2600 rationis.
1263 2531 1367 2598 Realis
1381 2542 1432 2598 est
1447 2542 1614 2616 respectus
1723 2527 1724 2538 ’

492 2643 589 2708 unius
619 2642 658 2707 ad
687 2641 791 2718 aliud,
820 2641 1044 2723 independens
1072 2641 1112 2706 ab
1140 2657 1238 2723 opere
1266 2640 1413 2718 rationis,
1442 2649 1479 2706 ut
1504 2642 1616 2706 relatio

309 2788 364 2831 „„„
390 2786 458 2838 ΜΟ,
490 2752 612 2834 effectus
635 2752 680 2815 ad
702 2769 846 2828 causam,
875 2770 948 2833 quae
973 2758 1059 2814 certe
1084 2768 1149 2815 non
1169 2750 1288 2833 pendet
1312 2770 1330 2814 a
1354 2748 1615 2817 consideratione

490 2857 690 2935 intellectus,
716 2860 774 2923 sed
802 2856 906 2941 ipsam
936 2858 1107 2925 antecedit.
1136 2855 1259 2922 Relatio
1286 2858 1417 2929 rationis
1443 2868 1510 2935 est,
1538 2878 1616 2942 quae

491 2967 611 3049 pendet
629 2986 647 3030 a
666 2966 806 3042 ratione,
824 2983 883 3031 seu
903 2984 967 3048 qua
984 2966 1050 3030 duo
1070 2965 1220 3032 dicuntur
1239 2965 1436 3032 adinvicem
1457 2985 1616 3052 peropus

492 3072 641 3149 rationis,
662 3083 699 3139 ut
719 3073 830 3137 relatio
849 3073 1036 3157 identitatis,
1057 3074 1119 3139 Dei
1134 3077 1178 3140 ad
1193 3077 1371 3151 creaturas,
1392 3083 1454 3141 etc.

558 3180 668 3246 Altera
681 3179 797 3248 divisio
813 3181 976 3245 relationis
989 3190 1039 3246 est
1053 3180 1085 3245 in
1099 3186 1239 3246 mutuam
1252 3190 1286 3245 et
1296 3200 1360 3246 non
1371 3185 1524 3249 mutuam:
1537 3201 1617 3265 quae

492 3287 570 3354 satis
595 3297 720 3371 patent.
750 3287 840 3354 altas
859 3306 936 3353 vero
963 3286 1157 3354 difficiliores
1185 3288 1218 3353 in
1249 3288 1504 3375 Metaphysicam
1532 3292 1617 3355 rele-

492 3414 624 3481 gamus.
1112 3394 1115 3403 ’

558 3502 724 3569 Attributa
756 3502 920 3570 relationis
962 3506 1049 3570 varia
1090 3505 1351 3590 distinguuntur:
1394 3502 1432 3592 α)
1469 3507 1625 3595 Relatr'ua¹

316 3624 340 3654 τε
372 3623 436 3655 ¹⁰⁰¹*
490 3611 644 3677 deantur
665 3613 710 3676 ad
732 3611 990 3678 convertentiam:
1015 3611 1105 3695 quod
1131 3630 1198 3677 non
1224 3611 1385 3696 significat
1416 3613 1548 3679 relativa
1568 3616 1618 3681 ita

491 3719 646 3795 conuerti,
674 3727 711 3783 ut
737 3738 839 3784 unum
867 3719 908 3784 de
935 3719 997 3784 alio
1023 3719 1165 3785 vicissim
1193 3720 1319 3802 possint
1345 3718 1525 3803 praedicari,
1552 3726 1618 3789 sed

491 3834 619 3891 tantum
655 3825 815 3911 significat
845 3826 977 3892 relativa
1002 3826 1149 3911 explicari
1179 3836 1295 3893 mutuo
1322 3829 1442 3905 solere,
1473 3830 1616 3897 alterum

491 3952 548 4016 per
562 3933 692 3999 alterius
708 3941 908 4016 respectum.
921 3934 994 3999 licet
1009 3952 1074 4000 non
1090 3954 1219 4021 semper
1233 3937 1266 4003 in
1281 3937 1396 4004 eodem
1412 3956 1488 4003 casu
1503 3956 1618 4023 gram-

492 4041 642 4106 maticali.
659 4040 729 4107 iloc
746 4041 846 4107 modo
864 4060 974 4108 seruus
991 4043 1106 4110 dicitur
1123 4044 1245 4110 domini
1259 4064 1389 4120 servus,
1406 4054 1439 4110 et
1451 4046 1615 4124 dominus,

489 4148 574 4213 serui
590 4149 761 4230 dominus;
782 4152 930 4231 duplum,
950 4150 1077 4215 dimidii
1092 4151 1246 4234 duplum;
1268 4163 1300 4219 et
1317 4151 1501 4229 dimidium,
1520 4156 1618 4235 dupli

490 4255 674 4323 dimidium.

557 4360 597 4451 β)
615 4364 758 4432 Relativa
776 4364 928 4431 demantur
943 4382 1007 4430 esse
1024 4364 1120 4432 simui
1136 4368 1252 4432 neaera
1270 4374 1302 4431 et
1323 4366 1507 4449 cognitione.
1527 4366 1617 4444 Quae
1723 4424 1724 4431 ,

490 4469 669 4554 proprietas
687 4490 763 4537 vera
780 4481 846 4548 est,
866 4470 894 4537 si
914 4472 1045 4539 relativa
1063 4480 1247 4556 spectentur
1261 4480 1294 4539 et
1308 4483 1482 4541 sumantur
1486 4476 1618 4562 forma-

526 4725 566 4785 (1)
603 4719 648 4778 De
662 4721 789 4779 totohoc
803 4720 1025 4791 praedicamento
1039 4719 1131 4779 videri
1146 4734 1240 4796 potest
1254 4737 1356 4783 auctor
1372 4724 1476 4783 Totius
1488 4724 1617 4799 Logicoe
1723 4770 1724 4791 ,

490 4810 586 4871 Arist.
600 4808 737 4880 Summe,
752 4810 789 4869 de
801 4811 927 4869 Proedic.
943 4812 1109 4884 qualitatis.
