3492 5525
488 420 565 504 1148
599 420 726 485 Locren
739 421 972 495 Maron-Lm.
990 438 1062 501 μ’,
1078 421 1170 489 Disn.
1185 420 1323 487 6.⁸CA1>.
1342 436 1412 487 am
1470 410 1478 424 ⁸

446 606 530 673 sicut
548 608 629 674 ordo
643 606 809 674 actionum
826 606 1048 675 voluntarium
1064 607 1205 693 pertinet
1216 607 1259 673 ad
1271 606 1565 675 considerationem

445 714 577 781 Moralis
597 713 830 800 Philosophiae,
851 714 895 781 ita
905 715 1070 793 ordinem,
1096 734 1196 800 quem
1220 715 1300 781 ratio
1327 713 1566 782 considerando

446 822 519 889 lacit
537 824 570 889 in
589 824 718 907 proprio
737 832 830 901 actu,
850 824 1012 908 pertinere
1027 823 1067 889 ad
1083 824 1236 910 logicam
1254 821 1320 911 (r).

512 934 730 999 Antecedens
748 924 826 997 iero
845 930 919 997 licet
945 939 1081 1017 negetur
1108 953 1128 997 a
1147 930 1344 1016 quibusdam
1371 929 1565 1008 Thnmistis,

446 1037 602 1125 probatur
619 1048 730 1105 tamen
750 1038 856 1124 primo
875 1058 917 1106 ex
935 1040 1054 1105 eodem
1078 1040 1113 1107 S.
1132 1040 1260 1107 'lhonra
1284 1039 1331 1106 sic
1350 1037 1568 1105 concludente

446 1146 479 1214 in
498 1148 569 1213 loco
588 1165 692 1231 nuper
710 1146 827 1213 citato:
847 1146 939 1214 saut
953 1147 1053 1232 igiter
1069 1148 1238 1236 allaim
1252 1146 1457 1229 Philosophia
1473 1150 1569 1211 nahe·

446 1256 525 1322 ralis
537 1257 587 1320 ert
600 1258 702 1320 motus
715 1256 766 1321 orl
786 1272 837 1320 res
859 1256 1000 1336 mobilis;
1016 1255 1063 1321 ita
1089 1256 1259 1345 suhjacm
1280 1256 1410 1321 moralis
1430 1255 1570 1320 Philoso

444 1362 524 1445 pitia
545 1366 592 1429 est
608 1362 745 1445 operatio
769 1364 906 1429 humana
928 1362 1077 1429 ordinata
1099 1363 1134 1428 in
1148 1362 1264 1448 finem,
1292 1366 1344 1429 orl
1358 1362 1454 1430 etant
1479 1362 1570 1428 homo

440 1475 540 1553 prout
554 1471 732 1537 voluntarie
749 1490 845 1556 agens
859 1475 988 1555 propter
994 1472 1097 1560 finem
1114 1469 1179 1560 (2).

513 1584 682 1647 Probatur
697 1579 815 1645 deinde
842 1580 1054 1655 antecedens,
1075 1579 1151 1662 quia
1176 1598 1253 1645 cum
1272 1578 1476 1663 Philosophia
1495 1596 1571 1644 mo-

447 1686 520 1754 ralis
539 1688 581 1753 sit
599 1686 733 1753 scientia
751 1686 889 1771 practica
912 1683 979 1774 (3),
1013 1688 1149 1752 formale
1171 1686 1256 1753 iliius
1285 1686 1451 1771 objectum
1470 1686 1569 1754 debet

445 1812 518 1861 esse
535 1792 658 1877 aliquid
675 1795 837 1878 operabile
852 1794 894 1861 ab
910 1794 983 1880 ipso
1000 1805 1231 1880 cognoscente.
1248 1792 1348 1878 Atqui
1362 1793 1441 1859 nihil
1455 1796 1571 1881 hujus-

447 1902 537 1969 modi
555 1902 623 1970 dari
642 1910 751 1987 potest
770 1912 886 1986 praeter
905 1910 997 1969 actus
1017 1902 1194 1970 voluntatis
1215 1910 1319 1969 rectos
1341 1910 1374 1967 et
1400 1902 1569 1969 ordinatos

445 2010 479 2078 in
497 2010 611 2078 tinem.
634 2010 760 2097 Ergo..-.

512 2124 745 2189 Confirmatur
763 2119 877 2185 eadem
897 2119 1032 2186 assertio
1052 2138 1093 2186 ex
1110 2138 1167 2195 eo,
1182 2119 1273 2202 quod
1290 2118 1360 2186 sola
1378 2118 1567 2185 rectitudine

447 2227 576 2313 propria
602 2234 734 2293 actuum
764 2227 946 2295 intellectus
966 2228 1061 2311 plene
1087 2226 1254 2293 obtinetur
1270 2226 1456 2294 institutum
1475 2225 1568 2312 logi-

446 2355 505 2401 cae.
526 2336 559 2401 ld
578 2336 666 2401 enirn
686 2334 747 2403 sibi
766 2334 974 2420 propositum
997 2334 1096 2402 habet
1115 2335 1248 2421 logica,
1269 2343 1306 2400 ut
1323 2352 1422 2401 usum
1442 2344 1566 2401 rectum

447 2444 579 2511 rationis
597 2444 728 2520 doceat,
748 2444 902 2527 viamque
931 2452 1037 2508 tutam
1057 2444 1097 2508 ad
1117 2442 1284 2509 veritatem
1303 2442 1424 2527 aperiat
1442 2434 1566 2508 remota

408 2566 412 2574 ·
446 2552 655 2627 confusione,
677 2549 893 2635 ambiguitate
912 2559 1012 2634 atque
1035 2569 1158 2626 errore,
1180 2569 1287 2633 neque
1311 2550 1399 2615 enirn
1418 2550 1461 2616 ob
1479 2550 1565 2616 aliud

448 2668 561 2727 vocata
575 2666 625 2726 est
637 2661 704 2726 Ars
717 2659 853 2734 artium,
869 2660 1112 2725 instrumentum
1125 2667 1159 2724 et
1173 2658 1340 2743 Organnm
1351 2658 1564 2734 scientiarum,

446 2768 583 2836 Scientia
611 2768 789 2838 Rationalis
817 2775 850 2832 et
876 2766 1029 2851 Magistra
1056 2767 1177 2834 nrantis.
1199 2766 1299 2851 Atqui
1317 2768 1469 2850 quamvis
1489 2767 1565 2833 nihil

446 2875 547 2947 dictet
565 2875 682 2960 logica
702 2885 819 2961 praeter
837 2876 930 2942 illum
949 2875 1120 2959 specialem
1141 2876 1278 2942 modum
1301 2876 1565 2959 repraesentandi,

446 2985 503 3068 qui
531 2982 681 3070 proprius
707 2991 757 3050 est
784 2982 983 3054 definitionis
1006 2984 1167 3061 formalis,
1197 2983 1381 3070 syllogismi
1407 2984 1565 3061 formalis,

447 3091 735 3158 demonstrationis
764 3089 908 3157 formalis
935 3099 1013 3168 etc„
1040 3093 1109 3178 jam
1142 3091 1219 3157 satis
1246 3091 1342 3157 docet
1369 3090 1412 3156 ad
1439 3099 1565 3156 rectum

446 3217 545 3265 usum
566 3198 698 3266 rationis
716 3199 952 3276 obtinendum,
982 3198 1217 3282 veritatemque
1239 3197 1477 3282 assequendam
1495 3197 1566 3264 sine

447 3306 639 3374 confusione
655 3317 687 3374 et
705 3323 829 3382 errore,
850 3305 907 3392 qui
926 3325 1002 3372 cum
1021 3323 1061 3372 eo
1080 3305 1181 3372 modo
1202 3306 1452 3391 repraesentandi
1472 3305 1568 3373 mini·

448 3399 673 3480 me'cohaeret.
693 3414 818 3499 Ergo...

515 3529 747 3592 Confirmatur
765 3521 863 3587 etiam
883 3541 924 3587 ex
943 3541 996 3600 eo,
1017 3521 1107 3607 quod
1126 3521 1258 3589 rationis
1283 3529 1375 3588 actus
1393 3520 1567 3608 dirigibiles

448 3641 526 3699 sunt
544 3638 677 3715 propter
694 3647 730 3696 se
753 3629 930 3695 directione
948 3630 1084 3696 sistente
1102 3630 1136 3696 in
1146 3629 1234 3715 ipsis
1259 3637 1431 3714 tamquam
1450 3630 1484 3696 in
1502 3629 1568 3695 line

450 3739 600 3826 proximo
624 3747 722 3821 atque
742 3736 934 3814 intrinseco,
955 3756 992 3804 ac
1008 3737 1148 3822 proinde
1163 3737 1272 3823 dignae
1290 3747 1386 3814 sunt,
1406 3755 1481 3821 quae
1499 3748 1568 3805 arte

449 3847 556 3931 aliqua
573 3852 752 3912 tractentur
769 3863 827 3930 per
845 3864 880 3911 se
900 3854 932 3910 et
951 3857 1082 3931 propter
1099 3865 1152 3922 se,
1172 3864 1247 3911 curn
1263 3845 1469 3930 potissimum
1485 3847 1570 3912 inte·

449 3974 517 4042 grae
535 3965 620 4021 artes
639 3953 852 4020 instituantur
870 3951 1160 4041 propterJactiones
1177 3955 1325 4030 saltandi,
1345 3953 1566 4032 citharizandi,

450 4082 574 4147 equum
606 4061 813 4136 moderandi,
843 4072 876 4130 et
899 4062 978 4128 alias
1001 4080 1090 4128 mere
1117 4062 1266 4128 ludicras.
1288 4060 1388 4146 Atqui
1406 4062 1568 4145 adquam

449 4170 544 4235 aliam
564 4176 686 4245 artem,
706 4185 839 4251 queso,
856 4175 1001 4253 spectare
1019 4170 1102 4236 tales
1120 4180 1212 4238 actus
1226 4177 1365 4255 possunt
1379 4168 1440 4235 nisi
1453 4170 1495 4235 ad
1508 4167 1571 4236 Lo-

447 4273 655 4364 graman).

485 4459 525 4522 (ι)
561 4453 638 4511 Vide
651 4451 684 4510 S.
700 4451 769 4521 Tin,
784 4451 833 4511 lib.
848 4473 871 4511 r.
885 4453 1023 4524 Hiberon,
1035 4454 1101 4514 lect.
1114 4475 1139 4525 r,
1153 4452 1247 4514 initio.

485 4550 526 4612 (a)
562 4542 596 4601 S·
612 4541 729 4613 'sliam²
744 4542 795 4601 lib.
814 4553 852 4600 r.⁰
866 4543 1008 4614 Erkabon,
1022 4544 1087 4612 lect,
1106 4556 1144 4603 r.·
1155 4543 1247 4604 initio.

485 4639 524 4707 (3)
560 4630 637 4692 Vide
650 4629 784 4704 superius
795 4630 873 4691 dictu
887 4651 970 4690 num.
986 4652 1035 4707 3⁰1
1052 4645 1081 4692 et
1095 4654 1157 4708 302.

485 4727 526 4794 (4)
562 4719 702 4793 Leueade,
719 4721 772 4782 loe.
787 4720 849 4792 cit,
864 4741 928 4795 etp.
943 4743 971 4796 7,
986 4743 1017 4783 n.
1034 4744 1077 4796 ῃ.
