3492 5525
549 431 606 498 180
734 436 860 500 Loorca
880 433 1131 501 Minoa—Drsn.
1156 449 1198 500 1.·
1218 437 1302 503 Cae.
1325 449 1397 522 aare
1464 529 1468 535 Ι

506 626 540 684 et
562 619 672 685 avens
696 626 771 702 etc.;
801 618 1006 686 individuum
1033 627 1142 686 autem
1172 640 1237 689 non
1264 629 1372 705 potest
1397 620 1558 706 praedicari
1585 623 1625 688 de

506 726 583 804 alio,
601 728 718 793 saltem
734 727 766 792 in
782 727 1008 810 praedicatione
1023 709 1171 796 naturali.
1194 727 1226 793 ln
1242 729 1381 796 essendo
1397 747 1492 804 vero,
1509 747 1627 812 quam-

506 848 605 916 quam
637 841 671 900 et
702 832 884 900 substantia
915 835 1108 901 universalis
1140 831 1267 902 substet
1298 835 1534 913 accidentibus,
1555 837 1625 901 sed
1731 875 1732 924 p

260 940 263 947 ’
376 1007 385 1016 ,
501 941 604 1023 primo
618 950 650 1007 et
658 941 870 1024 principalius
883 941 1102 1011 individuum.
1119 941 1204 1019 Quia
1217 943 1407 1021 accidentia,
1421 943 1537 1010 saltem
1553 962 1627 1026 quae

506 1047 634 1132 propria
662 1066 727 1114 non
754 1057 851 1124 sunt,
880 1049 1013 1115 suntin
1040 1050 1148 1133 specie
1174 1049 1298 1116 ratione
1323 1050 1492 1116 individui.
1519 1049 1626 1115 Homo

505 1155 594 1220 enim
612 1164 664 1220 est
683 1157 790 1233 allius,
811 1175 925 1233 sanus,
945 1159 1069 1233 durau,
1091 1174 1156 1222 non
1185 1157 1308 1223 ratione
1327 1139 1628 1241 humanitatis'spe-

505 1261 621 1339 cificae,
641 1262 699 1328 sed
719 1263 841 1329 ratione
860 1261 1067 1348 individuae(
1092 1261 1118 1350 ).

571 1368 780 1472 Conveniunt
806 1370 1016 1436 nihilominus
1043 1355 1225 1437 'substantia
1248 1371 1353 1455 prima
1375 1381 1408 1437 et
1431 1373 1573 1439 secunda
1595 1373 1626 1437 in

397 1465 444 1524 ’-
506 1495 558 1553 eo,
578 1476 667 1560 quod
691 1485 804 1542 neutra
825 1478 968 1561 postulet
988 1479 1189 1564 subjectum,
1211 1478 1260 1544 cui
1280 1479 1435 1545 inhaerere
1458 1481 1574 1545 debeat
1587 1481 1627 1544 ad

265 1579 308 1678 '³'
431 1597 442 1615 ·
506 1585 583 1662 hoc,
605 1596 641 1651 ut
660 1584 763 1668 possit
784 1585 932 1649 existere.
1731 1585 1732 1592 ’

285 1694 307 1736 '¹
374 1728 429 1775 ἡ,
491 1731 498 1744 1
572 1691 785 1776 Proprietates
812 1691 1002 1757 substantiae
1031 1691 1126 1758 variae
1155 1703 1363 1758 recensentur
1386 1695 1444 1760 sed
1467 1694 1627 1778 praecipue

245 1835 260 1889 s
322 1821 377 1852 w·
401 1804 462 1847 ni·
505 1809 582 1865 sunt
611 1801 680 1876 haee
703 1817 842 1882 quarum
868 1799 1106 1882 expositionem
1134 1799 1178 1874 ¹ad
1206 1800 1458 1886 Metaphysicam
1485 1820 1629 1867 reserva-

506 1925 597 1972 mus:
623 1903 662 1994 α)
687 1905 861 1971 substantia
889 1925 951 1970 aaa
978 1909 1026 1984 est
1045 1906 1079 1970 in
1102 1907 1255 1994 subjecto:
1281 1903 1320 1994 β)
1347 1908 1523 1973 substantia
1547 1907 1630 1972 nihil

502 2013 595 2079 baltei
609 2013 822 2094 contrarium
840 2013 978 2095 ideoque
996 2014 1069 2078 duae
1088 2014 1277 2079 substantiae
1301 2014 1361 2079 sibi
1389 2014 1527 2082 invicem
1552 2033 1630 2079 con-

505 2120 626 2188 trariari
644 2139 709 2185 non
728 2129 866 2204 possunt
884 2120 1058 2185 inmediate
1075 2131 1107 2186 et
1125 2139 1181 2204 per
1197 2139 1250 2202 se;
1267 2122 1325 2186 sed
1343 2122 1484 2188 mediate
1497 2129 1627 2187 tantum

506 2238 538 2293 et
566 2227 688 2292 ratione
715 2216 908 2310 qualitatum
936 2245 1018 2309 quas
1052 2235 1252 2294 sustentant:
1288 2226 1331 2320 γ)
1365 2229 1539 2295 substantia
1565 2247 1629 2292 non

504 2334 635 2416 suscipit
661 2334 762 2417 magis
795 2334 972 2410 aiminus,
1011 2334 1155 2418 intellige
1184 2337 1364 2401 secundum
1394 2335 1626 2415 intensionem;

506 2441 564 2508 sed
574 2441 733 2526 quidquid
747 2441 937 2507 substantiae
947 2441 1039 2506 alicui
1052 2442 1188 2505 addatur
1199 2445 1381 2508 secundum
1395 2442 1627 2526 perlectionem

506 2549 720 2625 intensivum,
738 2557 844 2615 mutat
862 2549 950 2613 illam
971 2548 1002 2613 in
1022 2548 1116 2612 aliam
1136 2550 1327 2616 substantia
1346 2549 1505 2633 speciem:
1522 2543 1558 2636 δ)
1573 2549 1631 2614 de·

507 2657 605 2739 nique
624 2656 798 2722 substantia
820 2659 868 2721 est
885 2655 1058 2736 susceptiva
1075 2657 1319 2734 contrariorum,
1339 2665 1501 2740 quatenus
1520 2665 1631 2739 potest

506 2784 579 2831 esse
598 2766 782 2846 subjeetum
802 2764 997 2847 qualitatum
1017 2763 1249 2829 contrariarum
1269 2763 1335 2852 (a).

376 2914 438 2961 ,Μ
474 2928 481 2956 2
554 2891 606 2958 52·
654 2872 827 2947 Quantitas
845 2879 896 2936 est
917 2870 1062 2936 accidens
1082 2871 1275 2936 extensiaum
1295 2872 1494 2948 substantia,
1513 2890 1573 2937 seu
1595 2870 1629 2935 id

506 2998 563 3063 per
582 2981 671 3062 quod
689 2976 873 3045 substantia
893 2978 988 3043 habet
1007 2986 1113 3061 partes
1133 2985 1222 3044 extra
1241 2988 1359 3061 partes.
1385 2980 1480 3045 Unde
1504 2979 1630 3045 ratione

505 3086 694 3169 quantitatis
712 3086 826 3151 dicitur
840 3084 1022 3152 substantia
1039 3104 1154 3169 magna
1171 3104 1243 3151 esse
1260 3068 1310 3151 iel
1323 3092 1442 3167 parva,
1458 3086 1631 3151 divisibilis

506 3194 538 3260 in
551 3198 675 3280 parics,
697 3202 729 3258 et
745 3197 837 3259 caria
853 3195 1018 3282 cujusdam
1036 3210 1202 3257 recasura.
1223 3194 1296 3259 Non
1317 3201 1367 3257 est
1386 3192 1475 3257 iacile
1494 3192 1630 3258 desinire

505 3301 538 3367 in
557 3320 624 3385 quo
643 3310 709 3367 stet
727 3301 867 3368 essentia
885 3298 1090 3383 quantitatis;
1112 3302 1169 3365 sed
1192 3300 1291 3385 hujus
1315 3299 1544 3365 controversiae
1566 3308 1632 3365 tra-

505 3410 603 3476 ctatio
622 3410 662 3474 ad
681 3409 827 3474 altiorem
846 3407 1048 3491 disciplinam
1066 3416 1201 3489 spectat.

548 3505 553 3517 ¹
572 3516 745 3593 Quantitas
759 3516 858 3582 dividi
872 3516 956 3580 solet
975 3513 1006 3578 in
1025 3514 1206 3579 condaaam
1219 3523 1252 3579 et
1265 3515 1442 3579 discretam.
1465 3514 1630 3579 Continua

401 3645 413 3675 e
505 3633 556 3691 est
574 3626 643 3701 illa,
664 3626 756 3710 cujus
775 3632 883 3707 partes
900 3622 1068 3687 communi
1089 3621 1218 3686 vinculo
1244 3622 1438 3687 clauduntur
1456 3622 1631 3687 uniuntur-

503 3711 585 3815 que‚
607 3742 639 3798 et
659 3731 842 3798 subdivitur
857 3730 891 3794 in
902 3730 1028 3806 lincam,
1048 3728 1290 3813 superficiemet
1309 3728 1460 3797 saluium:
1482 3730 1629 3812 itemque

503 3840 536 3905 in
551 3849 739 3923 pantaneia
756 3847 789 3903 et
805 3837 1028 3912 successivam,
1045 3844 1141 3921 prout
1159 3837 1228 3921 ejus
1244 3844 1349 3919 partes
1364 3836 1463 3903 simul
1477 3836 1553 3912 sint,
1575 3840 1628 3903 vel

505 3947 634 4013 nonnisi
653 3966 718 4013 una
738 3954 812 4030 post
830 3945 939 4011 aliam.

571 4055 714 4121 Discreta
731 4054 897 4138 quantitas
917 4062 966 4118 est
987 4069 1156 4117 numerus.
1268 4082 1272 4089 ·
1409 4136 1412 4145 Ι

287 4200 423 4258 Qum
435 4216 488 4257 „w
570 4163 628 4229 Hae
646 4172 724 4229 sunt
742 4161 912 4246 praecipuae
931 4159 1142 4243 proprietates
1158 4158 1348 4242 quantitatis
1365 4158 1417 4249 a):
1434 4179 1498 4226 aaa
1516 4158 1630 4227 babere

331 4273 443 4329 put-ue
501 4270 694 4359 contrarium
713 4267 768 4358 β);
785 4288 848 4335 non
861 4268 1017 4350 suscipere
1034 4267 1131 4351 magis
1143 4272 1176 4333 a
1186 4267 1290 4335 miuus
1303 4265 1360 4360 γ);
1377 4268 1626 4347 auratiorem,

489 4365 567 4444 'iar'
577 4373 640 4444 duo
657 4373 799 4463 aqualia
809 4378 862 4443 vei
877 4374 1048 4460 inaequalia
1065 4375 1227 4457 ducantur.

508 4620 512 4628 ’
537 4634 578 4695 (ι)
615 4624 692 4686 Vide
704 4625 783 4686 diet'e
797 4626 934 4698 superius
947 4642 1029 4699 ¹¹·‹47
1043 4638 1072 4683 et
1085 4623 1132 4698 48.
1226 4586 1236 4685 ,ι

536 4724 578 4788 (a)
613 4717 689 4776 Vide
700 4729 810 4776 auctor.
825 4715 927 4775 Totius
935 4716 1010 4790 Lag.
1023 4712 1148 4773 Aristot.
1159 4713 1282 4787 samm„
1290 4726 1374 4777 tract.
1385 4716 1442 4776 ade
1448 4716 1625 4778 Praedicare.
