3492 5525
540 446 597 529 536
657 446 784 509 Locren
798 442 1032 517 MtJon-Lm.
1053 442 1218 506 1.⁰·D1sr.
1237 454 1279 524 3.·
1295 440 1375 504 Cur.
1388 447 1462 501 enm*

1297 546 1622 561 *Β*

437 658 439 663 v
496 636 583 697 certa
612 626 745 694 rationis
770 626 919 694 innititur
948 626 1070 710 praevio
1100 623 1279 691 affectionis
1306 626 1403 710 hujus
1435 622 1620 697 instinctui,

497 754 641 820 eumque
659 734 816 820 supponit
840 746 1011 817 tamquam
1039 732 1144 799 basim
1172 752 1211 798 ac
1237 731 1490 799 tundamentum
1518 748 1624 795 suum

497 843 650 919 unicum,
670 843 825 926 viamque
851 842 894 908 ad
915 840 1088 909 veritatem
1116 840 1307 907 rationalem
1339 848 1374 905 et
1404 836 1622 906 scientificam

497 951 736 1035 assequendam
755 946 821 1039 (1).
1400 957 1402 972 ·

565 1061 647 1127 Huic
670 1058 798 1125 Scholae
819 1056 1099 1125 sentimentalium
1125 1056 1316 1122 accensendi
1341 1063 1419 1122 sunt
1441 1052 1622 1121 Fridericus

498 1168 669 1251 Koeppen,
688 1163 826 1247 lacobus
844 1164 949 1242 Salat,
965 1164 1191 1231 llemsterhuis
1209 1163 1328 1246 aliique
1348 1159 1411 1249 (2).

566 1273 714 1358 Denique
732 1272 893 1340 Paschalis
911 1270 1082 1357 Gallupius
1100 1268 1151 1359 (3)
1170 1270 1273 1338 etalii
1292 1270 1455 1358 criterium
1475 1267 1622 1335 veritatis

422 1444 431 1458 ,
498 1383 530 1448 in
550 1381 755 1449 conscientie
773 1380 963 1449 testimonio
982 1388 1158 1464 reponunt.
1174 1376 1238 1467 (4).

544 1538 599 1607 86.
647 1542 838 1608 ΡκοΡοειτΙο
876 1549 923 1605 1.⁸
966 1512 1139 1609 Absurde
1153 1554 1188 1607 et
1215 1562 1360 1623 prorsus
1391 1545 1538 1623 sceptica
1563 1554 1623 1605 est

498 1654 669 1727 doctrine,
693 1672 774 1733 qum
792 1656 918 1716 asserit
935 1658 1128 1717 humanum
1146 1653 1358 1715 intellectum
1371 1670 1450 1715 esse
1463 1652 1622 1714 veritatis

498 1762 614 1825 omnis
637 1762 792 1839 regulam
806 1770 910 1840 atque
923 1777 1136 1824 mensuram.

568 1923 747 1985 Probatur.
773 1912 825 2004 (5)
845 1915 912 1999 Qui
928 1915 1006 1981 dicit
1022 1915 1173 1981 bominem
1190 1934 1254 1981 esse
1274 1932 1451 1981 mensuram
1467 1916 1619 1992 omnium,

499 2026 582 2091 nihii
597 2025 689 2091 aliud
705 2024 786 2089 dicit
797 2040 891 2108 quam
905 2024 1036 2089 horeste
1052 2042 1176 2099 verum,
1196 2025 1280 2108 quod
1299 2023 1424 2088 uidetur
1439 2022 1619 2106 unr'cuique.

503 2133 573 2215 Quo
587 2132 706 2214 posito,
727 2132 884 2217 sequitur,
905 2133 989 2215 quod
1005 2130 1087 2196 idem
1104 2131 1149 2195 sil
1164 2134 1197 2196 et
1212 2150 1275 2196 non
1292 2131 1353 2206 sit,
1377 2134 1409 2195 et
1431 2133 1515 2214 quod
1536 2131 1622 2195 idem

498 2240 595 2307 simul
611 2238 656 2305 sit
675 2239 788 2304 bonum
801 2242 834 2303 ct
848 2240 988 2303 malum:
1006 2241 1039 2303 ct
1053 2236 1154 2303 simile
1175 2238 1274 2304 estin
1294 2238 1369 2304 aliis
1394 2238 1551 2320 oppositis.
1576 2238 1623 2303 Eo

499 2349 583 2433 quod
594 2345 748 2412 multoties
765 2346 891 2411 videno
908 2344 1082 2410 bominibus
1098 2345 1256 2429 aliquibus
1272 2345 1396 2430 aliquid
1411 2364 1475 2410 esse
1492 2346 1620 2422 bonum,

500 2459 531 2520 ct
545 2454 619 2521 aliis
632 2452 759 2519 videtur
771 2452 965 2519 contrarium
970 2472 984 2533 ;
1001 2457 1033 2517 cl
1048 2452 1149 2535 risum
1166 2452 1270 2517 uideri
1285 2456 1333 2517 est
1349 2471 1495 2517 mensura
1514 2470 1623 2518 rerum

500 2563 668 2628 secundum
685 2560 861 2644 opinionem
873 2560 1072 2643 Protagoras,
1091 2563 1131 2625 ut
1140 2560 1260 2625 scilicet
1270 2559 1305 2625 in
1320 2563 1443 2625 tontum
1459 2559 1623 2625 sitvencm

497 2688 565 2736 rem
580 2686 660 2745 esse,
679 2667 715 2733 in
729 2670 880 2752 murelum
891 2666 1029 2732 videtu.

569 2777 651 2844 ilinc
670 2775 774 2862 logice
792 2777 942 2860 sequitur
956 2776 1197 2861 scepticismus,
1220 2784 1256 2842 ut
1272 2784 1371 2861 patet.

547 2943 602 3023 87.
651 2939 901 3004 Ριιοροειτιοη.ι
945 2943 1135 3004 instinctus
1146 2943 1253 3003 animi
1262 2960 1624 3024 caecus,quocumque
1738 2920 1739 3005 l

501 3051 642 3114 tandem
660 3050 802 3112 nomine
819 3051 1022 3128 appelletur,
1042 3066 1113 3112 non
1126 3059 1239 3127 potest
1260 3069 1339 3113 esse
1366 3052 1542 3113 criterium
1563 3071 1624 3114 ve·
1738 3058 1739 3073 ¹

502 3160 632 3232 ritatis,
660 3159 769 3220 multo
793 3152 910 3219 minus
928 3158 1070 3218 unicum
1093 3174 1154 3219 seu
1179 3160 1337 3234 generale
1358 3176 1398 3220 ac
1419 3177 1623 3237 supremum

502 3265 718 3330 certitudinis
741 3266 924 3328 motivum:
975 3321 978 3324 ,

548 3427 665 3490 Prima
682 3443 775 3504 pars.
823 3421 992 3488 Instinctus
1001 3439 1098 3486 cocus
1109 3421 1289 3506 nequitesse
1297 3422 1439 3488 veritalis
1449 3423 1622 3490 criterium.

504 3537 605 3600 Prob.
626 3537 674 3596 1.⁰
691 3530 774 3595 Nam
790 3529 842 3594 vel
862 3528 1068 3613 cognoscitur
1082 3528 1237 3596 veracitas
1256 3529 1550 3610 huiusinstinctus,
1570 3533 1624 3597 vel

540 3745 581 3819 (1)
617 3743 696 3803 Nihil
711 3763 780 3816 ergo
795 3741 917 3809 mirum,
932 3740 957 3798 ei
974 3740 1073 3810 Jacobi
1090 3739 1186 3798 dicere
1201 3740 1307 3800 solitus
1320 3755 1393 3809 eret.
1415 3762 1447 3801 se
1467 3743 1497 3800 vi
1515 3743 1626 3803 intelle·

503 3851 568 3896 etus
582 3834 628 3894 sui
637 3832 776 3908 gentilem
784 3852 857 3900 esse,
867 3831 897 3889 vi
907 3843 1005 3890 eutem
1015 3831 1174 3902 afflctionis
1182 3851 1214 3888 ae
1223 3851 1325 3890 sensus
1333 3831 1626 3904 (sentimiento)chri·

504 3927 634 3987 stinnum
644 3923 787 3982 fervidum
797 3934 884 3993 etque
893 3920 1141 3987 addictissimum,
1153 3919 1357 3979 Hemsterhuis
1365 3935 1462 3980 eutem
1473 3921 1627 3984 dictitabat

504 4019 550 4076 vel
571 4033 663 4074 unum
685 4012 818 4072 affectum
840 4010 932 4068 enimi
954 4012 992 4068 od
1011 4029 1060 4066 res
1077 4009 1193 4068 futuras
1213 4031 1247 4070 oc
1265 4011 1468 4082 perlectionem
1486 4033 1550 4078 esse
1567 4036 1627 4072 une

504 4105 730 4166 dcmonslraiion
755 4103 823 4176 pius
844 4121 897 4174 que
921 4098 1115 4174 geometrique
1137 4100 1173 4157 de
1193 4101 1225 4157 lc
1246 4111 1349 4159 nature
1369 4103 1404 4159 de
1427 4105 1459 4162 io
1476 4103 1625 4162 Diuinile'.

505 4195 603 4268 (Apud
620 4194 747 4252 Illmum.
758 4189 912 4256 Gonzalez,
930 4202 951 4247 t.
969 4211 995 4261 3,
1013 4209 1127 4261 paragr.
1148 4193 1218 4262 104).
1738 4250 1739 4259 ἵ

540 4291 581 4352 ta)
617 4283 693 4341 Vide
706 4281 897 4341 Tennemann
912 4284 945 4344 (t.
957 4298 984 4347 2,
1001 4299 1115 4350 paragr.
1131 4281 1195 4352 406,
1210 4285 1276 4354 407)
1290 4293 1319 4338 et
1333 4281 1457 4340 IlImum.
1470 4281 1627 4350 Gonzelez,

506 4373 633 4434 Historia
647 4372 683 4431 de
695 4372 723 4430 la
735 4371 836 4439 Foloe,
853 4382 924 4428 tom.
940 4391 966 4441 3,
983 4388 1080 4441 perag.
1101 4388 1216 4441 104seu
1231 4369 1326 4428 ultim.

540 4465 581 4537 (3)
618 4461 748 4534 Gellupi,
762 4463 830 4518 lez.
845 4461 878 4518 di
888 4461 962 4534 [ος.
979 4481 994 4518 e
1008 4457 1123 4532 Memfi,
1138 4459 1190 4518 lere
1207 4459 1359 4520 XXXVIII
1373 4474 1402 4521 et
1414 4462 1494 4521 alibi.

542 4554 583 4627 (4)
617 4549 828 4611 Testimonium
844 4547 1012 4620 hujusmodi
1034 4548 1218 4608 conscientie
1232 4549 1353 4609 inferius
1366 4550 1539 4620 declaratum
1560 4554 1630 4612 vide
1738 4550 1739 4601 I

508 4662 589 4804 ωε)
603 4643 653 4789 οξ..
668 4730 725 4790 Th.
742 4729 959 4802 Melopltysicor
974 4729 1024 4786 tib.
1042 4749 1082 4794 rr,
1100 4730 1166 4785 lect.
1182 4745 1209 4797 5.
