3492 5525
339 470 456 537 Anrrc.
481 448 540 555 35¹⁸
562 470 773 539 Socvtntrun
793 492 1054 543 uranicucrnrcs
1164 472 1225 558 679

129 647 240 727 liunt,
262 657 294 715 et
316 649 523 735 corruptione
551 650 705 719 desinunt
730 671 814 719 esse.
842 652 980 738 Semper
1007 664 1120 723 tamen
1148 673 1263 724 verum

129 768 200 835 est,
221 755 311 841 quod
330 757 539 825 enuntiabilia
557 757 767 825 scientiarum
788 762 1003 829 necessariam
1022 762 1162 831 babeant
1181 765 1265 831 veri·

127 873 252 940 tatem,
264 884 301 931 ac
317 864 452 949 proinde
463 873 619 932 aeternam
630 869 745 933 saltem
756 868 921 954 negative,
933 881 1096 953 quatenus
1107 869 1262 939 nimirum

129 992 208 1039 esse
222 992 298 1039 vera
317 992 376 1041 nec
395 992 542 1057 unquam
561 986 745 1060 caeperunt,
768 996 991 1061 necunquam
1010 977 1182 1061 desinent;
1204 998 1264 1046 nec

130 1082 178 1147 ab
198 1082 264 1149 ullo
284 1082 427 1166 pendent
445 1091 605 1166 tempore.
627 1082 678 1150 Ad
698 1102 767 1149 rern
787 1082 822 1150 S.
852 1084 1013 1153 Thomas:
1039 1086 1177 1171 Air'quid
1198 1106 1264 1155 esse

129 1196 254 1271 semper
270 1193 302 1254 et
325 1189 452 1275 ubique,
475 1193 577 1272 potest
601 1190 734 1275 intelligi
756 1192 939 1274 dupliciter:
965 1211 1029 1259 uno
1054 1196 1162 1271 morto,
1189 1194 1264 1280 quaa

131 1296 227 1363 balet
250 1298 284 1363 in
310 1314 343 1363 se
369 1299 452 1363 uncte
477 1316 510 1363 se
536 1300 687 1364 extendat
710 1301 754 1365 ad
772 1318 860 1366 omne
885 1304 1004 1384 tmpus
1026 1306 1056 1367 at
1078 1303 1123 1367 ad
1143 1320 1264 1367 omnem

130 1406 255 1481 locum,
283 1405 365 1470 secut
381 1406 450 1471 Deo
466 1404 611 1487 competit
625 1424 689 1471 esse
711 1406 824 1491 ubique
850 1411 883 1473 et
897 1416 1026 1491 semper.
1056 1410 1133 1475 Atto
1158 1412 1261 1486 modo,

130 1510 290 1596 quianon
316 1511 403 1578 babet
419 1513 454 1577 in
476 1530 525 1590 se,
545 1531 606 1597 quo
618 1514 839 1581 determinetur
855 1518 901 1580 ad
923 1514 1060 1599 alrprmn
1084 1518 1185 1583 baum
1213 1518 1265 1582 ort

134 1622 266 1701 tempus.
287 1620 327 1685 Et
337 1626 398 1701 per
416 1620 497 1685 bunc
526 1622 652 1685 modum
675 1621 834 1705 quodlibet
857 1622 1036 1689 universate
1056 1623 1176 1689 dr’citrrr
1197 1642 1262 1689 esse

132 1726 248 1811 ubique
263 1730 297 1792 et
319 1734 449 1811 semper,
474 1728 680 1812 inquantum
696 1728 891 1795 universalia
908 1729 1132 1797 abstraheretur
1152 1730 1193 1797 ab
1213 1731 1262 1796 bic

132 1837 168 1900 et
180 1853 275 1901 nunc.
296 1835 360 1901 Sed
376 1854 417 1900 ex
434 1834 489 1899 boc
507 1854 571 1901 non
585 1834 728 1919 sequitur
743 1855 781 1903 eu
798 1854 862 1902 esse
880 1840 1009 1913 aterna,
1029 1838 1094 1903 nasi
1114 1838 1150 1903 in
1168 1838 1261 1903 intet-

134 1944 230 2019 lectu,
247 1940 278 2007 si
293 1939 647 2031 quissilaeternus(1).

204 2056 365 2118 instabis.
388 2050 565 2136 Objectum
583 2049 790 2117 scientiarum
814 2059 865 2117 est
887 2052 1079 2120 universale.
1096 2051 1161 2119 Sed
1177 2052 1264 2138 obje-

133 2168 228 2224 ctum
248 2158 453 2224 scientiarum
473 2167 523 2225 est
543 2158 663 2242 aliquid
682 2159 777 2225 reale.
798 2158 883 2244 Ergo
899 2160 1081 2227 universale
1099 2168 1151 2226 est
1163 2160 1260 2238 reale,

134 2281 198 2331 seu
216 2273 307 2331 extra
325 2272 472 2330 mentem
493 2264 615 2332 existit.
700 2288 705 2293 ·

204 2379 309 2456 Resp.
328 2372 402 2438 dist.
423 2372 536 2456 Major.
557 2372 734 2461 objectum
755 2372 964 2439 scientiarum
986 2382 1037 2441 est
1065 2374 1261 2451 universale,

136 2498 259 2564 nempe
278 2488 403 2559 natura,
420 2499 494 2564 quae
509 2480 699 2548 universalis
714 2480 961 2559 denominatur,
977 2501 1081 2558 conc„
1097 2483 1263 2569 objectum

133 2587 342 2653 scientiarum
363 2596 413 2653 est
431 2588 613 2654 universale
624 2608 701 2654 cum
712 2608 771 2655 sua
785 2589 891 2653 torma
906 2589 1158 2656 universalitatis
1172 2609 1262 2674 neg„

134 2694 190 2759 vel
207 2694 357 2776 subdat.,·
366 2694 530 2780 objectum
543 2694 684 2762 scientiae
697 2695 823 2782 logicae,
836 2699 952 2773 trans„
964 2705 1170 2775 ceterarum,
1188 2716 1263 2782 quae

134 2820 197 2870 ens
216 2805 299 2868 reale
317 2805 603 2888 contemplantur,
624 2821 695 2887 neg.

205 2909 302 2976 Cone.
320 2909 453 2987 Minor„
469 2921 501 2978 et
519 2911 592 2976 dist.
612 2929 748 2995 conseq.
770 2909 866 2977 simili
882 2911 998 2994 modo;
1015 2914 1197 2981 secundum
1209 2932 1248 2980 na

131 3027 257 3095 turam,
269 3035 343 3102 quae
356 3017 546 3084 universalis
561 3015 800 3102 denominatur,
813 3038 917 3096 conc„
929 3013 1112 3087 seeundum
1125 3023 1263 3088 formam

135 3123 401 3200 universalitatis,
422 3143 492 3208 neg.

182 3237 279 3315 objie
306 3245 353 3299 αθ
398 3231 530 3298 Etiamsi
559 3233 685 3298 nullum
713 3232 919 3300 individuum
952 3233 1106 3302 existeret
1134 3235 1263 3303 illarum

135 3357 261 3416 rerum,
282 3338 457 3424 dequibus
474 3346 552 3405 sunt
562 3339 717 3418 scientlae,
734 3340 839 3407 adhuc
850 3341 902 3406 ltae
911 3351 1050 3425 possent
1061 3361 1147 3418 esse,
1164 3355 1264 3428 atque

134 3447 269 3524 eadem,
290 3459 365 3530 quae
384 3465 487 3524 nunc,
510 3447 717 3532 pronuntiata
735 3447 952 3517 continerent.
973 3449 1007 3514 ld
1022 3468 1099 3517 vero
1113 3450 1181 3517 steri
1197 3471 1263 3519 non

135 3571 235 3639 posse
266 3554 409 3630 videtur,
440 3554 500 3621 nisi
528 3555 677 3622 dicamus
704 3554 857 3622 scientias
885 3557 1097 3642 contemplari
1131 3569 1264 3628 naturas

135 3661 297 3745 quasdam
317 3662 453 3728 omnino
472 3661 513 3728 ab
527 3661 702 3729 individuis
718 3673 894 3746 separatas.
912 3663 1040 3751 Ergo...

204 3775 309 3852 Reep.
338 3787 409 3854 neg.
438 3768 661 3837 timocliam
689 3759 856 3855 objectum
883 3768 1091 3838 scientiarum
1120 3783 1198 3842 sunt
1225 3795 1264 3842 ea

134 3874 363 3952 enuntiabilia,
384 3895 459 3960 quae
482 3894 591 3943 rerum
611 3877 767 3944 essentias
783 3897 820 3944 ac
840 3879 1053 3963 proprietates
1072 3881 1260 3973 respiciunt.

133 3982 304 4067 Eiusmodi
324 4001 420 4067 porro
447 3984 655 4051 enuntiabilia
680 4003 811 4069 semper
838 3985 954 4051 eadem
980 3995 1094 4065 erunt,
1122 3988 1191 4055 sive
1210 4009 1262 4058 res

137 4088 274 4176 physice
293 4090 450 4167 existant,
480 4091 550 4158 sive
581 4109 647 4158 non
671 4091 824 4159 existant.
848 4093 963 4177 Neque
992 4094 1082 4161 enim
1110 4097 1261 4164 essentiae

137 4213 248 4262 rerum
268 4217 304 4264 ac
331 4196 544 4282 proprietates
562 4199 705 4284 pendent
733 4198 774 4264 ab
800 4200 988 4279 existentia,
1008 4203 1067 4270 sed
1094 4215 1173 4272 sunt
1199 4203 1261 4271 im-

138 4303 325 4381 mutabiles,
343 4305 530 4372 necessariae
548 4316 646 4391 atque
665 4315 809 4384 aetemae,
829 4308 945 4373 saltem
963 4311 1125 4396 negative,
1145 4321 1261 4397 quate·

139 4430 203 4478 nus
222 4411 445 4497 praescindunt
465 4412 506 4479 ab
520 4414 611 4480 omni
629 4421 792 4498 tempore,
810 4422 843 4479 et
862 4415 1000 4500 positive
1014 4418 1047 4484 in
1063 4428 1174 4486 mente
1189 4419 1259 4502 Dei,

169 4665 210 4728 (ι)
251 4683 275 4720 r.
290 4682 331 4735 p.,
347 4681 376 4735 q.
396 4661 438 4732 16,
453 4681 480 4721 a.
496 4684 523 4734 7,
540 4661 577 4720 ad
591 4671 654 4720 2.¹·
671 4659 733 4720 Cir.
749 4657 837 4732 Sunt,
854 4661 932 4736 disp.
948 4665 976 4725 6.
993 4665 1133 4742 Μαιρὰ,
1148 4683 1217 4731 sect.
1232 4693 1260 4746 7,

135 4771 166 4810 n.
182 4771 210 4825 73
226 4749 367 4824 Lossade,
382 4752 495 4827 Logia,
507 4765 590 4812 tract.
607 4771 634 4821 a,
645 4750 759 4823 diepa,
773 4771 836 4824 cap.
852 4773 880 4823 2,
892 4773 922 4812 n.
932 4773 959 4826 4.
