3492 5525
349 502 465 568 Anam.
492 516 549 566 ta·
570 501 661 580 Qum
682 519 732 566 str
752 521 1029 568 coerceremus
1148 517 1209 588 405
1332 480 1336 488 ⁸

1 679 3 774 ᾗ
119 689 298 754 secundum
314 689 398 772 qaod
418 704 485 753 rem
506 686 719 769 apprehendit,
738 690 778 752 at
795 691 844 753 est
857 685 922 775 (t).
950 689 985 754 ln
1008 688 1095 755 idem
1116 689 1251 775 proinde

1 849 2 852 η
122 794 239 862 recidit
253 797 321 860 naec
339 795 486 862 definitio
504 815 541 861 ac
560 795 612 861 illa
627 795 664 861 S.
683 794 856 882 Augustini
870 793 937 884 (a),
951 797 1137 864 secundum
1148 817 1248 881 quem

1 899 3 930 ³
120 902 244 968 veritas
256 907 312 979 est,
322 921 384 990 qua
394 902 580 979 ostenditur,
601 903 637 968 id
652 905 736 988 quod
748 909 807 984 esl,·
825 913 858 970 et
880 905 979 972 altera
998 905 1034 972 S.
1056 904 1164 970 llilarii
1182 901 1247 993 (3),

122 1011 197 1096 qui:
210 1011 326 1078 Verum
336 1013 393 1115 est,
408 1009 526 1094 inquit,
539 997 765 1078 declarandum
773 1015 831 1078 eat
837 1014 1103 1099 manifestativum
1109 1032 1175 1079 esse
1182 1011 1247 1101 (4).

194 1119 320 1186 Veritas
348 1117 450 1203 logica
468 1127 604 1185 vocatur
621 1137 757 1203 quoque
771 1109 930 1201 samiis,
954 1121 1030 1204 quia
1052 1121 1139 1187 inest
1156 1121 1250 1187 intel·
1288 1134 1446 1184 maman

122 1227 222 1294 lectui
248 1236 418 1311 nmquam
458 1229 563 1294 fotma
595 1227 760 1313 subjecto;
793 1237 843 1294 est
876 1228 965 1294 enim
998 1248 1072 1295 vera
1104 1229 1249 1314 cognitio

121 1337 244 1406 entitas
261 1354 319 1402 seu
339 1337 459 1410 forma,
488 1353 563 1419 quae
589 1327 791 1403 intellectum
815 1337 972 1404 assimilat
990 1347 1023 1402 et
1044 1339 1248 1429 conformem

123 1444 232 1510 reddit
251 1443 360 1520 rebus,
376 1461 516 1526 quarum
531 1461 643 1509 veram
658 1443 842 1528 assequitur
857 1445 1019 1512 notitiam.
1033 1446 1118 1513 Nam
1134 1465 1247 1514 cum...

120 1553 226 1638 omnr's
249 1570 299 1618 res
323 1551 365 1618 sit
388 1569 476 1629 vera,
504 1553 675 1616 secundum
705 1555 788 1637 quod
814 1552 906 1619 habet
929 1554 1093 1636 propriam
1107 1555 1250 1640 sumam

1 1693 2 1698 =
121 1662 248 1726 nancroe
259 1677 343 1740 sute;
362 1678 481 1725 necesse
498 1662 556 1735 esf,
580 1663 664 1745 qaod
683 1660 869 1763 intellectus,
895 1661 931 1726 in
955 1665 1108 1746 mentm
1133 1665 1181 1728 est
1198 1681 1250 1728 co·
1343 1685 1347 1694 ·

1 1783 2 1790 ¹
114 1768 465 1856 praeconsiderata,
486 1768 1246 1853 inprannmtantsimitindinemreicogaitn,

1 1909 2 1958 3
118 1895 192 1961 qaae
207 1875 372 1961 estforma
398 1877 479 1963 ejus,
502 1876 537 1940 in
554 1880 706 1960 pannium
722 1879 770 1942 est
785 1895 979 1960 cognoscens.
999 1878 1177 1960 eapropter
1194 1878 1249 1943 loc

113 1991 179 2067 per
190 1983 435 2067 conformitatem
449 1983 622 2048 intellectus
638 1987 669 2049 et
684 1984 734 2048 rei
745 1983 863 2050 veritas
880 1984 1032 2069 definitur
1048 1981 1112 2072 (5).

190 2089 315 2158 Verum
347 2089 531 2175 qualisnam
560 2098 611 2156 est
638 2092 706 2156 naec
738 2092 922 2175 adaequatio
953 2101 986 2156 et
1017 2091 1248 2158 conformitas?
1324 2101 1404 2184 Qudff·

119 2199 230 2266 Primo
260 2217 327 2264 non
360 2198 545 2276 maternlis,
574 2197 737 2265 entitatr'va
765 2208 797 2264 et
821 2200 964 2282 physica,
994 2209 1032 2266 ut
1058 2207 1160 2284 patet,
1189 2202 1267 2266 sed¹
1288 2173 1436 2304 2323,ss

118 2305 348 2374 intentionenr.
368 2304 543 2371 Intellectio
562 2305 651 2371 enim
671 2305 844 2390 spiritualis
862 2315 926 2383 est,
949 2308 1115 2393 objectum
1134 2317 1246 2373 autem
1261 2316 1463 2400 afflatam·-

118 2423 313 2500 perceptum
326 2433 413 2498 saepe
426 2415 609 2495 materiale;
624 2414 771 2500 itemque
784 2415 837 2480 illa
852 2414 944 2481 finita
961 2425 1023 2491 est,
1045 2427 1079 2483 et
1097 2403 1248 2503 accidens
1282 2399 1326 2435 “¹¹²
1336 2388 1441 2444 'w'

118 2523 224 2589 menti
249 2522 423 2598 inherens,
451 2523 618 2607 objectum
646 2540 723 2588 vero
743 2541 832 2606 saepe
857 2521 1023 2588 infinitum
1042 2531 1076 2588 et
1093 2522 1248 2590 substan·
1323 2551 1327 2557 ·
1380 2516 1387 2529 '

115 2631 163 2696 tia
181 2627 246 2718 (6).
272 2628 349 2700 Non
365 2647 444 2714 ergo
463 2629 524 2694 alia
542 2640 651 2714 potest
669 2647 742 2695 esse
761 2631 971 2726 conformitas
997 2641 1029 2698 et
1049 2631 1244 2716 adaequatio,

1 2769 12 2786 ·
117 2727 181 2805 nisi
204 2735 439 2813 intentionalis,
468 2753 544 2821 quae
571 2737 719 2805 consistit
748 2737 781 2803 in
811 2739 1065 2822 repraesentando
1087 2747 1119 2805 et
1139 2737 1265 2806 notiti·

114 2847 226 2915 cando
246 2845 347 2912 menti
366 2846 417 2923 id,
438 2847 527 2929 quod
546 2846 579 2912 in
599 2848 727 2935 objecto
743 2849 911 2931 repetitur.

186 2952 311 3020 Deinde
328 2954 550 3030 conformitas,
572 2953 699 3021 veritati
717 2962 920 3038 competens,
943 2973 1009 3021 non
1021 2970 1111 3041 ‘opus
1129 2965 1193 3034 est,
1209 2965 1246 3022 ut

115 3064 160 3130 sit
178 3064 345 3147 maan
363 3069 396 3125 et
413 3060 527 3139 totalis;
544 3062 732 3146 exprimens
750 3060 901 3128 videlicet
911 3062 1077 3148 objectum
1092 3064 1243 3147 totaliter3

115 3170 177 3237 sed
197 3168 334 3246 sufficit,
355 3177 393 3236 ut
411 3167 454 3235 sit
471 3168 672 3254 inadequata
695 3179 726 3236 et
746 3170 911 3253 partialis,
938 3171 1142 3239 intellectum
1161 3174 1246 3260 ejus-

113 3298 184 3363 que
202 3276 423 3361 cognitionem
439 3276 566 3361 objecto
581 3276 765 3363 assimilans
779 3278 890 3362 quoad
903 3297 976 3343 eam
992 3290 1133 3363 partem,
1145 3297 1244 3363 quam

116 3388 170 3453 nic
199 3393 233 3450 et
261 3401 348 3449 nunc
367 3382 506 3468 attingit.
533 3384 565 3450 ld
594 3385 684 3468 quod
712 3385 762 3449 alii
791 3384 991 3471 significant,
1020 3404 1097 3453 cum
1127 3388 1246 3454 docent

113 3492 355 3579 cognitionem,
376 3499 413 3556 ut
431 3509 507 3556 vera
525 3492 579 3567 sit,
601 3492 719 3557 debere
733 3484 928 3559 conformari
942 3512 1019 3559 cum
1034 3494 1165 3580 objecto
1183 3514 1245 3563 suo

1 3660 2 3693 ἲ
103 3598 258 3687 formali,
280 3616 346 3664 non
359 3616 437 3664 vero
448 3616 525 3664 cum
536 3588 705 3665 manriali.
724 3599 901 3685 Objectum
917 3620 1062 3687 namque
1080 3603 1245 3669 materiale

1 3698 2 3749 ἶ
114 3706 314 3791 intelligitur
332 3708 395 3771 tota
413 3724 475 3782 res,
497 3706 537 3771 ad
568 3726 668 3789 quam
687 3706 863 3791 intellectio
882 3708 1086 3786 terminatur,
1105 3711 1245 3797 formale

113 3824 228 3881 autem
248 3813 301 3880 illa
314 3812 431 3897 objecti
452 3832 524 3897 pars
544 3816 596 3878 vel
613 3822 795 3898 respectus,
812 3816 876 3881 sub
894 3835 963 3900 quo
977 3818 1241 3901 apprehenditur.

113 3920 412 3999 Quemadmodum
428 3920 484 4005 qui
504 3922 536 3987 in
549 3940 651 4007 pomo
663 3931 877 4007 cognosceret
889 3942 1040 4010 saporem
1055 3925 1239 4003 dumtaxat,

149 4178 195 4240 (t)
231 4170 267 4229 S.
282 4169 427 4244 Th.r,p.
444 4192 472 4243 q.
492 4172 600 4239 16,art.
619 4190 642 4244 5.
659 4171 721 4232 cir.
741 4194 764 4243 t,
780 4193 809 4245 p.
826 4175 992 4249 q.85,a.7,
1007 4176 1045 4234 ad
1059 4187 1121 4235 a.'¹

150 4267 195 4329 (a)
233 4260 299 4319 Lib.
313 4260 350 4319 de
368 4262 446 4321 Vere
458 4262 562 4338 Rettg.
579 4280 604 4320 c.
621 4262 664 4334 36.

151 4355 197 4425 (3)
233 4352 279 4409 De
296 4350 406 4409 Trinii.
422 4349 472 4410 lib.
490 4368 515 4423 ς,
528 4363 598 4409 aute
612 4350 688 4410 med.

149 4446 195 4515 (4)
233 4440 277 4498 De
290 4440 338 4498 his
351 4437 572 4499 delinitionibus
594 4439 660 4499 ride
674 4440 708 4500 S.
722 4442 779 4501 Th.
800 4464 822 4513 ι,
838 4464 867 4517 p.
883 4463 912 4516 q.
931 4444 974 4514 16,
989 4463 1017 4503 a.
1035 4465 1060 4514 ις
1075 4446 1119 4504 De
1137 4445 1242 4514 Venit..

110 4554 142 4605 q.
162 4551 234 4600 με.
253 4550 277 4597 r,·
295 4536 332 4588 1.·
347 4530 425 4587 Dist.
440 4550 482 4603 19,
497 4550 527 4601 q.
546 4548 571 4603 ς,
587 4552 654 4588 mr.

148 4621 196 4695 (5)
232 4616 266 4677 S.
281 4618 337 4677 Th.
357 4640 382 4689 t,
401 4638 431 4692 p.
447 4638 476 4692 q.
493 4619 534 4689 16,
550 4638 609 4678 aa
630 4620 661 4679 iu
679 4640 770 4693 eorp.;
786 4622 950 4698 Metaplrys.
967 4621 1018 4683 lib.
1031 4624 1060 4694 6,
1076 4624 1140 4684 lect.
1155 4644 1183 4698 4.
1208 4634 1244 4684 r.⁰

114 4710 223 4771 Contr.
236 4706 351 4769 Gentes.
361 4731 385 4767 c.
397 4728 439 4782 59.

149 4800 195 4868 (6)
233 4796 311 4857 Vide
327 4796 360 4857 S.
376 4797 433 4858 Th.
451 4796 516 4859 Lib.
534 4820 559 4857 ι.
572 4798 671 4859 Conlr.
688 4798 772 4861 Geni.
785 4822 810 4859 e.
828 4818 870 4874 59.
