<?xml version="1.0" encoding="UTF-8"?>
<!DOCTYPE html PUBLIC "-//W3C//DTD XHTML 1.0 Transitional//EN"
    "http://www.w3.org/TR/xhtml1/DTD/xhtml1-transitional.dtd">
<html xmlns="http://www.w3.org/1999/xhtml" xml:lang="en" lang="en">
 <head>
  <title>
</title>
<meta http-equiv="Content-Type" content="text/html;charset=utf-8" />
  <meta name='ocr-system' content='tesseract 3.04.00' />
  <meta name='ocr-capabilities' content='ocr_page ocr_carea ocr_par ocr_line ocrx_word'/>
</head>
<body>
  <div class='ocr_page' id='page_1' title='image "./institutionesph00urrgoog/institutionesph00urrgoog_0661.png"; bbox 0 0 3492 5525; ppageno 0'>
   <div class='ocr_carea' id='block_1_1' title="bbox 266 428 1218 512">
    <p class='ocr_par' dir='ltr' id='par_1_1' title="bbox 266 428 1218 512">
     <span class='ocr_line' id='line_1_1' title="bbox 266 428 1218 512; baseline -0.003 -18"><span class='ocrx_word' id='word_1_1' title='bbox 266 432 317 495; x_wconf 70' lang='lat' dir='ltr'>Aa</span> <span class='ocrx_word' id='word_1_2' title='bbox 331 449 397 494; x_wconf 79' lang='lat' dir='ltr'>mc.</span> <span class='ocrx_word' id='word_1_3' title='bbox 425 428 609 495; x_wconf 76' lang='lat' dir='ltr'>1.¹¹¹Norro</span> <span class='ocrx_word' id='word_1_4' title='bbox 631 429 857 495; x_wconf 71' lang='lat' dir='ltr'>Usrvssitsius</span> <span class='ocrx_word' id='word_1_5' title='bbox 879 448 1109 494; x_wconf 66' lang='lat' dir='ltr'>aducamus</span> <span class='ocrx_word' id='word_1_6' title='bbox 1161 428 1218 512; x_wconf 74' lang='lat'>641</span> 
     </span>
    </p>
   </div>
   <div class='ocr_carea' id='block_1_2' title="bbox 1050 534 1262 547">
    <p class='ocr_par' dir='ltr' id='par_1_2' title="bbox 1050 534 1262 547">
     <span class='ocr_line' id='line_1_2' title="bbox 1050 534 1262 547; baseline -0.014 0"><span class='ocrx_word' id='word_1_7' title='bbox 1050 534 1262 547; x_wconf 48' lang='grc' dir='ltr'><strong>μ</strong></span> 
     </span>
    </p>
   </div>
   <div class='ocr_carea' id='block_1_3' title="bbox 570 840 835 927">
    <p class='ocr_par' dir='ltr' id='par_1_3' title="bbox 570 840 835 927">
     <span class='ocr_line' id='line_1_3' title="bbox 570 840 835 927; baseline -0.011 0"><span class='ocrx_word' id='word_1_8' title='bbox 570 840 772 927; x_wconf 87' lang='lat' dir='ltr'>CAPUT</span> <span class='ocrx_word' id='word_1_9' title='bbox 804 840 835 925; x_wconf 90' lang='lat' dir='ltr'>l.</span> 
     </span>
    </p>
   </div>
   <div class='ocr_carea' id='block_1_4' title="bbox 350 1021 1042 1229">
    <p class='ocr_par' dir='ltr' id='par_1_4' title="bbox 350 1021 1042 1229">
     <span class='ocr_line' id='line_1_4' title="bbox 441 1021 968 1087; baseline 0.004 -2"><span class='ocrx_word' id='word_1_10' title='bbox 441 1021 968 1087; x_wconf 75' lang='lat' dir='ltr'><strong>DECLARATUR</strong></span> 
     </span>
     <span class='ocr_line' id='line_1_5' title="bbox 350 1115 1042 1229; baseline -0.003 -2"><span class='ocrx_word' id='word_1_11' title='bbox 350 1117 721 1227; x_wconf 47' lang='lat' dir='ltr'>‘uuivuusmruu</span> <span class='ocrx_word' id='word_1_12' title='bbox 755 1115 1042 1229; x_wconf 63' lang='lat' dir='ltr'>corrodimus,</span> 
     </span>
    </p>
   </div>
   <div class='ocr_carea' id='block_1_5' title="bbox 523 1520 876 1599">
    <p class='ocr_par' dir='ltr' id='par_1_5' title="bbox 523 1520 876 1599">
     <span class='ocr_line' id='line_1_6' title="bbox 523 1520 876 1599; baseline 0.006 -2"><span class='ocrx_word' id='word_1_13' title='bbox 523 1520 825 1599; x_wconf 89' lang='lat' dir='ltr'><strong>ARTICULUS</strong></span> <span class='ocrx_word' id='word_1_14' title='bbox 846 1522 876 1599; x_wconf 90' lang='lat'>1.</span> 
     </span>
    </p>
   </div>
   <div class='ocr_carea' id='block_1_6' title="bbox 269 1688 1138 1787">
    <p class='ocr_par' dir='ltr' id='par_1_6' title="bbox 269 1688 1138 1787">
     <span class='ocr_line' id='line_1_7' title="bbox 269 1688 1138 1787; baseline 0.003 -35"><span class='ocrx_word' id='word_1_15' title='bbox 269 1688 423 1755; x_wconf 83' lang='lat' dir='ltr'>Notio</span> <span class='ocrx_word' id='word_1_16' title='bbox 455 1690 780 1787; x_wconf 77' lang='lat' dir='ltr'>Universalis</span> <span class='ocrx_word' id='word_1_17' title='bbox 814 1688 1138 1774; x_wconf 71' lang='lat' dir='ltr'><strong>enucleatur.</strong></span> 
     </span>
    </p>
   </div>
   <div class='ocr_carea' id='block_1_7' title="bbox 135 1900 1588 4262">
    <p class='ocr_par' dir='ltr' id='par_1_7' title="bbox 135 1900 1480 3071">
     <span class='ocr_line' id='line_1_8' title="bbox 191 1900 1480 1992; baseline 0.001 -26"><span class='ocrx_word' id='word_1_18' title='bbox 191 1918 271 1986; x_wconf 44' lang='lat'>¹47„</span> <span class='ocrx_word' id='word_1_19' title='bbox 311 1901 499 1969; x_wconf 87' lang='lat' dir='ltr'>Universale</span> <span class='ocrx_word' id='word_1_20' title='bbox 515 1904 696 1989; x_wconf 82' lang='lat' dir='ltr'><strong>generatim</strong></span> <span class='ocrx_word' id='word_1_21' title='bbox 715 1914 890 1970; x_wconf 82' lang='lat' dir='ltr'>estonum</span> <span class='ocrx_word' id='word_1_22' title='bbox 910 1901 1035 1969; x_wconf 81' lang='lat' dir='ltr'>habens</span> <span class='ocrx_word' id='word_1_23' title='bbox 1052 1900 1202 1967; x_wconf 83' lang='lat' dir='ltr'>ordinem</span> <span class='ocrx_word' id='word_1_24' title='bbox 1221 1901 1263 1967; x_wconf 88' lang='lat' dir='ltr'>ad</span> <span class='ocrx_word' id='word_1_25' title='bbox 1277 1932 1405 1979; x_wconf 54' lang='lat' dir='ltr'>uma</span> <span class='ocrx_word' id='word_1_26' title='bbox 1426 1933 1480 1992; x_wconf 68' lang='lat' dir='ltr'>qiu</span> 
     </span>
     <span class='ocr_line' id='line_1_9' title="bbox 135 2008 1442 2097; baseline 0.001 -24"><span class='ocrx_word' id='word_1_27' title='bbox 135 2008 250 2093; x_wconf 84' lang='lat' dir='ltr'>plura;</span> <span class='ocrx_word' id='word_1_28' title='bbox 270 2018 304 2077; x_wconf 90' lang='lat' dir='ltr'>et</span> <span class='ocrx_word' id='word_1_29' title='bbox 321 2010 408 2077; x_wconf 91' lang='lat' dir='ltr'>aliud</span> <span class='ocrx_word' id='word_1_30' title='bbox 425 2021 476 2078; x_wconf 90' lang='lat' dir='ltr'>est</span> <span class='ocrx_word' id='word_1_31' title='bbox 494 2010 634 2097; x_wconf 89' lang='lat' dir='ltr'>simplex</span> <span class='ocrx_word' id='word_1_32' title='bbox 653 2030 712 2078; x_wconf 88' lang='lat' dir='ltr'>seu</span> <span class='ocrx_word' id='word_1_33' title='bbox 729 2010 991 2095; x_wconf 74' lang='lat' dir='ltr'>incomplexam,</span> <span class='ocrx_word' id='word_1_34' title='bbox 1012 2009 1100 2075; x_wconf 86' lang='lat' dir='ltr'>aliud</span> <span class='ocrx_word' id='word_1_35' title='bbox 1118 2010 1263 2093; x_wconf 85' lang='lat' dir='ltr'>comple·</span> <span class='ocrx_word' id='word_1_36' title='bbox 1312 2008 1442 2091; x_wconf 57' lang='lat' dir='ltr'>§emmiu</span> 
     </span>
     <span class='ocr_line' id='line_1_10' title="bbox 135 2078 1466 2209; baseline 0.001 -29"><span class='ocrx_word' id='word_1_37' title='bbox 135 2133 236 2181; x_wconf 87' lang='lat' dir='ltr'><strong>xum.</strong></span> <span class='ocrx_word' id='word_1_38' title='bbox 268 2117 486 2209; x_wconf 80' lang='lat' dir='ltr'>complexum</span> <span class='ocrx_word' id='word_1_39' title='bbox 515 2128 567 2185; x_wconf 88' lang='lat' dir='ltr'>est</span> <span class='ocrx_word' id='word_1_40' title='bbox 593 2118 772 2203; x_wconf 83' lang='lat' dir='ltr'>propositio</span> <span class='ocrx_word' id='word_1_41' title='bbox 799 2118 1008 2193; x_wconf 81' lang='lat' dir='ltr'>universalis,</span> <span class='ocrx_word' id='word_1_42' title='bbox 1028 2137 1066 2183; x_wconf 89' lang='lat' dir='ltr'>ea</span> <span class='ocrx_word' id='word_1_43' title='bbox 1090 2117 1258 2192; x_wconf 89' lang='lat' dir='ltr'>nimirum,</span> <span class='ocrx_word' id='word_1_44' title='bbox 1287 2078 1466 2204; x_wconf 45' lang='lat' dir='ltr'>dmg?</span> 
     </span>
     <span class='ocr_line' id='line_1_11' title="bbox 135 2222 1472 2312; baseline 0 -23"><span class='ocrx_word' id='word_1_45' title='bbox 135 2222 235 2307; x_wconf 84' lang='lat' dir='ltr'>cujus</span> <span class='ocrx_word' id='word_1_46' title='bbox 266 2225 384 2292; x_wconf 89' lang='lat' dir='ltr'>veritas</span> <span class='ocrx_word' id='word_1_47' title='bbox 411 2226 567 2311; x_wconf 80' lang='lat' dir='ltr'>importat</span> <span class='ocrx_word' id='word_1_48' title='bbox 594 2227 735 2312; x_wconf 86' lang='lat' dir='ltr'>plurium</span> <span class='ocrx_word' id='word_1_49' title='bbox 763 2226 978 2312; x_wconf 79' lang='lat' dir='ltr'>singularium</span> <span class='ocrx_word' id='word_1_50' title='bbox 1000 2225 1193 2303; x_wconf 69' lang='lat' dir='ltr'>veritatem,</span> <span class='ocrx_word' id='word_1_51' title='bbox 1222 2233 1260 2289; x_wconf 87' lang='lat' dir='ltr'>ut</span> <span class='ocrx_word' id='word_1_52' title='bbox 1298 2222 1472 2277; x_wconf 54' lang='lat' dir='ltr'>¹⁸⁶⁰¹⁰¹²¹e¹¹¹¹¹h</span> 
     </span>
     <span class='ocr_line' id='line_1_12' title="bbox 135 2329 1412 2419; baseline 0.005 -23"><span class='ocrx_word' id='word_1_53' title='bbox 135 2350 173 2398; x_wconf 91' lang='lat' dir='ltr'>v.</span> <span class='ocrx_word' id='word_1_54' title='bbox 195 2351 230 2419; x_wconf 15' lang='lat' dir='ltr'>gy.</span> <span class='ocrx_word' id='word_1_55' title='bbox 252 2329 362 2398; x_wconf 80' lang='lat' dir='ltr'>Omnis</span> <span class='ocrx_word' id='word_1_56' title='bbox 379 2334 466 2400; x_wconf 82' lang='lat' dir='ltr'>domo</span> <span class='ocrx_word' id='word_1_57' title='bbox 483 2338 532 2400; x_wconf 81' lang='lat' dir='ltr'>est</span> <span class='ocrx_word' id='word_1_58' title='bbox 549 2336 681 2401; x_wconf 82' lang='lat' dir='ltr'>animal.</span> <span class='ocrx_word' id='word_1_59' title='bbox 702 2334 962 2419; x_wconf 87' lang='lat' dir='ltr'>imcomplexum</span> <span class='ocrx_word' id='word_1_60' title='bbox 981 2331 1111 2412; x_wconf 86' lang='lat' dir='ltr'>autem,</span> <span class='ocrx_word' id='word_1_61' title='bbox 1131 2333 1173 2397; x_wconf 90' lang='lat' dir='ltr'>de</span> <span class='ocrx_word' id='word_1_62' title='bbox 1192 2337 1260 2418; x_wconf 86' lang='lat' dir='ltr'>qu&#39;o</span> <span class='ocrx_word' id='word_1_63' title='bbox 1351 2347 1412 2402; x_wconf 77' lang='lat' dir='ltr'>Quid</span> 
     </span>
     <span class='ocr_line' id='line_1_13' title="bbox 137 2420 1459 2551; baseline 0.001 -47"><span class='ocrx_word' id='word_1_64' title='bbox 137 2440 214 2504; x_wconf 89' lang='lat' dir='ltr'>solo</span> <span class='ocrx_word' id='word_1_65' title='bbox 239 2440 334 2505; x_wconf 90' lang='lat' dir='ltr'>nobis</span> <span class='ocrx_word' id='word_1_66' title='bbox 355 2450 406 2507; x_wconf 87' lang='lat' dir='ltr'>est</span> <span class='ocrx_word' id='word_1_67' title='bbox 423 2443 605 2527; x_wconf 83' lang='lat' dir='ltr'>agendum,</span> <span class='ocrx_word' id='word_1_68' title='bbox 631 2440 683 2509; x_wconf 81' lang='lat' dir='ltr'>e&#39;st</span> <span class='ocrx_word' id='word_1_69' title='bbox 699 2442 823 2527; x_wconf 81' lang='lat' dir='ltr'>aliquid</span> <span class='ocrx_word' id='word_1_70' title='bbox 838 2442 970 2536; x_wconf 74' lang='lat' dir='ltr'>simplex</span> <span class='ocrx_word' id='word_1_71' title='bbox 986 2441 1128 2508; x_wconf 83' lang='lat' dir='ltr'>ordinem</span> <span class='ocrx_word' id='word_1_72' title='bbox 1150 2442 1263 2506; x_wconf 77' lang='lat' dir='ltr'>bodens</span> <span class='ocrx_word' id='word_1_73' title='bbox 1296 2420 1459 2551; x_wconf 47' lang='lat' dir='ltr'>fflffiss&#39;:</span> 
     </span>
     <span class='ocr_line' id='line_1_14' title="bbox 136 2544 1263 2634; baseline 0.001 -22"><span class='ocrx_word' id='word_1_74' title='bbox 136 2548 187 2613; x_wconf 85' lang='lat' dir='ltr'>ad</span> <span class='ocrx_word' id='word_1_75' title='bbox 199 2548 306 2629; x_wconf 78' lang='lat' dir='ltr'>ptura.</span> <span class='ocrx_word' id='word_1_76' title='bbox 326 2548 397 2614; x_wconf 88' lang='lat' dir='ltr'>Sed·</span> <span class='ocrx_word' id='word_1_77' title='bbox 409 2544 564 2633; x_wconf 88' lang='lat' dir='ltr'>quoniam</span> <span class='ocrx_word' id='word_1_78' title='bbox 586 2550 667 2616; x_wconf 89' lang='lat' dir='ltr'>ordo</span> <span class='ocrx_word' id='word_1_79' title='bbox 686 2549 725 2616; x_wconf 91' lang='lat' dir='ltr'>ad</span> <span class='ocrx_word' id='word_1_80' title='bbox 744 2552 838 2634; x_wconf 88' lang='lat' dir='ltr'>plura</span> <span class='ocrx_word' id='word_1_81' title='bbox 857 2548 1029 2633; x_wconf 86' lang='lat' dir='ltr'>multiplex</span> <span class='ocrx_word' id='word_1_82' title='bbox 1048 2567 1122 2614; x_wconf 83' lang='lat' dir='ltr'>esse</span> <span class='ocrx_word' id='word_1_83' title='bbox 1141 2557 1263 2633; x_wconf 88' lang='lat' dir='ltr'>potest,</span> 
     </span>
     <span class='ocr_line' id='line_1_15' title="bbox 138 2654 1264 2743; baseline 0.002 -22"><span class='ocrx_word' id='word_1_84' title='bbox 138 2654 229 2721; x_wconf 88' lang='lat' dir='ltr'>varia</span> <span class='ocrx_word' id='word_1_85' title='bbox 257 2674 389 2741; x_wconf 84' lang='lat' dir='ltr'>quoque</span> <span class='ocrx_word' id='word_1_86' title='bbox 416 2658 662 2743; x_wconf 85' lang='lat' dir='ltr'>distinguuntur</span> <span class='ocrx_word' id='word_1_87' title='bbox 690 2657 884 2725; x_wconf 88' lang='lat' dir='ltr'>universalis</span> <span class='ocrx_word' id='word_1_88' title='bbox 907 2657 1104 2741; x_wconf 86' lang='lat' dir='ltr'>incomplexi</span> <span class='ocrx_word' id='word_1_89' title='bbox 1132 2674 1264 2742; x_wconf 81' lang='lat' dir='ltr'>genera:</span> 
     </span>
     <span class='ocr_line' id='line_1_16' title="bbox 138 2765 1391 2850; baseline 0.001 -21"><span class='ocrx_word' id='word_1_90' title='bbox 138 2765 229 2830; x_wconf 89' lang='lat' dir='ltr'>aliud</span> <span class='ocrx_word' id='word_1_91' title='bbox 242 2767 329 2831; x_wconf 86' lang='lat' dir='ltr'>enim</span> <span class='ocrx_word' id='word_1_92' title='bbox 344 2775 396 2833; x_wconf 87' lang='lat' dir='ltr'>est</span> <span class='ocrx_word' id='word_1_93' title='bbox 411 2767 592 2834; x_wconf 86' lang='lat' dir='ltr'>universale</span> <span class='ocrx_word' id='word_1_94' title='bbox 608 2769 639 2832; x_wconf 89' lang='lat' dir='ltr'>in</span> <span class='ocrx_word' id='word_1_95' title='bbox 654 2769 829 2842; x_wconf 83' lang='lat' dir='ltr'>causando,</span> <span class='ocrx_word' id='word_1_96' title='bbox 843 2767 930 2832; x_wconf 90' lang='lat' dir='ltr'>aliud</span> <span class='ocrx_word' id='word_1_97' title='bbox 944 2765 977 2832; x_wconf 88' lang='lat' dir='ltr'>in</span> <span class='ocrx_word' id='word_1_98' title='bbox 991 2765 1197 2850; x_wconf 75' lang='lat' dir='ltr'>significando</span> <span class='ocrx_word' id='word_1_99' title='bbox 1211 2774 1268 2832; x_wconf 91' lang='lat' dir='ltr'>aut</span> <span class='ocrx_word' id='word_1_100' title='bbox 1388 2804 1391 2810; x_wconf 89' lang='lat'>·</span> 
     </span>
     <span class='ocr_line' id='line_1_17' title="bbox 137 2873 1271 2956; baseline -0.001 -17"><span class='ocrx_word' id='word_1_101' title='bbox 137 2876 408 2954; x_wconf 74' lang='lat' dir='ltr'>reprosmazndo,</span> <span class='ocrx_word' id='word_1_102' title='bbox 442 2876 529 2942; x_wconf 86' lang='lat' dir='ltr'>aliud</span> <span class='ocrx_word' id='word_1_103' title='bbox 558 2875 590 2941; x_wconf 88' lang='lat' dir='ltr'>in</span> <span class='ocrx_word' id='word_1_104' title='bbox 623 2877 767 2952; x_wconf 80' lang='lat' dir='ltr'>essendo,</span> <span class='ocrx_word' id='word_1_105' title='bbox 802 2874 888 2941; x_wconf 88' lang='lat' dir='ltr'>aliud</span> <span class='ocrx_word' id='word_1_106' title='bbox 920 2875 1056 2940; x_wconf 90' lang='lat' dir='ltr'>demum</span> <span class='ocrx_word' id='word_1_107' title='bbox 1089 2873 1122 2939; x_wconf 90' lang='lat' dir='ltr'>in</span> <span class='ocrx_word' id='word_1_108' title='bbox 1150 2873 1271 2956; x_wconf 83' lang='lat' dir='ltr'>praedi-</span> 
     </span>
     <span class='ocr_line' id='line_1_18' title="bbox 137 2979 326 3071; baseline 0.016 -25"><span class='ocrx_word' id='word_1_109' title='bbox 137 2979 326 3071; x_wconf 84' lang='lat' dir='ltr'>cando(1).</span> 
     </span>
    </p>

    <p class='ocr_par' dir='ltr' id='par_1_8' title="bbox 139 3087 1588 4262">
     <span class='ocr_line' id='line_1_19' title="bbox 211 3087 1466 3178; baseline -0.004 -22"><span class='ocrx_word' id='word_1_110' title='bbox 211 3091 400 3158; x_wconf 86' lang='lat' dir='ltr'>Universale</span> <span class='ocrx_word' id='word_1_111' title='bbox 426 3093 459 3158; x_wconf 90' lang='lat' dir='ltr'>in</span> <span class='ocrx_word' id='word_1_112' title='bbox 479 3091 643 3158; x_wconf 87' lang='lat' dir='ltr'>causando</span> <span class='ocrx_word' id='word_1_113' title='bbox 662 3101 713 3177; x_wconf 74' lang='lat' dir='ltr'>ost</span> <span class='ocrx_word' id='word_1_114' title='bbox 730 3103 828 3158; x_wconf 77' lang='lat' dir='ltr'>causa</span> <span class='ocrx_word' id='word_1_115' title='bbox 847 3087 931 3178; x_wconf 87' lang='lat' dir='ltr'>(sive</span> <span class='ocrx_word' id='word_1_116' title='bbox 950 3089 1095 3158; x_wconf 84' lang='lat' dir='ltr'>efficiens</span> <span class='ocrx_word' id='word_1_117' title='bbox 1112 3091 1181 3157; x_wconf 87' lang='lat' dir='ltr'>sive</span> <span class='ocrx_word' id='word_1_118' title='bbox 1206 3093 1271 3159; x_wconf 81' lang='lat' dir='ltr'>lor·-</span> <span class='ocrx_word' id='word_1_119' title='bbox 1303 3103 1466 3151; x_wconf 67' lang='lat' dir='ltr'>ulomaiu</span> 
     </span>
     <span class='ocr_line' id='line_1_20' title="bbox 141 3177 1446 3288; baseline 0.002 -25"><span class='ocrx_word' id='word_1_120' title='bbox 141 3197 255 3288; x_wconf 87' lang='lat' dir='ltr'>malis)</span> <span class='ocrx_word' id='word_1_121' title='bbox 283 3198 435 3266; x_wconf 90' lang='lat' dir='ltr'>omnium</span> <span class='ocrx_word' id='word_1_122' title='bbox 455 3202 506 3266; x_wconf 89' lang='lat' dir='ltr'>vel</span> <span class='ocrx_word' id='word_1_123' title='bbox 526 3201 668 3286; x_wconf 85' lang='lat' dir='ltr'>plurium</span> <span class='ocrx_word' id='word_1_124' title='bbox 697 3181 888 3266; x_wconf 73' lang='lat' dir='ltr'>olfactuum.</span> <span class='ocrx_word' id='word_1_125' title='bbox 909 3198 963 3264; x_wconf 88' lang='lat' dir='ltr'>Sic</span> <span class='ocrx_word' id='word_1_126' title='bbox 987 3199 1076 3265; x_wconf 89' lang='lat' dir='ltr'>Deus</span> <span class='ocrx_word' id='word_1_127' title='bbox 1096 3208 1149 3266; x_wconf 90' lang='lat' dir='ltr'>est</span> <span class='ocrx_word' id='word_1_128' title='bbox 1174 3209 1271 3267; x_wconf 72' lang='lat' dir='ltr'>causa</span> <span class='ocrx_word' id='word_1_129' title='bbox 1323 3177 1446 3229; x_wconf 72' lang='lat'>‘⁸⁰⁸⁸¹¹‘¹⁰&#39;</span> 
     </span>
     <span class='ocr_line' id='line_1_21' title="bbox 140 3306 1480 3394; baseline 0.005 -23"><span class='ocrx_word' id='word_1_130' title='bbox 140 3306 334 3393; x_wconf 72' lang='lat' dir='ltr'>universalis</span> <span class='ocrx_word' id='word_1_131' title='bbox 354 3326 462 3375; x_wconf 86' lang='lat' dir='ltr'>rerum</span> <span class='ocrx_word' id='word_1_132' title='bbox 490 3309 641 3376; x_wconf 88' lang='lat' dir='ltr'>omnium</span> <span class='ocrx_word' id='word_1_133' title='bbox 661 3317 853 3376; x_wconf 84' lang='lat' dir='ltr'>creatarum.</span> <span class='ocrx_word' id='word_1_134' title='bbox 875 3306 1066 3373; x_wconf 81' lang='lat' dir='ltr'>universale·</span> <span class='ocrx_word' id='word_1_135' title='bbox 1092 3307 1125 3372; x_wconf 92' lang='lat' dir='ltr'>in</span> <span class='ocrx_word' id='word_1_136' title='bbox 1144 3308 1271 3394; x_wconf 81' lang='lat' dir='ltr'>signifi·</span> <span class='ocrx_word' id='word_1_137' title='bbox 1292 3327 1480 3386; x_wconf 62' lang='lat' dir='ltr'>inmutanda.</span> 
     </span>
     <span class='ocr_line' id='line_1_22' title="bbox 139 3413 1269 3501; baseline 0 -19"><span class='ocrx_word' id='word_1_138' title='bbox 139 3413 249 3482; x_wconf 88' lang='lat' dir='ltr'>cando</span> <span class='ocrx_word' id='word_1_139' title='bbox 276 3425 327 3483; x_wconf 87' lang='lat' dir='ltr'>est</span> <span class='ocrx_word' id='word_1_140' title='bbox 344 3435 448 3482; x_wconf 89' lang='lat' dir='ltr'>unum</span> <span class='ocrx_word' id='word_1_141' title='bbox 468 3415 606 3501; x_wconf 90' lang='lat' dir='ltr'>aliquid,</span> <span class='ocrx_word' id='word_1_142' title='bbox 627 3416 717 3501; x_wconf 90' lang='lat' dir='ltr'>quod</span> <span class='ocrx_word' id='word_1_143' title='bbox 736 3416 839 3483; x_wconf 86' lang='lat' dir='ltr'>multa</span> <span class='ocrx_word' id='word_1_144' title='bbox 858 3413 1036 3501; x_wconf 82' lang='lat' dir='ltr'>significat,</span> <span class='ocrx_word' id='word_1_145' title='bbox 1058 3423 1095 3481; x_wconf 89' lang='lat' dir='ltr'>ut</span> <span class='ocrx_word' id='word_1_146' title='bbox 1113 3434 1196 3492; x_wconf 84' lang='lat' dir='ltr'>vox,</span> <span class='ocrx_word' id='word_1_147' title='bbox 1218 3417 1269 3482; x_wconf 87' lang='lat' dir='ltr'>vel</span> 
     </span>
     <span class='ocr_line' id='line_1_23' title="bbox 140 3523 1271 3610; baseline -0.002 -18"><span class='ocrx_word' id='word_1_148' title='bbox 140 3524 244 3592; x_wconf 85' lang='lat' dir='ltr'>etiam</span> <span class='ocrx_word' id='word_1_149' title='bbox 263 3535 451 3610; x_wconf 86' lang='lat' dir='ltr'>conceptus,</span> <span class='ocrx_word' id='word_1_150' title='bbox 468 3526 571 3602; x_wconf 85' lang='lat' dir='ltr'>homo,</span> <span class='ocrx_word' id='word_1_151' title='bbox 585 3528 716 3608; x_wconf 79' lang='lat' dir='ltr'>planta,</span> <span class='ocrx_word' id='word_1_152' title='bbox 729 3523 828 3608; x_wconf 80' lang='lat' dir='ltr'>rapis;</span> <span class='ocrx_word' id='word_1_153' title='bbox 842 3543 908 3591; x_wconf 88' lang='lat' dir='ltr'>vox</span> <span class='ocrx_word' id='word_1_154' title='bbox 922 3525 1010 3591; x_wconf 86' lang='lat' dir='ltr'>enim</span> <span class='ocrx_word' id='word_1_155' title='bbox 1025 3534 1082 3591; x_wconf 85' lang='lat' dir='ltr'>aut</span> <span class='ocrx_word' id='word_1_156' title='bbox 1093 3536 1271 3609; x_wconf 82' lang='lat' dir='ltr'>conceptus</span> 
     </span>
     <span class='ocr_line' id='line_1_24' title="bbox 139 3631 1272 3720; baseline -0.003 -20"><span class='ocrx_word' id='word_1_157' title='bbox 139 3633 324 3720; x_wconf 87' lang='lat' dir='ltr'>ejusmodi,</span> <span class='ocrx_word' id='word_1_158' title='bbox 340 3653 416 3700; x_wconf 90' lang='lat' dir='ltr'>cum</span> <span class='ocrx_word' id='word_1_159' title='bbox 438 3635 480 3700; x_wconf 91' lang='lat' dir='ltr'>sit</span> <span class='ocrx_word' id='word_1_160' title='bbox 497 3654 562 3701; x_wconf 87' lang='lat' dir='ltr'>una</span> <span class='ocrx_word' id='word_1_161' title='bbox 575 3632 727 3718; x_wconf 75' lang='lat' dir='ltr'>quadam</span> <span class='ocrx_word' id='word_1_162' title='bbox 748 3651 798 3699; x_wconf 89' lang='lat' dir='ltr'>res</span> <span class='ocrx_word' id='word_1_163' title='bbox 811 3633 987 3719; x_wconf 80' lang='lat' dir='ltr'>singularis</span> <span class='ocrx_word' id='word_1_164' title='bbox 1004 3631 1038 3697; x_wconf 89' lang='lat' dir='ltr'>in</span> <span class='ocrx_word' id='word_1_165' title='bbox 1057 3650 1118 3698; x_wconf 91' lang='lat' dir='ltr'>sua</span> <span class='ocrx_word' id='word_1_166' title='bbox 1137 3631 1272 3718; x_wconf 89' lang='lat' dir='ltr'>physica</span> 
     </span>
     <span class='ocr_line' id='line_1_25' title="bbox 139 3727 1272 3828; baseline -0.004 -20"><span class='ocrx_word' id='word_1_167' title='bbox 139 3727 297 3820; x_wconf 64' lang='lat' dir='ltr'>entitate,&#39;</span> <span class='ocrx_word' id='word_1_168' title='bbox 317 3741 494 3810; x_wconf 85' lang='lat' dir='ltr'>assumitur</span> <span class='ocrx_word' id='word_1_169' title='bbox 511 3751 668 3826; x_wconf 88' lang='lat' dir='ltr'>tanquam</span> <span class='ocrx_word' id='word_1_170' title='bbox 693 3741 827 3828; x_wconf 83' lang='lat' dir='ltr'>signum</span> <span class='ocrx_word' id='word_1_171' title='bbox 847 3741 888 3806; x_wconf 92' lang='lat' dir='ltr'>ad</span> <span class='ocrx_word' id='word_1_172' title='bbox 912 3742 1005 3825; x_wconf 88' lang='lat' dir='ltr'>plura</span> <span class='ocrx_word' id='word_1_173' title='bbox 1022 3740 1085 3806; x_wconf 87' lang='lat' dir='ltr'>alia</span> <span class='ocrx_word' id='word_1_174' title='bbox 1102 3739 1272 3806; x_wconf 90' lang='lat' dir='ltr'>individua</span> 
     </span>
     <span class='ocr_line' id='line_1_26' title="bbox 140 3834 1588 3942; baseline -0.003 -26"><span class='ocrx_word' id='word_1_175' title='bbox 140 3849 368 3935; x_wconf 83' lang='lat' dir='ltr'>exprimenda.</span> <span class='ocrx_word' id='word_1_176' title='bbox 390 3850 460 3917; x_wconf 89' lang='lat' dir='ltr'>Huc</span> <span class='ocrx_word' id='word_1_177' title='bbox 478 3851 576 3917; x_wconf 83' lang='lat' dir='ltr'>etiam</span> <span class='ocrx_word' id='word_1_178' title='bbox 597 3869 711 3918; x_wconf 85' lang='lat' dir='ltr'>revoca</span> <span class='ocrx_word' id='word_1_179' title='bbox 740 3850 922 3926; x_wconf 88' lang='lat' dir='ltr'>universale</span> <span class='ocrx_word' id='word_1_180' title='bbox 941 3848 972 3916; x_wconf 92' lang='lat' dir='ltr'>in</span> <span class='ocrx_word' id='word_1_181' title='bbox 993 3848 1270 3942; x_wconf 78' lang='lat' dir='ltr'>repraesentando,</span> <span class='ocrx_word' id='word_1_182' title='bbox 1308 3869 1462 3923; x_wconf 64' lang='lat' dir='ltr'>rama-</span> <span class='ocrx_word' id='word_1_183' title='bbox 1581 3834 1588 3845; x_wconf 84' lang='lat'>&#39;</span> 
     </span>
     <span class='ocr_line' id='line_1_27' title="bbox 140 3937 1424 4044; baseline -0.003 -20"><span class='ocrx_word' id='word_1_184' title='bbox 140 3959 236 4043; x_wconf 90' lang='lat' dir='ltr'>quod</span> <span class='ocrx_word' id='word_1_185' title='bbox 265 3961 367 4024; x_wconf 89' lang='lat' dir='ltr'>multa</span> <span class='ocrx_word' id='word_1_186' title='bbox 396 3966 623 4044; x_wconf 84' lang='lat' dir='ltr'>repraesentat,</span> <span class='ocrx_word' id='word_1_187' title='bbox 651 3956 934 4042; x_wconf 87' lang='lat' dir='ltr'>quemadmodum</span> <span class='ocrx_word' id='word_1_188' title='bbox 953 3956 1059 4043; x_wconf 80' lang='lat' dir='ltr'>figura</span> <span class='ocrx_word' id='word_1_189' title='bbox 1082 3955 1191 4022; x_wconf 85' lang='lat' dir='ltr'>circuli</span> <span class='ocrx_word' id='word_1_190' title='bbox 1217 3956 1273 4021; x_wconf 87' lang='lat' dir='ltr'>de·</span> <span class='ocrx_word' id='word_1_191' title='bbox 1348 3937 1424 3991; x_wconf 62' lang='lat'>‘⁸⁰⁶⁰’</span> 
     </span>
     <span class='ocr_line' id='line_1_28' title="bbox 141 4063 1271 4156; baseline -0.004 -23"><span class='ocrx_word' id='word_1_192' title='bbox 141 4066 264 4150; x_wconf 88' lang='lat' dir='ltr'>scripta</span> <span class='ocrx_word' id='word_1_193' title='bbox 274 4063 439 4156; x_wconf 85' lang='lat' dir='ltr'>inpariete</span> <span class='ocrx_word' id='word_1_194' title='bbox 448 4067 532 4152; x_wconf 82' lang='lat' dir='ltr'>gerit</span> <span class='ocrx_word' id='word_1_195' title='bbox 542 4067 719 4151; x_wconf 83' lang='lat' dir='ltr'>imaginem</span> <span class='ocrx_word' id='word_1_196' title='bbox 736 4085 772 4132; x_wconf 88' lang='lat' dir='ltr'>ac</span> <span class='ocrx_word' id='word_1_197' title='bbox 789 4065 1110 4150; x_wconf 79' lang='lat' dir='ltr'>repraesentationem</span> <span class='ocrx_word' id='word_1_198' title='bbox 1121 4063 1271 4129; x_wconf 89' lang='lat' dir='ltr'>omnium</span> 
     </span>
     <span class='ocr_line' id='line_1_29' title="bbox 143 4169 1274 4262; baseline -0.004 -22"><span class='ocrx_word' id='word_1_199' title='bbox 143 4174 350 4262; x_wconf 88' lang='lat' dir='ltr'>possibilium</span> <span class='ocrx_word' id='word_1_200' title='bbox 363 4175 575 4252; x_wconf 85' lang='lat' dir='ltr'>circulorum,</span> <span class='ocrx_word' id='word_1_201' title='bbox 592 4183 625 4240; x_wconf 88' lang='lat' dir='ltr'>et</span> <span class='ocrx_word' id='word_1_202' title='bbox 645 4183 826 4258; x_wconf 88' lang='lat' dir='ltr'>conceptus</span> <span class='ocrx_word' id='word_1_203' title='bbox 841 4173 976 4240; x_wconf 83' lang='lat' dir='ltr'>hominis</span> <span class='ocrx_word' id='word_1_204' title='bbox 994 4183 1044 4239; x_wconf 82' lang='lat' dir='ltr'>est</span> <span class='ocrx_word' id='word_1_205' title='bbox 1059 4170 1178 4258; x_wconf 86' lang='lat' dir='ltr'>pariter</span> <span class='ocrx_word' id='word_1_206' title='bbox 1192 4169 1274 4237; x_wconf 89' lang='lat' dir='ltr'>ima·</span> 
     </span>
    </p>
   </div>
   <div class='ocr_carea' id='block_1_8' title="bbox 142 4281 944 4369">
    <p class='ocr_par' dir='ltr' id='par_1_9' title="bbox 142 4281 944 4369">
     <span class='ocr_line' id='line_1_30' title="bbox 142 4281 944 4369; baseline 0.004 -23"><span class='ocrx_word' id='word_1_207' title='bbox 142 4299 193 4369; x_wconf 83' lang='lat' dir='ltr'>go</span> <span class='ocrx_word' id='word_1_208' title='bbox 210 4281 453 4349; x_wconf 85' lang='lat' dir='ltr'>individuorum</span> <span class='ocrx_word' id='word_1_209' title='bbox 474 4281 625 4350; x_wconf 90' lang='lat' dir='ltr'>omnium</span> <span class='ocrx_word' id='word_1_210' title='bbox 643 4282 776 4368; x_wconf 84' lang='lat' dir='ltr'>generis</span> <span class='ocrx_word' id='word_1_211' title='bbox 794 4281 944 4349; x_wconf 89' lang='lat' dir='ltr'>humani.</span> 
     </span>
    </p>
   </div>
   <div class='ocr_carea' id='block_1_9' title="bbox 140 4455 1277 4804">
    <p class='ocr_par' dir='ltr' id='par_1_10' title="bbox 140 4455 1277 4804">
     <span class='ocr_line' id='line_1_31' title="bbox 184 4455 1273 4534; baseline -0.002 -16"><span class='ocrx_word' id='word_1_212' title='bbox 184 4465 224 4528; x_wconf 85' lang='lat'>(1)</span> <span class='ocrx_word' id='word_1_213' title='bbox 259 4459 335 4519; x_wconf 84' lang='lat' dir='ltr'>Vide</span> <span class='ocrx_word' id='word_1_214' title='bbox 354 4459 453 4531; x_wconf 64' lang='lat' dir='ltr'>Suam,</span> <span class='ocrx_word' id='word_1_215' title='bbox 468 4461 545 4533; x_wconf 87' lang='lat' dir='ltr'>disp.</span> <span class='ocrx_word' id='word_1_216' title='bbox 561 4461 588 4518; x_wconf 91' lang='lat'>6.</span> <span class='ocrx_word' id='word_1_217' title='bbox 601 4459 741 4534; x_wconf 67' lang='lat' dir='ltr'>Metapi„</span> <span class='ocrx_word' id='word_1_218' title='bbox 751 4471 821 4518; x_wconf 83' lang='lat' dir='ltr'>sect.</span> <span class='ocrx_word' id='word_1_219' title='bbox 838 4458 867 4516; x_wconf 81' lang='grc' dir='ltr'>Β.</span> <span class='ocrx_word' id='word_1_220' title='bbox 879 4478 946 4527; x_wconf 68' lang='grc' dir='ltr'>ως</span> <span class='ocrx_word' id='word_1_221' title='bbox 958 4455 1145 4516; x_wconf 82' lang='lat' dir='ltr'>Dominicum</span> <span class='ocrx_word' id='word_1_222' title='bbox 1156 4455 1273 4527; x_wconf 74' lang='lat' dir='ltr'>Somni,</span> 
     </span>
     <span class='ocr_line' id='line_1_32' title="bbox 142 4546 1277 4627; baseline -0.002 -18"><span class='ocrx_word' id='word_1_223' title='bbox 142 4552 181 4610; x_wconf 78' lang='lat' dir='ltr'>in</span> <span class='ocrx_word' id='word_1_224' title='bbox 195 4551 353 4626; x_wconf 74' lang='lat' dir='ltr'>Porphyrii</span> <span class='ocrx_word' id='word_1_225' title='bbox 358 4551 536 4627; x_wconf 73' lang='lat' dir='ltr'>Er&#39;sogopen,</span> <span class='ocrx_word' id='word_1_226' title='bbox 548 4550 585 4608; x_wconf 83' lang='lat' dir='ltr'>de</span> <span class='ocrx_word' id='word_1_227' title='bbox 597 4548 849 4617; x_wconf 73' lang='lat' dir='ltr'>Praedicabilibus,</span> <span class='ocrx_word' id='word_1_228' title='bbox 869 4567 900 4619; x_wconf 87' lang='lat' dir='ltr'>q.</span> <span class='ocrx_word' id='word_1_229' title='bbox 917 4568 942 4616; x_wconf 73' lang='grc' dir='ltr'>ις</span> <span class='ocrx_word' id='word_1_230' title='bbox 954 4547 1100 4617; x_wconf 76' lang='lat' dir='ltr'>Toletum,</span> <span class='ocrx_word' id='word_1_231' title='bbox 1111 4546 1277 4607; x_wconf 86' lang='lat' dir='ltr'>Conimbri-</span> 
     </span>
     <span class='ocr_line' id='line_1_33' title="bbox 142 4637 1275 4712; baseline -0.004 -11"><span class='ocrx_word' id='word_1_232' title='bbox 142 4659 258 4712; x_wconf 78' lang='lat' dir='ltr'>oenscs,</span> <span class='ocrx_word' id='word_1_233' title='bbox 267 4653 295 4700; x_wconf 89' lang='lat' dir='ltr'>et</span> <span class='ocrx_word' id='word_1_234' title='bbox 306 4639 474 4700; x_wconf 86' lang='lat' dir='ltr'>Rubiumin</span> <span class='ocrx_word' id='word_1_235' title='bbox 487 4639 623 4698; x_wconf 82' lang='lat' dir='ltr'>eumdem</span> <span class='ocrx_word' id='word_1_236' title='bbox 633 4641 739 4710; x_wconf 69' lang='lat' dir='ltr'>locumr</span> <span class='ocrx_word' id='word_1_237' title='bbox 749 4639 888 4708; x_wconf 70' lang='lat' dir='ltr'>Formosa,</span> <span class='ocrx_word' id='word_1_238' title='bbox 902 4637 1030 4712; x_wconf 69' lang='lat' dir='ltr'>Metapi.</span> <span class='ocrx_word' id='word_1_239' title='bbox 1040 4637 1091 4698; x_wconf 91' lang='lat' dir='ltr'>lib.</span> <span class='ocrx_word' id='word_1_240' title='bbox 1102 4655 1139 4710; x_wconf 76' lang='grc'>5.,</span> <span class='ocrx_word' id='word_1_241' title='bbox 1154 4657 1218 4711; x_wconf 79' lang='lat' dir='ltr'>cap.</span> <span class='ocrx_word' id='word_1_242' title='bbox 1229 4638 1275 4708; x_wconf 77' lang='lat'>28,</span> 
     </span>
     <span class='ocr_line' id='line_1_34' title="bbox 140 4725 1137 4804; baseline -0.003 -15"><span class='ocrx_word' id='word_1_243' title='bbox 140 4752 177 4804; x_wconf 90' lang='lat' dir='ltr'>q.</span> <span class='ocrx_word' id='word_1_244' title='bbox 197 4753 219 4804; x_wconf 78' lang='lat' dir='ltr'>r,</span> <span class='ocrx_word' id='word_1_245' title='bbox 231 4729 363 4804; x_wconf 80' lang='lat' dir='ltr'>aliosque</span> <span class='ocrx_word' id='word_1_246' title='bbox 377 4729 485 4804; x_wconf 80' lang='lat' dir='ltr'>passim</span> <span class='ocrx_word' id='word_1_247' title='bbox 502 4729 698 4790; x_wconf 77' lang='lat' dir='ltr'>scholasticos</span> <span class='ocrx_word' id='word_1_248' title='bbox 711 4728 748 4788; x_wconf 83' lang='lat' dir='ltr'>de</span> <span class='ocrx_word' id='word_1_249' title='bbox 761 4729 816 4788; x_wconf 84' lang='lat' dir='ltr'>hac</span> <span class='ocrx_word' id='word_1_250' title='bbox 831 4726 955 4788; x_wconf 80' lang='lat' dir='ltr'>materia</span> <span class='ocrx_word' id='word_1_251' title='bbox 967 4725 1137 4789; x_wconf 73' lang='lat' dir='ltr'>scribentes.</span> 
     </span>
    </p>
   </div>
   <div class='ocr_carea' id='block_1_10' title="bbox 1176 4841 1210 4912">
    <p class='ocr_par' dir='ltr' id='par_1_11' title="bbox 1176 4841 1210 4912">
     <span class='ocr_line' id='line_1_35' title="bbox 1176 4841 1210 4912; baseline 0 -24"><span class='ocrx_word' id='word_1_252' title='bbox 1176 4841 1210 4912; x_wconf 69' lang='lat'>“¹¹</span> 
     </span>
    </p>
   </div>
   <div class='ocr_carea' id='block_1_11' title="bbox 0 0 1762 5525">
    <p class='ocr_par' dir='ltr' id='par_1_12' title="bbox 0 0 1762 5525">
     <span class='ocr_line' id='line_1_36' title="bbox 0 0 1762 5525; baseline 0 0"><span class='ocrx_word' id='word_1_253' title='bbox 0 0 1762 5525; x_wconf 95' lang='lat' dir='ltr'> </span> 
     </span>
    </p>
   </div>
  </div>
 </body>
</html>
