3492 5525
523 403 601 476 1008
629 388 754 479 Loorcn
775 418 1001 491 Maron-Lm.
1027 434 1086 482 2³¹⁵
1106 420 1196 483 Drsn.
1220 432 1264 502 4.·
1286 423 1361 483 Cau.
1386 436 1456 497 ψῃ

481 597 656 681 superioris
678 598 832 677 scientiae,
855 603 914 667 sed
934 603 1091 685 respicere
1114 622 1216 669 unum
1230 602 1360 668 illorum
1377 622 1432 686 per
1453 620 1507 677 se,
1534 621 1602 667 non

481 713 593 772 tamen
602 707 763 784 absolute,
777 710 834 774 sed
845 718 882 775 ut
897 710 1120 805 modificatum
1137 721 1170 776 et
1183 720 1399 777 connotatum
1413 729 1470 794 per
1484 710 1601 788 alium;

482 834 516 878 v.
541 835 576 899 g.
598 816 801 898 Perspectiva
828 817 895 902 agit
918 818 958 882 de
984 818 1116 893 visuali,
1148 829 1312 903 quatenus
1340 818 1548 883 modificatur
1569 826 1606 881 et

481 932 636 987 connotat
655 924 786 988 lineam.
811 925 847 990 Et
861 925 906 989 sic
927 944 991 989 non
1012 935 1061 990 est
1082 926 1314 991 inconveniens
1323 975 1341 999 ,.
1353 926 1442 1008 quod
1470 925 1603 1006 aliquod

481 1030 665 1114 subjectum
685 1032 727 1096 sit
747 1030 859 1097 scibile
885 1049 1009 1115 perse,
1033 1041 1066 1096 et
1085 1033 1199 1098 fundet
1221 1032 1372 1099 veritates
1391 1031 1602 1105 necessarias,

481 1137 555 1202 licet
572 1138 612 1203 ad
631 1139 836 1205 fundandum
861 1139 931 1204 illas
951 1140 1089 1223 requirat
1114 1150 1282 1222 tamquam
1302 1140 1344 1204 de
1372 1150 1551 1205 connotato
1568 1148 1604 1203 et

481 1244 514 1309 in
533 1245 666 1328 obliquo
684 1248 804 1329 aliquid
818 1247 1027 1313 accidentale.
1049 1249 1159 1313 Plures
1179 1247 1265 1312 enim
1291 1256 1367 1312 sunt
1387 1247 1603 1329 proprietates

480 1354 532 1416 vel
563 1355 805 1437 proportiones,
835 1373 909 1436 quae
939 1374 1004 1419 non
1034 1354 1233 1421 conveniunt
1256 1354 1349 1421 alicui
1374 1354 1417 1419 rei
1436 1354 1601 1423 absolute,

480 1459 727 1544 sedsupposito
746 1461 855 1544 aliquo
874 1471 961 1528 statu
983 1462 1033 1527 vel
1052 1462 1255 1536 conditione,
1279 1460 1339 1526 sibi
1365 1461 1498 1543 quidem
1520 1460 1605 1527 acci-

479 1567 616 1643 dentali,
644 1570 704 1633 sed
729 1587 786 1654 per
812 1587 847 1635 se
871 1568 1042 1652 requisita,
1070 1578 1106 1633 ut
1133 1569 1206 1634 talis
1235 1568 1413 1653 proprietas
1441 1568 1605 1633 dimanet.

480 1674 571 1739 Sicut
596 1675 637 1740 ad
661 1676 802 1760 lapidem
822 1678 916 1759 quies
936 1695 1002 1741 non
1021 1677 1168 1759 sequitur
1185 1675 1351 1751 absolute,
1374 1676 1432 1740 sed
1452 1683 1551 1759 prout
1570 1674 1604 1739 in

479 1790 604 1861 centro,
624 1783 671 1849 sic
685 1782 803 1866 aliquae
823 1784 1034 1867 proprietates
1048 1784 1098 1849 vel
1114 1784 1341 1867 proportiones
1362 1791 1547 1866 sequuntur
1563 1784 1605 1847 ad

480 1890 603 1955 visuale
621 1892 673 1955 vel
692 1909 866 1966 sonorum,
889 1910 953 1957 non
974 1891 1139 1966 absolute,
1160 1892 1217 1955 sed
1233 1891 1273 1955 ad
1288 1891 1428 1967 visuale,
1450 1900 1487 1955 ut
1502 1882 1555 1956 es't
1571 1891 1606 1955 in

479 1995 580 2073 linea,
600 2008 633 2064 et
650 1998 692 2062 ad
711 2016 886 2074 sonorum,
909 2010 944 2063 ut
963 2008 1014 2063 est
1032 1998 1064 2063 in
1089 2016 1239 2065 numero.
1262 1999 1299 2063 Et
1321 2000 1362 2063 ita
1388 2017 1453 2063 non
1480 2016 1607 2063 conve-

480 2103 575 2169 niunt
599 2105 780 2171 constituto
806 2115 838 2171 et
863 2114 1040 2189 aggregato
1067 2105 1307 2189 per'a'ccidens,
1332 2104 1391 2170 sed
1410 2103 1465 2169 uni
1487 2124 1548 2188 per
1567 2123 1607 2169 se

478 2230 553 2277 cum
573 2212 805 2279 connotatione
818 2212 976 2279 alterius»
996 2209 1008 2298 (
1034 2210 1059 2299 ).

522 2326 630 2403 ObJ'ic.
652 2327 702 2387 2.⁰
748 2320 794 2385 Ex
813 2322 961 2404 praejacta
981 2318 1124 2386 doctrina
1150 2320 1283 2385 scientia
1310 2320 1541 2386 subalternans
1571 2339 1608 2385 et

477 2430 695 2496 subalternata
723 2427 985 2513 distinguuntur,
1011 2428 1194 2510 etquidem
1223 2428 1383 2511 specifice.
1416 2430 1516 2510 Atqui
1548 2448 1607 2493 ne-

477 2545 601 2618 queunt
621 2534 776 2619 distingui
795 2516 955 2619 specifice.
972 2532 1054 2599 Nam
1075 2536 1215 2600 scientiae
1232 2524 1476 2619 distinguuntur
1492 2536 1607 2619 specie

476 2644 655 2709 secundum
676 2644 817 2727 objecta3
838 2642 1001 2726 objectum
1017 2650 1126 2707 autem
1142 2642 1369 2708 subalternatae
1388 2654 1437 2709 est
1457 2643 1548 2707 idem
1568 2662 1608 2707 ac

475 2739 743 2827 subalternantis,
764 2748 1002 2818 accidentaliter
1020 2751 1189 2816 dumtaxat
1211 2748 1383 2816 variatum.

541 2866 645 2942 Resp.
665 2877 735 2942 neg.
756 2858 873 2924 Minor.
892 2858 941 2922 Ad
962 2857 1144 2942 probation.
1159 2857 1235 2924 dist.
1256 2858 1372 2923 Minor.
1388 2857 1420 2922 ln
1441 2876 1516 2922 esse
1540 2857 1599 2929 rei,

474 2987 577 3043 conc„
598 2967 630 3031 in
644 2984 716 3032 esse
735 2965 851 3050 objecti
873 2963 1009 3043 scibilis,
1029 2984 1102 3047 neg.
1128 2965 1211 3030 Nam
1224 2965 1254 3030 in
1274 2966 1421 3050 subjecto
1440 2966 1606 3030 subalter-

476 3075 598 3150 nantis,
617 3075 791 3138 accedente
809 3073 863 3138 tali
884 3065 1061 3137 diffluentia
1080 3082 1248 3148 extranea,
1266 3075 1425 3138 resultant
1441 3091 1539 3137 novae
1555 3091 1604 3137 ra-

474 3183 581 3246 tiones
599 3201 635 3245 ac
648 3181 799 3246 veritates
810 3181 1048 3264 cognoscendae
1064 3199 1104 3246 ex
1120 3180 1280 3264 principiis
1300 3181 1476 3264 superioris
1493 3181 1604 3247 scien-

475 3288 529 3354 tiae
549 3288 633 3354 illius
652 3286 716 3375 (2).

518 3402 626 3478 Oinc.
658 3394 710 3463 3.⁰
758 3394 979 3480 Metaphysica
997 3395 1123 3479 probat,
1163 3413 1198 3458 ac
1230 3395 1373 3472 defendit
1404 3403 1604 3462 caeterarum

474 3505 624 3569 omnium
645 3502 809 3585 principia.
840 3500 923 3584 Ergo
949 3513 998 3568 est
1026 3502 1252 3567 subalternans
1279 3511 1429 3585 respectu
1452 3501 1605 3570 illarum.

474 3611 573 3693 Atqui
602 3620 713 3676 tamen
740 3609 867 3693 objecta
895 3609 1027 3674 aliarum
1058 3627 1123 3674 non
1147 3610 1272 3674 addunt
1300 3627 1398 3693 supra
1430 3611 1606 3695 objectum

475 3717 717 3803 Metaphysicae,
748 3718 838 3799 quod
866 3727 916 3782 est
942 3717 1059 3782 ens'in
1087 3727 1248 3799 quantum
1277 3735 1353 3804 ens,
1382 3717 1604 3784 differentiam

472 3826 714 3900 accidentalem,
735 3824 1002 3908 quandoquidem
1019 3826 1227 3909 enti‚,utpote
1244 3824 1499 3900 transcendenti,
1522 3827 1607 3892 nihil

471 3934 668 4000 accidentale
682 3930 855 4015 superaddi
876 3939 994 4015 potest.
1016 3933 1111 4016 Ergo.

540 4048 643 4124 Resp.
655 4041 730 4107 dist.
743 4050 863 4115 antec,
880 4039 985 4122 aliqua
1002 4037 1166 4123 principia,
1183 4039 1605 4118 trans.‚omnia,subdisf.,

473 4148 588 4234 probat
607 4167 644 4215 ac
662 4148 804 4212 defendit
814 4148 884 4221 illa,
906 4167 924 4210 a
943 4145 1038 4232 priori
1058 4147 1278 4221 ostendendo,
1299 4165 1382 4228 nep,
1403 4146 1608 4215 deducendo

474 4257 515 4322 ad
533 4256 750 4342 impossibile,
771 4273 857 4320 conc.

479 4447 744 4464 w

509 4532 555 4592 (1)
590 4525 724 4595 Joann.a
740 4522 772 4581 S.
787 4522 915 4590 Thema,
933 4520 985 4580 loc.
999 4519 1047 4578 cit.
1064 4516 1125 4578 Cir.
1144 4520 1220 4580 Rub.
1236 4535 1264 4579 et
1280 4517 1489 4592 Complutens.

509 4623 550 4684 (a)
586 4615 647 4674 Cir.
669 4616 756 4684 Rub.,
778 4612 833 4671 loc.
850 4612 890 4671 cit
910 4631 939 4670 n.
958 4611 993 4670 28
1007 4623 1036 4669 et
1049 4631 1093 4684 293
1112 4609 1533 4683 Joann.as.'sh0ma.,1oe.
1555 4615 1610 4674 eit.

475 4704 515 4764 nd
529 4715 589 4779 &aa
