3492 5525
309 471 427 535 nanc.
452 486 512 553 3³¹⁸
534 466 767 533 Sxtuoorsnus
788 484 1027 531 nieorxsrrcus
1136 480 1195 543 349

109 652 343 735 consequentis
371 655 595 738 negationem;
616 669 722 733 neque
755 633 978 734 expositione
1001 646 1234 732 consequentis

111 758 309 841 positionem
338 760 572 827 antecedentis.
594 757 646 825 Sic
665 759 774 841 inepte
794 757 868 841 quis
887 766 1048 843 argueret.
1066 758 1140 822 Hoc
1162 754 1236 821 sub-
1275 790 1300 851 ρ

109 864 237 943 stantia,
250 866 283 933 si
293 869 342 933 esi
352 868 451 946 bomo,
465 872 513 934 est
524 850 769 949 antrust'Atqui
779 868 827 930 est
835 866 968 931 animal.
985 866 1065 948 Ergo
1077 866 1124 930 est
1133 864 1231 929 bomo.
1244 772 1262 947 t
1276 886 1289 931 ι

11 1003 12 1066 3
111 972 190 1039 Vel:
210 974 312 1058 Atqui
327 994 392 1040 non
410 979 459 1041 esi
474 975 573 1041 horno.
593 974 781 1057 organaque
798 975 844 1038 est
859 973 991 1039 animal.
1013 971 1051 1035 Et
1069 969 1150 1036 ratio
1169 979 1232 1047 est,

11 1075 12 1084 ³
111 1079 190 1164 quia
213 1098 417 1166 quamquam
443 1081 587 1148 conditio
605 1099 717 1147 secum
744 1081 850 1145 trahat
871 1079 1146 1153 conditionatum,
1166 1078 1235 1143 fieri

111 1188 198 1252 bene
214 1196 335 1271 potest,
358 1200 394 1256 ut
410 1189 498 1255 idem
517 1189 776 1255 conditionatum
796 1186 984 1254 veriricetur
1001 1186 1071 1253 sine
1084 1185 1138 1251 tali
1157 1203 1237 1252 con·

112 1294 236 1360 ditione
256 1297 308 1362 vel
322 1296 387 1362 sub
401 1296 462 1362 alia
473 1296 613 1363 diversa.

175 1403 248 1483 jam
272 1401 305 1468 in
319 1402 456 1489 singulis
479 1404 548 1471 istis
567 1404 694 1472 duabus
713 1403 827 1489 figuris
846 1413 988 1487 quatuor
1003 1403 1105 1468 habes
1119 1401 1237 1467 modos

114 1510 239 1576 ratione
256 1508 484 1577 affirmationis
501 1520 558 1578 aut
577 1510 772 1596 negationis.
794 1509 854 1575 Vel
872 1511 960 1575 enim
991 1517 1024 1575 et
1043 1509 1238 1575 antecedens

113 1629 148 1684 et
165 1635 374 1700 consequens
392 1618 586 1685 affirmativa
604 1626 699 1696 sunt,
722 1619 809 1683 utin
829 1620 907 1683 hoc:
933 1617 971 1682 Si
986 1618 1036 1682 sol
1052 1618 1148 1700 lucet,
1174 1615 1240 1681 dics

114 1727 171 1790 cst.
192 1724 293 1809 Atqui
305 1727 354 1791 sol
365 1726 458 1791 lucer.
473 1728 607 1811 Ergo...;
622 1728 673 1791 vel
688 1734 868 1808 utrumque
881 1724 1070 1809 negativum
1084 1732 1145 1799 est,
1161 1732 1198 1788 ut
1214 1722 1241 1788 si

117 1834 180 1898 hoc
198 1840 294 1917 pacto
313 1851 442 1917 arguas:
463 1833 501 1899 Si
516 1836 565 1899 sol
579 1852 642 1899 non
660 1836 751 1909 lucet,
770 1833 836 1897 dies
854 1851 917 1897 non
932 1836 988 1908 esi.
1005 1832 1106 1916 Atqui
1119 1832 1168 1896 sol
1180 1824 1243 1894 'non

116 1942 273 2021 lucet....;
291 1942 342 2005 vel
361 1942 558 2007 antecedens
578 1940 711 2024 quidem
731 1948 782 2006 est
805 1938 1051 2014 affirmativum,
1075 1947 1108 2004 et
1130 1954 1243 2003 conse·

117 2063 225 2131 quens
243 2046 447 2131 negativum,
470 2057 519 2113 ut:
539 2048 578 2114 Si
589 2050 638 2113 sol
653 2050 745 2123 lucet,
765 2066 830 2113 nox
846 2066 911 2112 non
927 2051 984 2113 est.
1009 2047 1073 2114 Sed
1088 2048 1136 2111 sol
1149 2047 1244 2110 lucet.

118 2155 330 2237 Ergononest
339 2173 417 2221 nox:
429 2156 481 2221 vel
492 2155 634 2239 denique
643 2155 840 2221 antecedens
850 2162 901 2220 est
912 2155 1247 2240 negativumconse·

118 2278 227 2344 quens
252 2280 331 2328 vero
356 2261 603 2340 affirmativum,
629 2284 662 2329 v.
692 2281 741 2347 g.:
762 2263 800 2328 Si
820 2263 869 2327 sol
895 2281 959 2327 non
982 2265 1076 2339 lucet,
1097 2278 1162 2326 nox
1188 2263 1244 2327 est.

119 2368 222 2452 Atqui
234 2371 283 2434 sol
294 2388 357 2433 non
370 2372 463 2437 lucet.
480 2370 562 2453 Ergo
575 2390 640 2435 nox
658 2373 714 2436 est.
732 2368 825 2444 Quos
845 2370 964 2437 modos
985 2381 1080 2454 potes
1099 2368 1247 2434 similiter

118 2476 326 2542 considerare
345 2477 378 2542 in
398 2478 541 2543 secunda
559 2477 684 2563 figura;
706 2478 764 2544 sed
784 2496 835 2542 res
854 2479 950 2560 plana
970 2486 1019 2542 est
1037 2476 1189 2542 omnino.

191 2583 342 2650 Advertit
356 2586 409 2650 hic
423 2587 459 2653 P.
481 2585 621 2651 Lossada
640 2585 762 2671 figuras
780 2584 878 2651 hasce
902 2585 1022 2651 inuno
1044 2603 1121 2651 casu
1142 2585 1250 2649 fallere
1330 2596 1396 2652 nna,

121 2710 237 2776 posse,
253 2709 330 2756 cum
347 2710 466 2777 nempe
485 2692 592 2759 Minor
609 2693 683 2759 talis
698 2700 760 2769 est,
773 2700 810 2757 ut
828 2693 973 2758 destruat
989 2692 1120 2778 Maioris
1134 2690 1250 2756 verita·
1274 2671 1466 2806 effiffiq

120 2812 208 2867 tem:
231 2807 269 2864 ut
287 2800 313 2865 si
332 2802 378 2866 sic
397 2799 612 2868 ratiocineris:
633 2803 663 2866 si
679 2804 743 2866 duo
765 2808 895 2883 corpora
913 2801 1069 2877 existunt,
1095 2819 1158 2866 non
1178 2768 1268 2950 sunl,
1284 2813 1468 2870 ratrammo..

116 2911 293 2989 pemtrala.
307 2907 372 2974 Sed
387 2910 465 2974 sunt
479 2912 657 2990 penetrata.
677 2909 755 2992 Ergo
777 2927 842 2973 non
864 2907 1016 2974 existunt.
1038 2907 1096 2973 llic
1118 2904 1254 2994 syllogi-

110 2993 231 3090 smus,
247 3032 450 3098 quamquam
462 3015 502 3080 ad
517 3015 696 3082 secundam
711 3012 850 3100 figuram
866 3024 1039 3100 spectans,
1052 3015 1124 3080 ideo
1138 3013 1254 3080 vitiose

122 3121 307 3198 concludit,
328 3121 405 3205 quia
433 3122 550 3188 veritas
574 3123 705 3207 Maioris
732 3123 889 3207 supponit
909 3122 1082 3188 falsitatem
1104 3121 1251 3198 Minoris,

121 3237 158 3292 et
177 3225 312 3293 Minoris
331 3230 448 3297 veritas
467 3229 605 3296 destruit
620 3229 750 3314 Maioris
768 3230 953 3298 veritatem.
975 3229 1060 3296 Cum
1080 3227 1169 3297 enim
1184 3248 1255 3295 cor-

123 3354 205 3420 pora
223 3335 383 3418 penetrari
403 3348 580 3420 nequeant,
601 3338 681 3422 quin
701 3338 858 3415 existant,
881 3339 988 3404 minor
1010 3338 1064 3403 illa
1088 3337 1255 3422 praemissa

124 3444 384 3527 penetrationem
404 3463 576 3529 corporum
596 3463 762 3521 asserens,
782 3444 930 3530 ipsorum
950 3464 1083 3530 quoque
1098 3445 1255 3529 implicite

125 3550 271 3618 affirmat
301 3551 525 3618 existentiam:
560 3553 699 3636 ideoque
726 3552 754 3618 si
774 3572 850 3620 vera
875 3553 934 3630 sit,
964 3553 1121 3639 supponit
1145 3563 1259 3620 contra
1296 3559 1299 3567 ’

125 3677 165 3723 ac
186 3658 290 3743 Major
308 3659 473 3736 enuntiat,
494 3661 701 3727 existentiam
720 3660 864 3726 duorum
883 3679 1057 3745 corporum
1077 3669 1109 3727 et
1124 3680 1258 3745 compe-

126 3765 346 3832 netrationem
366 3768 560 3834 eorumdem
575 3769 659 3835 bene
679 3787 777 3854 posse
801 3759 969 3854 com'poni.
991 3768 1084 3835 Unde
1100 3767 1177 3836 nihil
1197 3770 1260 3835 mi-

126 3891 203 3939 rum
231 3874 345 3941 sinon
370 3876 544 3941 concludat
566 3877 794 3963 syllogismus.
828 3877 952 3944 Verum
981 3877 1008 3943 si
1037 3895 1088 3942 res
1110 3875 1258 3944 intimius

126 3981 346 4066 ponderetur,
366 4000 463 4049 casus
476 3983 530 4048 hic
543 4002 654 4050 revera
669 4003 734 4050 non
750 3993 802 4050 est
815 3986 965 4069 exceptio
977 4005 996 4050 a
1009 3985 1152 4070 generali
1171 3987 1256 4070 lege,

126 4108 206 4155 cum
226 4088 374 4156 deiectus
391 4090 611 4158 conclusionis
631 4111 698 4157 non
718 4111 759 4157 ex
777 4092 809 4158 vi
833 4093 948 4158 lormte
976 4093 1114 4169 oriatur,
1140 4093 1199 4159 sed
1217 4109 1258 4158 ex

127 4194 270 4262 falsitate
289 4198 448 4292 materiae:
469 4199 570 4266 altera
587 4199 675 4265 enim
699 4218 741 4265 ex
759 4199 938 4284 premissis
956 4201 1034 4266 falsa
1057 4212 1108 4268 est
1126 4201 1159 4267 in
1178 4218 1255 4267 casu

128 4301 280 4371 veritatis
296 4305 430 4372 alterius
448 4302 462 4393 (
485 4304 511 4393 ).

198 4411 246 4478 lle
268 4413 543 4480 conditionalibus
560 4413 694 4480 alterius
710 4414 857 4500 generis,
887 4415 979 4501 cujus
998 4423 1121 4501 nempe
1141 4433 1261 4484 omnes
1285 4438 1468 4494 ιιιιιιιμιι,

129 4518 376 4608 propositiones
399 4520 634 4588 conditionales
652 4529 748 4600 sunt,
774 4521 831 4589 vix
854 4521 1037 4607 quidquam
1055 4524 1195 4592 occurrit
1212 4526 1261 4594 di·
1295 4505 1463 4562 mdffi⁰¹¹¹¹⁵⁸¹

165 4759 210 4823 (ι)
246 4751 310 4812 Cir.
326 4751 470 4824 Lounda,
486 4751 643 4825 Summi„
655 4752 734 4826 diop.
747 4753 782 4826 θ’,
796 4774 859 4828 cap.
873 4755 906 4828 6,
922 4775 953 4816 n.
973 4776 1014 4818 ιι.
1054 4799 1057 4805 -
