3492 5525
335 455 455 521 Axrrc.
473 472 531 519 nu·
548 456 718 535 Quoxono
732 476 871 523 nxrsrar
887 459 1105 533 Unrvnnsacr:
1147 447 1151 454 ⁴
1185 459 1246 542 699

1017 566 1284 581 m

156 649 218 707 aut
236 642 267 709 in
288 641 433 727 pluribus
451 641 626 709 individuis
645 643 835 726 reperiatur,
852 644 928 728 quia
944 644 1022 711 nihil
1037 645 1167 730 penitus
1185 645 1283 709 refert

158 750 203 815 de
230 750 403 817 individuis
433 750 528 815 aede
561 750 796 834 multiplicitate
826 764 858 819 et
890 752 1043 819 varietate
1075 751 1280 819 eorumdem.

159 858 262 943 Finge
289 858 345 925 tibi
373 859 483 942 plures
509 869 619 943 guttas
637 877 730 942 aquae
749 857 948 936 simillimas,
968 878 1088 944 easque
1116 859 1144 927 si
1167 878 1284 944 reprae·
1331 888 1336 895 ·

158 978 287 1033 senlare
305 968 337 1032 in
357 966 498 1051 imagine
517 966 614 1042 velis,
634 966 773 1033 sufficiet
790 968 848 1035 tibi
868 968 963 1034 unica
981 968 1108 1054 imago,
1126 987 1217 1052 quae,
1239 968 1282 1033 ob

158 1077 335 1159 perlectam
353 1074 503 1141 omnium
523 1074 607 1139 inter
620 1093 655 1140 se
669 1074 937 1151 similitudinem,
953 1095 1048 1160 aeque
1064 1087 1164 1143 unam
1180 1084 1280 1159 atque

157 1184 292 1250 alteram
313 1183 564 1267 representabit,
589 1181 668 1266 quin
694 1192 806 1249 tamen
830 1182 953 1268 ipsam,
981 1184 1225 1251 multitudinem
1245 1204 1282 1249 ac

155 1290 398 1359 distinctionem
418 1308 529 1357 earum
550 1291 712 1359 ostendat.
734 1291 802 1357 Pari
827 1292 927 1358 modo
951 1291 1117 1376 praecisiva
1138 1292 1281 1377 cognitio

157 1399 267 1464 solum
289 1399 383 1463 reiert
402 1398 447 1473 id,
468 1398 557 1481 quod
572 1398 605 1465 in
620 1399 774 1464 omnibus
789 1397 964 1465 individuis
978 1400 1047 1465 sive
1064 1400 1281 1469 existentibus

155 1506 228 1572 sive
251 1505 458 1590 possibilibus
482 1504 588 1571 simile
611 1514 680 1581 est,
702 1506 781 1589 quin
806 1508 922 1572 reserat
943 1526 1057 1573 eorum
1081 1508 1282 1574 diversitates

154 1613 389 1695 individuales;
410 1631 485 1696 quae
505 1624 636 1689 natura,
662 1625 756 1698 prout
775 1613 829 1679 tali
847 1625 1009 1699 conceptu
1037 1610 1278 1699 repraesentata,

155 1710 317 1787 unitatem
337 1718 465 1808 habet(
491 1719 516 1807 ).

224 1832 327 1896 Dices
360 1828 443 1892 hanc
470 1827 628 1894 unitatem
658 1828 872 1895 extrinsecam
903 1848 975 1897 esse
994 1840 1025 1897 et
1053 1830 1277 1914 impropriam.
1402 1830 1406 1833 ’

155 1936 305 2003 Proiecto
338 1935 518 2002 extrinseca
547 1945 597 2002 est
628 1943 660 2000 et
690 1936 787 2001 etiarn
817 1937 1010 2022 impropria,
1044 1938 1071 2004 si
1103 1957 1175 2002 eam
1204 1956 1278 2003 cum

154 2044 330 2109 intrinseca
348 2043 599 2127 comparaveris.
615 2044 690 2109 Non
714 2051 823 2109 autem
840 2042 885 2110 ita
902 2057 952 2112 est
971 2045 1144 2130 impropia,
1160 2055 1279 2113 utnon

152 2163 352 2237 agnoscatur
381 2161 413 2217 et
442 2151 610 2235 recipiatur
643 2151 684 2216 ab
717 2150 875 2218 omnibus
903 2150 1108 2238 Philosophis
1135 2158 1279 2236 atquea

153 2260 326 2327 communi
346 2278 408 2325 usu
428 2259 595 2342 loquendi.

225 2368 319 2433 Certe
337 2366 529 2433 Aristoteles
548 2376 581 2431 et
599 2384 675 2431 cum
696 2386 736 2432 eo
752 2366 787 2433 S.
808 2366 954 2433 Thomas
971 2366 1055 2434 inter
1075 2368 1192 2435 modos
1206 2366 1279 2435 uni·

151 2476 230 2542 tatis
244 2476 362 2551 varios,
375 2475 458 2540 lianc
472 2475 688 2539 extrinsecam
700 2483 733 2540 et
747 2474 880 2540 rationis
889 2494 1055 2542 recensere
1070 2493 1137 2542 non
1149 2475 1278 2547 dubita-

152 2592 250 2659 runt,
271 2602 327 2666 per
350 2600 450 2665 quarn
479 2576 571 2666 plura
598 2582 750 2672 dicuntur
776 2600 898 2658 unum,
919 2582 995 2666 quia
1020 2602 1134 2677 eorum
1158 2582 1276 2648 intelli·

102 2732 107 2739 -
147 2690 258 2776 gentio
275 2694 322 2755 est
336 2708 417 2765 una,
443 2692 475 2755 et
489 2708 558 2774 qua
584 2708 648 2755 una
672 2690 913 2772 apprehensione
938 2691 1214 2774 apprehenduntur
1236 2692 1275 2757 ah

146 2799 257 2866 anima
275 2795 340 2884 (a).
361 2799 399 2864 Et
406 2798 559 2862 dicuntur
568 2817 632 2862 una
645 2798 884 2879 apprehensione
893 2800 1082 2881 apprehendi
1093 2800 1186 2877 ulra,
1204 2819 1275 2884 per·
1359 2830 1365 2843 ·

148 2905 201 2992 git
220 2904 413 2990 Angelicus,
432 2883 564 2989 quorum
581 2907 625 2969 esi
643 2923 708 2969 una
724 2905 925 2987 apprehensio
946 2906 1161 2975 indivisibilis.
1182 2907 1277 2990 Quod

148 3013 275 3099 quidem
297 3011 452 3096 contingit
473 3012 654 3093 dupliciter,
674 3016 733 3077 aut
752 3013 826 3096 quia
846 3013 1047 3095 apprehensio
1071 3007 1274 3082 indivisibilis

148 3125 199 3186 est
216 3124 301 3209 ejus,
320 3123 403 3206 quod
418 3123 467 3185 est
482 3137 579 3184 unum
596 3121 711 3201 speeie,
731 3123 790 3185 aur
812 3123 900 3206 ejus,
919 3123 1003 3205 qiud
1023 3123 1187 3189 estunam
1214 3142 1274 3188 nu·

150 3245 247 3295 mero.
277 3227 416 3294 Numera
441 3225 564 3311 quadem
590 3226 780 3292 indivisibile
797 3230 845 3292 est
868 3227 970 3309 ipsum
993 3228 1166 3312 singulare,
1190 3234 1276 3314 quod

149 3353 222 3400 non·
232 3339 332 3418 potest
342 3333 514 3417 predicari
529 3335 569 3399 de
586 3333 704 3400 multis.
730 3333 836 3416 Specie
852 3338 955 3400 autem
973 3354 1072 3400 uuum
1093 3340 1141 3402 est
1155 3337 1273 3403 indici

146 3443 256 3520 sibile,
276 3444 360 3528 quod
384 3446 548 3507 estunam
572 3443 739 3508 secundum
756 3441 918 3508 seientiam
942 3445 976 3507 ei
995 3444 1181 3511 notitiam...
1198 3445 1272 3510 Non

146 3551 285 3616 enimin
309 3550 444 3616 dioern's
470 3549 683 3634 singularibus
708 3554 755 3614 est
778 3550 887 3635 aliquia
911 3553 1030 3616 nahera
1046 3569 1112 3616 una
1129 3571 1269 3630 numero,

145 3677 219 3746 quae
233 3659 336 3741 possit
349 3658 416 3724 diei
431 3658 555 3740 species.
576 3658 640 3724 Sed
656 3658 826 3723 intellectus
841 3658 1093 3740 apprehenditur
1108 3678 1205 3725 unum
1223 3660 1269 3740 id,

146 3769 184 3833 in
202 3784 263 3852 quo
280 3767 385 3832 omnia
401 3765 761 3849 inseriaraconaeniunt.
778 3765 869 3832 Elsie
882 3766 917 3830 in
929 3766 1167 3848 apprehensione
1181 3768 1273 3834 inlel-

182 3950 222 4012 (1)
258 3943 394 4003 Socrates
408 3943 464 4011 (vel
487 3941 566 4000 aliud
591 3911 715 4014 quodvis
738 3942 936 4010 individuum)
958 3944 1114 4020 signficari
1138 3954 1194 4006 hoe
1221 3955 1272 4004 ali·

141 4043 214 4109 quid
234 4044 263 4092 et
286 4035 522 4100 determinatum,
548 4031 646 4103 inquit
669 4031 702 4089 S.
724 4032 868 4102 Thomas,
887 4033 969 4092 homo
989 4055 1058 4093 vero
1073 4034 1161 4100 (idem
1175 4035 1222 4094 dic
1235 4037 1272 4095 de

141 4123 274 4196 qualibet
288 4123 344 4180 alia
355 4137 458 4180 natura
473 4119 604 4194 praecisa)
617 4130 699 4194 quale
714 4130 799 4194 quid,
814 4126 885 4197 quia
897 4123 1047 4199 siguificat
1054 4131 1184 4195 sormam
1196 4145 1271 4184 com·
1358 4189 1366 4200 ,

141 4235 258 4272 munem
272 4223 300 4271 et
313 4214 563 4271 indeterminatam
572 4255 579 4281 ,
589 4214 659 4286 quia
669 4215 700 4269 si
699 4213 824 4289 gnificat
834 4214 1012 4287 absqueulia
1020 4216 1269 4275 determinatione.

141 4301 177 4363 S.
188 4303 245 4362 Th.
261 4302 312 4360 lib.
328 4324 354 4376 7.
371 4303 518 4377 Metaphy.
534 4302 598 4360 lect.
614 4323 640 4374 7,
658 4322 773 4375 paragr.
788 4322 814 4361 c.
831 4301 895 4362 Cur
908 4317 1005 4363 autem
1030 4317 1135 4363 natura
1155 4307 1270 4364 abstra-

138 4407 188 4453 cta
202 4390 347 4468 significet
361 4393 447 4465 quale
460 4393 544 4465 quid,
559 4391 686 4450 declarat
697 4390 730 4450 S.
746 4392 853 4452 Ductor
867 4391 899 4451 in
913 4393 1023 4466 Opusc.
1043 4395 1078 4453 de
1091 4405 1151 4454 nat.
1165 4415 1269 4469 gener.

139 4503 204 4556 cap.
219 4505 247 4557 9.
265 4501 340 4540 vers.
357 4481 408 4540 fin.

177 4579 217 4640 (a)
255 4571 288 4632 S.
312 4572 368 4629 Th.
389 4571 439 4630 lib.
466 4591 511 4638 ro,
534 4571 709 4644 Memphis,
725 4573 789 4631 lect.
809 4594 831 4642 r,
850 4593 949 4646 parag.
965 4575 993 4644 d,
1013 4593 1079 4631 cum
1094 4573 1184 4633 Arist.
1197 4574 1267 4635 ibid.

136 4683 203 4735 cap.
221 4683 246 4721 r.
264 4662 325 4722 Csr.
342 4659 375 4720 S.
391 4661 448 4720 Th.
469 4661 518 4719 lib.
537 4679 550 4734 ς
571 4662 712 4735 Metapa..
733 4663 797 4722 lect.
813 4684 838 4737 7,
854 4682 971 4739 paragr.
978 4670 1011 4735 s,-
1034 4677 1064 4722 et
1078 4664 1142 4723 lect.
1156 4665 1176 4722 8
1189 4665 1265 4742 init„

135 4773 206 4815 cum
221 4752 344 4812 Aristor.
359 4751 398 4809 ib.
