<?xml version="1.0" encoding="UTF-8"?>
<!DOCTYPE html PUBLIC "-//W3C//DTD XHTML 1.0 Transitional//EN"
    "http://www.w3.org/TR/xhtml1/DTD/xhtml1-transitional.dtd">
<html xmlns="http://www.w3.org/1999/xhtml" xml:lang="en" lang="en">
 <head>
  <title>
</title>
<meta http-equiv="Content-Type" content="text/html;charset=utf-8" />
  <meta name='ocr-system' content='tesseract 3.04.00' />
  <meta name='ocr-capabilities' content='ocr_page ocr_carea ocr_par ocr_line ocrx_word'/>
</head>
<body>
  <div class='ocr_page' id='page_1' title='image "./institutionesph00urrgoog/institutionesph00urrgoog_1038.png"; bbox 0 0 3492 5525; ppageno 0'>
   <div class='ocr_carea' id='block_1_1' title="bbox 542 453 1468 540">
    <p class='ocr_par' dir='ltr' id='par_1_1' title="bbox 542 453 1468 540">
     <span class='ocr_line' id='line_1_1' title="bbox 542 453 1468 540; baseline 0.001 -22"><span class='ocrx_word' id='word_1_1' title='bbox 542 453 634 519; x_wconf 73' lang='lat' dir='ltr'><em>ioi8¹</em></span> <span class='ocrx_word' id='word_1_2' title='bbox 653 454 777 519; x_wconf 76' lang='lat' dir='ltr'><em>Loosci</em></span> <span class='ocrx_word' id='word_1_3' title='bbox 792 454 1020 528; x_wconf 62' lang='lat' dir='ltr'><em>iinon-iio.</em></span> <span class='ocrx_word' id='word_1_4' title='bbox 1042 470 1111 533; x_wconf 53' lang='grc' dir='ltr'><em>μ’,</em></span> <span class='ocrx_word' id='word_1_5' title='bbox 1130 456 1218 519; x_wconf 76' lang='lat' dir='ltr'><em>Diso.</em></span> <span class='ocrx_word' id='word_1_6' title='bbox 1236 468 1284 539; x_wconf 71' lang='lat'><em>4⁸</em></span> <span class='ocrx_word' id='word_1_7' title='bbox 1299 457 1377 520; x_wconf 64' lang='lat' dir='ltr'><em>Cio.</em></span> <span class='ocrx_word' id='word_1_8' title='bbox 1397 472 1468 540; x_wconf 60' lang='grc' dir='ltr'><strong>ψ</strong></span> 
     </span>
    </p>
   </div>
   <div class='ocr_carea' id='block_1_2' title="bbox 412 640 1617 734">
    <p class='ocr_par' dir='ltr' id='par_1_2' title="bbox 412 640 1617 734">
     <span class='ocr_line' id='line_1_2' title="bbox 412 640 1617 734; baseline -0.003 -27"><span class='ocrx_word' id='word_1_9' title='bbox 412 717 416 734; x_wconf 29' lang='lat'><strong>¹</strong></span> <span class='ocrx_word' id='word_1_10' title='bbox 497 642 565 707; x_wconf 85' lang='lat' dir='ltr'><em>elo</em></span> <span class='ocrx_word' id='word_1_11' title='bbox 583 640 901 706; x_wconf 64' lang='lat' dir='ltr'><em>morianensis</em></span> <span class='ocrx_word' id='word_1_12' title='bbox 924 643 974 704; x_wconf 85' lang='lat' dir='ltr'><em>uel</em></span> <span class='ocrx_word' id='word_1_13' title='bbox 996 640 1162 723; x_wconf 74' lang='lat' dir='ltr'><em>applicatio</em></span> <span class='ocrx_word' id='word_1_14' title='bbox 1179 642 1293 725; x_wconf 76' lang='lat' dir='ltr'><em>adea:</em></span> <span class='ocrx_word' id='word_1_15' title='bbox 1312 643 1345 705; x_wconf 87' lang='lat' dir='ltr'><em>el</em></span> <span class='ocrx_word' id='word_1_16' title='bbox 1367 640 1436 705; x_wconf 81' lang='lat' dir='ltr'><em>ideo</em></span> <span class='ocrx_word' id='word_1_17' title='bbox 1452 643 1617 707; x_wconf 71' lang='lat' dir='ltr'><em>secundnm</em></span> 
     </span>
    </p>
   </div>
   <div class='ocr_carea' id='block_1_3' title="bbox 489 744 1704 2768">
    <p class='ocr_par' dir='ltr' id='par_1_3' title="bbox 498 744 1618 939">
     <span class='ocr_line' id='line_1_3' title="bbox 498 744 1618 831; baseline -0.001 -19"><span class='ocrx_word' id='word_1_18' title='bbox 498 746 639 813; x_wconf 82' lang='lat' dir='ltr'><em>ordinem</em></span> <span class='ocrx_word' id='word_1_19' title='bbox 663 747 841 813; x_wconf 81' lang='lat' dir='ltr'><em>rnnolionis</em></span> <span class='ocrx_word' id='word_1_20' title='bbox 858 767 880 813; x_wconf 88' lang='lat' dir='ltr'><em>a</em></span> <span class='ocrx_word' id='word_1_21' title='bbox 898 746 1029 813; x_wconf 81' lang='lat' dir='ltr'><em>noterio</em></span> <span class='ocrx_word' id='word_1_22' title='bbox 1058 750 1091 813; x_wconf 87' lang='lat' dir='ltr'><em>el</em></span> <span class='ocrx_word' id='word_1_23' title='bbox 1105 768 1127 813; x_wconf 89' lang='lat' dir='ltr'><em>o</em></span> <span class='ocrx_word' id='word_1_24' title='bbox 1153 752 1237 814; x_wconf 88' lang='lat' dir='ltr'><em>moln</em></span> <span class='ocrx_word' id='word_1_25' title='bbox 1261 744 1400 815; x_wconf 78' lang='lat' dir='ltr'><em>scientio</em></span> <span class='ocrx_word' id='word_1_26' title='bbox 1425 748 1618 831; x_wconf 71' lang='lat' dir='ltr'><em>speculatus:</em></span> 
     </span>
     <span class='ocr_line' id='line_1_4' title="bbox 498 854 751 939; baseline 0.004 -20"><span class='ocrx_word' id='word_1_27' title='bbox 498 854 751 939; x_wconf 80' lang='lat' dir='ltr'><em>distinguuntur.</em></span> 
     </span>
    </p>

    <p class='ocr_par' dir='ltr' id='par_1_4' title="bbox 492 962 1621 1690">
     <span class='ocr_line' id='line_1_5' title="bbox 566 962 1620 1047; baseline -0.001 -19"><span class='ocrx_word' id='word_1_28' title='bbox 566 964 717 1046; x_wconf 75' lang='lat' dir='ltr'><em>Quodam</em></span> <span class='ocrx_word' id='word_1_29' title='bbox 733 962 835 1045; x_wconf 80' lang='lat' dir='ltr'><em>igilur</em></span> <span class='ocrx_word' id='word_1_30' title='bbox 851 966 927 1028; x_wconf 85' lang='lat' dir='ltr'><em>sunl</em></span> <span class='ocrx_word' id='word_1_31' title='bbox 945 962 1195 1045; x_wconf 78' lang='lat' dir='ltr'><em>speculabilium,</em></span> <span class='ocrx_word' id='word_1_32' title='bbox 1215 981 1285 1047; x_wconf 75' lang='lat' dir='ltr'><em>que</em></span> <span class='ocrx_word' id='word_1_33' title='bbox 1301 964 1509 1045; x_wconf 77' lang='lat' dir='ltr'><em>dependente</em></span> <span class='ocrx_word' id='word_1_34' title='bbox 1526 968 1620 1029; x_wconf 82' lang='lat' dir='ltr'><em>niobe-</em></span> 
     </span>
     <span class='ocr_line' id='line_1_6' title="bbox 497 1068 1621 1155; baseline 0.001 -21"><span class='ocrx_word' id='word_1_35' title='bbox 497 1068 548 1134; x_wconf 84' lang='lat' dir='ltr'><em>rio</em></span> <span class='ocrx_word' id='word_1_36' title='bbox 566 1072 735 1137; x_wconf 84' lang='lat' dir='ltr'><em>secundum</em></span> <span class='ocrx_word' id='word_1_37' title='bbox 761 1088 842 1145; x_wconf 89' lang='lat' dir='ltr'><em>esse,</em></span> <span class='ocrx_word' id='word_1_38' title='bbox 861 1070 937 1155; x_wconf 80' lang='lat' dir='ltr'><em>quia</em></span> <span class='ocrx_word' id='word_1_39' title='bbox 965 1088 1027 1135; x_wconf 92' lang='lat' dir='ltr'><em>non</em></span> <span class='ocrx_word' id='word_1_40' title='bbox 1046 1070 1111 1147; x_wconf 86' lang='lat' dir='ltr'><em>uisi</em></span> <span class='ocrx_word' id='word_1_41' title='bbox 1127 1070 1162 1135; x_wconf 88' lang='lat' dir='ltr'><em>ln</em></span> <span class='ocrx_word' id='word_1_42' title='bbox 1186 1072 1316 1137; x_wconf 80' lang='lat' dir='ltr'><em>materia</em></span> <span class='ocrx_word' id='word_1_43' title='bbox 1337 1088 1403 1135; x_wconf 91' lang='lat' dir='ltr'><em>esse</em></span> <span class='ocrx_word' id='word_1_44' title='bbox 1425 1076 1573 1153; x_wconf 82' lang='lat' dir='ltr'><em>possunl;</em></span> <span class='ocrx_word' id='word_1_45' title='bbox 1590 1076 1621 1135; x_wconf 88' lang='lat' dir='ltr'><em>el</em></span> 
     </span>
     <span class='ocr_line' id='line_1_7' title="bbox 498 1176 1620 1263; baseline -0.002 -20"><span class='ocrx_word' id='word_1_46' title='bbox 498 1177 560 1243; x_wconf 83' lang='lat' dir='ltr'><em>boc</em></span> <span class='ocrx_word' id='word_1_47' title='bbox 576 1176 834 1261; x_wconf 80' lang='lat' dir='ltr'><em>distinguuntur,</em></span> <span class='ocrx_word' id='word_1_48' title='bbox 854 1182 930 1262; x_wconf 84' lang='lat' dir='ltr'><em>quio</em></span> <span class='ocrx_word' id='word_1_49' title='bbox 957 1179 1130 1260; x_wconf 84' lang='lat' dir='ltr'><em>dependent</em></span> <span class='ocrx_word' id='word_1_50' title='bbox 1149 1181 1289 1263; x_wconf 67' lang='lat' dir='ltr'><em>quosdam</em></span> <span class='ocrx_word' id='word_1_51' title='bbox 1316 1198 1336 1243; x_wconf 87' lang='lat' dir='ltr'><em>a</em></span> <span class='ocrx_word' id='word_1_52' title='bbox 1355 1178 1488 1243; x_wconf 83' lang='lat' dir='ltr'><em>materia</em></span> <span class='ocrx_word' id='word_1_53' title='bbox 1511 1196 1620 1243; x_wconf 86' lang='lat' dir='ltr'><em>secun-</em></span> 
     </span>
     <span class='ocr_line' id='line_1_8' title="bbox 496 1284 1620 1371; baseline 0 -22"><span class='ocrx_word' id='word_1_54' title='bbox 496 1287 572 1350; x_wconf 83' lang='lat' dir='ltr'><em>dum</em></span> <span class='ocrx_word' id='word_1_55' title='bbox 588 1303 653 1350; x_wconf 89' lang='lat' dir='ltr'><em>esse</em></span> <span class='ocrx_word' id='word_1_56' title='bbox 679 1288 712 1351; x_wconf 80' lang='lat' dir='ltr'><em>et</em></span> <span class='ocrx_word' id='word_1_57' title='bbox 726 1285 933 1368; x_wconf 75' lang='lat' dir='ltr'><em>intellectum,</em></span> <span class='ocrx_word' id='word_1_58' title='bbox 952 1286 1034 1351; x_wconf 84' lang='lat' dir='ltr'><em>sicul</em></span> <span class='ocrx_word' id='word_1_59' title='bbox 1051 1286 1107 1351; x_wconf 86' lang='lat' dir='ltr'><em>ilio</em></span> <span class='ocrx_word' id='word_1_60' title='bbox 1126 1286 1160 1350; x_wconf 84' lang='lat' dir='ltr'><em>in</em></span> <span class='ocrx_word' id='word_1_61' title='bbox 1178 1304 1310 1369; x_wconf 81' lang='lat' dir='ltr'><em>quonum</em></span> <span class='ocrx_word' id='word_1_62' title='bbox 1335 1284 1514 1371; x_wconf 70' lang='lat' dir='ltr'><em>dninilione</em></span> <span class='ocrx_word' id='word_1_63' title='bbox 1528 1288 1620 1367; x_wconf 78' lang='lat' dir='ltr'><em>poni-</em></span> 
     </span>
     <span class='ocr_line' id='line_1_9' title="bbox 497 1380 1620 1477; baseline -0.001 -20"><span class='ocrx_word' id='word_1_64' title='bbox 497 1396 551 1457; x_wconf 85' lang='lat' dir='ltr'><em>tur</em></span> <span class='ocrx_word' id='word_1_65' title='bbox 566 1393 695 1458; x_wconf 86' lang='lat' dir='ltr'><em>moteria</em></span> <span class='ocrx_word' id='word_1_66' title='bbox 717 1393 889 1469; x_wconf 87' lang='lat' dir='ltr'><em>sensibilis,</em></span> <span class='ocrx_word' id='word_1_67' title='bbox 910 1396 992 1458; x_wconf 81' lang='lat' dir='ltr'><em>unde</em></span> <span class='ocrx_word' id='word_1_68' title='bbox 1008 1394 1077 1459; x_wconf 87' lang='lat' dir='ltr'><em>sine</em></span> <span class='ocrx_word' id='word_1_69' title='bbox 1097 1394 1230 1459; x_wconf 85' lang='lat' dir='ltr'><em>noterio</em></span> <span class='ocrx_word' id='word_1_70' title='bbox 1247 1394 1391 1459; x_wconf 82' lang='lat' dir='ltr'><em>sensibili</em></span> <span class='ocrx_word' id='word_1_71' title='bbox 1406 1393 1541 1477; x_wconf 76' lang='lat' dir='ltr'><em>intelligi</em></span> <span class='ocrx_word' id='word_1_72' title='bbox 1556 1380 1620 1457; x_wconf 88' lang='lat' dir='ltr'><em>non</em></span> 
     </span>
     <span class='ocr_line' id='line_1_10' title="bbox 492 1501 1621 1587; baseline 0 -22"><span class='ocrx_word' id='word_1_73' title='bbox 492 1503 638 1585; x_wconf 84' lang='lat' dir='ltr'><em>possunt,</em></span> <span class='ocrx_word' id='word_1_74' title='bbox 662 1504 701 1565; x_wconf 85' lang='lat' dir='ltr'><em>ul</em></span> <span class='ocrx_word' id='word_1_75' title='bbox 719 1501 754 1565; x_wconf 87' lang='lat' dir='ltr'><em>in</em></span> <span class='ocrx_word' id='word_1_76' title='bbox 780 1501 958 1587; x_wconf 79' lang='lat' dir='ltr'><em>definitione</em></span> <span class='ocrx_word' id='word_1_77' title='bbox 981 1501 1113 1567; x_wconf 86' lang='lat' dir='ltr'><em>bominis</em></span> <span class='ocrx_word' id='word_1_78' title='bbox 1139 1504 1258 1582; x_wconf 76' lang='lat' dir='ltr'><em>oportet</em></span> <span class='ocrx_word' id='word_1_79' title='bbox 1278 1501 1416 1583; x_wconf 64' lang='lat' dir='ltr'><em>occubere</em></span> <span class='ocrx_word' id='word_1_80' title='bbox 1437 1520 1562 1567; x_wconf 71' lang='lat' dir='ltr'><em>munem</em></span> <span class='ocrx_word' id='word_1_81' title='bbox 1588 1506 1621 1565; x_wconf 90' lang='lat' dir='ltr'><em>el</em></span> 
     </span>
     <span class='ocr_line' id='line_1_11' title="bbox 495 1608 1393 1690; baseline 0.002 -17"><span class='ocrx_word' id='word_1_82' title='bbox 495 1626 578 1673; x_wconf 88' lang='lat' dir='ltr'><em>osso.</em></span> <span class='ocrx_word' id='word_1_83' title='bbox 598 1609 638 1676; x_wconf 86' lang='lat' dir='ltr'><em>Ei</em></span> <span class='ocrx_word' id='word_1_84' title='bbox 653 1610 691 1671; x_wconf 84' lang='lat' dir='ltr'><em>le</em></span> <span class='ocrx_word' id='word_1_85' title='bbox 705 1608 751 1672; x_wconf 90' lang='lat' dir='ltr'><em>bis</em></span> <span class='ocrx_word' id='word_1_86' title='bbox 769 1612 817 1673; x_wconf 84' lang='lat' dir='ltr'><em>est</em></span> <span class='ocrx_word' id='word_1_87' title='bbox 828 1608 978 1690; x_wconf 80' lang='lat' dir='ltr'><em>Physica,</em></span> <span class='ocrx_word' id='word_1_88' title='bbox 995 1608 1060 1672; x_wconf 85' lang='lat' dir='ltr'><em>siue</em></span> <span class='ocrx_word' id='word_1_89' title='bbox 1077 1608 1209 1674; x_wconf 80' lang='lat' dir='ltr'><em>scientio</em></span> <span class='ocrx_word' id='word_1_90' title='bbox 1224 1608 1393 1675; x_wconf 88' lang='lat' dir='ltr'><em>nolurolis.</em></span> 
     </span>
    </p>

    <p class='ocr_par' dir='ltr' id='par_1_5' title="bbox 494 1716 1620 2104">
     <span class='ocr_line' id='line_1_12' title="bbox 564 1716 1620 1799; baseline 0 -19"><span class='ocrx_word' id='word_1_91' title='bbox 564 1716 716 1799; x_wconf 77' lang='lat' dir='ltr'><em>Qieudom</em></span> <span class='ocrx_word' id='word_1_92' title='bbox 740 1734 831 1791; x_wconf 77' lang='lat' dir='ltr'><em>oeno,</em></span> <span class='ocrx_word' id='word_1_93' title='bbox 856 1716 999 1799; x_wconf 86' lang='lat' dir='ltr'><em>quemvis</em></span> <span class='ocrx_word' id='word_1_94' title='bbox 1024 1718 1217 1797; x_wconf 78' lang='lat' dir='ltr'><em>dependeant</em></span> <span class='ocrx_word' id='word_1_95' title='bbox 1242 1735 1262 1781; x_wconf 90' lang='lat' dir='ltr'><em>o</em></span> <span class='ocrx_word' id='word_1_96' title='bbox 1292 1717 1422 1781; x_wconf 72' lang='lat' dir='ltr'><em>molesia</em></span> <span class='ocrx_word' id='word_1_97' title='bbox 1448 1720 1620 1782; x_wconf 81' lang='lat' dir='ltr'><em>secundum</em></span> 
     </span>
     <span class='ocr_line' id='line_1_13' title="bbox 494 1808 1620 1911; baseline 0 -24"><span class='ocrx_word' id='word_1_98' title='bbox 494 1840 576 1899; x_wconf 86' lang='lat' dir='ltr'><em>esse,</em></span> <span class='ocrx_word' id='word_1_99' title='bbox 595 1842 658 1887; x_wconf 92' lang='lat' dir='ltr'><em>non</em></span> <span class='ocrx_word' id='word_1_100' title='bbox 677 1826 779 1887; x_wconf 86' lang='lat' dir='ltr'><em>tumen</em></span> <span class='ocrx_word' id='word_1_101' title='bbox 796 1825 965 1888; x_wconf 83' lang='lat' dir='ltr'><em>secundnm</em></span> <span class='ocrx_word' id='word_1_102' title='bbox 992 1824 1195 1900; x_wconf 80' lang='lat' dir='ltr'><em>intellectum,</em></span> <span class='ocrx_word' id='word_1_103' title='bbox 1223 1824 1295 1907; x_wconf 82' lang='lat' dir='ltr'><em>quia</em></span> <span class='ocrx_word' id='word_1_104' title='bbox 1322 1808 1358 1888; x_wconf 87' lang='lat' dir='ltr'><em>in</em></span> <span class='ocrx_word' id='word_1_105' title='bbox 1383 1844 1491 1907; x_wconf 79' lang='lat' dir='ltr'><em>eonem</em></span> <span class='ocrx_word' id='word_1_106' title='bbox 1508 1826 1620 1911; x_wconf 70' lang='lat' dir='ltr'><em>cinini-</em></span> 
     </span>
     <span class='ocr_line' id='line_1_14' title="bbox 495 1928 1617 2013; baseline 0.001 -18"><span class='ocrx_word' id='word_1_107' title='bbox 495 1930 630 1997; x_wconf 77' lang='lat' dir='ltr'><em>tionibus</em></span> <span class='ocrx_word' id='word_1_108' title='bbox 656 1950 721 1995; x_wconf 90' lang='lat' dir='ltr'><em>non</em></span> <span class='ocrx_word' id='word_1_109' title='bbox 739 1930 868 2013; x_wconf 80' lang='lat' dir='ltr'><em>ponitur</em></span> <span class='ocrx_word' id='word_1_110' title='bbox 895 1931 1028 1995; x_wconf 79' lang='lat' dir='ltr'><em>materia</em></span> <span class='ocrx_word' id='word_1_111' title='bbox 1049 1928 1221 2005; x_wconf 86' lang='lat' dir='ltr'><em>sensibilis,</em></span> <span class='ocrx_word' id='word_1_112' title='bbox 1249 1935 1286 1996; x_wconf 86' lang='lat' dir='ltr'><em>ul</em></span> <span class='ocrx_word' id='word_1_113' title='bbox 1308 1932 1391 1996; x_wconf 85' lang='lat' dir='ltr'><em>linea</em></span> <span class='ocrx_word' id='word_1_114' title='bbox 1409 1935 1443 1997; x_wconf 88' lang='lat' dir='ltr'><em>el</em></span> <span class='ocrx_word' id='word_1_115' title='bbox 1457 1946 1617 1997; x_wconf 77' lang='lat' dir='ltr'><em>numeriu.</em></span> 
     </span>
     <span class='ocr_line' id='line_1_15' title="bbox 494 2037 967 2104; baseline -0.002 0"><span class='ocrx_word' id='word_1_116' title='bbox 494 2040 537 2104; x_wconf 82' lang='lat' dir='ltr'><em>Et</em></span> <span class='ocrx_word' id='word_1_117' title='bbox 550 2040 589 2103; x_wconf 82' lang='lat' dir='ltr'><em>de</em></span> <span class='ocrx_word' id='word_1_118' title='bbox 606 2038 655 2102; x_wconf 89' lang='lat' dir='ltr'><em>bis</em></span> <span class='ocrx_word' id='word_1_119' title='bbox 670 2042 719 2103; x_wconf 87' lang='lat' dir='ltr'><em>est</em></span> <span class='ocrx_word' id='word_1_120' title='bbox 734 2037 967 2103; x_wconf 85' lang='lat' dir='ltr'><em>Molbemotieu.</em></span> 
     </span>
    </p>

    <p class='ocr_par' dir='ltr' id='par_1_6' title="bbox 489 2146 1704 2768">
     <span class='ocr_line' id='line_1_16' title="bbox 561 2146 1620 2230; baseline 0 -19"><span class='ocrx_word' id='word_1_121' title='bbox 561 2146 713 2229; x_wconf 69' lang='lat' dir='ltr'><em>Quem</em></span> <span class='ocrx_word' id='word_1_122' title='bbox 728 2164 803 2211; x_wconf 84' lang='lat' dir='ltr'><em>uero</em></span> <span class='ocrx_word' id='word_1_123' title='bbox 825 2149 902 2210; x_wconf 76' lang='lat' dir='ltr'><em>nent</em></span> <span class='ocrx_word' id='word_1_124' title='bbox 922 2146 1225 2230; x_wconf 61' lang='lat' dir='ltr'><em>speculantium</em></span> <span class='ocrx_word' id='word_1_125' title='bbox 1243 2166 1304 2211; x_wconf 90' lang='lat' dir='ltr'><em>non</em></span> <span class='ocrx_word' id='word_1_126' title='bbox 1323 2148 1532 2227; x_wconf 72' lang='lat' dir='ltr'><em>dependente</em></span> <span class='ocrx_word' id='word_1_127' title='bbox 1551 2166 1620 2211; x_wconf 85' lang='lat' dir='ltr'><em>mo-</em></span> 
     </span>
     <span class='ocr_line' id='line_1_17' title="bbox 495 2252 1704 2337; baseline -0.002 -18"><span class='ocrx_word' id='word_1_128' title='bbox 495 2252 574 2319; x_wconf 81' lang='lat' dir='ltr'><em>teria</em></span> <span class='ocrx_word' id='word_1_129' title='bbox 592 2256 761 2319; x_wconf 85' lang='lat' dir='ltr'><em>secundnm</em></span> <span class='ocrx_word' id='word_1_130' title='bbox 778 2272 858 2329; x_wconf 89' lang='lat' dir='ltr'><em>esse,</em></span> <span class='ocrx_word' id='word_1_131' title='bbox 875 2254 951 2337; x_wconf 85' lang='lat' dir='ltr'><em>quia</em></span> <span class='ocrx_word' id='word_1_132' title='bbox 968 2253 1037 2317; x_wconf 87' lang='lat' dir='ltr'><em>sine</em></span> <span class='ocrx_word' id='word_1_133' title='bbox 1055 2253 1185 2319; x_wconf 84' lang='lat' dir='ltr'><em>materia</em></span> <span class='ocrx_word' id='word_1_134' title='bbox 1203 2271 1268 2318; x_wconf 84' lang='lat' dir='ltr'><em>esse</em></span> <span class='ocrx_word' id='word_1_135' title='bbox 1284 2257 1432 2335; x_wconf 82' lang='lat' dir='ltr'><em>possunt,</em></span> <span class='ocrx_word' id='word_1_136' title='bbox 1452 2253 1518 2319; x_wconf 85' lang='lat' dir='ltr'><em>siue</em></span> <span class='ocrx_word' id='word_1_137' title='bbox 1535 2272 1620 2317; x_wconf 80' lang='lat' dir='ltr'><em>niun·</em></span> <span class='ocrx_word' id='word_1_138' title='bbox 1695 2269 1704 2284; x_wconf 92' lang='lat'><strong>·</strong></span> 
     </span>
     <span class='ocr_line' id='line_1_18' title="bbox 493 2360 1620 2446; baseline 0.002 -21"><span class='ocrx_word' id='word_1_139' title='bbox 493 2378 587 2446; x_wconf 80' lang='lat' dir='ltr'><em>quom</em></span> <span class='ocrx_word' id='word_1_140' title='bbox 602 2362 667 2426; x_wconf 89' lang='lat' dir='ltr'><em>sinl</em></span> <span class='ocrx_word' id='word_1_141' title='bbox 682 2362 715 2425; x_wconf 89' lang='lat' dir='ltr'><em>in</em></span> <span class='ocrx_word' id='word_1_142' title='bbox 731 2360 874 2436; x_wconf 71' lang='lat' dir='ltr'><em>malonia,</em></span> <span class='ocrx_word' id='word_1_143' title='bbox 891 2360 975 2425; x_wconf 82' lang='lat' dir='ltr'><em>sicul</em></span> <span class='ocrx_word' id='word_1_144' title='bbox 987 2362 1073 2427; x_wconf 87' lang='lat' dir='ltr'><em>Deus</em></span> <span class='ocrx_word' id='word_1_145' title='bbox 1087 2365 1119 2425; x_wconf 86' lang='lat' dir='ltr'><em>et</em></span> <span class='ocrx_word' id='word_1_146' title='bbox 1129 2362 1288 2445; x_wconf 80' lang='lat' dir='ltr'><em>Angelus,</em></span> <span class='ocrx_word' id='word_1_147' title='bbox 1305 2360 1417 2427; x_wconf 84' lang='lat' dir='ltr'><em>sivein</em></span> <span class='ocrx_word' id='word_1_148' title='bbox 1431 2362 1620 2445; x_wconf 81' lang='lat' dir='ltr'><em>quibusdam</em></span> 
     </span>
     <span class='ocr_line' id='line_1_19' title="bbox 494 2468 1617 2552; baseline 0 -18"><span class='ocrx_word' id='word_1_149' title='bbox 494 2468 612 2534; x_wconf 80' lang='lat' dir='ltr'><em>sintin</em></span> <span class='ocrx_word' id='word_1_150' title='bbox 630 2468 777 2544; x_wconf 63' lang='lat' dir='ltr'><em>nobrio,</em></span> <span class='ocrx_word' id='word_1_151' title='bbox 798 2472 830 2532; x_wconf 89' lang='lat' dir='ltr'><em>el</em></span> <span class='ocrx_word' id='word_1_152' title='bbox 847 2468 881 2532; x_wconf 93' lang='lat' dir='ltr'><em>in</em></span> <span class='ocrx_word' id='word_1_153' title='bbox 900 2468 1085 2552; x_wconf 78' lang='lat' dir='ltr'><em>&#39;quibiesdom</em></span> <span class='ocrx_word' id='word_1_154' title='bbox 1101 2488 1180 2545; x_wconf 87' lang='lat' dir='ltr'><em>uon,</em></span> <span class='ocrx_word' id='word_1_155' title='bbox 1202 2472 1239 2533; x_wconf 86' lang='lat' dir='ltr'><em>ul</em></span> <span class='ocrx_word' id='word_1_156' title='bbox 1253 2469 1444 2545; x_wconf 84' lang='lat' dir='ltr'><em>substantio,</em></span> <span class='ocrx_word' id='word_1_157' title='bbox 1465 2470 1617 2552; x_wconf 75' lang='lat' dir='ltr'><em>qualibus,</em></span> 
     </span>
     <span class='ocr_line' id='line_1_20' title="bbox 489 2576 1621 2663; baseline -0.002 -22"><span class='ocrx_word' id='word_1_158' title='bbox 489 2576 627 2658; x_wconf 78' lang='lat' dir='ltr'><em>potentio</em></span> <span class='ocrx_word' id='word_1_159' title='bbox 639 2580 673 2640; x_wconf 87' lang='lat' dir='ltr'><em>et</em></span> <span class='ocrx_word' id='word_1_160' title='bbox 686 2578 792 2652; x_wconf 85' lang='lat' dir='ltr'><em>aolus,</em></span> <span class='ocrx_word' id='word_1_161' title='bbox 812 2594 910 2640; x_wconf 89' lang='lat' dir='ltr'><em>unum</em></span> <span class='ocrx_word' id='word_1_162' title='bbox 924 2580 953 2640; x_wconf 88' lang='lat' dir='ltr'><em>el</em></span> <span class='ocrx_word' id='word_1_163' title='bbox 964 2578 1064 2640; x_wconf 88' lang='lat' dir='ltr'><em>multa</em></span> <span class='ocrx_word' id='word_1_164' title='bbox 1081 2580 1113 2641; x_wconf 82' lang='lat' dir='ltr'><em>el</em></span> <span class='ocrx_word' id='word_1_165' title='bbox 1125 2577 1311 2663; x_wconf 75' lang='lat' dir='ltr'><em>hujusmodi.</em></span> <span class='ocrx_word' id='word_1_166' title='bbox 1331 2578 1377 2641; x_wconf 91' lang='lat' dir='ltr'><em>De</em></span> <span class='ocrx_word' id='word_1_167' title='bbox 1395 2577 1508 2660; x_wconf 79' lang='lat' dir='ltr'><em>quibus</em></span> <span class='ocrx_word' id='word_1_168' title='bbox 1521 2576 1621 2641; x_wconf 85' lang='lat' dir='ltr'><em>omni·</em></span> 
     </span>
     <span class='ocr_line' id='line_1_21' title="bbox 495 2682 1620 2768; baseline 0 -19"><span class='ocrx_word' id='word_1_169' title='bbox 495 2684 551 2749; x_wconf 87' lang='lat' dir='ltr'><em>bus</em></span> <span class='ocrx_word' id='word_1_170' title='bbox 577 2687 625 2748; x_wconf 85' lang='lat' dir='ltr'><em>est</em></span> <span class='ocrx_word' id='word_1_171' title='bbox 653 2682 828 2768; x_wconf 83' lang='lat' dir='ltr'><em>Tbeologio,</em></span> <span class='ocrx_word' id='word_1_172' title='bbox 865 2682 900 2747; x_wconf 79' lang='lat' dir='ltr'><em>io</em></span> <span class='ocrx_word' id='word_1_173' title='bbox 931 2686 980 2746; x_wconf 86' lang='lat' dir='ltr'><em>est</em></span> <span class='ocrx_word' id='word_1_174' title='bbox 1005 2682 1116 2747; x_wconf 84' lang='lat' dir='ltr'><em>divino</em></span> <span class='ocrx_word' id='word_1_175' title='bbox 1142 2683 1291 2759; x_wconf 71' lang='lat' dir='ltr'><em>scientio,</em></span> <span class='ocrx_word' id='word_1_176' title='bbox 1321 2684 1395 2768; x_wconf 84' lang='lat' dir='ltr'><em>quia</em></span> <span class='ocrx_word' id='word_1_177' title='bbox 1424 2684 1620 2766; x_wconf 74' lang='lat' dir='ltr'><em>precipuum</em></span> 
     </span>
    </p>
   </div>
   <div class='ocr_carea' id='block_1_4' title="bbox 362 2791 1617 2876">
    <p class='ocr_par' dir='ltr' id='par_1_7' title="bbox 362 2791 1617 2876">
     <span class='ocr_line' id='line_1_22' title="bbox 362 2791 1617 2876; baseline 0.003 -20"><span class='ocrx_word' id='word_1_178' title='bbox 362 2823 366 2831; x_wconf 78' lang='lat'><em>,</em></span> <span class='ocrx_word' id='word_1_179' title='bbox 493 2791 686 2875; x_wconf 81' lang='lat' dir='ltr'><em>cognitorum</em></span> <span class='ocrx_word' id='word_1_180' title='bbox 700 2792 733 2856; x_wconf 92' lang='lat' dir='ltr'><em>in</em></span> <span class='ocrx_word' id='word_1_181' title='bbox 752 2811 787 2855; x_wconf 89' lang='lat' dir='ltr'><em>ea</em></span> <span class='ocrx_word' id='word_1_182' title='bbox 804 2794 850 2856; x_wconf 87' lang='lat' dir='ltr'><em>esl</em></span> <span class='ocrx_word' id='word_1_183' title='bbox 866 2793 971 2856; x_wconf 88' lang='lat' dir='ltr'><em>Deus:</em></span> <span class='ocrx_word' id='word_1_184' title='bbox 993 2791 1058 2856; x_wconf 85' lang='lat' dir='ltr'><em>alio</em></span> <span class='ocrx_word' id='word_1_185' title='bbox 1076 2792 1200 2856; x_wconf 84' lang='lat' dir='ltr'><em>nomine</em></span> <span class='ocrx_word' id='word_1_186' title='bbox 1222 2791 1342 2857; x_wconf 79' lang='lat' dir='ltr'><em>dicitius</em></span> <span class='ocrx_word' id='word_1_187' title='bbox 1364 2799 1617 2876; x_wconf 72' lang='lat' dir='ltr'><em>metaphysica,</em></span> 
     </span>
    </p>
   </div>
   <div class='ocr_carea' id='block_1_5' title="bbox 491 2898 1623 3640">
    <p class='ocr_par' dir='ltr' id='par_1_8' title="bbox 491 2898 1623 3305">
     <span class='ocr_line' id='line_1_23' title="bbox 492 2898 1623 2984; baseline 0 -20"><span class='ocrx_word' id='word_1_188' title='bbox 492 2899 528 2965; x_wconf 82' lang='lat' dir='ltr'><em>lo</em></span> <span class='ocrx_word' id='word_1_189' title='bbox 553 2903 600 2964; x_wconf 87' lang='lat' dir='ltr'><em>est</em></span> <span class='ocrx_word' id='word_1_190' title='bbox 623 2905 898 2984; x_wconf 80' lang='lat' dir='ltr'><em>Transphysica‚</em></span> <span class='ocrx_word' id='word_1_191' title='bbox 925 2898 999 2983; x_wconf 80' lang='lat' dir='ltr'><em>quio</em></span> <span class='ocrx_word' id='word_1_192' title='bbox 1022 2903 1096 2980; x_wconf 78' lang='lat' dir='ltr'><em>post</em></span> <span class='ocrx_word' id='word_1_193' title='bbox 1117 2899 1283 2980; x_wconf 82' lang='lat' dir='ltr'><em>Pbysieam</em></span> <span class='ocrx_word' id='word_1_194' title='bbox 1307 2900 1456 2965; x_wconf 85' lang='lat' dir='ltr'><em>discendo</em></span> <span class='ocrx_word' id='word_1_195' title='bbox 1477 2901 1623 2965; x_wconf 85' lang='lat' dir='ltr'><em>occurrii</em></span> 
     </span>
     <span class='ocr_line' id='line_1_24' title="bbox 492 3006 1618 3090; baseline 0.004 -19"><span class='ocrx_word' id='word_1_196' title='bbox 492 3007 596 3083; x_wconf 90' lang='lat' dir='ltr'><em>nobis,</em></span> <span class='ocrx_word' id='word_1_197' title='bbox 616 3006 727 3090; x_wconf 83' lang='lat' dir='ltr'><em>quibus</em></span> <span class='ocrx_word' id='word_1_198' title='bbox 749 3026 789 3071; x_wconf 88' lang='lat' dir='ltr'><em>ex</em></span> <span class='ocrx_word' id='word_1_199' title='bbox 809 3006 1007 3071; x_wconf 82' lang='lat' dir='ltr'><em>sensibilibus</em></span> <span class='ocrx_word' id='word_1_200' title='bbox 1024 3007 1218 3086; x_wconf 83' lang='lat' dir='ltr'><em>competitio</em></span> <span class='ocrx_word' id='word_1_201' title='bbox 1240 3007 1433 3074; x_wconf 84' lang='lat' dir='ltr'><em>insensibilia</em></span> <span class='ocrx_word' id='word_1_202' title='bbox 1455 3010 1618 3076; x_wconf 79' lang='lat' dir='ltr'><em>devenire.</em></span> 
     </span>
     <span class='ocr_line' id='line_1_25' title="bbox 492 3114 1621 3198; baseline 0.001 -18"><span class='ocrx_word' id='word_1_203' title='bbox 492 3114 621 3180; x_wconf 79' lang='lat' dir='ltr'><em>Dicitur</em></span> <span class='ocrx_word' id='word_1_204' title='bbox 647 3115 741 3179; x_wconf 86' lang='lat' dir='ltr'><em>etium</em></span> <span class='ocrx_word' id='word_1_205' title='bbox 769 3119 989 3196; x_wconf 80' lang='lat' dir='ltr'><em>Philosophia</em></span> <span class='ocrx_word' id='word_1_206' title='bbox 1011 3119 1139 3197; x_wconf 86' lang='lat' dir='ltr'><em>prima,</em></span> <span class='ocrx_word' id='word_1_207' title='bbox 1166 3114 1367 3198; x_wconf 81' lang='lat' dir='ltr'><em>inquantum</em></span> <span class='ocrx_word' id='word_1_208' title='bbox 1389 3115 1526 3181; x_wconf 77' lang='lat' dir='ltr'><em>sco&#39;enlioe</em></span> <span class='ocrx_word' id='word_1_209' title='bbox 1543 3118 1621 3182; x_wconf 74' lang='lat' dir='ltr'><em>alise</em></span> 
     </span>
     <span class='ocr_line' id='line_1_26' title="bbox 491 3221 1325 3305; baseline 0.004 -18"><span class='ocrx_word' id='word_1_210' title='bbox 491 3223 532 3287; x_wconf 91' lang='lat' dir='ltr'><em>ab</em></span> <span class='ocrx_word' id='word_1_211' title='bbox 548 3239 584 3286; x_wconf 88' lang='lat' dir='ltr'><em>eo</em></span> <span class='ocrx_word' id='word_1_212' title='bbox 592 3221 752 3304; x_wconf 65' lang='lat' dir='ltr'><em>principia</em></span> <span class='ocrx_word' id='word_1_213' title='bbox 765 3239 824 3286; x_wconf 90' lang='lat' dir='ltr'><em>sua</em></span> <span class='ocrx_word' id='word_1_214' title='bbox 840 3221 1039 3303; x_wconf 62' lang='lat' dir='ltr'><em>ucnbientes,</em></span> <span class='ocrx_word' id='word_1_215' title='bbox 1055 3241 1125 3287; x_wconf 89' lang='lat' dir='ltr'><em>eom</em></span> <span class='ocrx_word' id='word_1_216' title='bbox 1139 3225 1325 3305; x_wconf 83' lang='lat' dir='ltr'><em>sequuntur.</em></span> 
     </span>
    </p>

    <p class='ocr_par' dir='ltr' id='par_1_9' title="bbox 491 3328 1620 3640">
     <span class='ocr_line' id='line_1_27' title="bbox 557 3328 1620 3414; baseline 0.004 -20"><span class='ocrx_word' id='word_1_217' title='bbox 557 3328 628 3394; x_wconf 89' lang='lat' dir='ltr'><em>Non</em></span> <span class='ocrx_word' id='word_1_218' title='bbox 651 3332 700 3394; x_wconf 85' lang='lat' dir='ltr'><em>est</em></span> <span class='ocrx_word' id='word_1_219' title='bbox 715 3332 816 3393; x_wconf 87' lang='lat' dir='ltr'><em>autem</em></span> <span class='ocrx_word' id='word_1_220' title='bbox 829 3329 992 3409; x_wconf 80' lang='lat' dir='ltr'><em>possibile,</em></span> <span class='ocrx_word' id='word_1_221' title='bbox 1012 3331 1095 3413; x_wconf 85' lang='lat' dir='ltr'><em>quod</em></span> <span class='ocrx_word' id='word_1_222' title='bbox 1111 3329 1178 3394; x_wconf 87' lang='lat' dir='ltr'><em>sint</em></span> <span class='ocrx_word' id='word_1_223' title='bbox 1193 3329 1307 3414; x_wconf 78' lang='lat' dir='ltr'><em>aliquae</em></span> <span class='ocrx_word' id='word_1_224' title='bbox 1324 3347 1391 3406; x_wconf 86' lang='lat' dir='ltr'><em>res,</em></span> <span class='ocrx_word' id='word_1_225' title='bbox 1411 3347 1481 3414; x_wconf 75' lang='lat' dir='ltr'><em>osio</em></span> <span class='ocrx_word' id='word_1_226' title='bbox 1505 3350 1620 3398; x_wconf 83' lang='lat' dir='ltr'><em>secun·</em></span> 
     </span>
     <span class='ocr_line' id='line_1_28' title="bbox 491 3437 1618 3530; baseline 0.003 -29"><span class='ocrx_word' id='word_1_227' title='bbox 491 3441 566 3530; x_wconf 80' lang='lat' dir='ltr'><em>llum</em></span> <span class='ocrx_word' id='word_1_228' title='bbox 583 3437 772 3502; x_wconf 79' lang='lat' dir='ltr'><em>intellectum</em></span> <span class='ocrx_word' id='word_1_229' title='bbox 790 3439 1018 3516; x_wconf 78' lang='lat' dir='ltr'><em>dependeanto</em></span> <span class='ocrx_word' id='word_1_230' title='bbox 1043 3437 1190 3512; x_wconf 86' lang='lat' dir='ltr'><em>materia,</em></span> <span class='ocrx_word' id='word_1_231' title='bbox 1211 3441 1242 3501; x_wconf 89' lang='lat' dir='ltr'><em>el</em></span> <span class='ocrx_word' id='word_1_232' title='bbox 1263 3456 1325 3501; x_wconf 89' lang='lat' dir='ltr'><em>non</em></span> <span class='ocrx_word' id='word_1_233' title='bbox 1347 3441 1520 3504; x_wconf 75' lang='lat' dir='ltr'><em>seeundum</em></span> <span class='ocrx_word' id='word_1_234' title='bbox 1538 3459 1618 3512; x_wconf 87' lang='lat' dir='ltr'><em>esse,</em></span> 
     </span>
     <span class='ocr_line' id='line_1_29' title="bbox 492 3527 1620 3640; baseline 0.003 -31"><span class='ocrx_word' id='word_1_235' title='bbox 492 3544 568 3630; x_wconf 82' lang='lat' dir='ltr'><em>quio</em></span> <span class='ocrx_word' id='word_1_236' title='bbox 585 3545 755 3609; x_wconf 82' lang='lat' dir='ltr'><em>intellectus</em></span> <span class='ocrx_word' id='word_1_237' title='bbox 768 3547 920 3628; x_wconf 81' lang='lat' dir='ltr'><em>quonium</em></span> <span class='ocrx_word' id='word_1_238' title='bbox 937 3547 983 3608; x_wconf 84' lang='lat' dir='ltr'><em>est</em></span> <span class='ocrx_word' id='word_1_239' title='bbox 994 3546 1033 3640; x_wconf 69' lang='lat' dir='ltr'><em>cle</em></span> <span class='ocrx_word' id='word_1_240' title='bbox 1046 3563 1093 3620; x_wconf 83' lang='lat' dir='ltr'><em>se,</em></span> <span class='ocrx_word' id='word_1_241' title='bbox 1113 3527 1326 3610; x_wconf 83' lang='lat' dir='ltr'><em>immaterialis</em></span> <span class='ocrx_word' id='word_1_242' title='bbox 1340 3547 1397 3611; x_wconf 86' lang='lat' dir='ltr'><em>est.</em></span> <span class='ocrx_word' id='word_1_243' title='bbox 1415 3545 1454 3610; x_wconf 83' lang='lat' dir='ltr'><em>El</em></span> <span class='ocrx_word' id='word_1_244' title='bbox 1466 3547 1539 3611; x_wconf 81' lang='lat' dir='ltr'><em>ideo</em></span> <span class='ocrx_word' id='word_1_245' title='bbox 1553 3567 1620 3612; x_wconf 88' lang='lat' dir='ltr'><em>non</em></span> 
     </span>
    </p>
   </div>
   <div class='ocr_carea' id='block_1_6' title="bbox 491 3649 1729 3846">
    <p class='ocr_par' dir='ltr' id='par_1_10' title="bbox 491 3645 1729 3846">
     <span class='ocr_line' id='line_1_30' title="bbox 491 3649 1621 3739; baseline -0.004 -20"><span class='ocrx_word' id='word_1_246' title='bbox 491 3657 539 3719; x_wconf 89' lang='lat' dir='ltr'><em>esl</em></span> <span class='ocrx_word' id='word_1_247' title='bbox 564 3655 712 3736; x_wconf 81' lang='lat' dir='ltr'><em>quartum</em></span> <span class='ocrx_word' id='word_1_248' title='bbox 734 3668 832 3734; x_wconf 82' lang='lat' dir='ltr'><em>genus</em></span> <span class='ocrx_word' id='word_1_249' title='bbox 858 3651 1062 3732; x_wconf 79' lang='lat' dir='ltr'><em>Pliosoobio</em></span> <span class='ocrx_word' id='word_1_250' title='bbox 1084 3655 1200 3733; x_wconf 84' lang='lat' dir='ltr'><em>proter</em></span> <span class='ocrx_word' id='word_1_251' title='bbox 1221 3653 1373 3734; x_wconf 62' lang='lat' dir='ltr'><em>mudum</em></span> <span class='ocrx_word' id='word_1_252' title='bbox 1396 3649 1459 3739; x_wconf 90' lang='lat'><em>(1).</em></span> <span class='ocrx_word' id='word_1_253' title='bbox 1489 3653 1621 3721; x_wconf 78' lang='lat' dir='ltr'><em>Similia</em></span> 
     </span>
     <span class='ocr_line' id='line_1_31' title="bbox 492 3751 1729 3846; baseline -0.002 -20"><span class='ocrx_word' id='word_1_254' title='bbox 492 3759 708 3844; x_wconf 83' lang='lat' dir='ltr'><em>repetit·alibi</em></span> <span class='ocrx_word' id='word_1_255' title='bbox 736 3758 769 3824; x_wconf 89' lang='lat' dir='ltr'><em>S.</em></span> <span class='ocrx_word' id='word_1_256' title='bbox 797 3757 917 3824; x_wconf 88' lang='lat' dir='ltr'><em>Doctor</em></span> <span class='ocrx_word' id='word_1_257' title='bbox 945 3757 1008 3846; x_wconf 88' lang='lat'><strong>(2).</strong></span> <span class='ocrx_word' id='word_1_258' title='bbox 1040 3758 1218 3826; x_wconf 76' lang='lat' dir='ltr'><em>Videamus</em></span> <span class='ocrx_word' id='word_1_259' title='bbox 1242 3759 1338 3824; x_wconf 78' lang='lat' dir='ltr'><em>etiam</em></span> <span class='ocrx_word' id='word_1_260' title='bbox 1367 3755 1622 3828; x_wconf 74' lang='lat' dir='ltr'><em>Conimbricen-</em></span> <span class='ocrx_word' id='word_1_261' title='bbox 1728 3751 1729 3766; x_wconf 59' lang='lat'><em>³</em></span> 
     </span>
    </p>
   </div>
   <div class='ocr_carea' id='block_1_7' title="bbox 492 3863 1619 4061">
    <p class='ocr_par' dir='ltr' id='par_1_11' title="bbox 492 3863 1619 4061">
     <span class='ocr_line' id='line_1_32' title="bbox 492 3863 1619 3969; baseline 0.001 -35"><span class='ocrx_word' id='word_1_262' title='bbox 492 3886 545 3934; x_wconf 87' lang='lat' dir='ltr'><em>ses</em></span> <span class='ocrx_word' id='word_1_263' title='bbox 562 3864 616 3953; x_wconf 74' lang='lat'><em>(3)</em></span> <span class='ocrx_word' id='word_1_264' title='bbox 634 3876 668 3933; x_wconf 84' lang='lat' dir='ltr'><em>et</em></span> <span class='ocrx_word' id='word_1_265' title='bbox 686 3864 879 3969; x_wconf 78' lang='lat' dir='ltr'><em>Benedictus</em></span> <span class='ocrx_word' id='word_1_266' title='bbox 905 3865 1028 3931; x_wconf 83' lang='lat' dir='ltr'><em>Pereira</em></span> <span class='ocrx_word' id='word_1_267' title='bbox 1052 3863 1121 3952; x_wconf 87' lang='lat'>(4),</span> <span class='ocrx_word' id='word_1_268' title='bbox 1149 3867 1205 3949; x_wconf 90' lang='lat' dir='ltr'><em>qui</em></span> <span class='ocrx_word' id='word_1_269' title='bbox 1225 3867 1297 3932; x_wconf 80' lang='lat' dir='ltr'><em>fuse</em></span> <span class='ocrx_word' id='word_1_270' title='bbox 1316 3868 1397 3932; x_wconf 87' lang='lat' dir='ltr'><em>hanc</em></span> <span class='ocrx_word' id='word_1_271' title='bbox 1416 3865 1619 3936; x_wconf 85' lang='lat' dir='ltr'><em>divisionem</em></span> 
     </span>
     <span class='ocr_line' id='line_1_33' title="bbox 493 3970 957 4061; baseline -0.006 -20"><span class='ocrx_word' id='word_1_272' title='bbox 493 3977 670 4058; x_wconf 81' lang='lat' dir='ltr'><em>explanant</em></span> <span class='ocrx_word' id='word_1_273' title='bbox 688 3992 724 4038; x_wconf 83' lang='lat' dir='ltr'><em>ac</em></span> <span class='ocrx_word' id='word_1_274' title='bbox 742 3982 875 4040; x_wconf 84' lang='lat' dir='ltr'><em>tuentur</em></span> <span class='ocrx_word' id='word_1_275' title='bbox 893 3970 957 4061; x_wconf 82' lang='lat'><strong>(5).</strong></span> 
     </span>
    </p>
   </div>
   <div class='ocr_carea' id='block_1_8' title="bbox 497 4131 749 4146">
    <p class='ocr_par' dir='ltr' id='par_1_12' title="bbox 497 4131 749 4146">
     <span class='ocr_line' id='line_1_34' title="bbox 497 4131 749 4146; baseline -0.016 0"><span class='ocrx_word' id='word_1_276' title='bbox 497 4131 749 4146; x_wconf 76' lang='lat'><em>——-</em></span> 
     </span>
    </p>
   </div>
   <div class='ocr_carea' id='block_1_9' title="bbox 491 4201 1627 4818">
    <p class='ocr_par' dir='ltr' id='par_1_13' title="bbox 526 4201 1541 4278">
     <span class='ocr_line' id='line_1_35' title="bbox 526 4201 1541 4278; baseline 0.007 -21"><span class='ocrx_word' id='word_1_277' title='bbox 526 4212 566 4275; x_wconf 86' lang='lat'><em>(1)</em></span> <span class='ocrx_word' id='word_1_278' title='bbox 605 4205 637 4264; x_wconf 88' lang='lat' dir='ltr'><em>S.</em></span> <span class='ocrx_word' id='word_1_279' title='bbox 653 4201 721 4275; x_wconf 62' lang='lat' dir='ltr'><em>Th„</em></span> <span class='ocrx_word' id='word_1_280' title='bbox 738 4203 846 4277; x_wconf 77' lang='lat' dir='ltr'><em>opusc.</em></span> <span class='ocrx_word' id='word_1_281' title='bbox 861 4203 898 4260; x_wconf 86' lang='lat' dir='ltr'><em>de</em></span> <span class='ocrx_word' id='word_1_282' title='bbox 915 4203 1021 4261; x_wconf 82' lang='lat' dir='ltr'><em>Trinil.</em></span> <span class='ocrx_word' id='word_1_283' title='bbox 1035 4212 1125 4278; x_wconf 76' lang='lat' dir='ltr'><em>super</em></span> <span class='ocrx_word' id='word_1_284' title='bbox 1136 4205 1284 4273; x_wconf 77' lang='lat' dir='ltr'><em>Ebelinum,</em></span> <span class='ocrx_word' id='word_1_285' title='bbox 1299 4217 1401 4275; x_wconf 81' lang='lat' dir='ltr'><em>quaest.</em></span> <span class='ocrx_word' id='word_1_286' title='bbox 1419 4223 1449 4277; x_wconf 84' lang='lat'><em>5,</em></span> <span class='ocrx_word' id='word_1_287' title='bbox 1464 4227 1491 4263; x_wconf 79' lang='lat' dir='ltr'><em>a.</em></span> <span class='ocrx_word' id='word_1_288' title='bbox 1515 4229 1541 4264; x_wconf 86' lang='lat'><em>1.</em></span> 
     </span>
    </p>

    <p class='ocr_par' dir='ltr' id='par_1_14' title="bbox 492 4294 1627 4453">
     <span class='ocr_line' id='line_1_36' title="bbox 525 4294 1627 4369; baseline 0.003 -14"><span class='ocrx_word' id='word_1_289' title='bbox 525 4303 566 4363; x_wconf 80' lang='lat' dir='ltr'><em>(u)</em></span> <span class='ocrx_word' id='word_1_290' title='bbox 603 4294 678 4353; x_wconf 88' lang='lat' dir='ltr'><em>Vide</em></span> <span class='ocrx_word' id='word_1_291' title='bbox 692 4295 742 4352; x_wconf 88' lang='lat' dir='ltr'><em>lib.</em></span> <span class='ocrx_word' id='word_1_292' title='bbox 761 4305 800 4351; x_wconf 59' lang='grc' dir='ltr'><em>ιθ</em></span> <span class='ocrx_word' id='word_1_293' title='bbox 819 4295 986 4368; x_wconf 56' lang='lat' dir='ltr'><em>Phystion,</em></span> <span class='ocrx_word' id='word_1_294' title='bbox 1008 4294 1073 4352; x_wconf 82' lang='lat' dir='ltr'>lect.</span> <span class='ocrx_word' id='word_1_295' title='bbox 1096 4315 1120 4363; x_wconf 78' lang='grc' dir='ltr'><em>ι,</em></span> <span class='ocrx_word' id='word_1_296' title='bbox 1145 4294 1192 4352; x_wconf 86' lang='lat' dir='ltr'><em>lib.</em></span> <span class='ocrx_word' id='word_1_297' title='bbox 1214 4296 1264 4364; x_wconf 76' lang='lat'><em>6.‘;</em></span> <span class='ocrx_word' id='word_1_298' title='bbox 1285 4295 1428 4369; x_wconf 61' lang='lat' dir='ltr'><em>Metaon,</em></span> <span class='ocrx_word' id='word_1_299' title='bbox 1451 4295 1521 4355; x_wconf 82' lang='lat' dir='ltr'><em>lect.</em></span> <span class='ocrx_word' id='word_1_300' title='bbox 1542 4321 1574 4368; x_wconf 66' lang='grc' dir='ltr'><em>ις</em></span> <span class='ocrx_word' id='word_1_301' title='bbox 1591 4303 1627 4358; x_wconf 81' lang='lat' dir='ltr'><em>de</em></span> 
     </span>
     <span class='ocr_line' id='line_1_37' title="bbox 492 4382 886 4453; baseline -0.018 -7"><span class='ocrx_word' id='word_1_302' title='bbox 492 4387 590 4447; x_wconf 86' lang='lat' dir='ltr'><em>Sensu</em></span> <span class='ocrx_word' id='word_1_303' title='bbox 604 4396 631 4442; x_wconf 83' lang='lat' dir='ltr'><em>el</em></span> <span class='ocrx_word' id='word_1_304' title='bbox 645 4393 776 4453; x_wconf 73' lang='lat' dir='ltr'><em>sensato,</em></span> <span class='ocrx_word' id='word_1_305' title='bbox 793 4382 886 4440; x_wconf 80' lang='lat' dir='ltr'><em>initio.</em></span> 
     </span>
    </p>

    <p class='ocr_par' dir='ltr' id='par_1_15' title="bbox 525 4473 1142 4548">
     <span class='ocr_line' id='line_1_38' title="bbox 525 4473 1142 4548; baseline -0.006 -16"><span class='ocrx_word' id='word_1_306' title='bbox 525 4478 567 4548; x_wconf 82' lang='lat'><em>(3)</em></span> <span class='ocrx_word' id='word_1_307' title='bbox 605 4477 729 4532; x_wconf 83' lang='lat' dir='ltr'><em>Proaem.</em></span> <span class='ocrx_word' id='word_1_308' title='bbox 746 4475 780 4529; x_wconf 82' lang='lat' dir='ltr'><em>n&#39;n</em></span> <span class='ocrx_word' id='word_1_309' title='bbox 794 4473 885 4530; x_wconf 81' lang='lat' dir='ltr'><em>libros</em></span> <span class='ocrx_word' id='word_1_310' title='bbox 899 4473 1054 4546; x_wconf 76' lang='lat' dir='ltr'><em>Physicor,</em></span> <span class='ocrx_word' id='word_1_311' title='bbox 1070 4493 1098 4543; x_wconf 92' lang='lat' dir='ltr'><em>q.</em></span> <span class='ocrx_word' id='word_1_312' title='bbox 1118 4492 1142 4528; x_wconf 89' lang='lat'><em>1.</em></span> 
     </span>
    </p>

    <p class='ocr_par' dir='ltr' id='par_1_16' title="bbox 525 4561 1548 4638">
     <span class='ocr_line' id='line_1_39' title="bbox 525 4561 1548 4638; baseline -0.006 -15"><span class='ocrx_word' id='word_1_313' title='bbox 525 4569 566 4638; x_wconf 82' lang='lat'><em>(4)</em></span> <span class='ocrx_word' id='word_1_314' title='bbox 603 4567 647 4623; x_wconf 85' lang='lat' dir='ltr'><em>De</em></span> <span class='ocrx_word' id='word_1_315' title='bbox 663 4563 868 4622; x_wconf 79' lang='lat' dir='ltr'><em>communibus</em></span> <span class='ocrx_word' id='word_1_316' title='bbox 883 4575 949 4630; x_wconf 62' lang='lat' dir='ltr'><em>etc„</em></span> <span class='ocrx_word' id='word_1_317' title='bbox 965 4561 1015 4620; x_wconf 87' lang='lat' dir='ltr'><em>lib.</em></span> <span class='ocrx_word' id='word_1_318' title='bbox 1035 4581 1058 4631; x_wconf 79' lang='lat' dir='ltr'><em>s,</em></span> <span class='ocrx_word' id='word_1_319' title='bbox 1073 4581 1136 4634; x_wconf 85' lang='lat' dir='ltr'>cap.</span> <span class='ocrx_word' id='word_1_320' title='bbox 1154 4575 1227 4633; x_wconf 80' lang='lat' dir='ltr'><em>5‚et</em></span> <span class='ocrx_word' id='word_1_321' title='bbox 1241 4581 1322 4633; x_wconf 86' lang='lat' dir='ltr'><em>seqq.</em></span> <span class='ocrx_word' id='word_1_322' title='bbox 1545 4621 1548 4626; x_wconf 60' lang='grc'><strong>,</strong></span> 
     </span>
    </p>

    <p class='ocr_par' dir='ltr' id='par_1_17' title="bbox 491 4643 1627 4818">
     <span class='ocr_line' id='line_1_40' title="bbox 526 4643 1627 4734; baseline 0.004 -22"><span class='ocrx_word' id='word_1_323' title='bbox 526 4643 568 4728; x_wconf 78' lang='grc' dir='ltr'><em>(ς)</em></span> <span class='ocrx_word' id='word_1_324' title='bbox 605 4652 676 4712; x_wconf 77' lang='lat' dir='ltr'><em>Aliae</em></span> <span class='ocrx_word' id='word_1_325' title='bbox 691 4650 848 4710; x_wconf 81' lang='lat' dir='ltr'><em>divisiones</em></span> <span class='ocrx_word' id='word_1_326' title='bbox 869 4651 962 4708; x_wconf 86' lang='lat' dir='ltr'><em>videri</em></span> <span class='ocrx_word' id='word_1_327' title='bbox 974 4664 1097 4722; x_wconf 77' lang='lat' dir='ltr'><em>possunt</em></span> <span class='ocrx_word' id='word_1_328' title='bbox 1111 4651 1189 4722; x_wconf 79' lang='lat' dir='ltr'><em>apud</em></span> <span class='ocrx_word' id='word_1_329' title='bbox 1201 4651 1369 4722; x_wconf 75' lang='lat' dir='ltr'><em>Fonsecsm,</em></span> <span class='ocrx_word' id='word_1_330' title='bbox 1381 4651 1432 4710; x_wconf 84' lang='lat' dir='ltr'><em>lib.</em></span> <span class='ocrx_word' id='word_1_331' title='bbox 1443 4675 1459 4710; x_wconf 77' lang='lat'><em>2</em></span> <span class='ocrx_word' id='word_1_332' title='bbox 1472 4657 1627 4734; x_wconf 57' lang='lat' dir='ltr'><em>Metaon..</em></span> 
     </span>
     <span class='ocr_line' id='line_1_41' title="bbox 491 4739 1472 4818; baseline 0.001 -15"><span class='ocrx_word' id='word_1_333' title='bbox 491 4765 553 4818; x_wconf 73' lang='lat' dir='ltr'><em>cop.</em></span> <span class='ocrx_word' id='word_1_334' title='bbox 569 4765 600 4818; x_wconf 78' lang='lat'><em>3,</em></span> <span class='ocrx_word' id='word_1_335' title='bbox 615 4763 645 4816; x_wconf 88' lang='lat' dir='ltr'><em>q.</em></span> <span class='ocrx_word' id='word_1_336' title='bbox 662 4764 692 4817; x_wconf 80' lang='lat'><em>3,</em></span> <span class='ocrx_word' id='word_1_337' title='bbox 707 4755 777 4802; x_wconf 76' lang='lat' dir='ltr'><em>sect.</em></span> <span class='ocrx_word' id='word_1_338' title='bbox 794 4758 826 4813; x_wconf 72' lang='lat'><em>53</em></span> <span class='ocrx_word' id='word_1_339' title='bbox 839 4754 869 4800; x_wconf 85' lang='lat' dir='ltr'><em>et</em></span> <span class='ocrx_word' id='word_1_340' title='bbox 884 4741 1016 4801; x_wconf 82' lang='lat' dir='ltr'><em>Toletum</em></span> <span class='ocrx_word' id='word_1_341' title='bbox 1032 4739 1062 4798; x_wconf 87' lang='lat' dir='ltr'><em>in</em></span> <span class='ocrx_word' id='word_1_342' title='bbox 1078 4743 1298 4817; x_wconf 80' lang='lat' dir='ltr'><em>Proiegomonis</em></span> <span class='ocrx_word' id='word_1_343' title='bbox 1311 4743 1472 4817; x_wconf 75' lang='lat' dir='ltr'><em>Physicor.</em></span> 
     </span>
    </p>
   </div>
   <div class='ocr_carea' id='block_1_10' title="bbox 0 0 1753 5524">
    <p class='ocr_par' dir='ltr' id='par_1_18' title="bbox 0 0 1753 5524">
     <span class='ocr_line' id='line_1_42' title="bbox 0 0 1753 5524; baseline 0 0"><span class='ocrx_word' id='word_1_344' title='bbox 0 0 1753 5524; x_wconf 95' lang='lat' dir='ltr'><em> </em></span> 
     </span>
    </p>
   </div>
  </div>
 </body>
</html>
