3492 5525
535 370 612 434 ribo
646 370 768 433 Lourcn
786 369 1018 442 Maron-Lm.
1036 382 1108 439 ιιι,
1126 368 1216 430 Drse.
1234 368 1279 429 b·
1294 368 1376 430 Cre.
1395 384 1464 431 nam

493 540 748 645 aggregationis,
768 556 867 625 instar
885 553 991 623 acervi
1008 554 1172 640 lapidum,
1192 554 1252 622 sed
1275 555 1373 621 babet
1388 552 1525 641 insuper
1541 554 1613 621 uni·

494 674 594 751 tatem
612 662 811 735 definitionis
828 664 893 731 sub
911 663 1030 732 eodem
1046 681 1185 749 genere,
1205 663 1247 728 ad
1268 663 1420 747 logicam
1443 672 1612 746 spectante

492 774 555 840 sub
574 772 696 838 ratione
713 772 885 838 communi
904 769 993 837 modi
1012 770 1151 837 sciendi:
1171 788 1247 854 quae
1272 769 1392 835 unitas·
1408 770 1452 835 ad
1479 770 1613 836 attribu-

492 880 589 948 tionis
608 880 774 967 objectum
793 878 932 955 sufficit,
947 886 983 945 ut
1003 896 1102 943 nemo
1120 887 1236 965 negat,
1252 885 1409 962 patetque
1425 879 1612 945 inductione

492 1007 550 1074 per
567 1006 684 1055 omnes
702 990 769 1054 iere
786 987 937 1055 scientias
955 996 988 1055 et
1006 996 1121 1053 artes»
1138 983 1205 1075 (ι).

558 1102 666 1180 objie.
689 1103 739 1164 ιθ
784 1096 961 1183 Objectum
980 1093 1199 1183 attributionis
1219 1095 1346 1179 Logicae
1359 1094 1535 1178 complecti
1560 1097 1614 1162 de

491 1204 548 1271 bet
563 1206 661 1271 etiarn
680 1204 937 1289 propositionem
964 1212 997 1270 et
1025 1203 1173 1286 quinque
1193 1201 1421 1292 praedicabilia:
1444 1204 1549 1279 Nam,
1578 1204 1613 1289 α)

492 1310 528 1379 S.
548 1314 694 1380 Thomas
708 1313 836 1397 proprie
849 1312 1034 1397 subjectum
1049 1309 1175 1395 Logicae
1191 1318 1286 1377 vocat
1295 1308 1376 1376 illud
1387 1327 1447 1375 ens
1466 1312 1611 1389 rationis,

491 1421 581 1504 quod
601 1421 727 1506 proprie
758 1419 874 1488 dicitur
893 1421 933 1485 de
954 1419 1191 1485 intentionibus
1204 1418 1339 1502 genno,
1352 1418 1467 1500 speciei
1482 1430 1547 1486 etc.
1562 1418 1613 1508 (2)

491 1527 526 1617 β)
541 1528 621 1597 ltem
635 1530 731 1615 juxta
749 1529 905 1595 eumdem
925 1526 961 1596 S.
982 1526 1155 1595 Ductorem
1174 1527 1273 1603 ordo,
1287 1544 1387 1608 quem
1405 1528 1488 1594 ratio
1506 1529 1613 1595 consi-

491 1636 633 1703 derando
657 1636 731 1702 lacit
750 1636 783 1702 in
802 1635 933 1720 proprio
950 1644 1042 1709 actu,
1063 1645 1114 1701 est
1136 1633 1393 1718 specificativum
1412 1634 1556 1719 logicae:
1581 1645 1613 1701 at

491 1743 680 1828 hujusmodi
700 1744 781 1809 ordo
801 1743 959 1828 reperitur
983 1742 1081 1808 etiam
1109 1741 1142 1806 in
1161 1740 1419 1825 praedicabilibus
1437 1750 1471 1807 et
1493 1762 1613 1826 propo

490 1849 620 1917 sitione.
636 1849 673 1942 γ)
684 1850 854 1936 Proposito
868 1858 919 1915 est
932 1850 1136 1925 arteiactum,
1149 1848 1190 1913 de
1201 1867 1269 1932 quo
1283 1867 1325 1915 ex
1339 1850 1487 1934 professo
1496 1859 1612 1919 tractat

492 1958 608 2043 Logica
625 1956 690 2045 (3).

559 2074 664 2155 Resp.
691 2085 762 2151 neg.
792 2075 898 2131 antec.
928 2064 966 2131 Et
993 2065 1035 2132 ad
1054 2064 1237 2149 probation.
1264 2084 1337 2149 neg.
1362 2082 1499 2151 conseq.
1527 2066 1613 2145 Quia

492 2175 600 2240 solum
631 2174 772 2260 probant
800 2172 1016 2258 praedicabilia
1046 2181 1079 2237 et
1110 2170 1366 2256 propositionem
1391 2192 1464 2239 esse
1485 2174 1613 2261 objecta

492 2282 638 2347 formalia
654 2278 720 2370 (4).

558 2396 667 2473 objic.
680 2396 730 2459 3.⁰
775 2388 952 2471 Obiectum
964 2388 1183 2455 attributionis
1197 2396 1248 2454 est
1262 2389 1383 2455 modus
1394 2390 1530 2457 sciendi.
1545 2390 1612 2457 Sed
1724 2449 1725 2452 ,

490 2500 559 2565 sola
577 2496 815 2565 demonstratio
825 2506 877 2563 est
885 2497 1013 2581 proprie
1028 2496 1149 2563 modus
1157 2496 1293 2573 sciendi,
1304 2517 1381 2563 cum
1394 2500 1465 2564 sola
1476 2509 1613 2583 generet
1724 2479 1725 2496 ¹

490 2605 672 2674 scientiam.
693 2605 776 2691 Ergo
795 2607 864 2671 sola
891 2614 942 2671 est
968 2605 1133 2691 objectum
1157 2605 1388 2673 attributionis.
1412 2607 1498 2692 Ergo
1514 2606 1611 2694 (5)...
1724 2649 1726 2654 -

558 2722 665 2799 Resp.
692 2713 768 2780 dist.
803 2712 921 2780 Minor.
950 2711 983 2778 Si
1016 2713 1136 2780 modus
1161 2713 1284 2780 sciendi
1310 2722 1462 2782 sumatur
1487 2714 1610 2790 stricte,

490 2843 592 2900 conc„
619 2822 646 2889 si
676 2821 787 2897 latius,
818 2841 884 2888 non
904 2830 1016 2888 tamen
1035 2821 1211 2906 improprie
1236 2828 1296 2904 pro
1313 2825 1404 2888 modo
1430 2842 1488 2888 seu
1509 2825 1614 2891 meeleb

489 2931 659 3018 artificioso
668 2911 1501 3016 mnpbsbndiignotron,proutcongruitintegritati
1510 2932 1615 2998 scien-

490 3038 628 3116 tiarum,
656 3056 723 3120 quo
742 3045 837 3122 pacto
863 3037 1044 3121 generatim
1068 3035 1258 3122 intelligitur
1282 3056 1324 3104 ex
1348 3023 1521 3106 cemmuni
1538 3058 1613 3106 sen·

489 3147 590 3217 tentia
609 3146 729 3212 modus
747 3144 886 3222 sciendi,
907 3162 978 3228 neg.
998 3140 1051 3232 (6)
1365 3157 1370 3164 ·

534 3260 644 3339 objic.
664 3253 718 3338 4.⁰
767 3252 900 3338 logica,
924 3260 1038 3337 utpote
1054 3252 1215 3318 rationalis
1234 3252 1384 3330 scierim,
1403 3254 1500 3339 sequi
1513 3256 1615 3322 debet

491 3365 671 3432 naturalem
691 3361 840 3428 ordinem
869 3361 1098 3444 operationum
1131 3360 1276 3427 rationis.
1306 3361 1406 3444 Atqui
1433 3380 1476 3428 ex
1506 3363 1613 3431 tribus

491 3471 610 3540 mentis
628 3469 872 3556 operationibus
897 3467 1001 3552 prima
1020 3467 1208 3533 naturaliter
1234 3468 1403 3534 ordinatur
1426 3471 1468 3535 ad
1494 3489 1614 3538 secun·
1722 3552 1724 3555 ¹

489 3583 583 3658 dam,
605 3587 639 3644 et
663 3578 807 3645 secunda
821 3577 862 3642 ad
881 3575 1027 3650 tertiam,
1053 3584 1090 3640 ut
1107 3594 1182 3640 cum
1197 3572 1231 3640 S.
1252 3573 1380 3642 Thema
1399 3575 1451 3666 (7)
1470 3580 1614 3647 latentur
1722 3574 1724 3623 ³

489 3717 769 3734 —nn—-1-

524 3783 565 3846 (ι)
601 3775 677 3834 Vide
692 3772 835 3844 Losseda,
851 3771 905 3829 loc.
921 3770 969 3829 cit.
985 3790 1015 3828 n.
1030 3790 1064 3839 a,
1079 3788 1161 3841 seqq.
1177 3768 1229 3829 ubi
1242 3770 1327 3843 plura
1340 3770 1476 3843 reperies.

524 3873 565 3935 (a)
602 3865 635 3924 S.
651 3865 756 3922 Thom.
772 3861 822 3920 lib.
837 3881 865 3934 4,
882 3859 1145 3946 Merapt.,1ect.q

524 3957 566 4030 (3)
600 3954 688 4027 Apud
702 3951 841 4020 Lossada,
852 3952 907 4010 loe.
922 3949 970 4009 cit.
986 3970 1048 4022 cap.
1068 3968 1110 4020 10,
1122 3969 1151 4007 n.
1166 3950 1195 4008 8.

523 4049 565 4120 (4)
602 4044 664 4104 Cir.
675 4042 817 4110 Lossedm
834 4040 905 4101 ibid.
921 4061 951 4099 n.
966 4062 994 4114 9,
1014 4059 1096 4111 seqq.
1199 4033 1209 4052 ⁸

524 4138 565 4209 (ς)
601 4133 690 4208 Apud
702 4131 843 4202 Lossuda‚
859 4131 915 4190 loc.
929 4129 978 4188 eit.
999 4150 1028 4188 n.
1049 4148 1092 4200 ra,
1107 4127 1157 4189 ubi
1171 4129 1271 4203 plures
1283 4128 1503 4191 confimationee
1521 4133 1612 4205 buius

488 4238 664 4300 argumenti.

524 4317 565 4384 (6)
602 4315 667 4374 Cir.
682 4312 824 4384 Lessada,
840 4310 895 4370 loc.
920 4308 967 4369 cit.
985 4330 1016 4368 n.
1035 4329 1077 4383 ιι,
1091 4308 1172 4382 apud
1183 4329 1273 4382 quam
1287 4311 1374 4384 plura
1387 4309 1457 4372 ibid.
1472 4325 1503 4372 ct
1517 4311 1549 4372 in
1563 4333 1610 4372 se·

488 4404 657 4480 quentibus.

523 4498 565 4570 (7)
602 4495 666 4554 Lib.
680 4495 842 4562 1,Poster.‚
857 4492 922 4550 lect.
936 4512 960 4548 ι.
972 4489 1035 4553 etr.
1050 4489 1170 4557 Auctor,
1180 4487 1305 4548 Summe
1314 4492 1404 4551 totius
1413 4491 1489 4568 Lug.
1499 4493 1609 4562 Arist..
1720 4512 1722 4539 ι

488 4587 539 4645 ubi
548 4587 578 4646 in
589 4583 729 4660 prooemio
741 4579 994 4652 innuituromnia,
1004 4579 1083 4654 (quae
1096 4580 1128 4638 in
1137 4578 1242 4655 Logica
1254 4591 1427 4652 tractantur,
1440 4583 1479 4642 ad
1488 4583 1610 4641 demon-

487 4677 659 4736 strationem
674 4674 813 4733 ordinari.
