3492 5525
1398 19 1678 162 ,Ψ

561 474 621 538 7²4
672 451 797 518 Locren
812 449 1043 527 Maron-lau.
1062 466 1133 530 w,
1145 449 1232 518 Dese.
1253 465 1295 517 u·
1308 453 1388 525 Cea.
1406 467 1477 537 ψ

588 637 626 726 Et
644 636 735 703 alibi:
759 637 824 704 Srrt
839 636 930 702 debes
955 635 1052 713 scire,
1078 637 1162 702 sicut
1176 653 1242 702 mro
1265 635 1396 702 intentio
1418 640 1466 703 est
1488 655 1597 720 genus
1614 641 1647 702 et

448 729 454 737 '
520 744 1001 830 numerusnumerous,
1020 743 1065 808 ru
1079 743 1492 810 autumaremus
1507 744 1646 810 esten-

518 854 643 938 gutorr's
660 855 798 936 respectu
819 851 1026 918 diversorum.
1050 852 1135 921 Nam
1160 869 1200 916 ex
1226 851 1282 918 hoc
1304 852 1413 937 atiquo
1439 851 1576 917 intentio
1600 855 1650 917 est

520 961 725 1036 universatis,
740 960 776 1025 in
793 962 946 1044 quantem
963 958 1144 1025 relationem
1163 959 1307 1024 lobrtod
1318 963 1438 1041 mutto;
1455 963 1493 1026 ut
1506 959 1646 1025 intentio

521 1068 669 1146 hominis,
684 1069 812 1152 quaest
827 1069 913 1148 apud
927 1067 1083 1143 enimam,
1098 1066 1174 1150 quio
1186 1070 1438 1150 comt-araturae
1448 1069 1563 1152 mutto,
1575 1067 1648 1132 tuo

520 1178 567 1240 est
592 1174 791 1242 universatis.
813 1175 852 1240 Et
872 1173 947 1239 licet
961 1173 1016 1238 troc
1039 1173 1097 1249 sit,
1120 1177 1222 1239 tomen
1250 1174 1429 1262 hujusmodi
1446 1175 1584 1240 inkntio
1600 1180 1650 1240 cst

485 1343 486 1347 ,
521 1283 555 1348 tn
568 1282 692 1360 aniona,
708 1285 740 1348 et
751 1279 866 1369 lst(in
886 1277 940 1367 se)
953 1280 1033 1365 quid
1048 1278 1283 1369 singutorr(1).

588 1389 685 1456 ltem:
709 1389 891 1455 Universote
904 1391 1007 1470 potest
1021 1405 1085 1453 uno
1102 1391 1192 1454 modo
1204 1389 1399 1456 considerari
1410 1388 1503 1474 quasi
1512 1396 1647 1471 separa·

521 1501 588 1564 tum
601 1517 621 1563 a
635 1496 849 1580 singularibus
854 1515 868 1576 ;
885 1495 952 1560 sior
964 1502 1023 1576 per
1038 1513 1072 1560 se
1088 1495 1273 1573 subsistens,
1289 1501 1328 1563 ut
1339 1497 1430 1563 Plato
1439 1497 1564 1580 posuit,
1577 1497 1647 1562 sive

519 1606 689 1672 secundum
704 1603 889 1670 sonantem
906 1601 1100 1678 Aristotelis,
1120 1605 1289 1670 sanandum
1304 1623 1386 1680 esse,
1404 1607 1489 1688 quod
1505 1604 1601 1670 lutet
1611 1605 1645 1668 in

520 1713 688 1780 intellectu.
709 1713 749 1778 Et
763 1711 809 1776 sic
832 1711 978 1792 potestat
993 1709 1118 1794 aliquod
1137 1711 1270 1777 attribui
1287 1704 1462 1795 tripliciter.
1489 1713 1647 1794 Quando-

519 1841 578 1907 que
589 1821 673 1888 enim
689 1820 872 1887 attribuitur
888 1818 920 1884 ei
934 1817 1059 1902 aliquid
1074 1818 1120 1884 sic
1132 1819 1342 1898 cumeorum,
1356 1823 1441 1905 quod
1447 1819 1591 1902 pertinet
1601 1821 1647 1884 od

519 1933 617 1998 sotom
629 1930 839 2012 operationem
852 1927 1044 2005 intellectus,
1060 1927 1137 1994 utsi
1147 1928 1289 2005 tantm,
1304 1931 1389 2014 quod
1400 1929 1455 1994 troc
1466 1929 1646 2010 estpraedi·

519 2037 618 2105 caln'le
634 2040 673 2103 rte
690 2035 813 2112 multis,
834 2034 900 2102 sior
917 2035 1112 2111 universate,
1126 2036 1193 2102 sior
1205 2036 1331 2118 speeies.
1352 2035 1543 2124 ltrq'usmnrti
1558 2037 1644 2101 eninr

519 2144 705 2210 intentiones
719 2144 844 2229 format
859 2143 1035 2208 intellectus
1051 2144 1225 2210 attribuens
1245 2162 1299 2210 eos
1321 2147 1444 2210 nature
1460 2144 1642 2218 intellecto,

518 2255 688 2318 secuudum
709 2253 793 2337 quod
811 2252 976 2332 comparat
994 2249 1080 2331 ipsos
1104 2253 1148 2315 ad
1170 2270 1234 2327 res,
1258 2269 1328 2336 prus
1349 2255 1425 2318 sunt
1446 2254 1539 2317 extra
1566 2251 1644 2316 ani·

519 2365 606 2426 man
619 2357 683 2448 (2)·
1326 2435 1332 2444 .

588 2475 692 2550 Reep.
723 2467 912 2553 hujusmodi
941 2469 1011 2533 loca
1042 2467 1176 2552 intelligi
1210 2487 1307 2552 posse
1338 2470 1388 2534 vel
1411 2469 1454 2534 de
1485 2469 1642 2536 relatione

519 2573 806 2650 transcendentali,
824 2592 924 2658 quam
941 2583 1055 2641 natura
1069 2577 1199 2659 praecisa
1215 2575 1311 2642 habet
1325 2578 1366 2643 ad
1380 2576 1547 2654 interiora,
1564 2597 1640 2645 cum

520 2684 561 2750 sit
579 2686 689 2770 imago
706 2681 837 2748 illorum
856 2683 1006 2749 omnium
1027 2693 1059 2748 et
1083 2682 1200 2748 habeat
1218 2684 1452 2768 aptitudinem,
1469 2693 1505 2750 ut
1522 2684 1558 2750 in
1579 2685 1642 2752 illis

519 2792 613 2869 insit,
633 2793 740 2875 deque
758 2789 821 2857 illis
841 2810 900 2876 per
917 2790 1119 2857 identitatem
1143 2792 1353 2875 praedicetur3
1382 2794 1433 2859 vel
1451 2791 1479 2859 si
1497 2794 1540 2858 de
1561 2796 1641 2859 rela-

519 2900 609 2967 tione
629 2898 902 2985 praedicamentali
916 2907 948 2963 et
962 2899 1144 2965 secundum
1159 2916 1231 2965 esse
1246 2901 1438 2985 loquantur,
1455 2900 1640 2985 significare

447 3022 468 3063 .’
520 3016 658 3092 possunt
677 3008 876 3082 universale,
895 3024 961 3072 non
977 3006 1143 3082 absolute,
1159 3008 1217 3072 sed
1234 3008 1365 3075 relative
1379 3006 1637 3075 consideratum.

519 3124 682 3199 quatenus
702 3133 819 3199 nempe
838 3114 1019 3180 universale
1037 3114 1215 3200 applicatur
1233 3117 1274 3180 ad
1288 3115 1455 3193 interiora,
1471 3108 1639 3181 et'rertexe
1725 3109 1726 3174 ἶ

519 3222 725 3309 cognoscitur
744 3230 780 3287 ut
798 3230 922 3287 certum
943 3230 1128 3306 respectum
1149 3222 1331 3307 importans
1350 3223 1390 3288 ad
1410 3224 1475 3291 illa.

563 3336 671 3415 objic.
689 3330 742 3397 2.⁰
789 3328 977 3395 Universale
996 3347 1061 3394 non
1082 3328 1180 3395 habet
1198 3329 1286 3396 aliud
1305 3348 1377 3397 esse
1396 3349 1497 3414 quam
1516 3350 1639 3417 cogno
1724 3361 1725 3434 p

518 3438 576 3505 sci.
608 3437 670 3503 Sed
699 3448 806 3505 totum
835 3454 909 3503 esse
936 3437 1129 3503 universalis
1156 3445 1206 3503 est
1235 3456 1308 3505 esse
1335 3437 1492 3521 quiddam
1523 3452 1637 3524 aptum
1724 3439 1725 3502 1

518 3544 623 3613 inesse
642 3544 801 3629 pluribus.
818 3544 903 3630 Ergo
916 3553 1025 3611 totum
1039 3562 1113 3611 esse
1127 3544 1319 3635 uniuersalis
1330 3554 1381 3612 est
1398 3547 1554 3631 cognosci
1568 3566 1638 3613 esse

518 3663 631 3738 aptum
651 3654 756 3719 inesse
775 3652 939 3737 pluribus;
957 3660 1055 3736 atque
1069 3653 1150 3719 adeo
1164 3655 1347 3721 universale
1366 3654 1490 3739 indiget
1507 3674 1640 3740 compa·

518 3760 658 3837 ratione,
680 3758 749 3827 sine
775 3778 840 3844 qua
868 3758 982 3844 nequit
1009 3762 1162 3846 cognosci
1180 3760 1260 3827 illud
1288 3780 1361 3829 esse
1387 3771 1504 3848 aptum
1532 3762 1638 3831 inesse

516 3868 678 3952 pluribus.

583 3982 687 4060 Reep.
718 3976 794 4044 dist.
828 3977 943 4061 Major.
973 3974 1161 4043 Universale
1189 3978 1360 4045 relativum
1394 3996 1431 4044 ac
1465 3977 1636 4053 reflexum,
1722 3945 1723 4008 ¹

515 4100 615 4159 eone„
637 4084 817 4150 universale
836 4084 1024 4151 absolutum
1044 4094 1078 4150 et
1097 4084 1381 4173 metaphysicum,
1401 4104 1474 4170 neg.

584 4190 774 4263 Contrauist.
793 4193 910 4258 Minor.
928 4191 1125 4259 Universalis
1141 4192 1250 4259 retlexi
1262 4212 1300 4259 ac
1317 4191 1453 4270 relativi,
1465 4212 1556 4279 neg„
1573 4214 1639 4261 me·

515 4297 674 4384 taphysici
694 4310 726 4367 et
741 4300 899 4377 absoluti,
919 4318 1006 4368 corte.
1720 4301 1721 4306 ’

550 4658 591 4727 (ι)
627 4655 737 4729 Opuse.
753 4668 795 4715 a?
808 4660 844 4717 rte
866 4658 1045 4727 Unr'srersot..
1058 4658 1135 4719 eirea
1149 4660 1225 4720 med.

550 4748 603 4815 (2)'
627 4743 794 4819 S.·Thom..
808 4746 859 4808 lib·
880 4758 918 4807 ιθ
932 4747 1088 4809 Peribemn
1098 4793 1118 4821 .,
1133 4750 1199 4811 leet.
1217 4769 1264 4822 ru,
1278 4770 1394 4827 paragr.
1408 4750 1436 4811 b.
