3492 5525
530 452 591 541 834
650 450 775 525 Loorcx
789 447 1021 533 Melon-Lm.
1037 464 1109 534 ψ,
1123 415 1211 521 lirae.
1230 468 1276 539 3.¹
1289 452 1370 521 Cre.
1388 466 1458 520 aaut

489 640 667 709 virtualiter
680 650 712 709 et
724 642 955 726 aequivalenter
965 638 1073 716 illam,
1089 649 1269 723 quatenus,
1285 639 1343 723 qui
1356 638 1447 707 videt
1458 638 1615 705 identita-

489 757 558 815 tem
577 757 801 817 extremorum
820 766 898 815 cum
918 765 987 815 uno
1004 746 1116 823 tertio,
1139 765 1180 813 eo
1198 744 1271 831 ipso
1292 747 1383 814 videt
1404 746 1608 815 identitatem

490 876 603 924 eorum
622 858 707 925 inter
733 876 780 925 se.
802 858 913 941 ltaque
930 854 1113 922 intellectus
1131 872 1190 939 per
1207 853 1295 940 ipsas
1313 854 1517 939 praetensae,
1549 856 1615 920 for.
1738 858 1739 901 r

492 966 618 1033 maliter
641 958 912 1050 repraesentantes
934 962 1138 1030 identitatem
1157 972 1381 1029 extremorum
1404 981 1480 1027 cum
1499 961 1611 1037 tertio,

490 1071 724 1165 determinatur
751 1074 793 1139 ad
818 1070 1028 1139 asserendam
1062 1068 1264 1136 identitatem
1294 1070 1423 1136 illorum
1450 1070 1536 1134 inter
1563 1088 1612 1144 ser,

490 1176 570 1263 quin
590 1178 632 1247 sit
652 1180 852 1247 necessarius
870 1180 953 1245 alius
970 1188 1062 1246 actus
1081 1175 1473 1267 distinctusxcognitionis,
1486 1178 1616 1267 ¹torma·

491 1286 563 1353 liter
587 1296 821 1371 repraesentans
839 1284 1077 1353 connexionem
1107 1284 1319 1352 necessariam
1339 1286 1454 1350 harum
1473 1284 1612 1349 duamm

491 1390 716 1471 identitatem,
729 1414 796 1463 ’seu
815 1392 996 1460 bonitatem
1014 1390 1259 1475 consequentiae
1281 1390 1295 1479 (
1319 1389 1345 1477 ).

821 1554 1019 1621 Solvuntur
1037 1568 1285 1620 orrrrcucrxres.

538 1734 615 1801 ²²7·
664 1714 849 1799 objte.1.⁰
898 1714 1005 1780 Causa
1025 1712 1238 1798 distinguitur
1266 1730 1283 1776 a
1311 1730 1373 1779 suo
1390 1714 1520 1781 ellectu.
1548 1713 1613 1781 Sed

488 1823 650 1910 iudicium
676 1824 718 1891 de
745 1821 890 1889 bonitate
915 1821 1160 1904 consequentia
1183 1828 1234 1886 est
1260 1838 1358 1886 causa
1382 1820 1615 1888 conclusionis.

492 1932 577 2018 Ergo
591 1930 750 2019 judicium
778 1930 820 1995 de
844 1927 1259 2010 bonitateconsequentiae
1285 1926 1383 1994 debet
1402 1946 1476 1994 esse
1502 1928 1618 1995 distin

492 2049 582 2105 ctum
602 2058 621 2103 a
639 2037 860 2105 conclusione.
970 2084 978 2091 -

559 2152 665 2231 Reep.
684 2164 756 2229 neg.
778 2144 911 2221 Minor„
930 2144 982 2210 vel
995 2144 1089 2223 da'st.;
1103 2141 1265 2227 judicium
1280 2142 1322 2209 de
1340 2142 1486 2210 bonitate
1499 2162 1617 2210 conse-

491 2252 652 2338 quentia,
665 2252 755 2337 quod
770 2251 964 2335 implicitum
976 2253 1055 2317 latet
1070 2251 1103 2316 ln
1117 2249 1195 2334 ipsis
1207 2250 1401 2334 praemissis,
1412 2270 1515 2328 conc„
1528 2252 1615 2317 aliud

457 2374 466 2389 ¹
491 2359 700 2437 distinctum,
721 2378 792 2443 neg.
814 2358 1011 2445 eujusmodi
1030 2358 1117 2424 enim
1133 2356 1311 2443 judiciam,
1332 2333 1404 2423 nel
1422 2358 1617 2441 daripotesr

402 2483 407 2512 t
491 2467 524 2534 in
542 2468 741 2552 quibusdam
761 2466 905 2543 casibus,
927 2474 1124 2533 nontamen
1143 2474 1194 2530 est
1212 2464 1361 2532 absolute
1379 2466 1614 2539 necessarium,

492 2580 531 2641 ut'
543 2576 612 2661 jam
632 2572 849 2643 ostendimus.

558 2686 655 2767 obite
674 2689 723 2750 αθ
741 2680 905 2747 instando.
922 2679 1124 2746 «Conclusio
1143 2678 1280 2746 infertur
1296 2688 1429 2765 propter
1448 2666 1616 2766 objectum

491 2790 734 2875 praemissarum
751 2807 816 2856 non
832 2799 1012 2872 utcumque
1026 2787 1286 2864 consideratum,
1302 2787 1361 2853 sed
1375 2798 1413 2853 ut
1426 2805 1617 2855 connexum

492 2917 568 2964 cum
587 2896 716 2984 objecto
735 2895 966 2963 conclusionis.
989 2897 1071 2980 Ergo
1090 2893 1188 2962 debet
1207 2895 1386 2961 formaliter
1411 2904 1444 2960 et
1467 2895 1619 2980 explicite

424 3021 426 3028 ’
492 3005 712 3090 pracognosci
746 3004 819 3069 talis
850 2987 1126 3085 connexiopnon
1158 3003 1246 3069 enim
1278 3002 1318 3069 ad
1351 3004 1617 3069 concludendum

492 3105 621 3186 movet,
639 3110 699 3177 nisi
715 3121 751 3177 ut
766 3111 977 3196 praecognita.
995 3111 1146 3176 sednon
1165 3111 1209 3176 ita
1227 3111 1438 3196 cognoscitur
1456 3128 1514 3194 per
1529 3113 1618 3177 solas

491 3218 693 3302 premissas,
715 3229 830 3303 utpote
847 3237 922 3301 quae
940 3220 1047 3284 solum
1068 3216 1244 3283 virtualiter
1266 3228 1300 3282 et
1317 3217 1475 3302 implicite
1492 3236 1618 3324 conne-

491 3325 624 3392 xionem
644 3326 731 3392 illam
752 3326 932 3411 attingunt;
946 3325 1088 3408 alioquin
1108 3325 1136 3390 si
1153 3334 1391 3410 cognoscerent
1409 3325 1499 3391 illam
1514 3326 1617 3410 expli·
1738 3415 1739 3418 Ἴ

412 3489 416 3496 .
491 3434 569 3509 cite,
586 3442 823 3518 consequenter
836 3436 1057 3518 exprimerent
1070 3431 1289 3498 conclusionis
1302 3433 1482 3518 objectum,
1499 3435 1616 3501 saltem

491 3540 532 3606 de
550 3540 697 3624 obliquo.
717 3540 801 3628 Ergo
816 3540 977 3628 judicium
999 3540 1087 3606 aliud
1108 3540 1156 3606 ‘de
1181 3541 1235 3606 tali
1263 3541 1469 3608 connexione
1498 3561 1619 3628 prare-

492 3647 658 3732 quiritur»
676 3646 741 3736 (2).

553 3761 665 3839 Reep.
685 3774 755 3840 neg.
777 3754 874 3839 prim.
895 3774 1030 3839 conseq.
1051 3755 1244 3840 «objectio,
1273 3765 1310 3821 ut
1332 3775 1521 3836 summum,
1543 3777 1619 3842 pro·

492 3861 549 3930 bat
568 3861 782 3930 necessariam
802 3881 875 3930 esse
891 3862 1108 3930 connexionis
1125 3862 1212 3929 illius
1228 3863 1415 3949 explicitam
1435 3867 1617 3950 apprehen-

493 3970 658 4037 sionem.»

562 4076 650 4144 «Sed
669 4095 778 4162 neque
796 4078 857 4144 hoc
879 4077 1006 4162 probat.
1023 4074 1108 4143 Nam
1126 4077 1201 4147 talis
1219 4078 1381 4146 connexio
1400 4097 1467 4146 non
1485 4097 1618 4164 semper

493 4184 591 4252 debet
622 4184 779 4271 cognosci
808 4175 986 4251 formaliter
1012 4193 1047 4250 et
1072 4185 1240 4270 explicite,
1272 4186 1329 4256 sed
1356 4185 1496 4265 sufficit,
1526 4188 1619 4271 quod

493 4302 694 4377 proponatur
713 4310 770 4378 per
789 4290 955 4369 notitiam,
975 4309 1053 4377 quae
1070 4291 1153 4360 intra
1179 4293 1297 4359 lineam
1322 4295 1619 4379 repraesentationis

493 4397 640 4467 virtualis
658 4410 690 4468 et
710 4400 873 4486 implicitae
884 4401 927 4468 sit
941 4419 1074 4467 summe
1089 4400 1213 4479 vivida,
1229 4413 1262 4470 et
1277 4403 1427 4488 proxima
1442 4405 1617 4489 explicitae,

450 4651 454 4659 '
528 4653 569 4716 (r)
604 4649 682 4710 Vide
698 4649 731 4709 P.
751 4651 857 4724 Mayr„
880 4670 909 4710 n.
929 4671 992 4726 927.

527 4743 568 4810 (a)
603 4739 691 4814 Apud
706 4738 850 4810 Losaada,
867 4739 986 4802 loe.'cit.
1003 4754 1041 4803 tr.
1053 4743 1087 4814 6,
1101 4761 1165 4816 cap.
1184 4761 1213 4816 3,
1228 4761 1261 4804 n.
1276 4763 1305 4818 ς.
