3492 5525
422 437 439 544 Ι,
528 464 587 532 ²04
718 447 842 515 Loorcn
863 444 1112 513 Minoa-Drse.
1140 451 1279 516 1.·Cn1³.
1306 463 1375 536 qum

488 631 605 698 debeat
622 631 775 698 distincte
793 630 965 716 praedicata
979 631 1024 698 rei
1038 631 1215 712 declarare,
1231 653 1308 718 quae
1326 633 1456 702 nonnisi
1470 633 1607 699 oonluse

488 742 592 806 menti
612 747 887 825 repraesentantur
912 758 969 825 per
989 759 1109 806 nomen
1129 741 1192 819 rei,
1213 744 1359 810 oratione
1377 741 1486 826 aliqua
1503 738 1609 806 conti-

489 857 621 924 neatur,
650 854 796 932 oportet,
839 867 914 932 quae
940 849 1034 932 quasi
1058 841 1232 916 involutam
1266 853 1390 916 evolvat
1417 849 1454 914 id
1478 850 1519 914 de
1545 865 1607 932 quo

487 955 656 1042 quaerimr,
683 954 969 1040 quemadmodum
996 955 1141 1038 loquitur
1163 957 1290 1024 Tullius
1312 953 1375 1046 (1).
1405 959 1515 1040 Atque
1538 956 1608 1021 haee

489 1071 539 1130 est
558 1081 710 1148 expressa
732 1063 880 1130 doctrina
905 1062 939 1128 S.
966 1063 1101 1130 Thomae
1126 1063 1195 1152 (2).
1216 1065 1254 1130 Et
1280 1074 1377 1150 prout
1399 1062 1502 1130 oratio
1520 1063 1609 1148 ejus·

490 1169 580 1238 modi
602 1172 755 1238 mentalis
778 1171 821 1237 sit
844 1172 896 1236 vel
920 1169 1032 1247 oralis,
1058 1170 1205 1238 definitio
1223 1190 1357 1256 quoque
1376 1171 1529 1238 mentalis
1547 1169 1608 1235 erit

489 1289 547 1346 aut
563 1279 672 1346 oralis.
691 1279 839 1361 Itemque
856 1277 1042 1363 complexio
1061 1280 1131 1364 ipsa
1155 1281 1370 1346 terminorum
1394 1279 1462 1346 sive
1481 1289 1610 1346 menta-

489 1387 570 1453 lium
597 1387 667 1453 sive
689 1388 845 1463 oralium,
877 1396 976 1471 prout
998 1387 1030 1452 in
1054 1405 1090 1452 se
1116 1388 1186 1472 ipsa
1208 1395 1275 1464 est,
1306 1396 1441 1454 vocatur
1459 1386 1609 1473 Definitio

481 1493 650 1582 sommum
668 1495 838 1579 objectiva
856 1501 968 1561 autem
988 1495 1129 1562 rationes
1149 1514 1310 1579 expressae
1329 1513 1387 1579 per
1404 1496 1503 1560 talem
1519 1513 1610 1559 oom-

490 1601 677 1688 plexionem
703 1620 763 1668 seu
787 1603 968 1668 orationem
994 1602 1184 1669 nominatur
1211 1604 1361 1689 Definitio
1385 1602 1547 1690 objectt'va.
1575 1600 1609 1667 ld

489 1711 596 1798 quod,
626 1719 665 1777 ut
691 1708 800 1786 vides,
834 1711 1010 1794 respondet
1036 1709 1204 1786 divisioni,
1237 1729 1304 1794 qua
1331 1711 1509 1786 terminus,
1538 1710 1609 1776 sive

489 1817 642 1886 mentalis
667 1816 738 1884 sive
763 1815 876 1893 oralis,
897 1819 1033 1902 partitur
1050 1816 1083 1883 in
1093 1818 1263 1903 formalem
1280 1827 1313 1884 et
1330 1818 1522 1906 adjectivum,
1542 1815 1609 1882 Sed

489 1925 639 1996 haerebis
664 1926 817 2001 fortasse,
848 1926 933 1992 hanc
960 1923 1095 1991 audiens
1124 1924 1368 2003 definitionem,
1387 1943 1608 2012 ,queresque

326 2054 429 2100 necuim
490 2037 547 2120 qui
564 2033 633 2100 lieri
653 2031 769 2117 possit,
791 2040 828 2097 ut
846 2031 993 2099 definitio
1017 2030 1059 2098 sit
1083 2033 1200 2110 matio,
1228 2040 1261 2098 et
1278 2042 1389 2099 tamen
1410 2033 1451 2098 ad
1469 2033 1609 2118 primam
1730 2035 1732 2082 ἐ

313 2137 397 2212 ,Μ’
412 2128 455 2216 ⁸⁶,
491 2142 612 2208 mentis
625 2141 849 2225 operationem
862 2147 1004 2224 spectet,
1018 2140 1301 2222 quemadmodum
1312 2159 1410 2225 supra
1425 2139 1607 2206 innuimus:

286 2211 468 2332 Ἢωῗὲω
491 2251 560 2316 haec
577 2248 665 2314 enirn
684 2226 864 2332 pugnantia
883 2245 1035 2313 videntur
1054 2265 1137 2314 esse.
1166 2246 1231 2313 Sed
1250 2248 1432 2332 respondeo
1450 2248 1609 2332 primum,
1731 2233 1732 2298 i

491 2359 575 2422 hanc
592 2373 665 2420 esse
679 2345 985 2422 communissimam
1005 2353 1202 2420 sententiam
1222 2353 1516 2439 Philosophorum,
1532 2372 1611 2420 curn
1731 2411 1732 2420 ,

491 2462 525 2530 S.
544 2461 672 2528 Thoma
682 2457 735 2549 (3)
745 2460 948 2537 docentium,
970 2461 1196 2527 definitionem
1213 2463 1254 2528 ad
1269 2461 1408 2546 primam
1427 2461 1612 2527 intellectus

491 2570 714 2656 operationem
734 2569 908 2654 pertinere.
929 2567 1028 2644 Qtod
1047 2566 1073 2635 si
1088 2588 1164 2634 cum
1181 2567 1389 2635 definitiones
1403 2567 1610 2644 conficimus,

492 2677 730 2765 propositiones
748 2694 842 2742 veras
860 2676 1089 2752 enuntiamus,
1116 2685 1152 2741 ut
1175 2695 1250 2742 curn
1274 2675 1429 2759 dicimus:
1451 2676 1551 2742 Homo
1567 2679 1617 2740 est

490 2786 611 2853 animal
634 2785 804 2861 rahonole,
838 2782 1062 2849 animadverte
1092 2783 1302 2870 definitionem
1333 2786 1405 2850 solo
1439 2784 1613 2869 praedicato

491 2896 589 2980 hujus
604 2888 835 2977 propositionis
848 2888 1026 2965 contineri,
1047 2890 1231 2972 subiectum
1250 2910 1329 2957 vero
1348 2892 1529 2975 exprimere
1543 2908 1612 2955 rem

492 3001 597 3086 ipsam
624 2998 806 3087 definitam:
833 3016 934 3082 quare
959 2998 1139 3082 propositio
1164 2999 1217 3063 illa
1244 3016 1310 3064 non
1338 2999 1443 3065 solam
1470 2998 1614 3083 implicat

492 3106 733 3181 definitionem,
757 3106 816 3173 sed
837 3104 1041 3171 identitatem
1066 3104 1263 3171 delinitionis
1288 3123 1365 3171 cum
1389 3103 1559 3191 delinito(
1584 3102 1610 3191 ).

560 3214 659 3287 Quod
670 3231 749 3279 vero
763 3212 908 3279 delinitio
931 3203 1066 3279 vocetur
1087 3221 1121 3279 et
1140 3212 1182 3279 sit
1205 3213 1307 3279 oratio
1330 3213 1505 3297 quaedam,
1534 3212 1614 3279 nihil

493 3333 559 3404 est3
583 3332 620 3389 ut
635 3322 722 3387 enim
742 3338 822 3385 mox
840 3319 1038 3397 videbimus,
1065 3320 1304 3387 adorationem
1333 3320 1472 3405 logicam
1494 3320 1616 3406 imper·
1729 3316 1730 3351 l

493 3433 611 3497 lectam
630 3426 894 3493 constituendam
916 3444 981 3493 non
996 3426 1171 3510 requiritur
1187 3427 1326 3493 verbum
1351 3446 1411 3492 nec
1433 3426 1615 3513 propositio

494 3537 619 3621 aliqua,
635 3534 694 3603 sed
708 3533 829 3603 sufficit
842 3533 1043 3618 quicumque
1056 3534 1207 3599 terminus
1214 3537 1390 3616 complexio
1401 3584 1409 3611 ,
1421 3542 1519 3619 atque
1533 3536 1617 3601 adeo

496 3654 604 3730 potest
618 3644 703 3709 bene
714 3653 860 3727 spectare
870 3642 913 3707 ad
928 3641 1065 3726 primam
1082 3641 1202 3707 mentis
1220 3642 1456 3727 operationem.

495 3840 645 3908 enuntiat,
661 3851 695 3896 ut
708 3837 734 3895 ei
747 3834 816 3909 quie
828 3834 950 3894 aliunde
969 3854 1029 3893 rem
1051 3856 1111 3894 non
1125 3852 1296 3910 cognoscet,
1315 3858 1366 3911 per
1379 3840 1472 3897 solam
1487 3837 1621 3899 nominis

495 3928 705 3996 definitionem,
719 3926 768 3984 vix
777 3925 940 3998 quidquam
951 3924 1104 3999 intelligat.
1122 3925 1217 3986 Rcalie
1226 3946 1294 3985 vero
1304 3948 1364 3986 rem
1377 3926 1472 4002 ipsam
1486 3928 1619 4002 attingit.

531 4021 573 4091 (t)
612 4018 748 4091 Τυρίων.
764 4036 788 4073 c.
804 4035 832 4073 2.
846 4034 877 4072 n.
895 4034 958 4073 aar.

532 4113 573 4174 (a)
609 4106 643 4164 ln
657 4116 699 4179 7.⁰
714 4105 844 4179 Metaph.
862 4103 927 4161 lect.
942 4124 971 4175 9.

532 4201 574 4268 (3)
609 4194 686 4253 Vide
701 4193 778 4253 inter
791 4192 847 4252 alia
859 4192 987 4264 plurima
1001 4193 1064 4269 iota
1080 4214 1103 4251 t.
1120 4212 1150 4267 p.
1165 4213 1194 4266 q.
1213 4216 1254 4269 ¹7·
1271 4216 1298 4254 a.
1310 4216 1341 4269 33
1353 4196 1491 4278 Quodlib.
1509 4214 1534 4270 ς.
1549 4218 1576 4255 a.
1588 4220 1621 4271 93

496 4298 540 4347 a·
553 4289 679 4355 Postea,
696 4286 761 4343 lect.
777 4303 804 4353 a,
817 4298 846 4343 et
859 4284 926 4341 leet.
944 4300 968 4351 ς.
1728 4292 1729 4295 ’

534 4383 579 4450 (4)
615 4374 695 4433 Sunt
707 4388 806 4432 temen
820 4372 872 4445 qui
886 4385 986 4431 contra
1002 4372 1145 4443 sentiant,
1157 4374 1295 4433 utvidere
1308 4388 1353 4434 est
1366 4376 1444 4449 apud
1461 4376 1495 4435 P.
1511 4376 1624 4437 Lessa-

497 4466 536 4525 ‹la
549 4466 688 4539 (Logica,
710 4476 794 4527 tract,
813 4480 839 4535 ς,
857 4462 934 4533 disp.
954 4482 977 4531 r,
1001 4482 1062 4535 cap.
1088 4482 1163 4532 mn.
1180 4467 1302 4535 1);nnm
1323 4464 1444 4537 quidam
1458 4467 1625 4539 opinantur

498 4553 697 4615 definitionem
718 4551 874 4624 perlectam
898 4551 929 4609 in
952 4552 1080 4609 secunda
1102 4552 1209 4611 mentis
1227 4553 1396 4625 operatione
1413 4554 1549 4628 reperiri,
1568 4558 1626 4618 alii

498 4662 568 4703 vero
587 4642 669 4701 illam
686 4640 750 4700 cive
769 4640 808 4699 ad
827 4640 952 4713 primam
972 4640 1035 4699 sive
1056 4640 1093 4697 ad
1116 4642 1273 4701 oecundm
1294 4644 1440 4729 pertinere
1456 4664 1540 4717 posse
1553 4648 1626 4723 ορ).

500 4744 622 4793 nanum.
