<?xml version="1.0" encoding="UTF-8"?>
<!DOCTYPE html PUBLIC "-//W3C//DTD XHTML 1.0 Transitional//EN"
    "http://www.w3.org/TR/xhtml1/DTD/xhtml1-transitional.dtd">
<html xmlns="http://www.w3.org/1999/xhtml" xml:lang="en" lang="en">
 <head>
  <title>
</title>
<meta http-equiv="Content-Type" content="text/html;charset=utf-8" />
  <meta name='ocr-system' content='tesseract 3.04.00' />
  <meta name='ocr-capabilities' content='ocr_page ocr_carea ocr_par ocr_line ocrx_word'/>
</head>
<body>
  <div class='ocr_page' id='page_1' title='image "./institutionesph00urrgoog/institutionesph00urrgoog_1053.png"; bbox 0 0 3492 5525; ppageno 0'>
   <div class='ocr_carea' id='block_1_1' title="bbox 300 454 1208 538">
    <p class='ocr_par' dir='ltr' id='par_1_1' title="bbox 300 454 1208 538">
     <span class='ocr_line' id='line_1_1' title="bbox 300 454 1208 538; baseline -0.001 -20"><span class='ocrx_word' id='word_1_1' title='bbox 300 456 418 519; x_wconf 71' lang='lat' dir='ltr'>harre.</span> <span class='ocrx_word' id='word_1_2' title='bbox 434 470 492 538; x_wconf 56' lang='lat' dir='ltr'>pt·</span> <span class='ocrx_word' id='word_1_3' title='bbox 506 454 703 520; x_wconf 72' lang='lat' dir='ltr'>Geursreners</span> <span class='ocrx_word' id='word_1_4' title='bbox 719 473 838 519; x_wconf 83' lang='lat' dir='ltr'>prvrsro</span> <span class='ocrx_word' id='word_1_5' title='bbox 858 472 1077 519; x_wconf 75' lang='lat' dir='ltr'>screnrrnreunr</span> <span class='ocrx_word' id='word_1_6' title='bbox 1134 472 1208 535; x_wconf 86' lang='lat'><em>1033</em></span> 
     </span>
    </p>
   </div>
   <div class='ocr_carea' id='block_1_2' title="bbox 1036 561 1248 573">
    <p class='ocr_par' dir='ltr' id='par_1_2' title="bbox 1036 561 1248 573">
     <span class='ocr_line' id='line_1_2' title="bbox 1036 561 1248 573; baseline 0.005 -1"><span class='ocrx_word' id='word_1_7' title='bbox 1036 561 1248 573; x_wconf 83' lang='grc'>--</span> 
     </span>
    </p>
   </div>
   <div class='ocr_carea' id='block_1_3' title="bbox 122 634 1309 4056">
    <p class='ocr_par' dir='ltr' id='par_1_3' title="bbox 122 634 1309 2011">
     <span class='ocr_line' id='line_1_3' title="bbox 170 634 1250 721; baseline -0.001 -18"><span class='ocrx_word' id='word_1_8' title='bbox 170 640 279 719; x_wconf 83' lang='lat' dir='ltr'>objic.</span> <span class='ocrx_word' id='word_1_9' title='bbox 298 642 349 702; x_wconf 55' lang='grc' dir='ltr'>αθ</span> <span class='ocrx_word' id='word_1_10' title='bbox 393 635 534 701; x_wconf 88' lang='lat' dir='ltr'>Scientia</span> <span class='ocrx_word' id='word_1_11' title='bbox 556 637 762 721; x_wconf 77' lang='lat' dir='ltr'>praestantior</span> <span class='ocrx_word' id='word_1_12' title='bbox 784 634 854 701; x_wconf 91' lang='lat' dir='ltr'>aliis</span> <span class='ocrx_word' id='word_1_13' title='bbox 883 635 980 701; x_wconf 88' lang='lat' dir='ltr'>debet</span> <span class='ocrx_word' id='word_1_14' title='bbox 1007 636 1047 700; x_wconf 94' lang='lat' dir='ltr'>de</span> <span class='ocrx_word' id='word_1_15' title='bbox 1077 634 1139 712; x_wconf 89' lang='lat' dir='ltr'>illis</span> <span class='ocrx_word' id='word_1_16' title='bbox 1162 635 1250 720; x_wconf 89' lang='lat' dir='ltr'>judi-</span> 
     </span>
     <span class='ocr_line' id='line_1_4' title="bbox 124 732 1248 832; baseline 0.003 -26"><span class='ocrx_word' id='word_1_17' title='bbox 124 759 217 819; x_wconf 87' lang='lat' dir='ltr'>care,</span> <span class='ocrx_word' id='word_1_18' title='bbox 238 750 274 807; x_wconf 90' lang='lat' dir='ltr'>ut</span> <span class='ocrx_word' id='word_1_19' title='bbox 294 751 382 826; x_wconf 90' lang='lat' dir='ltr'>patet</span> <span class='ocrx_word' id='word_1_20' title='bbox 400 763 441 809; x_wconf 90' lang='lat' dir='ltr'>ex</span> <span class='ocrx_word' id='word_1_21' title='bbox 462 741 517 809; x_wconf 90' lang='lat' dir='ltr'>lib.</span> <span class='ocrx_word' id='word_1_22' title='bbox 538 744 593 825; x_wconf 84' lang='lat'>4.⁰</span> <span class='ocrx_word' id='word_1_23' title='bbox 614 744 867 832; x_wconf 87' lang='lat' dir='ltr'>Metapbysicor.</span> <span class='ocrx_word' id='word_1_24' title='bbox 890 742 989 826; x_wconf 81' lang='lat' dir='ltr'>Atqui</span> <span class='ocrx_word' id='word_1_25' title='bbox 1013 732 1190 827; x_wconf 88' lang='lat' dir='ltr'>Theologia</span> <span class='ocrx_word' id='word_1_26' title='bbox 1216 739 1248 809; x_wconf 91' lang='lat' dir='ltr'>id</span> 
     </span>
     <span class='ocr_line' id='line_1_5' title="bbox 126 849 1309 937; baseline 0.003 -24"><span class='ocrx_word' id='word_1_27' title='bbox 126 868 194 915; x_wconf 91' lang='lat' dir='ltr'>non</span> <span class='ocrx_word' id='word_1_28' title='bbox 215 849 304 917; x_wconf 84' lang='lat' dir='ltr'>iacit:</span> <span class='ocrx_word' id='word_1_29' title='bbox 325 850 403 935; x_wconf 91' lang='lat' dir='ltr'>quia</span> <span class='ocrx_word' id='word_1_30' title='bbox 417 850 576 937; x_wconf 87' lang='lat' dir='ltr'>judicium</span> <span class='ocrx_word' id='word_1_31' title='bbox 596 852 636 918; x_wconf 87' lang='lat' dir='ltr'>de</span> <span class='ocrx_word' id='word_1_32' title='bbox 660 851 730 917; x_wconf 92' lang='lat' dir='ltr'>aliis</span> <span class='ocrx_word' id='word_1_33' title='bbox 753 849 896 919; x_wconf 82' lang='lat' dir='ltr'>scientiis</span> <span class='ocrx_word' id='word_1_34' title='bbox 919 858 1045 934; x_wconf 90' lang='lat' dir='ltr'>spectat</span> <span class='ocrx_word' id='word_1_35' title='bbox 1069 850 1110 915; x_wconf 91' lang='lat' dir='ltr'>ad</span> <span class='ocrx_word' id='word_1_36' title='bbox 1136 852 1247 917; x_wconf 89' lang='lat' dir='ltr'>lumen</span> <span class='ocrx_word' id='word_1_37' title='bbox 1308 922 1309 927; x_wconf 6' lang='grc' dir='ltr'>ἵ</span> 
     </span>
     <span class='ocr_line' id='line_1_6' title="bbox 126 956 827 1046; baseline 0.001 -25"><span class='ocrx_word' id='word_1_38' title='bbox 126 958 289 1035; x_wconf 90' lang='lat' dir='ltr'>naturale,</span> <span class='ocrx_word' id='word_1_39' title='bbox 310 978 378 1043; x_wconf 90' lang='lat' dir='ltr'>quo</span> <span class='ocrx_word' id='word_1_40' title='bbox 396 960 458 1024; x_wconf 89' lang='lat' dir='ltr'>illae</span> <span class='ocrx_word' id='word_1_41' title='bbox 477 959 638 1035; x_wconf 86' lang='lat' dir='ltr'>nituntur.</span> <span class='ocrx_word' id='word_1_42' title='bbox 660 959 744 1044; x_wconf 85' lang='lat' dir='ltr'>Ergo</span> <span class='ocrx_word' id='word_1_43' title='bbox 762 956 827 1046; x_wconf 88' lang='lat'><em>(1).</em></span> 
     </span>
     <span class='ocr_line' id='line_1_7' title="bbox 122 1064 1249 1151; baseline -0.004 -15"><span class='ocrx_word' id='word_1_44' title='bbox 122 1134 129 1141; x_wconf 90' lang='grc'><strong><em>,</em></strong></span> <span class='ocrx_word' id='word_1_45' title='bbox 193 1074 298 1150; x_wconf 85' lang='lat' dir='ltr'>Resp.</span> <span class='ocrx_word' id='word_1_46' title='bbox 318 1086 385 1151; x_wconf 79' lang='lat' dir='ltr'>neg.</span> <span class='ocrx_word' id='word_1_47' title='bbox 407 1067 526 1134; x_wconf 85' lang='lat' dir='ltr'>Minor.</span> <span class='ocrx_word' id='word_1_48' title='bbox 547 1066 624 1132; x_wconf 80' lang='lat' dir='ltr'>«hd</span> <span class='ocrx_word' id='word_1_49' title='bbox 652 1066 866 1151; x_wconf 90' lang='lat' dir='ltr'>Theologiam</span> <span class='ocrx_word' id='word_1_50' title='bbox 893 1064 981 1130; x_wconf 91' lang='lat' dir='ltr'>enim</span> <span class='ocrx_word' id='word_1_51' title='bbox 1009 1064 1249 1150; x_wconf 72' lang='lat' dir='ltr'>maximespe-</span> 
     </span>
     <span class='ocr_line' id='line_1_8' title="bbox 125 1172 1247 1260; baseline -0.002 -20"><span class='ocrx_word' id='word_1_52' title='bbox 125 1183 193 1240; x_wconf 88' lang='lat' dir='ltr'>ctat</span> <span class='ocrx_word' id='word_1_53' title='bbox 207 1174 351 1260; x_wconf 87' lang='lat' dir='ltr'>judicare</span> <span class='ocrx_word' id='word_1_54' title='bbox 369 1175 410 1240; x_wconf 87' lang='lat' dir='ltr'>de</span> <span class='ocrx_word' id='word_1_55' title='bbox 429 1175 564 1241; x_wconf 90' lang='lat' dir='ltr'>veritate</span> <span class='ocrx_word' id='word_1_56' title='bbox 582 1174 717 1240; x_wconf 91' lang='lat' dir='ltr'>aliarum</span> <span class='ocrx_word' id='word_1_57' title='bbox 741 1172 967 1249; x_wconf 84' lang='lat' dir='ltr'>scientiarum,</span> <span class='ocrx_word' id='word_1_58' title='bbox 994 1192 1194 1257; x_wconf 87' lang='lat' dir='ltr'>quamquam</span> <span class='ocrx_word' id='word_1_59' title='bbox 1215 1172 1247 1238; x_wconf 94' lang='lat' dir='ltr'>id</span> 
     </span>
     <span class='ocr_line' id='line_1_9' title="bbox 126 1280 1244 1365; baseline -0.001 -19"><span class='ocrx_word' id='word_1_60' title='bbox 126 1284 224 1349; x_wconf 88' lang='lat' dir='ltr'>etiam</span> <span class='ocrx_word' id='word_1_61' title='bbox 243 1283 284 1347; x_wconf 91' lang='lat' dir='ltr'>ad</span> <span class='ocrx_word' id='word_1_62' title='bbox 303 1284 416 1348; x_wconf 93' lang='lat' dir='ltr'>lumen</span> <span class='ocrx_word' id='word_1_63' title='bbox 435 1283 580 1347; x_wconf 90' lang='lat' dir='ltr'>naturale</span> <span class='ocrx_word' id='word_1_64' title='bbox 601 1281 758 1365; x_wconf 83' lang='lat' dir='ltr'>pertinet,</span> <span class='ocrx_word' id='word_1_65' title='bbox 779 1281 837 1347; x_wconf 87' lang='lat' dir='ltr'>sed</span> <span class='ocrx_word' id='word_1_66' title='bbox 862 1299 928 1347; x_wconf 91' lang='lat' dir='ltr'>non</span> <span class='ocrx_word' id='word_1_67' title='bbox 955 1281 996 1346; x_wconf 94' lang='lat' dir='ltr'>ad</span> <span class='ocrx_word' id='word_1_68' title='bbox 1020 1280 1100 1348; x_wconf 92' lang='lat' dir='ltr'>illud</span> <span class='ocrx_word' id='word_1_69' title='bbox 1123 1281 1244 1347; x_wconf 92' lang='lat' dir='ltr'>solum.</span> 
     </span>
     <span class='ocr_line' id='line_1_10' title="bbox 125 1388 1246 1483; baseline -0.003 -27"><span class='ocrx_word' id='word_1_70' title='bbox 125 1390 245 1456; x_wconf 88' lang='lat' dir='ltr'>Nititur</span> <span class='ocrx_word' id='word_1_71' title='bbox 263 1390 351 1455; x_wconf 90' lang='lat' dir='ltr'>enim</span> <span class='ocrx_word' id='word_1_72' title='bbox 370 1389 547 1475; x_wconf 87' lang='lat' dir='ltr'>Theologia</span> <span class='ocrx_word' id='word_1_73' title='bbox 565 1390 765 1483; x_wconf 78' lang='lat' dir='ltr'>revelatione</span> <span class='ocrx_word' id='word_1_74' title='bbox 780 1388 906 1464; x_wconf 85' lang='lat' dir='ltr'>divina,</span> <span class='ocrx_word' id='word_1_75' title='bbox 927 1388 968 1453; x_wconf 90' lang='lat' dir='ltr'>ad</span> <span class='ocrx_word' id='word_1_76' title='bbox 993 1389 1086 1473; x_wconf 91' lang='lat' dir='ltr'>cujus</span> <span class='ocrx_word' id='word_1_77' title='bbox 1113 1406 1246 1471; x_wconf 92' lang='lat' dir='ltr'>quoque</span> 
     </span>
     <span class='ocr_line' id='line_1_11' title="bbox 127 1490 1248 1580; baseline 0.001 -20"><span class='ocrx_word' id='word_1_78' title='bbox 127 1516 279 1563; x_wconf 91' lang='lat' dir='ltr'>normam</span> <span class='ocrx_word' id='word_1_79' title='bbox 298 1498 523 1564; x_wconf 85' lang='lat' dir='ltr'>conclusiones</span> <span class='ocrx_word' id='word_1_80' title='bbox 541 1497 675 1563; x_wconf 89' lang='lat' dir='ltr'>aliarum</span> <span class='ocrx_word' id='word_1_81' title='bbox 695 1490 903 1563; x_wconf 77' lang='lat' dir='ltr'>scientiarum</span> <span class='ocrx_word' id='word_1_82' title='bbox 924 1506 1062 1580; x_wconf 89' lang='lat' dir='ltr'>possunt</span> <span class='ocrx_word' id='word_1_83' title='bbox 1077 1514 1112 1560; x_wconf 91' lang='lat' dir='ltr'>ac</span> <span class='ocrx_word' id='word_1_84' title='bbox 1126 1495 1248 1561; x_wconf 88' lang='lat' dir='ltr'>debent</span> 
     </span>
     <span class='ocr_line' id='line_1_12' title="bbox 125 1602 1247 1690; baseline -0.001 -22"><span class='ocrx_word' id='word_1_85' title='bbox 125 1603 224 1689; x_wconf 85' lang='lat' dir='ltr'>exigi.</span> <span class='ocrx_word' id='word_1_86' title='bbox 245 1605 357 1688; x_wconf 92' lang='lat' dir='ltr'>ltaque</span> <span class='ocrx_word' id='word_1_87' title='bbox 375 1603 527 1670; x_wconf 88' lang='lat' dir='ltr'>videmus</span> <span class='ocrx_word' id='word_1_88' title='bbox 545 1624 603 1689; x_wconf 90' lang='lat' dir='ltr'>per</span> <span class='ocrx_word' id='word_1_89' title='bbox 621 1604 833 1690; x_wconf 73' lang='lat' dir='ltr'>&#39;theologiam</span> <span class='ocrx_word' id='word_1_90' title='bbox 854 1605 976 1669; x_wconf 90' lang='lat' dir='ltr'>multos</span> <span class='ocrx_word' id='word_1_91' title='bbox 996 1621 1119 1669; x_wconf 90' lang='lat' dir='ltr'>errores</span> <span class='ocrx_word' id='word_1_92' title='bbox 1133 1623 1151 1668; x_wconf 94' lang='lat' dir='ltr'>a</span> <span class='ocrx_word' id='word_1_93' title='bbox 1165 1602 1247 1668; x_wconf 90' lang='lat' dir='ltr'>veri-</span> 
     </span>
     <span class='ocr_line' id='line_1_13' title="bbox 124 1709 1246 1797; baseline -0.001 -21"><span class='ocrx_word' id='word_1_94' title='bbox 124 1722 192 1779; x_wconf 85' lang='lat' dir='ltr'>tate</span> <span class='ocrx_word' id='word_1_95' title='bbox 210 1712 296 1780; x_wconf 86' lang='lat' dir='ltr'>Fidei</span> <span class='ocrx_word' id='word_1_96' title='bbox 315 1712 551 1797; x_wconf 86' lang='lat' dir='ltr'>discrepantes,</span> <span class='ocrx_word' id='word_1_97' title='bbox 568 1712 714 1797; x_wconf 92' lang='lat' dir='ltr'>proditos</span> <span class='ocrx_word' id='word_1_98' title='bbox 732 1731 823 1788; x_wconf 90' lang='lat' dir='ltr'>esse,</span> <span class='ocrx_word' id='word_1_99' title='bbox 838 1711 895 1796; x_wconf 89' lang='lat' dir='ltr'>qui</span> <span class='ocrx_word' id='word_1_100' title='bbox 914 1710 1128 1777; x_wconf 87' lang='lat' dir='ltr'>verisimiliter</span> <span class='ocrx_word' id='word_1_101' title='bbox 1146 1709 1246 1775; x_wconf 90' lang='lat' dir='ltr'>videri</span> 
     </span>
     <span class='ocr_line' id='line_1_14' title="bbox 125 1802 1247 1911; baseline -0.001 -27"><span class='ocrx_word' id='word_1_102' title='bbox 125 1829 275 1911; x_wconf 83' lang='lat' dir='ltr'>poterant</span> <span class='ocrx_word' id='word_1_103' title='bbox 287 1820 429 1904; x_wconf 90' lang='lat' dir='ltr'>alioquin</span> <span class='ocrx_word' id='word_1_104' title='bbox 442 1838 514 1886; x_wconf 85' lang='lat' dir='ltr'>esse</span> <span class='ocrx_word' id='word_1_105' title='bbox 530 1839 613 1887; x_wconf 83' lang='lat' dir='ltr'>verae</span> <span class='ocrx_word' id='word_1_106' title='bbox 627 1819 855 1887; x_wconf 89' lang='lat' dir='ltr'>conclusiones</span> <span class='ocrx_word' id='word_1_107' title='bbox 869 1802 1094 1885; x_wconf 83' lang='lat' dir='ltr'>scientiarum:</span> <span class='ocrx_word' id='word_1_108' title='bbox 1112 1815 1144 1883; x_wconf 93' lang='lat' dir='ltr'>id</span> <span class='ocrx_word' id='word_1_109' title='bbox 1157 1817 1247 1901; x_wconf 91' lang='lat' dir='ltr'>quod</span> 
     </span>
     <span class='ocr_line' id='line_1_15' title="bbox 124 1915 971 2011; baseline 0.001 -20"><span class='ocrx_word' id='word_1_110' title='bbox 124 1915 286 2009; x_wconf 79' lang='lat' dir='ltr'>praecipue</span> <span class='ocrx_word' id='word_1_111' title='bbox 306 1929 440 2011; x_wconf 89' lang='lat' dir='ltr'>planum</span> <span class='ocrx_word' id='word_1_112' title='bbox 460 1927 498 1992; x_wconf 84' lang='lat' dir='ltr'>fit</span> <span class='ocrx_word' id='word_1_113' title='bbox 516 1929 547 1993; x_wconf 93' lang='lat' dir='ltr'>in</span> <span class='ocrx_word' id='word_1_114' title='bbox 569 1927 702 1994; x_wconf 90' lang='lat' dir='ltr'>materia</span> <span class='ocrx_word' id='word_1_115' title='bbox 720 1928 761 1993; x_wconf 88' lang='lat' dir='ltr'>de</span> <span class='ocrx_word' id='word_1_116' title='bbox 779 1926 971 1993; x_wconf 77' lang='lat' dir='ltr'>Trinitate.»</span> 
     </span>
    </p>

    <p class='ocr_par' dir='ltr' id='par_1_4' title="bbox 123 2034 1246 2336">
     <span class='ocr_line' id='line_1_16' title="bbox 193 2034 1246 2118; baseline 0.005 -22"><span class='ocrx_word' id='word_1_117' title='bbox 193 2034 257 2097; x_wconf 82' lang='lat' dir='ltr'>«Et</span> <span class='ocrx_word' id='word_1_118' title='bbox 285 2053 364 2101; x_wconf 90' lang='lat' dir='ltr'>sane</span> <span class='ocrx_word' id='word_1_119' title='bbox 396 2036 541 2102; x_wconf 86' lang='lat' dir='ltr'>scatebat</span> <span class='ocrx_word' id='word_1_120' title='bbox 571 2043 640 2101; x_wconf 91' lang='lat' dir='ltr'>tota</span> <span class='ocrx_word' id='word_1_121' title='bbox 673 2044 820 2101; x_wconf 90' lang='lat' dir='ltr'>veterum</span> <span class='ocrx_word' id='word_1_122' title='bbox 848 2034 1054 2118; x_wconf 87' lang='lat' dir='ltr'>Philosophia</span> <span class='ocrx_word' id='word_1_123' title='bbox 1086 2034 1246 2101; x_wconf 76' lang='lat' dir='ltr'>erroneus</span> 
     </span>
     <span class='ocr_line' id='line_1_17' title="bbox 123 2140 1244 2227; baseline 0.004 -24"><span class='ocrx_word' id='word_1_124' title='bbox 123 2148 201 2204; x_wconf 89' lang='lat' dir='ltr'>ante</span> <span class='ocrx_word' id='word_1_125' title='bbox 223 2140 340 2208; x_wconf 81' lang='lat' dir='ltr'>Christi</span> <span class='ocrx_word' id='word_1_126' title='bbox 357 2143 555 2221; x_wconf 84' lang='lat' dir='ltr'>adventum,</span> <span class='ocrx_word' id='word_1_127' title='bbox 577 2144 671 2227; x_wconf 91' lang='lat' dir='ltr'>cujus</span> <span class='ocrx_word' id='word_1_128' title='bbox 686 2142 845 2225; x_wconf 80' lang='lat' dir='ltr'>beneficio</span> <span class='ocrx_word' id='word_1_129' title='bbox 865 2140 1036 2225; x_wconf 83' lang='lat' dir='ltr'>perfectior</span> <span class='ocrx_word' id='word_1_130' title='bbox 1054 2143 1167 2209; x_wconf 81' lang='lat' dir='ltr'>affecta</span> <span class='ocrx_word' id='word_1_131' title='bbox 1182 2151 1244 2223; x_wconf 80' lang='lat' dir='ltr'>est3</span> 
     </span>
     <span class='ocr_line' id='line_1_18' title="bbox 123 2246 1244 2336; baseline 0.004 -26"><span class='ocrx_word' id='word_1_132' title='bbox 123 2246 210 2314; x_wconf 92' lang='lat' dir='ltr'>sicut</span> <span class='ocrx_word' id='word_1_133' title='bbox 223 2258 256 2315; x_wconf 90' lang='lat' dir='ltr'>et</span> <span class='ocrx_word' id='word_1_134' title='bbox 274 2249 344 2332; x_wconf 90' lang='lat' dir='ltr'>ipsa</span> <span class='ocrx_word' id='word_1_135' title='bbox 357 2249 450 2315; x_wconf 88' lang='lat' dir='ltr'>Fides</span> <span class='ocrx_word' id='word_1_136' title='bbox 464 2261 611 2316; x_wconf 86' lang='lat' dir='ltr'>veterum</span> <span class='ocrx_word' id='word_1_137' title='bbox 630 2250 762 2315; x_wconf 87' lang='lat' dir='ltr'>Patrum</span> <span class='ocrx_word' id='word_1_138' title='bbox 782 2248 905 2315; x_wconf 90' lang='lat' dir='ltr'>reddita</span> <span class='ocrx_word' id='word_1_139' title='bbox 923 2260 973 2315; x_wconf 87' lang='lat' dir='ltr'>est</span> <span class='ocrx_word' id='word_1_140' title='bbox 992 2246 1193 2336; x_wconf 76' lang='lat' dir='ltr'>illustriora(</span> <span class='ocrx_word' id='word_1_141' title='bbox 1218 2250 1244 2335; x_wconf 89' lang='lat'>).</span> 
     </span>
    </p>

    <p class='ocr_par' dir='ltr' id='par_1_5' title="bbox 122 2356 1247 2637">
     <span class='ocr_line' id='line_1_19' title="bbox 170 2356 1244 2443; baseline 0 -21"><span class='ocrx_word' id='word_1_142' title='bbox 170 2360 278 2441; x_wconf 69' lang='lat' dir='ltr'>obite.</span> <span class='ocrx_word' id='word_1_143' title='bbox 300 2364 351 2425; x_wconf 83' lang='lat'>3.⁰</span> <span class='ocrx_word' id='word_1_144' title='bbox 395 2357 574 2443; x_wconf 78' lang='lat' dir='ltr'>&#39;theologia</span> <span class='ocrx_word' id='word_1_145' title='bbox 591 2356 695 2423; x_wconf 90' lang='lat' dir='ltr'>sumit</span> <span class='ocrx_word' id='word_1_146' title='bbox 713 2356 868 2441; x_wconf 89' lang='lat' dir='ltr'>principia</span> <span class='ocrx_word' id='word_1_147' title='bbox 885 2375 944 2423; x_wconf 90' lang='lat' dir='ltr'>sua</span> <span class='ocrx_word' id='word_1_148' title='bbox 968 2377 986 2421; x_wconf 93' lang='lat' dir='ltr'>a</span> <span class='ocrx_word' id='word_1_149' title='bbox 1004 2356 1145 2423; x_wconf 87' lang='lat' dir='ltr'>scientiis</span> <span class='ocrx_word' id='word_1_150' title='bbox 1163 2356 1244 2433; x_wconf 90' lang='lat' dir='ltr'>aliis,</span> 
     </span>
     <span class='ocr_line' id='line_1_20' title="bbox 122 2463 1247 2550; baseline 0.004 -23"><span class='ocrx_word' id='word_1_151' title='bbox 122 2470 294 2545; x_wconf 85' lang='lat' dir='ltr'>tamquam</span> <span class='ocrx_word' id='word_1_152' title='bbox 315 2484 334 2529; x_wconf 94' lang='lat' dir='ltr'>a</span> <span class='ocrx_word' id='word_1_153' title='bbox 352 2464 589 2550; x_wconf 89' lang='lat' dir='ltr'>superioribus,</span> <span class='ocrx_word' id='word_1_154' title='bbox 611 2473 644 2530; x_wconf 91' lang='lat' dir='ltr'>et</span> <span class='ocrx_word' id='word_1_155' title='bbox 662 2464 788 2549; x_wconf 83' lang='lat' dir='ltr'>indiget</span> <span class='ocrx_word' id='word_1_156' title='bbox 806 2464 880 2531; x_wconf 92' lang='lat' dir='ltr'>illis.</span> <span class='ocrx_word' id='word_1_157' title='bbox 903 2464 986 2549; x_wconf 88' lang='lat' dir='ltr'>Ergo</span> <span class='ocrx_word' id='word_1_158' title='bbox 1010 2463 1080 2529; x_wconf 91' lang='lat' dir='ltr'>aliis</span> <span class='ocrx_word' id='word_1_159' title='bbox 1104 2463 1247 2531; x_wconf 87' lang='lat' dir='ltr'>scientiis</span> 
     </span>
     <span class='ocr_line' id='line_1_21' title="bbox 123 2570 987 2637; baseline 0.006 -2"><span class='ocrx_word' id='word_1_160' title='bbox 123 2570 255 2635; x_wconf 85' lang='lat' dir='ltr'>interior</span> <span class='ocrx_word' id='word_1_161' title='bbox 273 2579 336 2637; x_wconf 91' lang='lat' dir='ltr'>est.</span> <span class='ocrx_word' id='word_1_162' title='bbox 984 2570 987 2579; x_wconf 88' lang='lat'>&#39;</span> 
     </span>
    </p>

    <p class='ocr_par' dir='ltr' id='par_1_6' title="bbox 123 2678 1304 3305">
     <span class='ocr_line' id='line_1_22' title="bbox 192 2678 1244 2764; baseline -0.001 -18"><span class='ocrx_word' id='word_1_163' title='bbox 192 2686 316 2747; x_wconf 81' lang='lat' dir='ltr'>Antec.</span> <span class='ocrx_word' id='word_1_164' title='bbox 332 2680 425 2764; x_wconf 79' lang='lat' dir='ltr'>prob.</span> <span class='ocrx_word' id='word_1_165' title='bbox 445 2680 555 2745; x_wconf 86' lang='lat' dir='ltr'>‹rNarn</span> <span class='ocrx_word' id='word_1_166' title='bbox 585 2678 851 2745; x_wconf 90' lang='lat' dir='ltr'>conclusionibus</span> <span class='ocrx_word' id='word_1_167' title='bbox 876 2680 1012 2746; x_wconf 90' lang='lat' dir='ltr'>aliarum</span> <span class='ocrx_word' id='word_1_168' title='bbox 1036 2678 1244 2746; x_wconf 89' lang='lat' dir='ltr'>scientiarum</span> 
     </span>
     <span class='ocr_line' id='line_1_23' title="bbox 126 2786 1245 2872; baseline 0.004 -22"><span class='ocrx_word' id='word_1_169' title='bbox 126 2786 230 2854; x_wconf 91' lang='lat' dir='ltr'>utitur</span> <span class='ocrx_word' id='word_1_170' title='bbox 255 2786 326 2872; x_wconf 90' lang='lat' dir='ltr'>ipsa</span> <span class='ocrx_word' id='word_1_171' title='bbox 354 2799 526 2872; x_wconf 88' lang='lat' dir='ltr'>tamquam</span> <span class='ocrx_word' id='word_1_172' title='bbox 556 2786 750 2872; x_wconf 88' lang='lat' dir='ltr'>praemissis,</span> <span class='ocrx_word' id='word_1_173' title='bbox 771 2787 901 2869; x_wconf 91' lang='lat' dir='ltr'>quando</span> <span class='ocrx_word' id='word_1_174' title='bbox 930 2799 1181 2872; x_wconf 83' lang='lat' dir='ltr'>argumentatur</span> <span class='ocrx_word' id='word_1_175' title='bbox 1206 2808 1245 2855; x_wconf 90' lang='lat' dir='ltr'>ex</span> 
     </span>
     <span class='ocr_line' id='line_1_24' title="bbox 124 2895 1245 2979; baseline 0.003 -21"><span class='ocrx_word' id='word_1_176' title='bbox 124 2896 224 2960; x_wconf 89' lang='lat' dir='ltr'>altera</span> <span class='ocrx_word' id='word_1_177' title='bbox 243 2896 465 2979; x_wconf 89' lang='lat' dir='ltr'>propositione</span> <span class='ocrx_word' id='word_1_178' title='bbox 482 2897 523 2961; x_wconf 87' lang='lat' dir='ltr'>de</span> <span class='ocrx_word' id='word_1_179' title='bbox 542 2896 618 2961; x_wconf 87' lang='lat' dir='ltr'>Fide</span> <span class='ocrx_word' id='word_1_180' title='bbox 645 2905 677 2960; x_wconf 91' lang='lat' dir='ltr'>et</span> <span class='ocrx_word' id='word_1_181' title='bbox 705 2913 746 2959; x_wconf 90' lang='lat' dir='ltr'>ex</span> <span class='ocrx_word' id='word_1_182' title='bbox 768 2895 868 2959; x_wconf 87' lang='lat' dir='ltr'>altera</span> <span class='ocrx_word' id='word_1_183' title='bbox 893 2895 1078 2960; x_wconf 86' lang='lat' dir='ltr'>naturaliter</span> <span class='ocrx_word' id='word_1_184' title='bbox 1098 2904 1191 2977; x_wconf 88' lang='lat' dir='ltr'>nota;</span> <span class='ocrx_word' id='word_1_185' title='bbox 1212 2908 1245 2962; x_wconf 89' lang='lat' dir='ltr'>et</span> 
     </span>
     <span class='ocr_line' id='line_1_25' title="bbox 123 3001 1304 3087; baseline 0.001 -21"><span class='ocrx_word' id='word_1_186' title='bbox 123 3015 364 3087; x_wconf 87' lang='lat' dir='ltr'>consequenter</span> <span class='ocrx_word' id='word_1_187' title='bbox 389 3003 516 3068; x_wconf 90' lang='lat' dir='ltr'>videtur</span> <span class='ocrx_word' id='word_1_188' title='bbox 542 3003 605 3068; x_wconf 92' lang='lat' dir='ltr'>illis</span> <span class='ocrx_word' id='word_1_189' title='bbox 632 3002 773 3068; x_wconf 90' lang='lat' dir='ltr'>scientiis</span> <span class='ocrx_word' id='word_1_190' title='bbox 802 3001 849 3067; x_wconf 91' lang='lat' dir='ltr'>uti</span> <span class='ocrx_word' id='word_1_191' title='bbox 880 3002 1078 3078; x_wconf 88' lang='lat' dir='ltr'>necessario,</span> <span class='ocrx_word' id='word_1_192' title='bbox 1100 3013 1132 3069; x_wconf 93' lang='lat' dir='ltr'>et</span> <span class='ocrx_word' id='word_1_193' title='bbox 1161 3011 1247 3067; x_wconf 89' lang='lat' dir='ltr'>tam·</span> <span class='ocrx_word' id='word_1_194' title='bbox 1299 3028 1304 3040; x_wconf 93' lang='lat'><em>·</em></span> 
     </span>
     <span class='ocr_line' id='line_1_26' title="bbox 123 3105 1247 3195; baseline 0.003 -20"><span class='ocrx_word' id='word_1_195' title='bbox 123 3127 225 3192; x_wconf 90' lang='lat' dir='ltr'>quarn</span> <span class='ocrx_word' id='word_1_196' title='bbox 245 3109 482 3194; x_wconf 91' lang='lat' dir='ltr'>superioribus,</span> <span class='ocrx_word' id='word_1_197' title='bbox 503 3120 541 3177; x_wconf 91' lang='lat' dir='ltr'>ut</span> <span class='ocrx_word' id='word_1_198' title='bbox 557 3110 678 3176; x_wconf 89' lang='lat' dir='ltr'>scilicet</span> <span class='ocrx_word' id='word_1_199' title='bbox 696 3110 740 3175; x_wconf 90' lang='lat' dir='ltr'>illi</span> <span class='ocrx_word' id='word_1_200' title='bbox 760 3105 971 3194; x_wconf 86' lang='lat' dir='ltr'>suppeditent</span> <span class='ocrx_word' id='word_1_201' title='bbox 989 3110 1142 3193; x_wconf 81' lang='lat' dir='ltr'>quaedam</span> <span class='ocrx_word' id='word_1_202' title='bbox 1163 3109 1247 3195; x_wconf 91' lang='lat' dir='ltr'>prin·</span> 
     </span>
     <span class='ocr_line' id='line_1_27' title="bbox 123 3199 824 3305; baseline 0.004 -25"><span class='ocrx_word' id='word_1_203' title='bbox 123 3215 233 3300; x_wconf 84' lang='lat' dir='ltr'>cipia»</span> <span class='ocrx_word' id='word_1_204' title='bbox 252 3214 316 3305; x_wconf 78' lang='lat'><strong>(3).</strong></span> <span class='ocrx_word' id='word_1_205' title='bbox 358 3268 362 3274; x_wconf 55' lang='grc'>,</span> <span class='ocrx_word' id='word_1_206' title='bbox 818 3199 824 3209; x_wconf 70' lang='grc'>’</span> 
     </span>
    </p>

    <p class='ocr_par' dir='ltr' id='par_1_7' title="bbox 123 3323 1245 4056">
     <span class='ocr_line' id='line_1_28' title="bbox 192 3323 1245 3409; baseline 0.002 -17"><span class='ocrx_word' id='word_1_207' title='bbox 192 3331 296 3409; x_wconf 83' lang='lat' dir='ltr'>Resp.</span> <span class='ocrx_word' id='word_1_208' title='bbox 316 3344 387 3409; x_wconf 84' lang='lat' dir='ltr'>neg.</span> <span class='ocrx_word' id='word_1_209' title='bbox 409 3335 514 3392; x_wconf 90' lang='lat' dir='ltr'>antec.</span> <span class='ocrx_word' id='word_1_210' title='bbox 535 3324 645 3390; x_wconf 76' lang='lat' dir='ltr'>«Nam</span> <span class='ocrx_word' id='word_1_211' title='bbox 675 3334 756 3390; x_wconf 91' lang='lat' dir='ltr'>tunc</span> <span class='ocrx_word' id='word_1_212' title='bbox 774 3325 884 3390; x_wconf 92' lang='lat' dir='ltr'>solum</span> <span class='ocrx_word' id='word_1_213' title='bbox 904 3342 968 3390; x_wconf 93' lang='lat' dir='ltr'>una</span> <span class='ocrx_word' id='word_1_214' title='bbox 991 3323 1123 3390; x_wconf 89' lang='lat' dir='ltr'>scientia</span> <span class='ocrx_word' id='word_1_215' title='bbox 1142 3326 1245 3394; x_wconf 89' lang='lat' dir='ltr'>sumit</span> 
     </span>
     <span class='ocr_line' id='line_1_29' title="bbox 124 3431 1242 3516; baseline 0.004 -21"><span class='ocrx_word' id='word_1_216' title='bbox 124 3431 278 3516; x_wconf 89' lang='lat' dir='ltr'>principia</span> <span class='ocrx_word' id='word_1_217' title='bbox 294 3451 353 3498; x_wconf 93' lang='lat' dir='ltr'>sua</span> <span class='ocrx_word' id='word_1_218' title='bbox 367 3433 408 3498; x_wconf 89' lang='lat' dir='ltr'>ab</span> <span class='ocrx_word' id='word_1_219' title='bbox 423 3435 522 3498; x_wconf 90' lang='lat' dir='ltr'>altera</span> <span class='ocrx_word' id='word_1_220' title='bbox 539 3442 710 3516; x_wconf 90' lang='lat' dir='ltr'>tamquam</span> <span class='ocrx_word' id='word_1_221' title='bbox 725 3451 744 3496; x_wconf 94' lang='lat' dir='ltr'>a</span> <span class='ocrx_word' id='word_1_222' title='bbox 757 3431 922 3515; x_wconf 87' lang='lat' dir='ltr'>superiore</span> <span class='ocrx_word' id='word_1_223' title='bbox 932 3441 970 3498; x_wconf 92' lang='lat' dir='ltr'>et</span> <span class='ocrx_word' id='word_1_224' title='bbox 984 3449 1025 3496; x_wconf 90' lang='lat' dir='ltr'>ex</span> <span class='ocrx_word' id='word_1_225' title='bbox 1040 3433 1242 3510; x_wconf 82' lang='lat' dir='ltr'>necessitate,</span> 
     </span>
     <span class='ocr_line' id='line_1_30' title="bbox 124 3537 1244 3625; baseline 0.002 -21"><span class='ocrx_word' id='word_1_226' title='bbox 124 3540 257 3621; x_wconf 90' lang='lat' dir='ltr'>quando</span> <span class='ocrx_word' id='word_1_227' title='bbox 288 3559 407 3607; x_wconf 90' lang='lat' dir='ltr'>omnes</span> <span class='ocrx_word' id='word_1_228' title='bbox 437 3542 508 3625; x_wconf 89' lang='lat' dir='ltr'>ejus</span> <span class='ocrx_word' id='word_1_229' title='bbox 540 3540 681 3606; x_wconf 86' lang='lat' dir='ltr'>scientiae</span> <span class='ocrx_word' id='word_1_230' title='bbox 713 3537 940 3605; x_wconf 90' lang='lat' dir='ltr'>conclusiones</span> <span class='ocrx_word' id='word_1_231' title='bbox 973 3539 1173 3606; x_wconf 90' lang='lat' dir='ltr'>reducuntur</span> <span class='ocrx_word' id='word_1_232' title='bbox 1203 3541 1244 3606; x_wconf 87' lang='lat' dir='ltr'>ad</span> 
     </span>
     <span class='ocr_line' id='line_1_31' title="bbox 123 3646 1244 3731; baseline 0.001 -19"><span class='ocrx_word' id='word_1_233' title='bbox 123 3648 320 3715; x_wconf 90' lang='lat' dir='ltr'>assertiones</span> <span class='ocrx_word' id='word_1_234' title='bbox 339 3647 471 3715; x_wconf 90' lang='lat' dir='ltr'>alterius</span> <span class='ocrx_word' id='word_1_235' title='bbox 489 3657 658 3731; x_wconf 90' lang='lat' dir='ltr'>tamquam</span> <span class='ocrx_word' id='word_1_236' title='bbox 684 3647 724 3713; x_wconf 90' lang='lat' dir='ltr'>ad</span> <span class='ocrx_word' id='word_1_237' title='bbox 747 3647 919 3731; x_wconf 90' lang='lat' dir='ltr'>principia,</span> <span class='ocrx_word' id='word_1_238' title='bbox 940 3646 984 3712; x_wconf 90' lang='lat' dir='ltr'>ita</span> <span class='ocrx_word' id='word_1_239' title='bbox 1008 3654 1045 3711; x_wconf 93' lang='lat' dir='ltr'>ut</span> <span class='ocrx_word' id='word_1_240' title='bbox 1067 3648 1244 3714; x_wconf 90' lang='lat' dir='ltr'>consistere</span> 
     </span>
     <span class='ocr_line' id='line_1_32' title="bbox 124 3753 1245 3840; baseline 0.001 -20"><span class='ocrx_word' id='word_1_241' title='bbox 124 3768 268 3838; x_wconf 88' lang='lat' dir='ltr'>nequeat</span> <span class='ocrx_word' id='word_1_242' title='bbox 296 3757 478 3823; x_wconf 89' lang='lat' dir='ltr'>secundum</span> <span class='ocrx_word' id='word_1_243' title='bbox 507 3774 542 3821; x_wconf 91' lang='lat' dir='ltr'>se</span> <span class='ocrx_word' id='word_1_244' title='bbox 568 3755 640 3820; x_wconf 90' lang='lat' dir='ltr'>talis</span> <span class='ocrx_word' id='word_1_245' title='bbox 667 3753 818 3830; x_wconf 90' lang='lat' dir='ltr'>scientia,</span> <span class='ocrx_word' id='word_1_246' title='bbox 847 3755 908 3820; x_wconf 92' lang='lat' dir='ltr'>nisi</span> <span class='ocrx_word' id='word_1_247' title='bbox 934 3753 1054 3820; x_wconf 92' lang='lat' dir='ltr'>talibus</span> <span class='ocrx_word' id='word_1_248' title='bbox 1082 3753 1245 3840; x_wconf 91' lang='lat' dir='ltr'>principiis</span> 
     </span>
     <span class='ocr_line' id='line_1_33' title="bbox 124 3861 1243 3945; baseline 0 -17"><span class='ocrx_word' id='word_1_249' title='bbox 124 3862 258 3930; x_wconf 86' lang='lat' dir='ltr'>nitatur.</span> <span class='ocrx_word' id='word_1_250' title='bbox 279 3863 364 3940; x_wconf 86' lang='lat' dir='ltr'>Quia</span> <span class='ocrx_word' id='word_1_251' title='bbox 376 3862 530 3929; x_wconf 89' lang='lat' dir='ltr'>nimirum</span> <span class='ocrx_word' id='word_1_252' title='bbox 544 3863 649 3929; x_wconf 90' lang='lat' dir='ltr'>nullas</span> <span class='ocrx_word' id='word_1_253' title='bbox 662 3861 888 3928; x_wconf 90' lang='lat' dir='ltr'>conclusiones</span> <span class='ocrx_word' id='word_1_254' title='bbox 906 3861 1017 3937; x_wconf 82' lang='lat' dir='ltr'>infert,</span> <span class='ocrx_word' id='word_1_255' title='bbox 1036 3863 1186 3945; x_wconf 84' lang='lat' dir='ltr'>nisiquae</span> <span class='ocrx_word' id='word_1_256' title='bbox 1202 3881 1243 3928; x_wconf 88' lang='lat' dir='ltr'>ex</span> 
     </span>
     <span class='ocr_line' id='line_1_34' title="bbox 125 3969 1244 4056; baseline 0 -22"><span class='ocrx_word' id='word_1_257' title='bbox 125 3970 246 4037; x_wconf 90' lang='lat' dir='ltr'>talibus</span> <span class='ocrx_word' id='word_1_258' title='bbox 266 3971 431 4056; x_wconf 88' lang='lat' dir='ltr'>principiis</span> <span class='ocrx_word' id='word_1_259' title='bbox 449 3970 642 4056; x_wconf 91' lang='lat' dir='ltr'>procedant;</span> <span class='ocrx_word' id='word_1_260' title='bbox 665 3979 703 4036; x_wconf 90' lang='lat' dir='ltr'>ut</span> <span class='ocrx_word' id='word_1_261' title='bbox 720 3969 871 4036; x_wconf 89' lang='lat' dir='ltr'>videmus</span> <span class='ocrx_word' id='word_1_262' title='bbox 898 3970 930 4036; x_wconf 91' lang='lat' dir='ltr'>in</span> <span class='ocrx_word' id='word_1_263' title='bbox 955 3969 1096 4035; x_wconf 89' lang='lat' dir='ltr'>scientiis</span> <span class='ocrx_word' id='word_1_264' title='bbox 1116 3969 1244 4055; x_wconf 90' lang='lat' dir='ltr'>proprie</span> 
     </span>
    </p>
   </div>
   <div class='ocr_carea' id='block_1_4' title="bbox 122 4074 1355 4161">
    <p class='ocr_par' dir='ltr' id='par_1_8' title="bbox 122 4074 1355 4161">
     <span class='ocr_line' id='line_1_35' title="bbox 122 4074 1355 4161; baseline -0.002 -17"><span class='ocrx_word' id='word_1_265' title='bbox 122 4078 366 4146; x_wconf 84' lang='lat' dir='ltr'>subalternatis.</span> <span class='ocrx_word' id='word_1_266' title='bbox 388 4077 420 4144; x_wconf 87' lang='lat' dir='ltr'>Si</span> <span class='ocrx_word' id='word_1_267' title='bbox 439 4087 549 4144; x_wconf 90' lang='lat' dir='ltr'>autem</span> <span class='ocrx_word' id='word_1_268' title='bbox 570 4080 690 4144; x_wconf 90' lang='lat' dir='ltr'>multas</span> <span class='ocrx_word' id='word_1_269' title='bbox 713 4077 790 4144; x_wconf 90' lang='lat' dir='ltr'>alias</span> <span class='ocrx_word' id='word_1_270' title='bbox 816 4074 1042 4143; x_wconf 91' lang='lat' dir='ltr'>conclusiones</span> <span class='ocrx_word' id='word_1_271' title='bbox 1066 4077 1168 4161; x_wconf 88' lang='lat' dir='ltr'>possit</span> <span class='ocrx_word' id='word_1_272' title='bbox 1188 4077 1245 4142; x_wconf 91' lang='lat' dir='ltr'>ha·</span> <span class='ocrx_word' id='word_1_273' title='bbox 1351 4095 1355 4102; x_wconf 62' lang='lat'><strong><em>⁴</em></strong></span> 
     </span>
    </p>
   </div>
   <div class='ocr_carea' id='block_1_5' title="bbox 122 4183 1244 4380">
    <p class='ocr_par' dir='ltr' id='par_1_9' title="bbox 122 4183 1244 4380">
     <span class='ocr_line' id='line_1_36' title="bbox 122 4183 1244 4271; baseline 0.001 -21"><span class='ocrx_word' id='word_1_274' title='bbox 122 4186 201 4250; x_wconf 90' lang='lat' dir='ltr'>bere</span> <span class='ocrx_word' id='word_1_275' title='bbox 233 4186 366 4252; x_wconf 89' lang='lat' dir='ltr'>scientia</span> <span class='ocrx_word' id='word_1_276' title='bbox 398 4185 560 4271; x_wconf 89' lang='lat' dir='ltr'>quaepiam</span> <span class='ocrx_word' id='word_1_277' title='bbox 590 4205 631 4251; x_wconf 88' lang='lat' dir='ltr'>ex</span> <span class='ocrx_word' id='word_1_278' title='bbox 660 4183 821 4269; x_wconf 86' lang='lat' dir='ltr'>principiis</span> <span class='ocrx_word' id='word_1_279' title='bbox 846 4183 1044 4268; x_wconf 89' lang='lat' dir='ltr'>quibusdam</span> <span class='ocrx_word' id='word_1_280' title='bbox 1074 4183 1144 4250; x_wconf 91' lang='lat' dir='ltr'>aliis</span> <span class='ocrx_word' id='word_1_281' title='bbox 1176 4184 1244 4251; x_wconf 89' lang='lat' dir='ltr'>suis</span> 
     </span>
     <span class='ocr_line' id='line_1_37' title="bbox 122 4291 1244 4380; baseline -0.001 -21"><span class='ocrx_word' id='word_1_282' title='bbox 122 4293 279 4380; x_wconf 90' lang='lat' dir='ltr'>propriis;</span> <span class='ocrx_word' id='word_1_283' title='bbox 308 4292 444 4360; x_wconf 88' lang='lat' dir='ltr'>minime</span> <span class='ocrx_word' id='word_1_284' title='bbox 474 4303 553 4359; x_wconf 88' lang='lat' dir='ltr'>tunc</span> <span class='ocrx_word' id='word_1_285' title='bbox 581 4292 735 4379; x_wconf 88' lang='lat' dir='ltr'>pendebit</span> <span class='ocrx_word' id='word_1_286' title='bbox 753 4293 794 4357; x_wconf 94' lang='lat' dir='ltr'>ab</span> <span class='ocrx_word' id='word_1_287' title='bbox 816 4293 877 4358; x_wconf 90' lang='lat' dir='ltr'>alia</span> <span class='ocrx_word' id='word_1_288' title='bbox 895 4291 1028 4358; x_wconf 91' lang='lat' dir='ltr'>scientia</span> <span class='ocrx_word' id='word_1_289' title='bbox 1047 4295 1205 4377; x_wconf 84' lang='lat' dir='ltr'>tamquam</span> <span class='ocrx_word' id='word_1_290' title='bbox 1224 4312 1244 4358; x_wconf 85' lang='lat' dir='ltr'>a</span> 
     </span>
    </p>
   </div>
   <div class='ocr_carea' id='block_1_6' title="bbox 120 4487 378 4504">
    <p class='ocr_par' dir='ltr' id='par_1_10' title="bbox 120 4487 378 4504">
     <span class='ocr_line' id='line_1_38' title="bbox 120 4487 378 4504; baseline -0.019 0"><span class='ocrx_word' id='word_1_291' title='bbox 120 4487 378 4504; x_wconf 51' lang='grc' dir='ltr'><strong>μ</strong></span> 
     </span>
    </p>
   </div>
   <div class='ocr_carea' id='block_1_7' title="bbox 143 4560 523 4817">
    <p class='ocr_par' dir='ltr' id='par_1_11' title="bbox 143 4560 523 4817">
     <span class='ocr_line' id='line_1_39' title="bbox 143 4560 523 4635; baseline 0 -15"><span class='ocrx_word' id='word_1_292' title='bbox 143 4568 200 4632; x_wconf 74' lang='grc' dir='ltr'>’(ι)</span> <span class='ocrx_word' id='word_1_293' title='bbox 235 4563 323 4635; x_wconf 78' lang='lat' dir='ltr'>Apud</span> <span class='ocrx_word' id='word_1_294' title='bbox 337 4560 523 4633; x_wconf 87' lang='lat' dir='ltr'>Valent.‚&#39;ib.</span> 
     </span>
     <span class='ocr_line' id='line_1_40' title="bbox 160 4651 471 4724; baseline -0.003 -14"><span class='ocrx_word' id='word_1_295' title='bbox 160 4653 200 4724; x_wconf 88' lang='lat'>(2)</span> <span class='ocrx_word' id='word_1_296' title='bbox 235 4651 385 4722; x_wconf 84' lang='lat' dir='ltr'>Valentia,</span> <span class='ocrx_word' id='word_1_297' title='bbox 400 4651 471 4710; x_wconf 88' lang='lat' dir='ltr'>ibid.</span> 
     </span>
     <span class='ocr_line' id='line_1_41' title="bbox 160 4741 518 4817; baseline -0.028 -7"><span class='ocrx_word' id='word_1_298' title='bbox 160 4748 200 4816; x_wconf 88' lang='lat'>(3)</span> <span class='ocrx_word' id='word_1_299' title='bbox 236 4742 325 4817; x_wconf 84' lang='lat' dir='ltr'>Apud</span> <span class='ocrx_word' id='word_1_300' title='bbox 338 4741 518 4812; x_wconf 87' lang='lat' dir='ltr'>Valent.,ib.</span> 
     </span>
    </p>
   </div>
   <div class='ocr_carea' id='block_1_8' title="bbox 0 0 1750 5525">
    <p class='ocr_par' dir='ltr' id='par_1_12' title="bbox 0 0 1750 5525">
     <span class='ocr_line' id='line_1_42' title="bbox 0 0 1750 5525; baseline 0 0"><span class='ocrx_word' id='word_1_301' title='bbox 0 0 1750 5525; x_wconf 95' lang='lat' dir='ltr'> </span> 
     </span>
    </p>
   </div>
  </div>
 </body>
</html>
