3492 5525
263 509 379 575 Anne.
396 522 458 592 ’μ’
485 509 582 572 Aule
599 492 1028 572 onrsronssrsnnmonun
1114 523 1171 594 153

117 693 187 758 duo
200 699 349 758 extrema
370 689 524 775 positiva.
543 707 619 775 quoe
631 689 784 774 quamvis
800 689 886 757 inter
904 710 941 757 se
959 689 1154 767 dissideant,
1170 709 1249 759 con·
1332 739 1335 744 -

117 800 257 867 veniunt
274 809 387 864 tamen
401 817 467 865 non
479 798 636 865 solumin
651 814 805 882 suprema
820 799 904 865 entis
926 797 1065 875 ratione,
1079 799 1247 866 sedetiam

117 909 152 974 in
171 907 234 974 alia
253 908 360 994 magis
381 914 563 983 contracta,
594 913 631 971 ut
652 903 783 972 scientia
808 915 841 972 et
869 923 963 971 error
987 906 1189 973 conveniunt
1214 907 1248 974 in

118 1035 240 1101 genere
254 1015 379 1082 babitus
396 1013 632 1091 intellectualis,
644 1013 748 1080 virius
761 1022 793 1080 et
808 1013 920 1080 vilium
935 1013 969 1080 in
983 1033 1102 1099 genere
1120 1015 1249 1082 moratu

119 1124 259 1203 ladon,
275 1132 309 1191 et
326 1126 446 1190 condor
464 1141 500 1188 ac
514 1123 643 1206 nigredo
662 1121 695 1189 in
710 1140 828 1209 genere
846 1120 1009 1208 qualitatis
1026 1121 1182 1189 sensibiles
1200 1124 1249 1189 vi·

118 1228 298 1320 saalum).
337 1301 344 1316 ¹

187 1339 347 1406 Dicuntur
356 1339 515 1406 contraria
529 1338 664 1404 noxiora
673 1329 807 1415 ditare,
819 1337 972 1404 distantia
982 1356 1049 1405 non
1065 1338 1174 1414 locali,
1190 1339 1249 1404 sed

120 1446 318 1514 diversitatis
329 1446 478 1513 essentiae
489 1465 526 1512 ac
534 1435 794 1529 naturae,neque
805 1445 1157 1522 absolute,sed-solum
1166 1446 1248 1511 intra

120 1564 249 1622 certum
260 1555 427 1632 ordinem,
442 1563 606 1638 quatenus
618 1553 681 1621 sub
691 1571 810 1639 genere
825 1553 898 1630 illo,
910 1554 950 1619 ad
965 1551 1056 1638 quod
1067 1553 1245 1638 pertinent,
1358 1565 1362 1570 ·

120 1664 199 1730 nihil
216 1665 258 1730 sit
274 1662 379 1749 magis
401 1661 568 1728 diversum
583 1669 696 1758 natura
708 1679 766 1728 seu
781 1660 939 1738 essentia,
962 1661 1246 1744 quemadmodum

118 1771 184 1837 sub
215 1788 335 1857 genere
367 1771 514 1836 colorum
555 1769 632 1836 nihil
665 1769 764 1836 distat
800 1769 906 1854 magis
936 1785 1037 1852 quam
1069 1769 1180 1835 oldcdo
1213 1773 1248 1834 et

118 1879 246 1963 nigredo
259 1874 324 1966 (2).

186 1985 349 2053 Dicuntur
360 1985 533 2070 contraria,
547 2003 617 2069 quo
628 1983 766 2050 vicisim
780 1983 892 2049 insunt
901 1983 1002 2051 erdem
1009 1984 1146 2072 subjecto
1159 2002 1249 2068 aquo

118 2097 228 2160 omino
248 2095 465 2176 capellaniam
490 2092 566 2177 quia
586 2092 752 2176 oppositio
774 2092 936 2158 contraria
954 2092 1083 2176 proprie
1105 2094 1191 2158 inest
1213 2091 1247 2157 in

118 2202 250 2277 formis,
264 2219 339 2286 quae
363 2199 506 2268 insident
527 2201 675 2286 subjecto
698 2200 825 2266 illarum
838 2198 1103 2284 recipiendarum
1122 2199 1245 2285 capaci3

117 2329 197 2377 cum
209 2329 287 2376 vero
300 2312 414 2375 formae
429 2311 512 2376 inter
524 2328 559 2376 se
569 2311 787 2385 reluctentur,
806 2318 924 2374 mutuo
937 2307 1072 2392 seipsas
1086 2309 1248 2393 expellere

116 2439 135 2483 a
160 2417 309 2504 subjecto
331 2435 464 2483 necesse
483 2427 551 2494 est,
575 2416 722 2500 illudque
740 2415 833 2502 proin
857 2414 1033 2483 informare
1057 2415 1156 2482 simul
1181 2433 1246 2482 non

116 2534 287 2612 potemnt,
303 2525 362 2591 sed
373 2525 558 2591 successive
576 2543 636 2590 seu
651 2523 809 2590 vicissim.
858 2569 861 2576 ,

186 2632 272 2699 Sunt
300 2631 512 2699 nihilominus
525 2632 681 2699 nonnulla
695 2621 866 2716 subjecta,
884 2650 960 2716 quae
979 2628 1080 2700 un'am
1100 2633 1249 2699 elormis

114 2739 285 2808 contrariis
300 2739 488 2806 naturaliter
501 2740 660 2816 habeant,
676 2740 962 2823 quemadmodum
977 2759 1097 2807 corvus
1110 2737 1249 2828 nigredi-

115 2868 213 2926 nem,
234 2867 271 2915 ac
289 2848 494 2915 dulcedinem
517 2849 722 2929 saccharum3
743 2848 834 2931 quod
856 2848 912 2914 ubi
935 2848 1115 2934 contingit,
1133 2849 1248 2933 nequit

114 2958 185 3023 dari
204 2957 393 3025 naturaliter
410 2975 449 3022 ea
466 2956 645 3023 formarum
664 2958 899 3022 contrariarum
919 2954 980 3023 sibi
999 2955 1247 3024 succedentium

114 3063 308 3133 vicissitudo
322 3074 423 3147 atque
436 3064 597 3150 expulsio.
621 3062 830 3149 Quapropter
851 3062 961 3129 addita
980 3076 1061 3133 sunt
1080 3066 1114 3132 in
1132 3063 1250 3131 desmi-

115 3173 207 3240 tione
222 3172 273 3238 illa
286 3172 402 3239 verba:
419 3170 485 3238 nisi
495 3173 629 3238 ollarum
645 3189 752 3238 comm
764 3170 845 3237 insit
857 3188 880 3237 o
892 3175 1010 3238 notura
1028 3168 1093 3261 (3).

184 3278 353 3346 Contraria
376 3278 476 3345 dividi
494 3279 602 3345 solent
625 3278 659 3344 in
683 3278 818 3345 medulo
839 3286 941 3365 atque
963 3278 1154 3345 immediato.
1180 3280 1249 3346 Me-

111 3388 201 3455 diata
222 3398 318 3465 sunt,
339 3406 416 3471 quae
436 3387 582 3453 medium
605 3386 744 3463 habent,
768 3405 911 3471 quorum
935 3388 1072 3472 proinde
1091 3398 1247 3455 neutrum

111 3514 251 3563 necesse
269 3502 320 3563 est
329 3494 459 3578 proprio
471 3494 606 3589 neg'ccto
619 3496 787 3572 inhaerere,
805 3494 864 3562 nisi
880 3496 1019 3562 alterum
1039 3514 1155 3562 eorum
1170 3497 1247 3586 insit

109 3626 129 3669 a
149 3611 284 3681 natura,
301 3604 392 3669 velut
404 3604 514 3669 albedo
527 3612 560 3669 et
573 3602 702 3687 nigredo
717 3613 867 3689 respectu
882 3604 1044 3687 corporis;
1061 3614 1141 3671 sunt
1156 3605 1245 3671 enim

109 3730 252 3798 corpora
269 3710 441 3795 utriusque
455 3710 598 3797 capacia,
617 3720 650 3777 et
669 3710 882 3779 nihilominus
896 3712 1070 3796 utriusque
1084 3714 1245 3797 expertia.

180 3818 351 3886 Contraria
365 3817 554 3886 immediata
572 3828 667 3896 sunt,
691 3838 860 3904 «quorum
885 3820 1024 3887 alterum
1041 3838 1175 3887 necesse
1196 3830 1247 3889 est

108 3930 223 3995 inesse
234 3926 366 4011 proprio
382 3928 535 4015 subjecto,
556 3936 612 3994 aut
626 3928 668 3993 de
686 3928 802 3993 eodem
825 3928 1008 4013 praedicari,
1026 3938 1063 3997 ut
1077 3929 1200 3995 unitos
1213 3939 1248 3995 et

107 4036 241 4103 morbus
263 4024 413 4121 respectu
434 4032 630 4113 animalis,»
651 4043 683 4102 et
692 4042 756 4117 par
774 4044 807 4102 et
821 4037 924 4119 impar
939 4045 1087 4121 respectu
1103 4038 1244 4115 numeri,

107 4146 258 4211 iniustas
276 4144 328 4209 vel
351 4142 528 4211 inhonestos
550 4151 701 4229 respectu
721 4152 812 4211 actus
831 4144 935 4213 liberi.
959 4144 1117 4237 «Dictum
1138 4154 1189 4211 est
1211 4143 1245 4211 in

144 4450 212 4547 (¹).
230 4443 310 4502 Vide
329 4442 439 4504 Suerea
460 4445 626 4521 Metopdys.
647 4445 725 4519 disp.
740 4464 790 4520 45,
807 4459 876 4506 sect.
893 4468 924 4518 a,
941 4468 971 4507 n.
984 4466 1048 4523 3·9;
1063 4448 1243 4510 Conimbric.

107 4538 406 4695 leaenam&
425 4623 476 4696 ib.,
488 4638 519 4685 et
533 4623 621 4684 Suar.
638 4624 677 4686 ib.
690 4645 720 4686 n.
736 4648 821 4701 9·13,
837 4628 888 4686 ubi
903 4626 1002 4689 omnia
1016 4628 1133 4707 egregie
1147 4628 1246 4690 decia·

108 4728 320 4879 agitium.
336 4804 376 4863 ib.
390 4824 420 4864 n.
439 4806 539 4880 13-16,
553 4819 584 4866 et
597 4805 752 4868 Conimbr.
768 4808 822 4867 loe.
837 4806 890 4868 cit.

1308 3322 1422 3368 Contraria

1275 3394 1372 3441 mediata
1382 3404 1449 3452 atque

1298 3466 1433 3514 immediate.
