3492 5525
555 456 612 521 282
744 456 870 523 Locren
892 454 1141 529 Μιιιοιι-ὓιει,
1166 470 1212 520 2.·
1234 456 1311 521 Cur.
1337 468 1408 539 ψ’

514 642 559 707 ad
584 640 804 725 oppositionem
829 638 1047 725 offinnatr'onis
1080 642 1115 705 et
1144 640 1330 727 negationis,
1364 643 1536 719 secundun
1556 646 1639 723 pror·

513 748 611 815 messa
628 745 692 835 (ι).

581 856 727 922 Tandem
746 856 935 923 subalterna
952 864 1085 923 nonest
1102 856 1229 941 proprie
1244 856 1426 942 oppositio,
1443 876 1518 923 cum
1533 856 1640 923 ambre
1733 839 1734 925 5

515 964 710 1029 subalterna²
726 964 852 1048 possint
866 982 952 1031 verae
967 965 1066 1030 simul
1081 982 1153 1030 esse
1172 983 1208 1030 ac
1223 965 1327 1040 salsae,
1349 964 1416 1030 imo
1430 964 1547 1031 veritas
1562 964 1642 1031 sub-
1733 1012 1734 1043 2

515 1070 702 1139 alternantis
730 1072 846 1139 inierat
872 1071 1042 1138 veritatem
1070 1072 1315 1148 subalternatee,
1341 1091 1378 1138 ac
1405 1072 1526 1139 salsitas
1544 1074 1640 1158 hujus

515 1178 601 1244 illius
628 1179 816 1250 falsitatem.
836 1178 946 1255 Qua're
975 1181 1169 1248 subalterne
1192 1181 1301 1246 solum
1329 1180 1482 1247 videntur
1500 1180 1640 1247 'relative

516 1285 661 1362 differre,
680 1287 766 1353 sicut
785 1306 945 1373 magnum
965 1295 997 1360 et
1015 1306 1167 1371 parvum.

581 1371 665 1470 Ouae
684 1414 759 1461 cum
779 1395 823 1460 ita
854 1395 920 1462 sint
938 1396 1046 1481 plures
1064 1403 1212 1462 auctores
1234 1394 1379 1463 strictam
1403 1396 1575 1463 dumtaxat
1607 1404 1639 1461 et

515 1503 678 1587 propriam
697 1505 850 1572 volentes
864 1503 1107 1588 oppositionem
1122 1502 1274 1596 definire,
1295 1503 1383 1569 illam
1400 1504 1551 1591 dixerunt
1569 1522 1639 1569 esse

515 1610 755 1695 repugnantiam
763 1613 933 1697 formalem
950 1614 1087 1677 duorum
1100 1586 1362 1694 propositionum,
1385 1614 1505 1678 eosdem
1527 1612 1641 1677 habnt·
1733 1682 1734 1701 ¹

517 1718 595 1785 tium
604 1719 762 1797 terminos,
776 1723 945 1786 secundum
955 1718 1229 1803 offimrationemel
1239 1719 1443 1804 negationem,
1458 1720 1638 1793 autetiam,

515 1829 687 1893 secundum
703 1828 864 1894 veriorem
882 1827 1137 1914 falsitatemque>
1158 1843 1223 1911 qua
1239 1826 1430 1893 definitione
1453 1846 1518 1894 non
1537 1826 1642 1894 conti-

517 1944 613 2001 netur
629 1935 800 2020 oppositio
817 1935 1018 2004 subalterna.
1733 1912 1734 1953 ³

599 2113 618 2206 ᾗ
642 2113 838 2182 ll.-Laoes
857 2130 1045 2181 recurreres
1062 2130 1297 2183 orrosmouuu
1321 2130 1353 2181 ιιι
1371 2130 1554 2189 oursusunu

878 2238 956 2289 runs
981 2238 1274 2289 prorosrrrouruus.

563 2384 637 2451 130.
684 2366 812 2451 Duplex
824 2368 909 2435 solet
928 2386 947 2430 a
967 2362 1092 2451 logicis
1110 2366 1267 2452 distingui
1286 2366 1466 2450 oppositio,
1487 2368 1586 2434 altera
1600 2369 1641 2434 de
1733 2362 1734 2415 ἶ

345 2500 461 2557 oppone
503 2477 612 2563 formo
628 2492 687 2541 seu
715 2477 821 2549 undo,
851 2474 949 2541 altera
972 2474 1013 2539 de
1031 2476 1104 2557 lege.
1132 2473 1305 2557 Oppositio
1328 2474 1369 2539 de
1394 2476 1498 2541 torma
1516 2485 1568 2541 est
1590 2496 1639 2553 ea,
1733 2538 1734 2569 p

313 2575 419 2629 “W'‘
428 2574 487 2622 ‘⁶‘
514 2601 589 2666 quae
606 2591 755 2649 versatur
773 2583 857 2648 inter
885 2580 1125 2666 propositiones
1150 2581 1351 2647 universales
1376 2602 1413 2647 ac
1435 2582 1642 2667 particulares

370 2644 425 2703 mg
513 2692 546 2758 in
561 2691 787 2776 suppositione
807 2682 1013 2757 distributiva
1032 2700 1202 2774 sumptas:
1222 2708 1258 2754 ac
1276 2690 1317 2755 de
1336 2690 1524 2777 hujusmodi
1539 2710 1644 2778 oppo-
1733 2738 1734 2778 p

514 2798 702 2876 sitionibus,
723 2817 863 2883 quarum
883 2799 1041 2885 semrom,
1062 2817 1099 2863 ao
1122 2799 1260 2864 tadulm
1287 2798 1455 2875 dedimus,
1485 2802 1642 2868 hactenus
1733 2887 1734 2890 Ἴ

514 2908 548 2974 in
567 2907 718 2992 praesenti
737 2908 872 2974 articulo
894 2905 1036 2992 egimus.
1056 2907 1152 2973 Nunc
1176 2907 1297 2989 aliquid
1315 2906 1489 2974 dicendum
1509 2909 1550 2974 de
1572 2911 1642 2976 aliis

514 3015 791 3101 oppositionibus,
809 3034 883 3098 quae
903 3013 1013 3099 vigent
1028 3014 1112 3080 inter
1131 3013 1370 3099 propositiones
1393 3016 1525 3083 alterius
1542 3037 1644 3100 gene-
1733 2995 1734 3086 i

515 3126 574 3201 ris,
595 3141 670 3207 quae
688 3125 836 3208 proinde,
858 3121 1013 3207 quamvis
1029 3142 1094 3189 non
1115 3123 1255 3190 habeant
1280 3122 1395 3190 harum
1413 3126 1569 3202 sormam,
1592 3146 1643 3192 se-

515 3241 664 3317 quuntur
680 3240 792 3298 tamen
811 3234 904 3316 legem
928 3233 1074 3310 illarum,
1091 3239 1123 3298 et
1148 3241 1317 3317 propterea
1332 3232 1485 3299 dicuntur
1509 3237 1643 3320 opposi-

515 3340 621 3408 tiones
639 3342 679 3405 αι
697 3341 769 3424 lege.

406 3472 458 3587 ’iro
448 3486 462 3516 ι
558 3456 611 3515 De
623 3452 856 3532 propositione
869 3452 1049 3530 singulari.
1091 3447 1348 3516 Contradictoria
1362 3450 1533 3534 singularis
1547 3452 1644 3516 elior-

339 3628 404 3660 m
444 3557 625 3621 matur
637 3556 705 3622 sola
715 3554 896 3620 mutanone
910 3554 1086 3638 qualitatis
1099 3575 1133 3620 v.
1150 3575 1199 3641 gs
1215 3557 1328 3623 Petrus
1341 3559 1517 3645 estdoclus
1529 3558 1643 3625 Petrus

425 3670 429 3679 '
458 3647 464 3666 ’
514 3681 578 3730 non
594 3643 775 3729 estdoctus
797 3661 834 3729 Et
853 3663 934 3729 ratio
953 3670 1020 3739 est,
1041 3661 1116 3745 quia
1136 3665 1185 3728 lrae
1211 3664 1289 3730 solae
1309 3665 1445 3740 habent,
1462 3665 1511 3731 sin
1531 3666 1643 3732 minus

387 3759 398 3848 ,’
505 3771 660 3857 smmum,
671 3774 758 3837 certe
770 3772 863 3854 legem
872 3769 1209 3847 contradictoriarum
1221 3788 1297 3837 cum
1315 3790 1381 3838 non·
1395 3771 1522 3857 possint
1535 3773 1643 3840 ambae

515 3879 614 3946 simul
632 3897 704 3945 esse
718 3897 805 3944 verae
824 3897 883 3944 nec
901 3880 990 3945 ialsae
1009 3875 1073 3967 (a).
1209 3873 1210 3876 ’

585 3985 690 4052 Simili
710 3984 811 4051 modo
833 3987 993 4052 contraria
1021 3983 1194 4070 singularis
1213 3994 1263 4052 est
1292 3986 1483 4054 universalis
1507 3987 1644 4054 diversae

518 4094 699 4179 qualitatis:
715 4093 830 4175 quales
847 4101 927 4158 sunt
948 4092 1015 4158 lrae:
1036 4093 1149 4159 Petrus
1166 4097 1215 4158 est
1228 4095 1353 4171 doctu,
1369 4097 1477 4162 nullus
1495 4095 1583 4162 horno
1599 4100 1648 4160 est

519 4205 645 4268 danes:
669 4201 756 4280 veh,
770 4200 889 4266 Petrus
914 4203 1196 4278 renaudotus,
1219 4202 1322 4268 omnis
1348 4203 1436 4271 lrorno
1459 4207 1508 4270 est
1520 4205 1642 4278 doctru,

518 4307 631 4384 Ratio,
649 4307 725 4391 quia
744 4307 796 4373 hae
815 4317 976 4394 reguntur
995 4311 1066 4394 lege
1084 4309 1329 4388 contrariarum.

553 4583 593 4645 (ι)
631 4577 699 4638 1..oe
727 4577 776 4637 eit.
806 4576 870 4636 etr
886 4576 923 4635 de
941 4576 1040 4636 haere
1061 4575 1206 4647 Lossada‚
1235 4577 1362 4636 Dialect.
1382 4577 1458 4650 disp.
1478 4599 1507 4652 7,
1536 4597 1601 4649 cap.
1618 4597 1644 4646 2,

519 4688 552 4727 ιι.
569 4685 613 4741 ις,
623 4687 705 4740 seqq.

554 4760 597 4827 (a)
634 4756 801 4828 S..,'l'horn
817 4757 870 4816 loo.
888 4775 959 4829 nup.
975 4754 1034 4825 eit„
1050 4757 1193 4830 peragmrl
