3492 5525
554 471 611 516 ara
743 451 870 517 Loruca
890 446 1142 519 Milton-Drsn.
1169 464 1210 518 r.·
1231 451 1312 518 Cae.
1339 464 1408 538 (Μ

512 639 551 701 ut
572 653 643 701 cum
659 634 811 700 dicimus:
837 639 1026 718 crispitudo
1051 648 1106 702 est
1129 642 1317 704 contractio
1339 641 1541 719 capillorum
1567 631 1632 721 (ι),

512 743 568 808 ubi
577 747 706 826 capilli,
721 741 778 828 qni
788 741 1282 830 sunlsubjectnmcrlspitvdinis,
1293 746 1458 827 ponuntur
1465 744 1532 808 loco
1543 741 1636 824 diffe-

512 849 834 931 rentr'a,·inconcreto
847 849 1505 938 verorequirunlsubjectamlocogeneris,
1523 851 1639 915 etcum

443 1010 447 1019 .
486 983 489 988 ·
512 956 664 1022 dicimus:
678 962 1088 1132 crispumeegtrp
950 963 1054 1040 rllue
1065 971 1262 1026 contractus
1272 955 1336 1046 (a)
1353 958 1397 1024 lta
1410 957 1533 1025 Auctor
1544 956 1638 1023 Sum

513 1082 571 1130 mn
584 1063 679 1132 totius
692 1063 812 1148 logr'ca
821 1063 896 1130 Aris
949 1053 1076 1152 elis()

731 1239 750 1332 ξ
775 1243 828 1311 lV.
834 1244 965 1310 -Moor
986 1259 1199 1310 oesrurrroues
1217 1259 1425 1311 courrcreuor.

361 1427 448 1484 0„st„
561 1402 616 1474 79.
668 1386 796 1470 Duplex
825 1389 963 1454 traditur
990 1389 1040 1452 via
1068 1385 1275 1454 definitiones
1307 1405 1414 1453 rerum
1447 1387 1587 1453 venandi
1621 1407 1639 1450 a

310 1493 495 1548 milium&
517 1495 651 1562 Platone
670 1492 721 1582 (4)
745 1504 778 1559 et
796 1494 970 1561 Aristotele
989 1492 1053 1582 (5),
1073 1513 1158 1578 quos
1177 1495 1290 1579 reliqui
1310 1493 1430 1579 passim
1451 1494 1638 1578 Philosophi

326 1571 474 1619 definitiones:
554 1595 559 1604 ι

305 1896 494 1955 perduceremur,
542 1925 548 1937 .

517 1611 715 1686 sequuntur;
735 1604 835 1667 altera
851 1603 1005 1680 divisiva,
1025 1621 1083 1668 seu
1100 1622 1156 1687 per
1169 1603 1353 1668 diobionem
1371 1612 1429 1667 aut
1446 1605 1639 1683 desomnem·

515 1711 616 1775 altera
632 1710 791 1775 collectiva
813 1728 872 1776 seu
893 1729 950 1794 per
976 1710 1200 1787 collectionem,
1234 1711 1285 1776 vel
1309 1729 1366 1794 per
1383 1728 1557 1776 ascensum.
1579 1712 1640 1775 Per

514 1817 700 1883 divisionem
717 1813 1137 1885 seudcscensuminvenitur
1155 1817 1302 1884 definitio
1320 1819 1381 1883 sic:
1404 1817 1509 1901 primo
1527 1817 1639 1883 decer-

517 1933 622 2003 nitur,
643 1926 685 1992 ad
697 1927 793 2014 ‚quod
820 1926 1109 2010 praedicamentum
1134 1926 1185 1992 vel
1211 1944 1318 2012 genus
1345 1945 1453 1990 rerum
1481 1927 1639 2009 pertineat

517 2052 567 2099 res
586 2032 781 2099 delinienda.
799 2032 960 2100 Dividitur
978 2034 1095 2100 deinde
1114 2033 1192 2099 illud
1207 2033 1341 2100 ulterius
1356 2052 1412 2118 per
1426 2034 1637 2108 differentias,

517 2140 621 2206 donec
636 2141 842 2225 perveniatur
856 2143 897 2206 ad
908 2141 1068 2226 speciem,
1085 2160 1160 2226 quae
1174 2151 1382 2208 convertatur
1393 2159 1450 2206 seu
1466 2142 1640 2224 reciproce-

517 2257 661 2314 turcum
677 2267 727 2324 re,
743 2251 837 2334 cujus
856 2249 1096 2335 investigamus
1109 2248 1345 2316 definitionem.
1362 2248 1414 2315 Sic
1427 2248 1454 2314 si
1470 2249 1639 2315 hominem

519 2356 651 2423 delinire
664 2357 758 2432 volo,
776 2355 944 2441 respiciam
958 2358 1247 2441 predicamentum
1264 2356 1470 2434 substantiae,
1485 2357 1638 2442 adquam
1708 2401 1712 2408 ·

519 2464 630 2549 procul
660 2464 760 2530 dubio
780 2464 919 2547 pertinet
938 2467 1055 2530 homo:
1089 2464 1230 2532 dividam
1255 2464 1470 2531 substantiam
1493 2465 1526 2529 in
1544 2466 1641 2548 spiri-

520 2574 634 2637 tualem
647 2582 679 2637 et
692 2579 883 2655 corpoream.
898 2573 935 2636 Et
949 2575 1051 2638 homo
1065 2571 1199 2657 quidem
1214 2583 1264 2640 est
1275 2573 1456 2638 substantia
1469 2591 1638 2656 corporea3

479 2753 483 2762 ¹
522 2689 718 2746 nontamen
738 2699 795 2766 per
820 2681 853 2747 id
871 2683 980 2746 solum
1010 2681 1088 2746 satis
1116 2679 1283 2755 desinitur,
1305 2681 1381 2765 quia
1406 2692 1483 2747 sunt
1510 2689 1544 2746 et
1569 2680 1639 2746 aliae

521 2788 654 2855 infinitae
669 2789 860 2856 substantiae
875 2806 1040 2874 corporeae
1054 2801 1170 2873 praeter
1182 2790 1364 2871 hominem;
1377 2790 1518 2856 dividere
1529 2790 1640 2873 itaque

521 2896 683 2981 oportebit
721 2897 855 2963 ulterius
889 2916 1077 2982 corpoream
1105 2897 1320 2964 substantiam
1356 2915 1414 2964 seu
1445 2915 1564 2981 corpus
1604 2899 1638 2962 in

519 3004 693 3069 animatum
722 3014 755 3069 et
786 3024 848 3071 non
880 3006 1072 3084 animatum·
1098 3015 1131 3071 et
1157 3005 1274 3070 iterum
1304 2998 1423 3089 corpus
1455 3005 1637 3070 animatum

520 3130 579 3178 seu
598 3110 712 3178 vivens
730 3112 941 3179 dividendum
957 3112 1016 3179 erit
1035 3113 1067 3178 in
1081 3112 1226 3178 semibile
1244 3131 1302 3178 seu
1319 3112 1438 3177 animal
1457 3121 1489 3177 et
1508 3112 1641 3178 insensi-

520 3220 595 3295 bile,
622 3220 699 3304 quia
724 3222 804 3287 ratio
830 3220 970 3287 viventis
996 3220 1109 3305 nequit
1135 3222 1281 3287 converti
1309 3239 1383 3286 cum
1410 3221 1556 3287 homine.
1586 3222 1642 3287 Ob

521 3330 671 3395 eamdem
703 3331 860 3396 rationem
892 3330 1011 3394 animal
1044 3328 1142 3394 dividi
1170 3327 1266 3395 debet
1298 3330 1331 3394 in
1363 3328 1517 3395 ralrbnale
1541 3340 1641 3413 atque
1723 3346 1724 3375 ¹

519 3438 719 3516 irratronale,
751 3439 830 3523 quin
851 3455 983 3503 necesse
1000 3436 1042 3504 sit
1056 3440 1124 3523 jam
1154 3436 1288 3503 ulterius
1310 3439 1484 3521 procedere
1502 3437 1534 3503 in
1559 3440 1644 3505 divi-

520 3546 684 3623 sionibus,
705 3566 781 3613 cum
800 3546 911 3613 statim
939 3547 1067 3614 videam
1093 3544 1216 3611 animal
1239 3544 1391 3611 ratrbnale
1418 3564 1491 3612 esse
1512 3548 1640 3632 justam
1722 3632 1723 3635 Ἴ

520 3664 618 3738 atque
634 3655 836 3738 adaequatam
853 3654 998 3721 hominis
1011 3652 1235 3719 definitionem
1250 3650 1315 3741 (6).
1337 3654 1435 3719 Aliud
1449 3658 1640 3741 exemplum
1722 3636 1723 3653 ¹

520 3762 655 3828 ternarii
668 3763 757 3829 dabit
775 3763 967 3829 Aristoteles
981 3759 1044 3849 (7).

556 3941 597 4013 (1)
632 3940 688 3999 Vel
701 3942 816 4001 similae
829 3956 872 4001 est
894 3942 1025 3999 curvitas
1039 3942 1115 3999 nasi.

555 4036 596 4098 (a)
632 4031 687 4089 Vel
700 4034 807 4090 simum
820 4045 865 4091 eet
879 4052 969 4091 nasus
982 4052 1100 4091 curvus.

555 4129 596 4191 (3)
631 4119 728 4182 Tract.
740 4122 778 4180 de
789 4122 962 4196 interpretat
973 4142 1025 4179 seu
1035 4121 1247 4193 enuntiatam.
1264 4142 1289 4192 ¹3
1303 4118 1366 4180 Cir.
1382 4124 1544 4183 Periberm.
1560 4124 1610 4185 lib.
1628 4148 1637 4185 r

519 4210 584 4268 lect.
597 4218 639 4283 4.¹
652 4226 718 4281 poet
732 4211 860 4270 initium.
1721 4196 1722 4208 ἵ

553 4302 595 4372 (4)
632 4298 665 4359 ln
679 4301 817 4375 Sophiste
830 4316 860 4360 et
873 4300 904 4361 in
920 4302 1044 4359 Phaedro
1057 4314 1085 4361 et
1099 4302 1179 4361 alibi.
1191 4300 1254 4360 Cir.
1269 4300 1422 4371 Alcinous,
1438 4302 1482 4362 De
1496 4303 1641 4365 Doctrina

519 4390 669 4456 Platonis,
684 4412 748 4463 cap.
765 4411 791 4462 5.

556 4484 596 4549 (ς)
633 4478 697 4539 Lib.
713 4500 729 4538 a
743 4482 873 4551 Poeter.,
888 4502 951 4554 cap.
970 4502 1011 4555 14.

552 4568 595 4639 (b)
631 4567 707 4627 Vide
721 4568 811 4629 Arist.
826 4572 876 4630 lib.
891 4592 906 4630 a
921 4574 1081 4631 Posterior.
1091 4616 1098 4643 ,
1109 4592 1172 4646 cap.
1187 4570 1415 4649 14.elr.S.Th.
1432 4573 1503 4635 ibid.
1515 4574 1581 4635 lect.
1596 4598 1640 4651 ης

513 4672 546 4716 et
561 4657 642 4731 Sylr.
659 4660 757 4718 Mauri
770 4660 821 4719 ibi.
838 4661 868 4719 in
884 4663 1041 4721 Commeat.
1057 4676 1127 4722 text.
1147 4685 1188 4738 ¹7·
1261 4692 1266 4701 ·

551 4753 593 4825 (7)
630 4747 715 4821 lbidn
729 4761 759 4811 et
771 4751 952 4813 lucidissime
966 4751 1036 4812 ibid.
1053 4750 1137 4828 Sylv.
1153 4753 1261 4815 Mauri.
