3492 5525
1481 38 1726 130 ,Γ

538 503 598 590 7ςὸ
650 507 774 574 Locren
789 502 1024 583 bition-Lis.
1040 519 1111 583 μ’.
1127 503 1221 574 Drsr.
1239 523 1284 575 a·
1298 505 1380 575 Coe.
1400 523 1468 576 um

564 692 662 774 Quod
680 691 706 760 si
721 691 875 762 'renueret
887 693 1056 762 addiscens
1074 714 1113 762 ea
1125 696 1320 772 concedere,
1340 704 1504 783 oporteret
1518 695 1623 762 iacere

497 801 710 885 werimum,
731 812 762 868 et
786 801 952 888 disputare
978 819 1059 870 num
1079 821 1155 870 vera
1172 803 1256 882 sint,
1277 821 1397 880 necne,
1423 821 1462 869 sc
1486 801 1623 888 proinde

500 924 567 974 non
594 919 729 992 possent
758 909 898 989 interea,
927 920 966 982 ut
992 912 1127 995 planum
1156 919 1223 989 est,
1252 909 1426 997 proteris
1458 907 1624 996 principiis

498 1015 633 1082 assumi.
653 1015 830 1084 Sciendum
857 1037 977 1104 nempe
1003 1027 1070 1096 est,
1095 1037 1174 1086 cum
1193 1019 1337 1104 primum
1364 1017 1440 1102 quis
1456 1015 1621 1084 addiscere

498 1121 627 1207 incipit,
643 1141 715 1191 non
735 1143 832 1210 posse
847 1125 977 1204 omnia,
994 1143 1070 1210 quae
1083 1126 1289 1195 fundamenti
1304 1125 1407 1194 instar
1422 1124 1466 1191 ad
1482 1123 1623 1208 reliquo-

498 1247 571 1296 rum
590 1229 837 1318 intelligentiam
857 1235 1073 1320 supponenda
1091 1242 1187 1312 sunt,
1208 1235 1302 1319 plane
1315 1231 1507 1319 intelligere.
1526 1229 1623 1297 Unde

498 1355 630 1405 necesse
655 1351 723 1417 est,
742 1349 779 1408 ut
798 1340 953 1427 magister
973 1342 1080 1408 tradat
1099 1340 1127 1407 ei
1151 1344 1310 1427 quadarn
1334 1357 1468 1427 quorun
1485 1338 1623 1404 rationes

497 1447 571 1512 lusu
587 1465 658 1516 cuns
667 1447 771 1532 prinu
786 1447 957 1516 instruitur
978 1437 1152 1531 disciputus
1168 1450 1281 1525 nescit,
1304 1447 1382 1515 sciet
1400 1449 1504 1514 muru
1517 1447 1622 1529 postea

491 1551 649 1638 persectm
666 1554 701 1620 in
717 1556 860 1624 srs'entia.
880 1557 924 1623 Et
938 1557 1008 1622 ideo
1023 1555 1159 1633 ds'citur,
1173 1557 1258 1641 quod
1277 1557 1399 1638 oportet
1411 1554 1622 1620 addiscentem

495 1662 637 1744 crederq·
653 1666 688 1728 et
710 1663 806 1738 aliter
817 1649 867 1730 vrat
882 1663 1052 1751 perperim
1072 1663 1234 1730 uienb'un
1246 1662 1411 1746 peruenire
1427 1681 1492 1727 non
1505 1663 1620 1743 posset,

495 1768 562 1834 nisi
581 1769 701 1836 sciis'cet
725 1775 910 1855 supponeret
933 1791 987 1849 ea,
1016 1788 1086 1855 quoe
1109 1753 1175 1836 sibi
1196 1771 1231 1836 in
1255 1769 1413 1854 principio
1434 1769 1617 1842 tumim.

495 1891 628 1960 quorum
646 1877 782 1944 rationes
800 1881 876 1944 tunc
891 1885 1000 1962 capere
1017 1897 1081 1944 non
1090 1882 1193 1961 potest
1207 1873 1273 1966 (t).

357 2066 362 2076 υ
394 2061 422 2074 Η
446 2002 474 2034 ν
561 1981 712 2068 Denique
738 1985 919 2054 notandum
943 1995 995 2052 est
1022 1984 1175 2071 principia
1201 2003 1298 2070 posse
1319 2002 1392 2051 esse
1415 2001 1482 2050 non
1505 1984 1617 2050 solum

400 2073 445 2176 ..ζ
495 2099 598 2168 certa,
618 2093 676 2158 sed
696 2091 793 2158 etiam
807 2091 1005 2177 probabitiu;
1019 2101 1053 2158 et
1067 2091 1257 2178 hujusmodi
1269 2101 1347 2159 sunt
1365 2089 1520 2176 principia
1535 2109 1619 2157 con·

495 2197 678 2266 elusionum
699 2218 789 2266 mere
801 2200 1011 2283 prosarum
1032 2208 1066 2266 et
1088 2198 1319 2286 opinabilium,
1339 2197 1416 2282 quia
1435 2197 1620 2264 conclusio-

497 2323 554 2372 nes
579 2306 785 2392 hujusmodi,
814 2309 986 2393 supposita
1009 2316 1094 2374 reeta
1119 2309 1222 2374 forma
1250 2305 1423 2392 arguendi,
1450 2321 1619 2389 nequeunt

377 2503 381 2510 Ι
495 2411 595 2479 tluere
614 2413 675 2482 nisi
694 2433 734 2481 ex
755 2413 918 2500 principiis
932 2413 1168 2501 probabilibus,
1187 2413 1350 2500 siquidem
1368 2432 1412 2479 ex
1429 2412 1619 2480 noeessuiis

493 2517 543 2604 (in
561 2517 915 2605 quibus'continentur
939 2520 1042 2610 certa)
1066 2522 1182 2606 'nequit
1199 2521 1234 2588 in
1261 2521 1349 2588 bona
1378 2521 1617 2605 consequentia

494 2625 594 2693 liuere
607 2627 819 2715 contingens,
835 2630 877 2698 de
890 2631 984 2716 cujus
1002 2647 1121 2716 genere
1140 2637 1191 2695 est
1210 2628 1376 2712 probabile
1389 2624 1453 2714 (a).
1471 2627 1558 2693 Nam
1579 2647 1619 2692 ex
1725 2694 1726 2707 ,

494 2734 613 2819 duplici
628 2735 731 2822 capite
745 2744 853 2821 potest
867 2736 953 2814 fieri,
975 2745 1012 2803 ut
1029 2735 1193 2803 conclusio
1207 2745 1295 2803 certa
1313 2735 1454 2817 nonsit,
1473 2734 1534 2803 sed
1547 2745 1620 2802 tan·

494 2850 566 2907 tum
587 2844 777 2927 probabilis,
799 2844 905 2929 primo
924 2844 1000 2928 quia
1019 2845 1092 2911 licet
1111 2843 1290 2929 praemissoe
1319 2844 1384 2911 sint
1402 2853 1517 2918 certae,
1539 2861 1619 2908 con·
1723 2889 1724 2922 ,

494 2950 664 3033 sequentia
681 2961 793 3018 tamen
813 2971 880 3019 non
904 2951 946 3018 sit
972 2953 1169 3029 necessaria,
1190 2952 1247 3018 sed
1272 2960 1402 3018 tantum
1426 2949 1615 3035 probabilis,
1722 2981 1723 3010 r

494 3065 527 3123 et
539 3056 695 3136 secundo,
708 3056 784 3144 quia
798 3058 1034 3143 consequentia
1047 3059 1181 3143 quidem
1202 3057 1381 3126 necessaria
1394 3067 1461 3133 est,
1475 3058 1619 3142 praenris·

493 3182 539 3231 sae
557 3184 635 3232 vero
654 3166 783 3233 incertae
802 3186 839 3233 ac
854 3168 1037 3253 probabiles
1054 3168 1239 3236 dumtaxat.
1261 3167 1363 3232 Secus
1386 3164 1617 3231 absurdissime

490 3272 665 3340 dicendum
684 3275 766 3339 toret
784 3292 902 3341 omnes
919 3274 1146 3341 conclusiones
1165 3273 1347 3359 probabiles
1362 3273 1533 3339 continere
1550 3272 1618 3338 illa·
1718 3295 1719 3346 ι

491 3379 615 3447 tionem
634 3379 766 3448 dubiam
794 3390 827 3447 et
844 3380 1014 3449 incertam.
1036 3380 1121 3448 Audi
1150 3380 1363 3467 Angeiicum:
1392 3382 1432 3447 nt
1456 3381 1502 3446 ad
1524 3387 1618 3462 expo
1717 3385 1718 3430 l

490 3490 642 3565 nundum,
662 3488 739 3574 quid
755 3489 800 3555 sit
812 3488 936 3572 opinrir,
955 3490 1131 3577 suq'ungit,
1146 3490 1229 3575 quod
1240 3488 1347 3576 ⁴opinio
1358 3488 1568 3571 estncceptsb,
1585 3488 1620 3550 iri
1715 3473 1718 3600 ζ

490 3726 619 3793 quaetio.
628 3720 664 3787 de
673 3738 729 3793 qun
737 3727 846 3794 oportet
862 3721 1012 3795 disputari
1025 3722 1104 3779 inter
1116 3738 1173 3778 eos.
1182 3720 1327 3791 (rennes
1336 3718 1401 3779 lect.
1413 3739 1456 3792 sq,
1466 3720 1617 3793 peregi.)

469 3820 476 3837 ⁸
490 3808 666 3880 nquinnem
681 3804 815 3881 sequitur
829 3808 979 3885 Sylrestcr
991 3810 1114 3869 Msurus
1124 3809 1301 3881 (Commi.
1314 3809 1366 3869 lib.
1383 3810 1538 3868 1:an
1551 3829 1614 3881 cap.

493 3918 535 3965 rs,
548 3918 578 3957 n.
594 3903 633 3968 a),
653 3898 789 3971 quamvis
807 3899 838 3957 in
861 3898 1080 3982 Quoestionibus
1093 3900 1311 3975 philosophicis
1332 3905 1368 3967 (t.
1393 3921 1418 3970 r,
1439 3912 1547 3973 quest.
1563 3901 1616 3969 ¹16)

491 3985 577 4046 aliter
590 3987 738 4060 loquatur.
1254 4008 1258 4017 ·

523 4077 565 4148 (1)
602 4076 636 4136 S.
649 4076 719 4147 Tin,
733 4078 768 4135 de
786 4077 890 4146 Verit„
912 4098 942 4150 q.
961 4100 1003 4152 14,
1019 4100 1049 4138 a.
1066 4098 1109 4137 ro.
1133 4078 1198 4139 cn.
1221 4078 1332 4151 Opuse.
1358 4080 1395 4137 de
1420 4078 1532 4141 Trisit.
1546 4088 1614 4155 sup.

490 4166 571 4227 ΒΜ.
587 4186 618 4239 q.
635 4188 661 4238 ς,
677 4187 704 4225 a.
723 4188 751 4225 r.

523 4255 565 4327 (a)
602 4253 680 4315 Vide
692 4256 784 4316 Arist.
803 4268 841 4317 s.·
853 4259 1012 4317 Posterior.
1025 4259 1137 4335 anabi.
1151 4278 1215 4332 esp.
1231 4258 1267 4316 26
1276 4257 1327 4327 (al.
1341 4278 1367 4317 c.
1377 4262 1441 4331 33);
1456 4272 1488 4318 et
1499 4278 1567 4332 cap.
1582 4278 1613 4329 ²5

488 4344 538 4412 (sl.
550 4350 614 4419 3²),
627 4344 678 4405 ubi
688 4346 844 4419 doceiduri
853 4346 995 4420 principia
1005 4360 1034 4407 et
1039 4344 1252 4421 propositiones
1263 4346 1464 4419 immedietas,
1477 4366 1547 4421 que
1555 4366 1614 4408 non

488 4449 560 4495 sunt
572 4437 759 4504 necessarius,
775 4437 826 4495 sed
841 4438 1052 4518 contingentes.
1068 4436 1107 4496 Et
1119 4436 1197 4495 idem
1211 4437 1294 4497 docet
1308 4436 1342 4497 S.
1356 4437 1414 4496 ns.
1425 4438 1468 4497 ib.
1482 4438 1554 4497 bct.
1567 4456 1613 4511 43,

489 4544 605 4600 paragr.
619 4545 658 4603 g,-
671 4538 710 4585 et.
726 4524 790 4585 lect.
804 4546 853 4598 24,
869 4546 986 4603 peragr.
999 4547 1033 4595 c,-
1048 4524 1155 4597 Sosus,
1170 4526 1304 4595 Toletus,
1319 4526 1433 4585 Rubius
1444 4538 1475 4585 et
1491 4524 1614 4587 Quin·

488 4614 635 4674 bricenscs
647 4615 678 4675 in
693 4614 816 4677 citatum
828 4614 925 4675 locum
936 4615 1120 4688 Aristotelisq
1132 4614 1359 4687 Complutenses
1369 4614 1525 4685 (mauce,
1535 4616 1613 4687 disp.

489 4723 539 4777 ao.
555 4722 584 4777 q.
601 4708 643 4778 3);
656 4704 813 4777 joanneta
828 4704 861 4764 S.
877 4704 1132 4783 thomamque..
1146 4697 1252 4777 quest.
1269 4706 1321 4777 ab,
1337 4718 1395 4777 set,
1407 4711 1454 4779 4l3
1469 4704 1613 4767 lisstrim

488 4794 605 4875 dolie..
622 4794 700 4869 disp.
718 4814 766 4869 sq,
783 4807 888 4870 qusest.
907 4816 936 4857 s.
