3492 5525
298 451 414 516 Anno.
431 448 1042 534 7.==³Acmon1s10nesmmmonun
1148 465 1203 536 155
1302 486 1306 497 ·

114 639 171 714 iis,
193 638 315 722 quibus
338 645 453 704 neutra
473 639 578 704 torma
601 627 699 704 etiam
725 657 767 704 ex
782 637 972 706 immediate
985 639 1145 723 oppositis
1159 639 1193 706 in
1206 657 1244 704 se

112 747 288 822 convenit,
305 745 381 828 quia
401 743 557 812 nimirum
574 764 640 811 non
654 754 733 812 sunt
752 757 827 830 apta
847 747 993 831 subjecta
1012 747 1072 813 illis
1087 745 1243 831 recipien-

113 854 179 920 dis.
204 853 372 938 Ejusmodi
397 854 543 920 medium
568 853 659 924 adest
684 853 769 920 inter
789 854 957 920 sanitatem
980 865 1012 920 et
1029 854 1243 938 aegritudinem

114 971 266 1047 respectu
281 961 414 1044 lepe'ctis,
438 963 514 1045 quia
529 961 627 1047 lapis,
645 969 760 1047 utpote
781 962 960 1029 formarum
975 960 1136 1047 ejusmodi
1155 963 1243 1030 inca·

114 1089 196 1154 pax,
214 1089 273 1138 nec
287 1087 389 1136 sanus
403 1086 463 1136 nec
474 1087 560 1154 aeger
571 1069 630 1147 sit,
644 1077 787 1154 oportet.
803 1067 850 1135 lta
860 1071 960 1148 etiam
974 1077 1123 1154 respectu
1135 1069 1244 1154 angeli

111 1179 223 1244 albedo
236 1187 270 1244 et
286 1176 413 1262 nigredo
429 1179 551 1245 habent
571 1178 734 1263 ejusmodi
759 1178 924 1256 medium,
939 1195 1017 1245 curn
1036 1178 1159 1244 nonsit
1182 1186 1242 1244 an=

111 1289 209 1371 gelus
221 1288 337 1353 harum
350 1286 529 1354 formarum
545 1285 713 1370 proprium
724 1287 929 1370 subiectum.

175 1394 247 1475 lam
265 1394 399 1478 quando
419 1393 579 1462 contraria
594 1412 698 1478 nuper
712 1394 815 1462 divisa
827 1403 908 1461 sunt
921 1393 955 1460 in
977 1392 1119 1461 mediata
1131 1403 1164 1460 et
1178 1394 1239 1460 im·

112 1503 271 1579 mediata,
287 1519 396 1568 sermo
415 1510 467 1568 est
476 1501 518 1567 de
534 1500 643 1569 medio
659 1501 753 1585 primi
776 1500 918 1578 ordinis,
944 1501 1100 1569 nimirum
1113 1503 1156 1568 de
1170 1521 1239 1567 nae·

110 1611 167 1678 dio
180 1611 329 1696 ejusdem
342 1609 474 1706 generis
486 1629 545 1677 seu
558 1619 699 1690 naturae;
718 1627 784 1676 non
803 1627 883 1676 vero
901 1607 943 1675 de
962 1610 1071 1677 medio
1086 1608 1237 1694 subjecti,
1267 1581 1284 1683 ἶ

110 1737 171 1785 seu
186 1719 347 1796 materiae,
369 1736 428 1784 nec
442 1717 483 1784 de
504 1718 614 1786 medio
629 1717 802 1802 privativo.
826 1717 948 1808 Omnia
970 1716 1060 1783 enim
1076 1717 1239 1796 annuatia

111 1825 561 1924 mediathssariossunt
584 1825 708 1892 ratione
731 1825 918 1892 communis
938 1826 1094 1909 subjecti,
1118 1825 1239 1901 scilicet

111 1937 232 2000 habent
247 1933 393 1999 medium
408 1932 562 2018 subjecti:
583 1933 729 2015 itemque
744 1932 885 1998 mediata
898 1941 977 1998 sunt
991 1934 1146 2018 negative,
1160 1932 1238 2016 quia

110 2043 268 2126 reperitur
286 2042 417 2124 aliquod
430 2042 634 2126 subjectum,
650 2041 691 2108 de
705 2058 772 2123 quo
788 2041 878 2106 nulla
890 2058 932 2106 ex
944 2041 1112 2118 contrariis
1123 2041 1239 2120 termis¹

110 2149 214 2234 possit
230 2149 393 2233 praedicari
405 2145 469 2236 (1).

153 2261 211 2343 38.
258 2257 420 2323 Pre'vative
430 2255 582 2342 opposita
595 2275 636 2322 ex
655 2265 765 2322 mente
788 2255 972 2323 Aristotelis
991 2252 1043 2344 (2)
1056 2265 1136 2323 sunt
1149 2255 1236 2322 labi·
1257 2278 1439 2334 ouranense.
1544 2259 1549 2271 “

105 2369 159 2430 tus
171 2369 204 2430 al
213 2364 356 2430 carentia
367 2367 505 2452 ejusdem
517 2364 552 2430 in
565 2364 701 2450 subjecto
717 2365 870 2447 capaciet
884 2364 1065 2446 intempore
1081 2383 1102 2429 a
1120 2367 1236 2430 natura
1527 2364 1530 2368 ’

103 2473 293 2553 constituto5
307 2472 391 2538 sicut
400 2472 482 2538 visio
495 2479 528 2538 et
538 2471 662 2538 cecitas
675 2470 707 2538 in
721 2471 865 2539 homine.

172 2579 316 2648 Nomine
329 2578 451 2645 habitus
462 2578 651 2664 intelligitur
665 2580 819 2662 quaelibet
830 2579 936 2644 torma
948 2582 999 2645 vel
1011 2579 1103 2662 quasi
1117 2582 1233 2657 torma,

106 2689 264 2754 nimirum
285 2686 443 2771 quidquid
467 2687 576 2771 aliquo
601 2687 702 2752 modo
727 2686 769 2751 rei
800 2687 942 2752 adhaeret
968 2683 1033 2775 (3).
1056 2686 1179 2754 Dicitur
1202 2687 1233 2752 in

103 2798 241 2885 subjecto
253 2800 342 2878 apto,
359 2796 510 2878 quiahoc
531 2796 638 2861 diflert
658 2795 795 2880 privatio
810 2815 829 2859 a
844 2814 923 2879 pura
947 2796 1121 2879 negatione,
1144 2797 1235 2879 quod

105 2908 176 2971 liaec
189 2923 259 2971 non
272 2912 445 2979 connotat,
460 2922 565 2986 neque
577 2904 771 2969 determinat
780 2905 884 2968 ullum
894 2904 1098 2988 subjectum,
1113 2903 1233 2989 quippe

103 3012 228 3096 quaein
244 3010 391 3095 quolibet
404 3012 550 3095 subjecto
562 3028 634 3077 esse
645 3018 770 3095 potest,
790 3030 827 3076 ac
840 3010 882 3076 de
894 3011 1041 3093 quolibet
1054 3010 1231 3095 predicari,

103 3130 140 3185 ut
167 3121 275 3205 magis
294 3118 506 3185 declarabitur
530 3117 1026 3203 explicandocontradictoriam
1054 3119 1233 3205 oppositio-

103 3247 199 3309 nem;
223 3227 360 3313 privatio
384 3234 494 3291 autem
513 3226 723 3292 essentialiter
736 3234 893 3291 connotat
917 3246 954 3291 ac
976 3226 1104 3310 respicit
1124 3228 1233 3313 subje-

101 3346 195 3402 ctum
211 3337 367 3401 idoneum
382 3335 423 3399 ad
437 3335 576 3399 sormam
593 3334 788 3399 habendam.
803 3330 912 3409 Quare
927 3342 998 3399 tum
1012 3334 1148 3418 privatio
1160 3344 1231 3402 tum

102 3446 236 3529 negatio
256 3461 336 3527 pura
357 3442 444 3507 idem
466 3441 645 3526 important
662 3442 698 3507 in
711 3444 793 3507 recto
809 3449 842 3507 et
862 3426 982 3508 directe
995 3450 1100 3525 atque.
1114 3443 1232 3509 imme-

100 3553 205 3628 diate,
221 3551 376 3617 nimirum
395 3549 571 3617 carentiam
584 3551 698 3617 formae
713 3550 865 3635 alicuius,
882 3569 917 3615 v.
938 3571 973 3635 g.
991 3570 1058 3617 non
1073 3551 1184 3617 videns
1199 3562 1231 3619 et

97 3678 202 3725 cacan
216 3659 396 3743 important
412 3657 587 3725 carentiam
608 3657 719 3723 visivae
744 3657 910 3741 potentiae.
927 3659 971 3725 At
985 3678 1063 3727 vero
1077 3658 1231 3726 differunt
1275 3724 1281 3737 ,

98 3769 131 3833 in
159 3766 314 3850 eoquod
344 3765 481 3850 privatio
508 3765 662 3849 exprimit
683 3765 717 3829 in
740 3764 863 3849 obliquo
889 3766 1072 3851 subjectum
1098 3767 1229 3850 aliquod

97 3886 235 3958 aptum,
266 3874 357 3957 quod
380 3891 437 3957 per
462 3890 585 3939 meram
613 3872 826 3957 privationem
861 3873 996 3939 minime
1024 3873 1226 3959 exprimitur.

130 4221 174 4283 (r)
213 4214 284 4271 vid.
297 4214 333 4271 de
347 4212 395 4271 his
405 4212 439 4271 S.
450 4214 506 4271 Th.
524 4212 633 4287 Opuso.
644 4214 679 4271 cle
691 4214 826 4296 Quattuor
835 4216 992 4290 oppositis,
1003 4235 1066 4287 cup.
1081 4236 1107 4287 ι,
1123 4236 1149 4273 a.
1162 4216 1226 4275 clr.

95 4306 266 4366 Commeat.
284 4303 316 4362 in
330 4301 379 4363 lib.
398 4320 422 4375 ς.
438 4302 584 4378 Meleplr„
597 4302 662 4363 lect.
681 4324 729 4376 123
743 4318 772 4363 et
785 4304 836 4363 lib.
854 4326 905 4375 10,
918 4305 983 4364 leet.
997 4326 1030 4379 93
1046 4304 1133 4364 Suae.
1149 4304 1225 4379 disp.

94 4416 126 4469 45
144 4394 327 4469 Menapios„
351 4405 421 4453 sect.
435 4412 468 4463 a,
490 4412 521 4451 n.
539 4392 754 4467 19;Conimbr.
776 4393 831 4453 loe.
844 4392 908 4464 cita
925 4396 1053 4453 Fonseca
1068 4394 1225 4455 Comment.

94 4488 125 4543 ιἰι
140 4483 276 4557 Metcpn.
291 4481 341 4540 lib.
360 4502 407 4553 ιο,
419 4503 444 4540 c.
457 4504 489 4557 7,
508 4502 554 4552 ¹03
565 4482 658 4541 Tolet.
673 4482 829 4543 Comment.
841 4488 871 4542 in
881 4504 944 4557 cap.
961 4503 993 4543 ιο
1007 4486 1040 4542 ele
1051 4485 1223 4544 Prcedc’eom.

130 4574 172 4646 (a)
212 4572 259 4631 De
272 4573 449 4631 Proede'cem.
464 4594 489 4631 o.
509 4592 551 4631 ro.

128 4669 170 4733 (ι)
211 4660 393 4721 Conimbric.
408 4663 462 4722 loe.
472 4662 522 4722 cit.
537 4662 568 4721 in
576 4662 756 4736 expositione
769 4677 838 4723 text.
849 4664 954 4735 Arium
969 4666 1113 4735 Fonsocm
1126 4664 1222 4724 instit.

96 4756 181 4825 liat,
200 4752 254 4812 lib.
268 4772 300 4822 a,
316 4772 341 4811 e.
358 4772 401 4826 ¹7·
