3492 5525
209 441 322 502 Anne.
340 453 400 502 au·
414 437 608 502 Pnoaosnro
623 453 807 500 iuuentam
820 446 862 500 tr
877 455 942 500 aun
956 453 997 499 sa
1012 453 1098 500 nora
1119 453 1174 516 771

162 623 206 685 Et
222 621 359 684 videtur
371 620 555 684 dicendum
574 615 829 700 propositionem
850 614 1039 701 hujusmodi
1055 633 1127 682 esse
1146 616 1219 700 qui·

96 725 171 790 dem
190 723 224 789 in
247 725 355 808 seipsa
375 741 431 809 per
454 741 489 790 se
509 732 634 800 notam,
664 723 816 807 quamvis
835 742 902 789 non
929 724 971 792 sit
1000 741 1115 808 perse
1142 732 1220 789 nota

96 833 206 917 quoad
225 851 299 900 nos.

164 944 280 1006 Prima
296 961 377 1022 para
396 946 495 1023 patet,
519 937 596 1022 'quia
621 936 724 1021 prima
742 936 850 1022 passio
876 937 1064 1003 immediate
1089 936 1160 1004 fluit
1184 957 1220 1005 ac

97 1046 277 1112 necessario
295 1045 337 1111 ab
355 1045 496 1112 essentia
514 1044 662 1131 subjecti:
680 1045 768 1110 unde
787 1043 865 1110 nihii
884 1053 934 1111 est
954 1044 1099 1110 medium
1112 1045 1221 1127 quoad

96 1173 165 1219 rem
185 1155 289 1238 ipsam
309 1153 392 1219 inter
410 1153 497 1218 illam
517 1164 551 1220 et
574 1153 772 1238 subjectum,
793 1151 920 1237 dequo
940 1152 1144 1238 praedicatur,
1164 1170 1223 1236 per

96 1261 188 1345 quod
212 1261 428 1328 demonstrari
455 1281 474 1326 a
504 1259 600 1346 priori
633 1260 748 1344 possit.
781 1259 846 1327 Sed
875 1258 997 1328 sufficit
1024 1276 1223 1345 cognoscere

94 1368 229 1455 subjecti
250 1367 439 1444 essentiam,
457 1378 493 1435 ut
511 1368 595 1435 illico
615 1365 747 1453 patefiat
764 1369 940 1435 convenire
955 1367 1015 1452 ipsi
1030 1368 1129 1432 talem
1150 1385 1223 1452 pas-

95 1477 223 1543 sionem
239 1478 290 1543 vel
310 1475 554 1560 proprietatem.
692 1475 695 1482 '

107 1577 110 1582 ’
163 1587 320 1656 Soeunda
336 1605 417 1668 pars
434 1591 529 1668 patet
553 1581 665 1652 etiam.
689 1581 773 1658 Quia
792 1601 879 1667 saepe
898 1581 1067 1667 ignoratur
1083 1579 1224 1648 essentia

94 1692 243 1777 subjecti,
263 1700 296 1756 et
322 1700 476 1776 praeterea
496 1692 638 1757 nescitur
655 1709 736 1757 num
762 1689 806 1755 iili
836 1690 1010 1757 conveniat
1036 1697 1124 1755 certa
1149 1707 1224 1774 pro-

95 1799 227 1884 prietas,
247 1800 352 1865 donec
370 1799 520 1864 afferatur
538 1817 597 1883 pro
617 1799 727 1865 medio
747 1796 893 1863 definitio
920 1797 1071 1884 subjecti,
1098 1815 1139 1863 ex
1158 1815 1223 1881 qua

96 1907 208 1973 statim
232 1907 457 1972 manifestatur
479 1907 640 1991 ejusmodi
663 1905 841 1991 propositio
865 1905 1004 1991 primam
1036 1890 1245 1990 passionem

96 2015 271 2082 enuntians
289 2015 330 2081 de
349 2015 511 2100 subjecto.
532 2015 575 2082 Ut
593 2014 620 2081 si
639 2015 713 2101 quis
727 2034 769 2084 ex
788 2033 827 2079 eo
848 2013 1035 2080 manifestet
1054 2012 1221 2080 hominem

96 2141 170 2189 esse
199 2121 365 2207 disciplina
392 2141 557 2211 capacem,
590 2123 640 2188 vei
668 2121 909 2200 admirativum,
939 2133 1074 2206 quaest
1104 2122 1224 2187 animai

98 2230 269 2299 rationale.
737 2229 739 2234 '

165 2331 249 2405 Vide'
266 2336 549 2405 Conimbricenses
566 2339 622 2422 qui
642 2339 715 2406 fuse
733 2339 774 2404 de
790 2340 849 2404 hac
865 2339 909 2405 de
927 2357 962 2404 re
974 2336 1173 2423 disputant(
1197 2334 1222 2425 ).

147 2573 390 2658 Conottantun.
439 2571 520 2638 Hinc
540 2571 647 2648 vides,
664 2573 797 2656 quando
817 2571 995 2657 Angelictts
1014 2571 1134 2638 Ductor
1152 2591 1227 2656 pro·

99 2680 297 2767 positionem
317 2699 375 2766 per
392 2699 427 2747 se
446 2690 559 2747 notam
574 2679 654 2746 dixit
668 2699 742 2746 esse
755 2682 861 2758 iilam,
877 2679 912 2746 in
930 2699 996 2765 qua
1011 2680 1225 2765 predicatum

99 2788 273 2855 includitur
291 2787 323 2853 in
344 2788 465 2855 ratione
484 2773 634 2877 subjecti,
652 2790 703 2855 vel
723 2808 795 2855 esse
813 2790 853 2854 de
874 2788 997 2855 ratione
1011 2790 1148 2874 subjecti
1161 2788 1226 2885 (²),

100 2916 167 2964 non
194 2898 340 2963 locutum
369 2914 441 2963 esse
468 2896 501 2961 in
528 2915 626 2963 sensu
653 2897 838 2973 exclusivo,
859 2897 952 2981 quasi
979 2898 1104 2962 nullam
1130 2898 1227 2964 aliam

98 3014 247 3071 censeret
266 3022 338 3069 esse
357 3022 414 3089 per
433 3023 467 3070 se
489 3016 619 3086 notam;
635 3006 694 3070 sed
708 3006 851 3070 voluisse
871 3012 1000 3069 tantum
1020 3004 1139 3071 docere
1157 3005 1228 3071 illas

99 3121 187 3177 certe
206 3112 461 3197 propositiones,
483 3113 515 3177 in
539 3112 659 3195 quibus
685 3110 895 3196 praedicatum
917 3122 1043 3197 spectet
1064 3113 1105 3177 ad
1132 3112 1229 3178 ratio-

101 3238 178 3284 nem
199 3221 251 3285 vei
271 3220 446 3286 essentiam
463 3219 615 3307 subjecti,
637 3238 708 3286 esse
727 3238 784 3303 per
802 3236 838 3287 se
857 3228 969 3295 notas,
991 3222 1070 3304 quin
1094 3229 1230 3306 negaret

101 3326 223 3392 interea
243 3346 339 3411 posse
357 3346 491 3411 quoque
510 3327 588 3393 alias
611 3326 679 3393 dari
703 3346 760 3412 per
786 3346 823 3393 se
851 3337 945 3395 notas
973 3326 1225 3413 propositiones,

102 3434 387 3517 quemadmodum
407 3434 561 3501 vidimus.

170 3542 207 3608 Et
226 3542 271 3608 sic
291 3550 461 3627 exponunt
487 3550 633 3608 mentem
654 3542 799 3628 Angelici
814 3540 991 3632 Capreolus
1013 3539 1081 3631 (3),
1104 3540 1229 3628 Caieta-

103 3666 167 3717 nus
184 3647 255 3738 (4),
276 3648 484 3717 Ferrariensis
501 3648 575 3739 (5),
596 3648 730 3718 Toletus
748 3646 805 3740 (6)
824 3658 857 3717 et
877 3650 994 3718 Gillius
1012 3648 1076 3739 (7).

142 3900 184 3969 (1)
221 3898 289 3958 Loc.
304 3898 354 3959 cit.
370 3912 426 3957 art.
443 3921 470 3973 3.

141 3993 182 4053 (a)
221 4010 232 4046 ι
250 4008 279 4061 p.
294 4008 323 4061 q.
339 4009 371 4059 a,
387 4010 414 4047 a.
432 4010 459 4056 r,
473 4002 501 4047 et
516 3988 586 4056 locis
600 3986 687 4062 supra
705 3988 811 4049 citatis.

140 4078 184 4151 (3)
222 4086 259 4135 1.·
272 4077 340 4137 dist.
358 4098 387 4144 a,
404 4098 433 4150 q.
450 4098 480 4147 a,
496 4099 523 4137 a.
540 4098 566 4149 a,
582 4078 631 4137 Ad
651 4088 825 4155 argumenta
846 4090 948 4153 contro
966 4082 1092 4154 primam
1112 4083 1229 4139 conclu-

103 4186 226 4227 saonem.

142 4260 184 4331 (4)
223 4274 234 4315 r
251 4278 280 4330 p.
297 4277 326 4329 q.
342 4276 371 4325 a,
388 4278 415 4316 a.
434 4278 457 4325 1,
476 4256 564 4318 Circa
578 4258 654 4317 hanc
667 4266 779 4333 partem
792 4268 858 4317 sunt
872 4248 1078 4320 notaacnota.

143 4351 184 4419 (5)
220 4345 289 4406 Loo.
302 4347 363 4418 cit.¹
379 4347 548 4406 Possumus.

143 4437 184 4504 (6)
221 4436 500 4510 lntp.q.a.a.r.

142 4528 185 4601 (7)
222 4524 290 4585 Loc.
306 4546 388 4601 supr.
404 4526 452 4587 cit.
