3492 5525
361 448 481 513 Aremc.
506 463 566 511 2³¹⁵
587 447 636 511 Dr:
658 464 791 513 vasone
811 464 999 511 resrmnnn
1140 445 1200 528 617

115 632 249 714 plenam
268 632 414 700 efficiunt
432 630 676 711 auctoritatem,
695 630 926 717 motivumque
942 630 1113 716 porrigunt
1136 629 1240 695 menti

115 740 288 807 certissimi
307 758 474 809 assensus.
495 740 621 826 Ergo...

184 853 298 917 Minor
318 866 385 915 non
405 856 479 933 eget
494 847 696 933 probatione.

109 974 112 988 ·
184 962 294 1039 Major
316 960 518 1023 declaratur.
551 956 664 1037 Quoad
687 955 830 1021 notitiam
851 954 946 1041 sacti.
975 953 1060 1019 Nam
1084 954 1125 1018 a'd
1155 958 1240 1017 recte

113 1062 654 1147 veraciterqueapprehendendum
671 1065 792 1129 lactum
805 1062 954 1146 aliquod,
966 1061 1046 1127 satis
1057 1068 1109 1127 est
1118 1060 1237 1144 primo,

115 1172 250 1238 utillud
273 1171 316 1238 sit
338 1172 371 1237 in
396 1189 431 1237 se
454 1170 607 1237 sensibile
633 1181 665 1237 et
684 1171 823 1247 illustre,
844 1172 909 1236 tale
936 1188 1073 1253 nempe,
1098 1168 1188 1256 quod
1206 1174 1240 1231 et

114 1282 200 1345 clare
220 1278 337 1365 percipi
357 1278 478 1364 possit,
505 1288 537 1343 et
556 1280 770 1348 attentionem
792 1280 824 1346 in
847 1297 883 1345 se
900 1287 1091 1343 convertere
1110 1276 1241 1341 intuen-

115 1388 217 1455 tium:
238 1395 271 1452 et
296 1386 457 1463 secundo,
480 1396 516 1453 nt
534 1405 651 1453 sensus
670 1386 803 1453 testium
823 1386 890 1452 sint
910 1386 999 1462 sani,
1019 1384 1103 1449 bene
1125 1366 1241 1467 'dispo-

115 1495 186 1571 siti,
207 1496 265 1562 rite
284 1494 447 1579 applicati.
469 1493 645 1579 Supposita
663 1495 752 1560 enim
775 1493 948 1559 veracitate
967 1493 1158 1557 facultatum
1184 1509 1239 1555 co·

114 1602 392 1686 gnoscitivarum,
429 1602 484 1669 ubi
512 1600 701 1687 hujusmodi
730 1610 929 1669 concurrunt
955 1601 1124 1684 adjuncta,
1151 1615 1241 1663 error

114 1708 324 1793 impossibilis
344 1721 394 1776 est
421 1709 589 1799 dicendus.
612 1710 681 1791 Jam
702 1728 795 1786 vero,
826 1725 936 1774 nonne
958 1707 1028 1773 fieri
1054 1714 1181 1791 potest,
1202 1716 1240 1771 ut

116 1817 226 1900 plures
254 1825 355 1883 testes
374 1835 497 1903 organa
524 1835 683 1883 sensuum
712 1816 880 1883 sanissima
905 1815 1081 1892 habentes,
1110 1813 1239 1897 insigne

1281 966 1358 1012 notitia
1370 965 1428 1019 iacti,

116 1924 250 2007 aliquod
269 1925 391 1991 iactum
411 1926 691 2015 contemplentur,
714 1932 792 2009 puta
812 1921 1092 2008 popularissimam
1108 1914 1237 1993 urbem,
1343 1985 1345 1994 ,

115 2029 417 2117 prestantissimam
438 2031 625 2109 victoriam,
646 2032 865 2097 clamorosum
886 2030 1051 2114 praelium,
1072 2036 1129 2095 aut
1142 2027 1239 2093 aliam

115 2158 185 2205 rem
205 2160 245 2205 ex
264 2158 383 2224 genere
402 2141 548 2218 illarum,
571 2158 645 2223 quae
664 2142 715 2205 vel
744 2137 970 2216 oscitantium,
991 2138 1096 2203 immo
1115 2144 1147 2202 et
1165 2136 1241 2201 dor·

117 2246 305 2336 orientium,
321 2248 448 2313 soleant
457 2246 847 2313 excitarecuriositatem?
860 2244 893 2312 Si
903 2264 982 2331 ergo
994 2247 1132 2321 tactum,
1149 2243 1238 2327 quod

113 2364 216 2422 testes
235 2366 381 2433 narrant,
412 2354 454 2422 sit
477 2356 682 2441 hujusmodi,
701 2354 810 2422 timeri
834 2354 1009 2438 prudenter
1038 2351 1167 2436 nequit,
1194 2371 1236 2418 ne

112 2472 197 2535 forte
212 2465 340 2548 decepti
354 2463 472 2529 luerint
484 2473 539 2529 aut
555 2461 756 2545 hallucinati;
774 2471 806 2527 et
819 2463 930 2528 solum
945 2479 1115 2545 superesse
1130 2460 1236 2525 adhuc

112 2576 235 2662 poterit
253 2571 391 2639 dubium
410 2571 451 2636 de
470 2571 655 2637 veracitate.

182 2682 296 2766 Quoad
308 2679 520 2746 emacitatcm.
541 2679 585 2744 At
599 2678 756 2753 veracitas
775 2678 872 2742 etiam
892 2677 1094 2743 innotescere
1113 2681 1235 2759 potest.

109 2794 196 2859 Nam
220 2789 247 2856 si
266 2797 366 2854 testes
394 2789 514 2853 luerint
532 2788 658 2870 plures,
688 2791 800 2876 aetate,
822 2787 970 2862 natione,
991 2782 1124 2859 studiis,
1145 2784 1238 2868 inge-

112 2899 189 2977 nio,
211 2896 420 2973 educatione,
442 2895 587 2962 moribus
602 2893 767 2960 autetiam
786 2894 939 2980 religione
954 2892 1089 2966 diversi,
1104 2901 1136 2956 et
1157 2890 1238 2956 nibi-

111 3006 258 3073 lominus
276 3006 309 3070 in
331 3005 528 3080 narratione,
559 3004 675 3068 saltem
702 3003 812 3086 quoad
840 3000 1078 3077 substantiam,
1105 3017 1238 3064 concor·

111 3117 211 3190 dent,
233 3131 333 3178 nemo
346 3129 446 3177 sanus
461 3110 668 3176 mendacium
685 3109 912 3194 suspicabitur.
930 3109 1101 3191 Multoque
1117 3107 1234 3188 magis,

109 3222 139 3288 si
161 3240 229 3286 rem
249 3229 410 3286 testentur
430 3217 567 3303 propriis
586 3217 778 3303 prejudiciis
796 3215 1008 3293 contrariam,
1029 3214 1236 3281 audientibus

111 3333 275 3415 ingratam
306 3321 567 3410 molestamque;
597 3329 648 3394 vel
676 3328 704 3392 si
735 3345 774 3391 ex
803 3323 972 3390 mendacio
1003 3324 1130 3389 nullum
1159 3341 1236 3407 pos-

109 3441 179 3507 sint
197 3456 326 3522 sperare
348 3437 477 3502 lucrum
500 3432 569 3501 sive
595 3436 756 3519 pecuniae,
786 3433 856 3500 sive
877 3432 997 3509 laudis,
1015 3431 1084 3498 sive
1102 3431 1235 3496 alterius

110 3545 349 3620 emolumenti,
385 3543 442 3610 sed
470 3543 579 3626 potius
613 3561 631 3606 e
659 3560 816 3608 converso
845 3542 961 3606 timere
988 3538 1128 3604 debeant
1156 3538 1236 3603 insa·

109 3653 232 3729 miam,
262 3653 425 3719 bonorum
450 3651 630 3738 jacturam,
656 3649 802 3725 vincula,
831 3647 976 3734 corporis
996 3645 1232 3722 afflictationes,

110 3769 270 3842 mortem.
829 3805 835 3817 .

181 3868 274 3934 Adde
299 3868 415 3944 etiam,
445 3867 536 3950 quod
553 3873 655 3934 testes
678 3863 866 3952 hujusmodi
896 3866 1017 3929 lactum
1046 3861 1235 3928 renuntient

108 3975 301 4062 publicum,
321 3977 415 4060 cujus
434 3975 626 4050 falsitatem,
651 3973 804 4058 quamvis
823 3973 865 4038 ab
888 3972 957 4038 aliis
979 3970 1159 4054 equalibus
1177 3979 1234 4035 aut

1286 2696 1306 2730 ct
1316 2684 1419 2729 veracitas

1302 2757 1398 2803 testium.

108 4086 251 4170 posteris
278 4084 369 4150 iacile
397 4082 595 4168 deprehendi
627 4093 756 4165 posset,
788 4098 887 4146 nemo
914 4089 1044 4155 tamen,
1070 4076 1132 4144 nisi
1151 4078 1235 4142 forte
1322 4155 1327 4162 .

108 4192 325 4260 mendacibus
350 4201 410 4257 aut
440 4207 572 4275 prorsus
609 4189 759 4257 inanibus
789 4189 1008 4274 argumentis,
1029 4186 1231 4271 probandam

106 4299 303 4386 susceperit.

179 4409 213 4476 ln
232 4409 282 4474 bis
306 4406 441 4492 aliisque
467 4405 628 4474 similibus
653 4407 812 4491 adjunctis
837 4405 972 4470 evidens
997 4411 1048 4469 est
1070 4401 1234 4469 moraliter

106 4534 308 4586 consensum
328 4516 461 4582 testium
483 4516 653 4582 manifesta
682 4534 741 4600 pro
759 4534 794 4582 se
813 4515 894 4579 serre
918 4513 1012 4597 signa
1037 4510 1229 4576 veracitatis.

107 4627 285 4694 Undenam
305 4623 393 4690 enim
411 4623 519 4691 timeri
538 4621 745 4690 mendacium
765 4620 894 4708 potest?
912 4621 987 4688 Non
1009 4639 1050 4685 ex
1067 4617 1233 4703 conspira-

106 4739 217 4810 tione,
246 4751 321 4818 quae
350 4731 383 4798 in
415 4730 605 4799 bominibus
635 4731 837 4797 diversarum
862 4738 995 4797 aetatum
1025 4736 1057 4794 et
1084 4729 1231 4793 iocorum
