3492 5525
408 460 412 467 '
572 459 633 543 918
680 458 1046 539 LoorcrerJon-Lre.
1065 458 1402 543 2.u·,urs1›.4.·cn›.
1422 474 1490 522 nm

534 642 650 709 dicitur
676 642 874 729 intelligere,
906 662 971 710 non
999 655 1109 711 autem
1134 641 1283 727 intelligit
1310 643 1380 727 ipsa
1407 642 1598 717 intellectio,
1618 650 1646 705 et

535 752 687 817 voluntas
714 752 831 819 dicitur
856 772 983 830 amare,
1012 770 1078 819 non
1097 770 1176 817 vero
1194 760 1283 817 amat
1309 768 1417 832 amor;
1440 748 1647 816 nihilominus

535 858 632 924 etiarn
658 868 750 925 actus
775 867 809 926 et
836 860 982 937 habitus,
1013 860 1175 926 locutione
1205 857 1337 942 quidem
1368 858 1478 924 minus
1511 858 1645 941 propria,

423 961 430 972 ’
536 966 745 1032 usitatissima
763 974 877 1033 tamen
895 967 981 1051 apud
997 985 1131 1043 omnes,
1147 984 1245 1033 suum
1266 966 1383 1031 habere
1396 965 1548 1031 dicuntur
1566 965 1648 1049 obje-

536 1081 644 1155 ctum;
679 1084 771 1141 actus
801 1074 953 1158 quidem,
980 1076 1056 1158 quia
1083 1082 1161 1140 sunt
1185 1074 1262 1163 ipsae
1287 1073 1439 1139 formales
1463 1071 1644 1143 tendentia,

463 1174 469 1183 '
536 1180 656 1264 quibus
675 1181 828 1265 potentiae
850 1200 949 1248 suum
970 1182 1146 1266 respiciunt
1167 1190 1264 1265 atque
1288 1181 1454 1265 attingunt
1471 1178 1644 1265 objectum,

537 1288 665 1354 habitus
683 1305 777 1364 vero,
793 1290 869 1372 quia
889 1288 1067 1373 potentiam
1088 1290 1244 1375 adjuvant
1261 1287 1302 1353 ad
1321 1297 1427 1363 actus,
1442 1306 1499 1371 per
1517 1306 1600 1369 quos
1618 1289 1646 1351 in

536 1396 702 1481 objectum
723 1397 839 1464 tendit.
869 1398 964 1463 Nunc
988 1398 1097 1481 itaque
1123 1396 1252 1481 agimus
1280 1396 1320 1460 de
1347 1396 1475 1481 objecto
1506 1404 1597 1461 actus
1618 1408 1646 1459 et

538 1503 668 1570 habitus
687 1505 841 1587 potentiae
853 1505 1095 1580 intellectualis,
1112 1504 1266 1571 nimirum
1286 1504 1328 1568 de
1346 1503 1475 1587 objecto
1496 1502 1644 1567 scientie.
1709 1498 1710 1505 ’

537 1608 712 1693 obiectum
733 1611 875 1677 scientiae
897 1613 1067 1696 multiplex
1085 1610 1241 1695 distingui
1256 1618 1375 1695 potest.
1397 1610 1433 1676 Et
1444 1609 1517 1675 licet
1531 1612 1646 1699 variant

539 1716 672 1783 mirilice
684 1726 831 1785 auctores
842 1718 876 1783 in
886 1718 1085 1802 explicandis
1099 1717 1234 1803 objectis
1242 1716 1388 1793 diversis,
1402 1726 1533 1801 oportet
1543 1726 1646 1783 tamen

418 1815 422 1820 ⁴
536 1824 781 1893 communiores
795 1826 1017 1909 expositiones
1031 1826 1204 1892 declarare.
1310 1850 1312 1857 ·

605 1931 713 1998 Primo
742 1951 820 2017 ergo
848 1933 1002 2001 dividitur
1031 1933 1196 2019 objectum
1218 1932 1250 1997 in
1272 1931 1431 2014 motcrrble
1453 1940 1486 1996 et
1503 1932 1645 2015 formale.
1710 1900 1711 1937 ³

382 2037 472 2070 ⁰¹¹³*
538 2038 712 2124 Objectum
733 2040 869 2106 formale
887 2051 937 2107 est
957 2041 1053 2116 illud,
1074 2040 1164 2123 quod
1184 2048 1316 2123 propter
1337 2057 1373 2105 se
1397 2038 1448 2103 vel
1468 2039 1586 2105 rabone
1600 2038 1649 2103 sui

537 2149 648 2212 autex
656 2148 798 2229 propriu
810 2148 930 2213 meritis
944 2148 1128 2233 attingitur;
1145 2149 1195 2213 vel
1207 2147 1233 2212 si
1244 2145 1364 2221 mavis,
1382 2155 1432 2212 est
1446 2146 1498 2212 illa
1509 2147 1587 2213 ratio
1600 2148 1646 2209 rel
1711 2168 1712 2221 ς

538 2254 783 2331 determinatio,
805 2274 870 2338 qua
886 2254 1067 2333 mediante,
1085 2253 1205 2337 aliquid
1219 2253 1388 2338 attingitur
1402 2254 1442 2318 ab
1459 2264 1548 2330 actu,
1565 2252 1648 2319 habi-

538 2370 574 2429 tu
587 2363 639 2430 vel
650 2362 810 2447 potentia:
833 2360 997 2429 materiale
1016 2374 1126 2431 autem
1147 2370 1197 2427 est
1214 2361 1306 2437 illud,
1326 2361 1416 2445 quod
1435 2361 1557 2427 ratione
1575 2362 1646 2428 alte

539 2470 624 2546 rius,
642 2488 762 2554 nempe
781 2469 904 2536 ratione
922 2470 1066 2536 formalis
1085 2467 1201 2553 objecti
1216 2468 1397 2552 attingitur.
1412 2469 1457 2533 lta
1472 2487 1506 2536 v.
1521 2490 1555 2553 g.
1570 2469 1648 2533 color

538 2585 571 2643 et
588 2579 646 2645 lux
671 2585 721 2643 est
738 2576 904 2661 objectum
930 2577 1064 2641 formale
1083 2576 1190 2651 visus,
1215 2573 1290 2658 quia
1308 2560 1478 2659 atting'itur
1501 2576 1541 2641 ab
1559 2576 1645 2641 oculo
1712 2576 1713 2581 ’

538 2703 595 2770 per
609 2703 645 2752 se
659 2684 766 2769 primo
780 2703 817 2749 ac
836 2683 960 2749 ratione
974 2683 1041 2766 sui;
1063 2691 1094 2747 at
1114 2682 1217 2768 paries
1231 2692 1281 2748 est
1295 2681 1461 2769 objectum
1478 2684 1643 2755 materiale,

469 2804 474 2812 “
537 2793 614 2876 quia
629 2774 753 2858 ratione
766 2793 884 2860 coloris
899 2791 1067 2877 attingitur
1085 2791 1222 2856 visione.
1239 2790 1394 2874 «Altingi
1407 2800 1535 2868 autem,
1550 2791 1644 2874 inquit

419 2917 442 2962 u·
539 2901 632 2987 Mayr
649 2896 718 2989 (1),
744 2918 810 2965 non
829 2908 884 2965 est·
904 2908 1034 2964 tantum
1061 2899 1373 2982 quomodocumque
1401 2919 1420 2963 a
1444 2899 1584 2983 potentia
1599 2899 1643 2963 vel
1713 2941 1714 2970 2

364 3003 383 3106 ζ’
405 3003 486 3108 ζςζῗω
539 3007 651 3074 habitu
666 3003 820 3093 cognosci
838 3017 894 3074 aut
910 3005 1040 3090 respici,
1056 3006 1114 3072 secl
1129 3013 1277 3089 respectu
1297 3005 1515 3089 potentiarum
1534 3025 1644 3091 cogno

539 3115 728 3181 scitivarum
748 3124 799 3180 est
815 3113 985 3198 affirmari,
1007 3122 1153 3197 respectu
1174 3113 1392 3196 potentiarum
1407 3113 1642 3198 appetitivarum

539 3231 590 3289 esi
614 3223 737 3304 amari,·
754 3223 903 3290 similiter
926 3229 1074 3304 respectu
1095 3219 1264 3286 habituum
1285 3220 1458 3286 moralium
1473 3229 1523 3288 est
1538 3221 1644 3300 anun}

539 3343 572 3398 et
600 3338 748 3414 respectu
768 3328 1035 3397 intellectualium
1063 3327 1336 3410 speculativorum
1363 3337 1412 3394 est
1434 3328 1600 3412 affinem&
1617 3341 1643 3392 et

539 3448 689 3524 respectu
706 3436 878 3505 habituum
898 3437 1129 3522 practicorum,
1146 3444 1307 3520 quantum
1323 3435 1363 3501 ad
1385 3437 1644 3515 formamenta

539 3546 700 3615 materiam
714 3545 888 3620 introduci,
913 3554 1075 3627 quantum
1096 3544 1135 3608 ad
1155 3543 1323 3638 materiam
1342 3554 1393 3611 est
1411 3545 1601 3614 immutari.»

605 3654 713 3731 Quare
731 3671 807 3719 curn
823 3653 989 3738 objectum
1009 3651 1144 3716 formale
1162 3649 1280 3717 dicitur
1298 3651 1389 3728 illud,
1409 3654 1500 3735 quod
1526 3661 1645 3738 propter

538 3780 574 3828 se
589 3760 776 3845 attingitur,
790 3757 943 3834 velillud,
965 3759 1199 3842 propterquod
1218 3758 1340 3842 aliquid
1359 3759 1538 3845 attingitur,
1557 3758 1645 3842 parti-

538 3871 609 3935 cula
629 3870 756 3951 propter
792 3885 857 3932 non
883 3865 980 3932 debet
1007 3867 1188 3949 exprimere
1217 3865 1330 3944 finem,
1367 3867 1450 3934 sicut
1479 3866 1644 3953 signiticare

512 3984 517 3992 “
537 3978 623 4042 solet
640 3976 674 4040 in
692 3975 815 4042 actibus
842 3974 1035 4050 voluntatis,
1064 3974 1097 4039 in
1116 3972 1236 4056 quibus
1254 3991 1383 4058 semper
1406 3975 1566 4060 objectum
1589 3976 1645 4039 lor·

539 4083 623 4149 male
641 4083 799 4148 rationem
818 4080 895 4146 rinis
909 4080 1047 4147 obtinet.
1063 4078 1106 4146 At
1121 4080 1153 4144 in
1167 4080 1293 4146 actibus
1307 4081 1491 4148 intellectus
1505 4082 1643 4166 particula

537 4192 591 4257 illa
604 4193 732 4272 propter
751 4188 905 4271 exprimit
930 4187 1087 4254 rationem
1114 4206 1155 4254 ex
1179 4197 1268 4272 parte
1291 4187 1407 4273 objecti
1434 4181 1641 4275 desumptam.

537 4314 603 4381 qua
621 4294 845 4380 interroganti,
865 4311 923 4360 cur
938 4303 1034 4361 actus
1052 4293 1167 4378 aliquis
1186 4293 1325 4381 attingat
1337 4295 1520 4380 objectum,
1539 4297 1643 4364 directe

538 4403 775 4490 respondemus
794 4420 851 4486 per
867 4401 1059 4468 adverbium
1077 4401 1163 4488 qun.
1184 4401 1227 4468 Ut
1238 4401 1266 4469 si
1280 4413 1461 4486 quaeratur,
1477 4405 1643 4471 curoculus

537 4513 645 4579 videat
655 4511 836 4597 parietem,
868 4510 1086 4594 respondetur
1107 4513 1234 4595 propter
1249 4513 1405 4590 colorem,
1426 4531 1486 4578 seu
1509 4512 1578 4599 quia
1600 4521 1642 4574 est

574 4748 615 4812 (ι)
650 4744 827 4818 Philosoph.
847 4743 962 4817 Perip,
978 4755 1052 4815 part.
1073 4763 1095 4810 r,
1112 4739 1189 4816 disp.
1207 4763 1231 4814 r,
1246 4763 1275 4815 q.
1291 4763 1323 4816 a,
1338 4765 1365 4804 a.
1383 4766 1408 4816 r,
1424 4763 1454 4804 rt.
1470 4745 1533 4804 288.
