<?xml version="1.0" encoding="UTF-8"?>
<!DOCTYPE html PUBLIC "-//W3C//DTD XHTML 1.0 Transitional//EN"
    "http://www.w3.org/TR/xhtml1/DTD/xhtml1-transitional.dtd">
<html xmlns="http://www.w3.org/1999/xhtml" xml:lang="en" lang="en">
 <head>
  <title>
</title>
<meta http-equiv="Content-Type" content="text/html;charset=utf-8" />
  <meta name='ocr-system' content='tesseract 3.04.00' />
  <meta name='ocr-capabilities' content='ocr_page ocr_carea ocr_par ocr_line ocrx_word'/>
</head>
<body>
  <div class='ocr_page' id='page_1' title='image "./institutionesph00urrgoog_0484.png"; bbox 0 0 3492 5525; ppageno 0'>
   <div class='ocr_carea' id='block_1_1' title="bbox 524 484 1451 570">
    <p class='ocr_par' dir='ltr' id='par_1_1' title="bbox 524 484 1451 570">
     <span class='ocr_line' id='line_1_1' title="bbox 524 484 1451 570; baseline 0 -21"><span class='ocrx_word' id='word_1_1' title='bbox 524 487 582 570; x_wconf 83' lang='lat'>462</span> <span class='ocrx_word' id='word_1_2' title='bbox 638 486 761 549; x_wconf 75' lang='lat' dir='ltr'>Locren</span> <span class='ocrx_word' id='word_1_3' title='bbox 775 484 1005 559; x_wconf 76' lang='lat' dir='ltr'>MaJon-Lrn.</span> <span class='ocrx_word' id='word_1_4' title='bbox 1025 500 1094 561; x_wconf 65' lang='grc' dir='ltr'>ψ,</span> <span class='ocrx_word' id='word_1_5' title='bbox 1109 486 1204 549; x_wconf 79' lang='lat' dir='ltr'>Drsn.</span> <span class='ocrx_word' id='word_1_6' title='bbox 1220 499 1268 548; x_wconf 70' lang='lat' dir='ltr'>a·</span> <span class='ocrx_word' id='word_1_7' title='bbox 1281 486 1362 550; x_wconf 76' lang='lat' dir='ltr'>Can.</span> <span class='ocrx_word' id='word_1_8' title='bbox 1379 502 1451 549; x_wconf 59' lang='grc' dir='ltr'><strong><em>ψ</em></strong></span> 
     </span>
    </p>
   </div>
   <div class='ocr_carea' id='block_1_2' title="bbox 396 668 1612 3334">
    <p class='ocr_par' dir='ltr' id='par_1_2' title="bbox 484 668 1612 845">
     <span class='ocr_line' id='line_1_2' title="bbox 484 668 1612 755; baseline -0.002 -18"><span class='ocrx_word' id='word_1_9' title='bbox 484 690 599 737; x_wconf 91' lang='lat' dir='ltr'>verum</span> <span class='ocrx_word' id='word_1_10' title='bbox 620 688 692 736; x_wconf 89' lang='lat' dir='ltr'>esse</span> <span class='ocrx_word' id='word_1_11' title='bbox 711 670 844 735; x_wconf 81' lang='lat' dir='ltr'>salsum.</span> <span class='ocrx_word' id='word_1_12' title='bbox 865 668 949 753; x_wconf 84' lang='lat' dir='ltr'>Ergo</span> <span class='ocrx_word' id='word_1_13' title='bbox 967 688 1082 735; x_wconf 89' lang='lat' dir='ltr'>verum</span> <span class='ocrx_word' id='word_1_14' title='bbox 1102 688 1169 735; x_wconf 94' lang='lat' dir='ltr'>non</span> <span class='ocrx_word' id='word_1_15' title='bbox 1191 678 1243 735; x_wconf 88' lang='lat' dir='ltr'>est</span> <span class='ocrx_word' id='word_1_16' title='bbox 1255 686 1391 735; x_wconf 89' lang='lat' dir='ltr'>omnem</span> <span class='ocrx_word' id='word_1_17' title='bbox 1410 682 1519 737; x_wconf 90' lang='lat' dir='ltr'>actum</span> <span class='ocrx_word' id='word_1_18' title='bbox 1538 671 1612 755; x_wconf 88' lang='lat' dir='ltr'>opi-</span> 
     </span>
     <span class='ocr_line' id='line_1_3' title="bbox 485 777 1512 845; baseline 0.001 -1"><span class='ocrx_word' id='word_1_19' title='bbox 485 778 590 845; x_wconf 93' lang='lat' dir='ltr'>nionis</span> <span class='ocrx_word' id='word_1_20' title='bbox 608 796 682 845; x_wconf 89' lang='lat' dir='ltr'>esse</span> <span class='ocrx_word' id='word_1_21' title='bbox 700 777 939 844; x_wconf 82' lang='lat' dir='ltr'>indifferentem</span> <span class='ocrx_word' id='word_1_22' title='bbox 956 777 1025 843; x_wconf 86' lang='lat' dir='ltr'>sive</span> <span class='ocrx_word' id='word_1_23' title='bbox 1042 778 1083 842; x_wconf 93' lang='lat' dir='ltr'>ad</span> <span class='ocrx_word' id='word_1_24' title='bbox 1102 795 1217 843; x_wconf 89' lang='lat' dir='ltr'>verum</span> <span class='ocrx_word' id='word_1_25' title='bbox 1236 777 1304 843; x_wconf 87' lang='lat' dir='ltr'>sive</span> <span class='ocrx_word' id='word_1_26' title='bbox 1322 778 1363 842; x_wconf 89' lang='lat' dir='ltr'>ad</span> <span class='ocrx_word' id='word_1_27' title='bbox 1381 779 1512 845; x_wconf 83' lang='lat' dir='ltr'>falsum.</span> 
     </span>
    </p>

    <p class='ocr_par' dir='ltr' id='par_1_3' title="bbox 484 883 1611 1076">
     <span class='ocr_line' id='line_1_4' title="bbox 550 883 1611 969; baseline -0.004 -16"><span class='ocrx_word' id='word_1_28' title='bbox 550 892 654 969; x_wconf 86' lang='lat' dir='ltr'>Resp.</span> <span class='ocrx_word' id='word_1_29' title='bbox 671 904 742 967; x_wconf 81' lang='lat' dir='ltr'>neg.</span> <span class='ocrx_word' id='word_1_30' title='bbox 763 883 840 969; x_wconf 86' lang='lat' dir='ltr'>Maj.</span> <span class='ocrx_word' id='word_1_31' title='bbox 856 885 966 967; x_wconf 93' lang='lat' dir='ltr'>quoad</span> <span class='ocrx_word' id='word_1_32' title='bbox 987 895 1073 960; x_wconf 56' lang='lat' dir='ltr'>rem,</span> <span class='ocrx_word' id='word_1_33' title='bbox 1095 884 1242 950; x_wconf 87' lang='lat' dir='ltr'>videlicet</span> <span class='ocrx_word' id='word_1_34' title='bbox 1259 886 1349 966; x_wconf 93' lang='lat' dir='ltr'>quod</span> <span class='ocrx_word' id='word_1_35' title='bbox 1363 886 1611 951; x_wconf 88' lang='lat' dir='ltr'>denturassen-</span> 
     </span>
     <span class='ocr_line' id='line_1_5' title="bbox 484 991 1006 1076; baseline 0 -17"><span class='ocrx_word' id='word_1_36' title='bbox 484 1012 540 1059; x_wconf 91' lang='lat' dir='ltr'>sus</span> <span class='ocrx_word' id='word_1_37' title='bbox 560 992 713 1076; x_wconf 86' lang='lat' dir='ltr'>opinativi</span> <span class='ocrx_word' id='word_1_38' title='bbox 733 992 907 1057; x_wconf 83' lang='lat' dir='ltr'>intrinsece</span> <span class='ocrx_word' id='word_1_39' title='bbox 925 991 1006 1059; x_wconf 86' lang='lat' dir='ltr'>veri.</span> 
     </span>
    </p>

    <p class='ocr_par' dir='ltr' id='par_1_4' title="bbox 396 1099 1609 1509">
     <span class='ocr_line' id='line_1_6' title="bbox 551 1099 1609 1185; baseline -0.002 -18"><span class='ocrx_word' id='word_1_40' title='bbox 551 1102 635 1167; x_wconf 83' lang='lat' dir='ltr'>Dist.</span> <span class='ocrx_word' id='word_1_41' title='bbox 651 1100 728 1185; x_wconf 86' lang='lat' dir='ltr'>Maj.</span> <span class='ocrx_word' id='word_1_42' title='bbox 748 1101 857 1183; x_wconf 89' lang='lat' dir='ltr'>quoad</span> <span class='ocrx_word' id='word_1_43' title='bbox 877 1100 1158 1166; x_wconf 73' lang='lat' dir='ltr'>2.²¹¹¹·membrum:</span> <span class='ocrx_word' id='word_1_44' title='bbox 1178 1099 1297 1166; x_wconf 92' lang='lat' dir='ltr'>dantur</span> <span class='ocrx_word' id='word_1_45' title='bbox 1315 1118 1469 1166; x_wconf 80' lang='lat' dir='ltr'>assensus</span> <span class='ocrx_word' id='word_1_46' title='bbox 1486 1100 1609 1185; x_wconf 87' lang='lat' dir='ltr'>proba-</span> 
     </span>
     <span class='ocr_line' id='line_1_7' title="bbox 483 1197 1609 1291; baseline 0.001 -18"><span class='ocrx_word' id='word_1_47' title='bbox 483 1208 564 1274; x_wconf 86' lang='lat' dir='ltr'>biles</span> <span class='ocrx_word' id='word_1_48' title='bbox 586 1208 759 1273; x_wconf 73' lang='lat' dir='ltr'>necessario</span> <span class='ocrx_word' id='word_1_49' title='bbox 787 1208 869 1284; x_wconf 87' lang='lat' dir='ltr'>veri,</span> <span class='ocrx_word' id='word_1_50' title='bbox 903 1206 1095 1273; x_wconf 81' lang='lat' dir='ltr'>necessitate</span> <span class='ocrx_word' id='word_1_51' title='bbox 1121 1197 1314 1273; x_wconf 77' lang='lat' dir='ltr'>extrinseca‘</span> <span class='ocrx_word' id='word_1_52' title='bbox 1332 1209 1542 1291; x_wconf 87' lang='lat' dir='ltr'>proveniente</span> <span class='ocrx_word' id='word_1_53' title='bbox 1559 1208 1609 1274; x_wconf 85' lang='lat' dir='ltr'>ab</span> 
     </span>
     <span class='ocr_line' id='line_1_8' title="bbox 396 1310 1607 1401; baseline 0.001 -21"><span class='ocrx_word' id='word_1_54' title='bbox 396 1334 399 1341; x_wconf 53' lang='lat'><strong>⁴</strong></span> <span class='ocrx_word' id='word_1_55' title='bbox 483 1316 600 1401; x_wconf 87' lang='lat' dir='ltr'>objecti</span> <span class='ocrx_word' id='word_1_56' title='bbox 619 1315 810 1383; x_wconf 82' lang='lat' dir='ltr'>necessitate</span> <span class='ocrx_word' id='word_1_57' title='bbox 829 1310 978 1391; x_wconf 87' lang='lat' dir='ltr'>naturali,</span> <span class='ocrx_word' id='word_1_58' title='bbox 997 1328 1100 1389; x_wconf 70' lang='lat' dir='ltr'>cone„</span> <span class='ocrx_word' id='word_1_59' title='bbox 1121 1315 1314 1381; x_wconf 81' lang='lat' dir='ltr'>necessitate</span> <span class='ocrx_word' id='word_1_60' title='bbox 1328 1314 1511 1391; x_wconf 87' lang='lat' dir='ltr'>intrinseca,</span> <span class='ocrx_word' id='word_1_61' title='bbox 1531 1326 1607 1382; x_wconf 83' lang='lat' dir='ltr'>orta</span> 
     </span>
     <span class='ocr_line' id='line_1_9' title="bbox 483 1421 1033 1509; baseline -0.002 -20"><span class='ocrx_word' id='word_1_62' title='bbox 483 1444 523 1489; x_wconf 90' lang='lat' dir='ltr'>ex</span> <span class='ocrx_word' id='word_1_63' title='bbox 542 1421 703 1509; x_wconf 84' lang='lat' dir='ltr'>exigentia</span> <span class='ocrx_word' id='word_1_64' title='bbox 721 1422 822 1506; x_wconf 88' lang='lat' dir='ltr'>ipsius</span> <span class='ocrx_word' id='word_1_65' title='bbox 841 1434 945 1499; x_wconf 87' lang='lat' dir='ltr'>actus,</span> <span class='ocrx_word' id='word_1_66' title='bbox 964 1441 1033 1506; x_wconf 76' lang='lat' dir='ltr'>neg.</span> 
     </span>
    </p>

    <p class='ocr_par' dir='ltr' id='par_1_5' title="bbox 481 1528 1610 1721">
     <span class='ocr_line' id='line_1_10' title="bbox 550 1528 1610 1613; baseline 0 -16"><span class='ocrx_word' id='word_1_67' title='bbox 550 1530 646 1597; x_wconf 84' lang='lat' dir='ltr'>Conc.</span> <span class='ocrx_word' id='word_1_68' title='bbox 669 1529 785 1596; x_wconf 83' lang='lat' dir='ltr'>Minor.</span> <span class='ocrx_word' id='word_1_69' title='bbox 810 1529 918 1613; x_wconf 93' lang='lat' dir='ltr'>quoad</span> <span class='ocrx_word' id='word_1_70' title='bbox 936 1541 1014 1597; x_wconf 60' lang='grc' dir='ltr'><strong><em>ψ</em></strong></span> <span class='ocrx_word' id='word_1_71' title='bbox 1032 1528 1236 1595; x_wconf 85' lang='lat' dir='ltr'>membrum:</span> <span class='ocrx_word' id='word_1_72' title='bbox 1258 1530 1367 1612; x_wconf 91' lang='lat' dir='ltr'>quoad</span> <span class='ocrx_word' id='word_1_73' title='bbox 1386 1542 1461 1595; x_wconf 64' lang='lat' dir='ltr'>aum</span> <span class='ocrx_word' id='word_1_74' title='bbox 1482 1536 1610 1597; x_wconf 72' lang='lat' dir='ltr'>contra·</span> 
     </span>
     <span class='ocr_line' id='line_1_11' title="bbox 481 1640 911 1721; baseline -0.005 -17"><span class='ocrx_word' id='word_1_75' title='bbox 481 1640 574 1707; x_wconf 77' lang='lat' dir='ltr'>dist.-</span> <span class='ocrx_word' id='word_1_76' title='bbox 592 1650 664 1706; x_wconf 89' lang='lat' dir='ltr'>tum</span> <span class='ocrx_word' id='word_1_77' title='bbox 684 1656 755 1721; x_wconf 82' lang='lat' dir='ltr'>neg.</span> <span class='ocrx_word' id='word_1_78' title='bbox 775 1656 911 1721; x_wconf 86' lang='lat' dir='ltr'>conseq.</span> 
     </span>
    </p>

    <p class='ocr_par' dir='ltr' id='par_1_6' title="bbox 396 1743 1608 2365">
     <span class='ocr_line' id='line_1_12' title="bbox 526 1743 1608 1828; baseline -0.001 -15"><span class='ocrx_word' id='word_1_79' title='bbox 526 1752 629 1813; x_wconf 79' lang='lat' dir='ltr'>Dices</span> <span class='ocrx_word' id='word_1_80' title='bbox 649 1753 697 1813; x_wconf 84' lang='lat' dir='ltr'>a.⁰</span> <span class='ocrx_word' id='word_1_81' title='bbox 742 1745 865 1811; x_wconf 86' lang='lat' dir='ltr'>Saltem</span> <span class='ocrx_word' id='word_1_82' title='bbox 894 1743 1005 1828; x_wconf 91' lang='lat' dir='ltr'>opinio</span> <span class='ocrx_word' id='word_1_83' title='bbox 1032 1744 1175 1827; x_wconf 87' lang='lat' dir='ltr'>prudens</span> <span class='ocrx_word' id='word_1_84' title='bbox 1204 1746 1317 1828; x_wconf 91' lang='lat' dir='ltr'>nequit</span> <span class='ocrx_word' id='word_1_85' title='bbox 1345 1747 1424 1811; x_wconf 90' lang='lat' dir='ltr'>ialsa</span> <span class='ocrx_word' id='word_1_86' title='bbox 1449 1763 1533 1811; x_wconf 89' lang='lat' dir='ltr'>esse.</span> <span class='ocrx_word' id='word_1_87' title='bbox 1563 1746 1608 1812; x_wconf 84' lang='lat' dir='ltr'>Et</span> 
     </span>
     <span class='ocr_line' id='line_1_13' title="bbox 483 1851 1606 1936; baseline -0.002 -15"><span class='ocrx_word' id='word_1_88' title='bbox 483 1854 563 1922; x_wconf 89' lang='lat' dir='ltr'>ratio</span> <span class='ocrx_word' id='word_1_89' title='bbox 592 1864 659 1931; x_wconf 91' lang='lat' dir='ltr'>est,</span> <span class='ocrx_word' id='word_1_90' title='bbox 690 1852 766 1936; x_wconf 92' lang='lat' dir='ltr'>quia</span> <span class='ocrx_word' id='word_1_91' title='bbox 799 1852 971 1936; x_wconf 86' lang='lat' dir='ltr'>prudentia</span> <span class='ocrx_word' id='word_1_92' title='bbox 1004 1860 1054 1918; x_wconf 91' lang='lat' dir='ltr'>est</span> <span class='ocrx_word' id='word_1_93' title='bbox 1081 1851 1184 1919; x_wconf 88' lang='lat' dir='ltr'>virtus</span> <span class='ocrx_word' id='word_1_94' title='bbox 1215 1852 1452 1921; x_wconf 84' lang='lat' dir='ltr'>intellectualis.</span> <span class='ocrx_word' id='word_1_95' title='bbox 1488 1853 1606 1919; x_wconf 87' lang='lat' dir='ltr'>Virtus</span> 
     </span>
     <span class='ocr_line' id='line_1_14' title="bbox 481 1958 1603 2046; baseline -0.003 -18"><span class='ocrx_word' id='word_1_96' title='bbox 481 1969 592 2029; x_wconf 90' lang='lat' dir='ltr'>autem</span> <span class='ocrx_word' id='word_1_97' title='bbox 625 1958 866 2036; x_wconf 88' lang='lat' dir='ltr'>intellectualis,</span> <span class='ocrx_word' id='word_1_98' title='bbox 896 1966 933 2023; x_wconf 93' lang='lat' dir='ltr'>ut</span> <span class='ocrx_word' id='word_1_99' title='bbox 966 1977 1067 2042; x_wconf 87' lang='lat' dir='ltr'>nuper</span> <span class='ocrx_word' id='word_1_100' title='bbox 1096 1960 1292 2026; x_wconf 89' lang='lat' dir='ltr'>notabamus</span> <span class='ocrx_word' id='word_1_101' title='bbox 1320 1979 1398 2025; x_wconf 91' lang='lat' dir='ltr'>cum</span> <span class='ocrx_word' id='word_1_102' title='bbox 1427 1960 1603 2046; x_wconf 79' lang='lat' dir='ltr'>Angelico,</span> 
     </span>
     <span class='ocr_line' id='line_1_15' title="bbox 481 2067 1607 2154; baseline -0.001 -19"><span class='ocrx_word' id='word_1_103' title='bbox 481 2068 618 2136; x_wconf 81' lang='lat' dir='ltr'>salsitate</span> <span class='ocrx_word' id='word_1_104' title='bbox 636 2067 723 2134; x_wconf 82' lang='lat' dir='ltr'>infici</span> <span class='ocrx_word' id='word_1_105' title='bbox 751 2081 808 2135; x_wconf 91' lang='lat' dir='ltr'>aut</span> <span class='ocrx_word' id='word_1_106' title='bbox 831 2068 872 2133; x_wconf 89' lang='lat' dir='ltr'>ad</span> <span class='ocrx_word' id='word_1_107' title='bbox 891 2068 1062 2133; x_wconf 80' lang='lat' dir='ltr'>falsitatem</span> <span class='ocrx_word' id='word_1_108' title='bbox 1087 2067 1241 2133; x_wconf 89' lang='lat' dir='ltr'>inclinare</span> <span class='ocrx_word' id='word_1_109' title='bbox 1259 2068 1386 2153; x_wconf 90' lang='lat' dir='ltr'>nequit.</span> <span class='ocrx_word' id='word_1_110' title='bbox 1414 2068 1499 2154; x_wconf 79' lang='lat' dir='ltr'>Ergo</span> <span class='ocrx_word' id='word_1_111' title='bbox 1524 2088 1607 2135; x_wconf 83' lang='lat' dir='ltr'>vera</span> 
     </span>
     <span class='ocr_line' id='line_1_16' title="bbox 396 2174 1605 2263; baseline 0.001 -22"><span class='ocrx_word' id='word_1_112' title='bbox 396 2234 398 2241; x_wconf 82' lang='grc'>,</span> <span class='ocrx_word' id='word_1_113' title='bbox 480 2175 659 2263; x_wconf 88' lang='lat' dir='ltr'>generatim</span> <span class='ocrx_word' id='word_1_114' title='bbox 691 2193 756 2241; x_wconf 91' lang='lat' dir='ltr'>non</span> <span class='ocrx_word' id='word_1_115' title='bbox 786 2182 836 2239; x_wconf 91' lang='lat' dir='ltr'>est</span> <span class='ocrx_word' id='word_1_116' title='bbox 854 2174 1017 2250; x_wconf 91' lang='lat' dir='ltr'>doctrina,</span> <span class='ocrx_word' id='word_1_117' title='bbox 1038 2185 1186 2242; x_wconf 88' lang='lat' dir='ltr'>statuens</span> <span class='ocrx_word' id='word_1_118' title='bbox 1204 2194 1376 2242; x_wconf 87' lang='lat' dir='ltr'>assensum</span> <span class='ocrx_word' id='word_1_119' title='bbox 1395 2176 1605 2259; x_wconf 87' lang='lat' dir='ltr'>opinativum</span> 
     </span>
     <span class='ocr_line' id='line_1_17' title="bbox 480 2284 1264 2365; baseline -0.004 -15"><span class='ocrx_word' id='word_1_120' title='bbox 480 2284 699 2350; x_wconf 77' lang='lat' dir='ltr'>indifferenter</span> <span class='ocrx_word' id='word_1_121' title='bbox 718 2300 816 2365; x_wconf 91' lang='lat' dir='ltr'>posse</span> <span class='ocrx_word' id='word_1_122' title='bbox 835 2300 907 2347; x_wconf 88' lang='lat' dir='ltr'>esse</span> <span class='ocrx_word' id='word_1_123' title='bbox 926 2301 1040 2348; x_wconf 92' lang='lat' dir='ltr'>verum</span> <span class='ocrx_word' id='word_1_124' title='bbox 1061 2284 1112 2347; x_wconf 86' lang='lat' dir='ltr'>vel</span> <span class='ocrx_word' id='word_1_125' title='bbox 1132 2284 1264 2349; x_wconf 85' lang='lat' dir='ltr'>salsum.</span> 
     </span>
    </p>

    <p class='ocr_par' dir='ltr' id='par_1_7' title="bbox 477 2376 1607 3228">
     <span class='ocr_line' id='line_1_18' title="bbox 546 2376 1605 2475; baseline -0.001 -16"><span class='ocrx_word' id='word_1_126' title='bbox 546 2397 651 2475; x_wconf 82' lang='lat' dir='ltr'>Resp.</span> <span class='ocrx_word' id='word_1_127' title='bbox 669 2408 744 2475; x_wconf 78' lang='lat' dir='ltr'>neg.</span> <span class='ocrx_word' id='word_1_128' title='bbox 754 2376 877 2456; x_wconf 84' lang='lat' dir='ltr'>¹assert.</span> <span class='ocrx_word' id='word_1_129' title='bbox 892 2390 976 2455; x_wconf 89' lang='lat' dir='ltr'>Nam</span> <span class='ocrx_word' id='word_1_130' title='bbox 991 2389 1024 2454; x_wconf 94' lang='lat' dir='ltr'>in</span> <span class='ocrx_word' id='word_1_131' title='bbox 1039 2389 1193 2473; x_wconf 90' lang='lat' dir='ltr'>opinione</span> <span class='ocrx_word' id='word_1_132' title='bbox 1207 2390 1357 2473; x_wconf 88' lang='lat' dir='ltr'>prudenti</span> <span class='ocrx_word' id='word_1_133' title='bbox 1372 2391 1495 2473; x_wconf 83' lang='lat' dir='ltr'>duplex</span> <span class='ocrx_word' id='word_1_134' title='bbox 1508 2401 1605 2458; x_wconf 89' lang='lat' dir='ltr'>actus</span> 
     </span>
     <span class='ocr_line' id='line_1_19' title="bbox 480 2496 1607 2583; baseline -0.003 -17"><span class='ocrx_word' id='word_1_135' title='bbox 480 2499 734 2583; x_wconf 82' lang='lat' dir='ltr'>distinguendus</span> <span class='ocrx_word' id='word_1_136' title='bbox 760 2508 826 2577; x_wconf 88' lang='lat' dir='ltr'>est;</span> <span class='ocrx_word' id='word_1_137' title='bbox 848 2499 929 2563; x_wconf 87' lang='lat' dir='ltr'>alter</span> <span class='ocrx_word' id='word_1_138' title='bbox 951 2508 1001 2563; x_wconf 93' lang='lat' dir='ltr'>est</span> <span class='ocrx_word' id='word_1_139' title='bbox 1020 2496 1090 2580; x_wconf 90' lang='lat' dir='ltr'>ipse</span> <span class='ocrx_word' id='word_1_140' title='bbox 1115 2498 1260 2563; x_wconf 82' lang='lat' dir='ltr'>formalis</span> <span class='ocrx_word' id='word_1_141' title='bbox 1285 2516 1440 2563; x_wconf 86' lang='lat' dir='ltr'>assensus</span> <span class='ocrx_word' id='word_1_142' title='bbox 1463 2499 1607 2582; x_wconf 88' lang='lat' dir='ltr'>opinati·</span> 
     </span>
     <span class='ocr_line' id='line_1_20' title="bbox 479 2602 1605 2690; baseline -0.002 -17"><span class='ocrx_word' id='word_1_143' title='bbox 479 2626 557 2684; x_wconf 90' lang='lat' dir='ltr'>vus,</span> <span class='ocrx_word' id='word_1_144' title='bbox 578 2624 645 2690; x_wconf 89' lang='lat' dir='ltr'>quo</span> <span class='ocrx_word' id='word_1_145' title='bbox 673 2604 863 2671; x_wconf 88' lang='lat' dir='ltr'>enunciatur</span> <span class='ocrx_word' id='word_1_146' title='bbox 888 2602 1009 2687; x_wconf 92' lang='lat' dir='ltr'>aliquid</span> <span class='ocrx_word' id='word_1_147' title='bbox 1036 2622 1113 2669; x_wconf 91' lang='lat' dir='ltr'>cum</span> <span class='ocrx_word' id='word_1_148' title='bbox 1138 2604 1309 2671; x_wconf 81' lang='lat' dir='ltr'>formidine</span> <span class='ocrx_word' id='word_1_149' title='bbox 1334 2606 1493 2689; x_wconf 91' lang='lat' dir='ltr'>oppositi,</span> <span class='ocrx_word' id='word_1_150' title='bbox 1519 2608 1605 2671; x_wconf 89' lang='lat' dir='ltr'>alter</span> 
     </span>
     <span class='ocr_line' id='line_1_21' title="bbox 479 2711 1606 2798; baseline -0.003 -16"><span class='ocrx_word' id='word_1_151' title='bbox 479 2734 558 2782; x_wconf 83' lang='lat' dir='ltr'>vero</span> <span class='ocrx_word' id='word_1_152' title='bbox 576 2721 626 2780; x_wconf 90' lang='lat' dir='ltr'>est</span> <span class='ocrx_word' id='word_1_153' title='bbox 641 2722 731 2780; x_wconf 88' lang='lat' dir='ltr'>actus</span> <span class='ocrx_word' id='word_1_154' title='bbox 747 2711 927 2798; x_wconf 88' lang='lat' dir='ltr'>prudentiae</span> <span class='ocrx_word' id='word_1_155' title='bbox 944 2712 1070 2778; x_wconf 91' lang='lat' dir='ltr'>dictans</span> <span class='ocrx_word' id='word_1_156' title='bbox 1089 2730 1260 2779; x_wconf 87' lang='lat' dir='ltr'>assensum</span> <span class='ocrx_word' id='word_1_157' title='bbox 1280 2713 1333 2778; x_wconf 79' lang='lat' dir='ltr'>llic</span> <span class='ocrx_word' id='word_1_158' title='bbox 1351 2721 1384 2778; x_wconf 87' lang='lat' dir='ltr'>et</span> <span class='ocrx_word' id='word_1_159' title='bbox 1405 2732 1492 2779; x_wconf 91' lang='lat' dir='ltr'>nunc</span> <span class='ocrx_word' id='word_1_160' title='bbox 1510 2714 1606 2780; x_wconf 84' lang='lat' dir='ltr'>adbi-</span> 
     </span>
     <span class='ocr_line' id='line_1_22' title="bbox 478 2819 1601 2906; baseline -0.001 -17"><span class='ocrx_word' id='word_1_161' title='bbox 478 2823 546 2890; x_wconf 89' lang='lat' dir='ltr'>beri</span> <span class='ocrx_word' id='word_1_162' title='bbox 577 2839 672 2906; x_wconf 90' lang='lat' dir='ltr'>posse</span> <span class='ocrx_word' id='word_1_163' title='bbox 702 2839 759 2904; x_wconf 86' lang='lat' dir='ltr'>pro</span> <span class='ocrx_word' id='word_1_164' title='bbox 787 2819 904 2884; x_wconf 88' lang='lat' dir='ltr'>merito</span> <span class='ocrx_word' id='word_1_165' title='bbox 932 2819 1145 2896; x_wconf 78' lang='lat' dir='ltr'>motivorum.</span> <span class='ocrx_word' id='word_1_166' title='bbox 1175 2819 1213 2884; x_wconf 82' lang='lat' dir='ltr'>Et</span> <span class='ocrx_word' id='word_1_167' title='bbox 1246 2820 1433 2904; x_wconf 89' lang='lat' dir='ltr'>hujusmodi</span> <span class='ocrx_word' id='word_1_168' title='bbox 1463 2821 1601 2905; x_wconf 87' lang='lat' dir='ltr'>quidem</span> 
     </span>
     <span class='ocr_line' id='line_1_23' title="bbox 478 2927 1604 3011; baseline 0 -15"><span class='ocrx_word' id='word_1_169' title='bbox 478 2931 657 3005; x_wconf 88' lang='lat' dir='ltr'>dictamen,</span> <span class='ocrx_word' id='word_1_170' title='bbox 683 2949 700 2993; x_wconf 92' lang='lat' dir='ltr'>a</span> <span class='ocrx_word' id='word_1_171' title='bbox 726 2927 899 3011; x_wconf 90' lang='lat' dir='ltr'>prudentia</span> <span class='ocrx_word' id='word_1_172' title='bbox 926 2927 1126 3010; x_wconf 88' lang='lat' dir='ltr'>proiectum,</span> <span class='ocrx_word' id='word_1_173' title='bbox 1153 2947 1269 2994; x_wconf 89' lang='lat' dir='ltr'>verum</span> <span class='ocrx_word' id='word_1_174' title='bbox 1294 2939 1362 3010; x_wconf 88' lang='lat' dir='ltr'>est;</span> <span class='ocrx_word' id='word_1_175' title='bbox 1389 2938 1422 2993; x_wconf 89' lang='lat' dir='ltr'>at</span> <span class='ocrx_word' id='word_1_176' title='bbox 1447 2947 1604 2996; x_wconf 89' lang='lat' dir='ltr'>assensus</span> 
     </span>
     <span class='ocr_line' id='line_1_24' title="bbox 479 3033 1603 3120; baseline 0 -17"><span class='ocrx_word' id='word_1_177' title='bbox 479 3037 622 3103; x_wconf 79' lang='lat' dir='ltr'>formalis</span> <span class='ocrx_word' id='word_1_178' title='bbox 636 3034 815 3120; x_wconf 89' lang='lat' dir='ltr'>opinionis,</span> <span class='ocrx_word' id='word_1_179' title='bbox 837 3035 893 3118; x_wconf 92' lang='lat' dir='ltr'>qui</span> <span class='ocrx_word' id='word_1_180' title='bbox 907 3033 1006 3100; x_wconf 89' lang='lat' dir='ltr'>simul</span> <span class='ocrx_word' id='word_1_181' title='bbox 1025 3053 1103 3100; x_wconf 89' lang='lat' dir='ltr'>cum</span> <span class='ocrx_word' id='word_1_182' title='bbox 1124 3037 1186 3101; x_wconf 88' lang='lat' dir='ltr'>hoc</span> <span class='ocrx_word' id='word_1_183' title='bbox 1200 3045 1274 3101; x_wconf 90' lang='lat' dir='ltr'>actu</span> <span class='ocrx_word' id='word_1_184' title='bbox 1290 3035 1488 3120; x_wconf 89' lang='lat' dir='ltr'>prudentiae,</span> <span class='ocrx_word' id='word_1_185' title='bbox 1505 3038 1603 3119; x_wconf 87' lang='lat' dir='ltr'>poni-</span> 
     </span>
     <span class='ocr_line' id='line_1_25' title="bbox 477 3145 899 3228; baseline -0.012 -16"><span class='ocrx_word' id='word_1_186' title='bbox 477 3155 548 3220; x_wconf 89' lang='lat' dir='ltr'>tur,</span> <span class='ocrx_word' id='word_1_187' title='bbox 569 3145 669 3210; x_wconf 90' lang='lat' dir='ltr'>ialsus</span> <span class='ocrx_word' id='word_1_188' title='bbox 687 3161 759 3208; x_wconf 88' lang='lat' dir='ltr'>esse</span> <span class='ocrx_word' id='word_1_189' title='bbox 779 3150 899 3228; x_wconf 89' lang='lat' dir='ltr'>potest.</span> 
     </span>
    </p>

    <p class='ocr_par' dir='ltr' id='par_1_8' title="bbox 544 3249 1601 3334">
     <span class='ocr_line' id='line_1_26' title="bbox 544 3249 1601 3334; baseline -0.001 -16"><span class='ocrx_word' id='word_1_190' title='bbox 544 3258 636 3320; x_wconf 83' lang='lat' dir='ltr'>Hinc</span> <span class='ocrx_word' id='word_1_191' title='bbox 645 3255 792 3334; x_wconf 81' lang='lat' dir='ltr'>judicari</span> <span class='ocrx_word' id='word_1_192' title='bbox 805 3258 928 3333; x_wconf 88' lang='lat' dir='ltr'>potest,</span> <span class='ocrx_word' id='word_1_193' title='bbox 940 3250 1112 3331; x_wconf 86' lang='lat' dir='ltr'>qualenam</span> <span class='ocrx_word' id='word_1_194' title='bbox 1128 3249 1170 3314; x_wconf 90' lang='lat' dir='ltr'>sit</span> <span class='ocrx_word' id='word_1_195' title='bbox 1178 3249 1521 3333; x_wconf 79' lang='lat' dir='ltr'>objectumopinabile,</span> <span class='ocrx_word' id='word_1_196' title='bbox 1538 3269 1601 3317; x_wconf 87' lang='lat' dir='ltr'>seu</span> 
     </span>
    </p>
   </div>
   <div class='ocr_carea' id='block_1_3' title="bbox 309 3357 1598 3442">
    <p class='ocr_par' dir='ltr' id='par_1_9' title="bbox 309 3357 1598 3442">
     <span class='ocr_line' id='line_1_27' title="bbox 309 3357 1598 3442; baseline 0.003 -22"><span class='ocrx_word' id='word_1_197' title='bbox 309 3363 419 3392; x_wconf 76' lang='lat'><strong>⁰¹⁰¹⁰¹¹¹’</strong></span> <span class='ocrx_word' id='word_1_198' title='bbox 477 3361 557 3425; x_wconf 90' lang='lat' dir='ltr'>circa</span> <span class='ocrx_word' id='word_1_199' title='bbox 581 3359 670 3442; x_wconf 91' lang='lat' dir='ltr'>quod</span> <span class='ocrx_word' id='word_1_200' title='bbox 699 3357 810 3441; x_wconf 92' lang='lat' dir='ltr'>opinio</span> <span class='ocrx_word' id='word_1_201' title='bbox 833 3367 998 3433; x_wconf 90' lang='lat' dir='ltr'>versatur,</span> <span class='ocrx_word' id='word_1_202' title='bbox 1026 3357 1066 3421; x_wconf 91' lang='lat' dir='ltr'>ad</span> <span class='ocrx_word' id='word_1_203' title='bbox 1092 3357 1307 3424; x_wconf 78' lang='lat' dir='ltr'>differentiam</span> <span class='ocrx_word' id='word_1_204' title='bbox 1327 3357 1445 3441; x_wconf 88' lang='lat' dir='ltr'>objecti</span> <span class='ocrx_word' id='word_1_205' title='bbox 1463 3357 1598 3438; x_wconf 84' lang='lat' dir='ltr'>scibilis,</span> 
     </span>
    </p>
   </div>
   <div class='ocr_carea' id='block_1_4' title="bbox 476 3463 1602 4838">
    <p class='ocr_par' dir='ltr' id='par_1_10' title="bbox 476 3463 1602 3980">
     <span class='ocr_line' id='line_1_28' title="bbox 477 3463 1602 3550; baseline -0.002 -17"><span class='ocrx_word' id='word_1_206' title='bbox 477 3487 534 3534; x_wconf 92' lang='lat' dir='ltr'>seu</span> <span class='ocrx_word' id='word_1_207' title='bbox 552 3475 641 3532; x_wconf 89' lang='lat' dir='ltr'>certo</span> <span class='ocrx_word' id='word_1_208' title='bbox 654 3464 893 3550; x_wconf 84' lang='lat' dir='ltr'>cognoscibilis.</span> <span class='ocrx_word' id='word_1_209' title='bbox 914 3463 997 3529; x_wconf 90' lang='lat' dir='ltr'>Nam</span> <span class='ocrx_word' id='word_1_210' title='bbox 1022 3465 1176 3547; x_wconf 89' lang='lat' dir='ltr'>quoniam</span> <span class='ocrx_word' id='word_1_211' title='bbox 1194 3473 1285 3531; x_wconf 90' lang='lat' dir='ltr'>actus</span> <span class='ocrx_word' id='word_1_212' title='bbox 1298 3474 1406 3530; x_wconf 89' lang='lat' dir='ltr'>certus</span> <span class='ocrx_word' id='word_1_213' title='bbox 1421 3474 1454 3531; x_wconf 90' lang='lat' dir='ltr'>et</span> <span class='ocrx_word' id='word_1_214' title='bbox 1468 3467 1602 3534; x_wconf 88' lang='lat' dir='ltr'>scienti-</span> 
     </span>
     <span class='ocr_line' id='line_1_29' title="bbox 476 3570 1601 3656; baseline -0.001 -16"><span class='ocrx_word' id='word_1_215' title='bbox 476 3575 578 3651; x_wconf 85' lang='lat' dir='ltr'>srcus,</span> <span class='ocrx_word' id='word_1_216' title='bbox 599 3583 635 3641; x_wconf 92' lang='lat' dir='ltr'>ut</span> <span class='ocrx_word' id='word_1_217' title='bbox 655 3591 732 3640; x_wconf 89' lang='lat' dir='ltr'>mox</span> <span class='ocrx_word' id='word_1_218' title='bbox 747 3571 975 3656; x_wconf 81' lang='lat' dir='ltr'>explicabitur,</span> <span class='ocrx_word' id='word_1_219' title='bbox 993 3570 1166 3638; x_wconf 82' lang='lat' dir='ltr'>infallibilis</span> <span class='ocrx_word' id='word_1_220' title='bbox 1180 3581 1248 3648; x_wconf 91' lang='lat' dir='ltr'>est,</span> <span class='ocrx_word' id='word_1_221' title='bbox 1268 3579 1412 3656; x_wconf 89' lang='lat' dir='ltr'>oportet,</span> <span class='ocrx_word' id='word_1_222' title='bbox 1430 3582 1467 3638; x_wconf 88' lang='lat' dir='ltr'>ut</span> <span class='ocrx_word' id='word_1_223' title='bbox 1480 3573 1601 3639; x_wconf 88' lang='lat' dir='ltr'>habeat</span> 
     </span>
     <span class='ocr_line' id='line_1_30' title="bbox 476 3678 1597 3768; baseline -0.003 -20"><span class='ocrx_word' id='word_1_224' title='bbox 476 3683 641 3768; x_wconf 87' lang='lat' dir='ltr'>objectum</span> <span class='ocrx_word' id='word_1_225' title='bbox 667 3678 902 3754; x_wconf 90' lang='lat' dir='ltr'>necessarium,</span> <span class='ocrx_word' id='word_1_226' title='bbox 927 3695 986 3744; x_wconf 91' lang='lat' dir='ltr'>seu</span> <span class='ocrx_word' id='word_1_227' title='bbox 1010 3681 1092 3755; x_wconf 87' lang='lat' dir='ltr'>tale,</span> <span class='ocrx_word' id='word_1_228' title='bbox 1112 3680 1203 3761; x_wconf 92' lang='lat' dir='ltr'>quod</span> <span class='ocrx_word' id='word_1_229' title='bbox 1225 3688 1366 3762; x_wconf 86' lang='lat' dir='ltr'>nequeat</span> <span class='ocrx_word' id='word_1_230' title='bbox 1392 3680 1484 3744; x_wconf 90' lang='lat' dir='ltr'>aliter</span> <span class='ocrx_word' id='word_1_231' title='bbox 1509 3699 1597 3759; x_wconf 85' lang='lat' dir='ltr'>esse,</span> 
     </span>
     <span class='ocr_line' id='line_1_31' title="bbox 476 3785 1601 3873; baseline -0.004 -17"><span class='ocrx_word' id='word_1_232' title='bbox 476 3789 546 3857; x_wconf 87' lang='lat' dir='ltr'>sive</span> <span class='ocrx_word' id='word_1_233' title='bbox 564 3789 712 3856; x_wconf 85' lang='lat' dir='ltr'>absolute</span> <span class='ocrx_word' id='word_1_234' title='bbox 726 3787 795 3854; x_wconf 87' lang='lat' dir='ltr'>sive</span> <span class='ocrx_word' id='word_1_235' title='bbox 817 3785 1036 3873; x_wconf 89' lang='lat' dir='ltr'>hypothetice.</span> <span class='ocrx_word' id='word_1_236' title='bbox 1059 3786 1261 3853; x_wconf 84' lang='lat' dir='ltr'>Econverso</span> <span class='ocrx_word' id='word_1_237' title='bbox 1282 3787 1451 3873; x_wconf 86' lang='lat' dir='ltr'>objectum</span> <span class='ocrx_word' id='word_1_238' title='bbox 1471 3787 1601 3872; x_wconf 90' lang='lat' dir='ltr'>opinio-</span> 
     </span>
     <span class='ocr_line' id='line_1_32' title="bbox 478 3894 1228 3980; baseline -0.004 -16"><span class='ocrx_word' id='word_1_239' title='bbox 478 3898 547 3975; x_wconf 91' lang='lat' dir='ltr'>nis,</span> <span class='ocrx_word' id='word_1_240' title='bbox 568 3896 676 3980; x_wconf 91' lang='lat' dir='ltr'>aliquo</span> <span class='ocrx_word' id='word_1_241' title='bbox 690 3897 805 3962; x_wconf 86' lang='lat' dir='ltr'>saltem</span> <span class='ocrx_word' id='word_1_242' title='bbox 821 3894 938 3969; x_wconf 90' lang='lat' dir='ltr'>modo,</span> <span class='ocrx_word' id='word_1_243' title='bbox 957 3903 1009 3960; x_wconf 86' lang='lat' dir='ltr'>est</span> <span class='ocrx_word' id='word_1_244' title='bbox 1022 3894 1228 3978; x_wconf 87' lang='lat' dir='ltr'>contingens.</span> 
     </span>
    </p>

    <p class='ocr_par' dir='ltr' id='par_1_11' title="bbox 476 3999 1602 4624">
     <span class='ocr_line' id='line_1_33' title="bbox 544 3999 1598 4088; baseline 0.002 -20"><span class='ocrx_word' id='word_1_245' title='bbox 544 4004 667 4070; x_wconf 91' lang='lat' dir='ltr'>Verum</span> <span class='ocrx_word' id='word_1_246' title='bbox 687 4003 845 4087; x_wconf 90' lang='lat' dir='ltr'>quianon</span> <span class='ocrx_word' id='word_1_247' title='bbox 861 4019 992 4085; x_wconf 88' lang='lat' dir='ltr'>semper</span> <span class='ocrx_word' id='word_1_248' title='bbox 1010 3999 1120 4085; x_wconf 92' lang='lat' dir='ltr'>opinio</span> <span class='ocrx_word' id='word_1_249' title='bbox 1139 4010 1287 4067; x_wconf 88' lang='lat' dir='ltr'>versatur</span> <span class='ocrx_word' id='word_1_250' title='bbox 1304 4001 1386 4068; x_wconf 87' lang='lat' dir='ltr'>circa</span> <span class='ocrx_word' id='word_1_251' title='bbox 1399 4003 1544 4088; x_wconf 90' lang='lat' dir='ltr'>objecta,</span> <span class='ocrx_word' id='word_1_252' title='bbox 1561 4002 1598 4070; x_wconf 93' lang='lat' dir='ltr'>in</span> 
     </span>
     <span class='ocr_line' id='line_1_34' title="bbox 476 4108 1600 4196; baseline -0.002 -18"><span class='ocrx_word' id='word_1_253' title='bbox 476 4112 591 4195; x_wconf 88' lang='lat' dir='ltr'>seipsis</span> <span class='ocrx_word' id='word_1_254' title='bbox 613 4109 851 4196; x_wconf 83' lang='lat' dir='ltr'>contingentia,</span> <span class='ocrx_word' id='word_1_255' title='bbox 885 4109 945 4175; x_wconf 89' lang='lat' dir='ltr'>sed</span> <span class='ocrx_word' id='word_1_256' title='bbox 972 4127 1038 4174; x_wconf 91' lang='lat' dir='ltr'>non</span> <span class='ocrx_word' id='word_1_257' title='bbox 1063 4126 1134 4173; x_wconf 88' lang='lat' dir='ltr'>raro</span> <span class='ocrx_word' id='word_1_258' title='bbox 1166 4108 1359 4174; x_wconf 88' lang='lat' dir='ltr'>terminatur</span> <span class='ocrx_word' id='word_1_259' title='bbox 1390 4128 1523 4193; x_wconf 91' lang='lat' dir='ltr'>quoque</span> <span class='ocrx_word' id='word_1_260' title='bbox 1554 4112 1600 4177; x_wconf 92' lang='lat' dir='ltr'>ad</span> 
     </span>
     <span class='ocr_line' id='line_1_35' title="bbox 476 4216 1602 4304; baseline -0.003 -19"><span class='ocrx_word' id='word_1_261' title='bbox 476 4219 602 4304; x_wconf 87' lang='lat' dir='ltr'>objecta</span> <span class='ocrx_word' id='word_1_262' title='bbox 617 4219 649 4284; x_wconf 94' lang='lat' dir='ltr'>in</span> <span class='ocrx_word' id='word_1_263' title='bbox 664 4237 700 4284; x_wconf 89' lang='lat' dir='ltr'>se</span> <span class='ocrx_word' id='word_1_264' title='bbox 716 4216 911 4290; x_wconf 87' lang='lat' dir='ltr'>necessaria,</span> <span class='ocrx_word' id='word_1_265' title='bbox 929 4233 1069 4300; x_wconf 89' lang='lat' dir='ltr'>quaeque</span> <span class='ocrx_word' id='word_1_266' title='bbox 1081 4225 1160 4281; x_wconf 90' lang='lat' dir='ltr'>sunt</span> <span class='ocrx_word' id='word_1_267' title='bbox 1175 4216 1323 4299; x_wconf 88' lang='lat' dir='ltr'>proinde,</span> <span class='ocrx_word' id='word_1_268' title='bbox 1341 4235 1397 4301; x_wconf 89' lang='lat' dir='ltr'>per</span> <span class='ocrx_word' id='word_1_269' title='bbox 1411 4235 1448 4283; x_wconf 88' lang='lat' dir='ltr'>se</span> <span class='ocrx_word' id='word_1_270' title='bbox 1461 4218 1602 4301; x_wconf 89' lang='lat' dir='ltr'>loquen-</span> 
     </span>
     <span class='ocr_line' id='line_1_36' title="bbox 476 4323 1599 4412; baseline -0.001 -20"><span class='ocrx_word' id='word_1_271' title='bbox 476 4327 536 4402; x_wconf 93' lang='lat' dir='ltr'>do,</span> <span class='ocrx_word' id='word_1_272' title='bbox 557 4325 682 4412; x_wconf 86' lang='lat' dir='ltr'>objecta</span> <span class='ocrx_word' id='word_1_273' title='bbox 700 4324 836 4405; x_wconf 90' lang='lat' dir='ltr'>scibilia;</span> <span class='ocrx_word' id='word_1_274' title='bbox 862 4323 1041 4389; x_wconf 90' lang='lat' dir='ltr'>videndum</span> <span class='ocrx_word' id='word_1_275' title='bbox 1069 4333 1118 4388; x_wconf 90' lang='lat' dir='ltr'>est</span> <span class='ocrx_word' id='word_1_276' title='bbox 1138 4324 1335 4400; x_wconf 89' lang='lat' dir='ltr'>accuratius,</span> <span class='ocrx_word' id='word_1_277' title='bbox 1360 4326 1455 4408; x_wconf 91' lang='lat' dir='ltr'>quale</span> <span class='ocrx_word' id='word_1_278' title='bbox 1479 4325 1599 4392; x_wconf 86' lang='lat' dir='ltr'>debeat</span> 
     </span>
     <span class='ocr_line' id='line_1_37' title="bbox 476 4429 1599 4520; baseline 0 -22"><span class='ocrx_word' id='word_1_279' title='bbox 476 4451 548 4500; x_wconf 90' lang='lat' dir='ltr'>esse</span> <span class='ocrx_word' id='word_1_280' title='bbox 566 4433 732 4520; x_wconf 86' lang='lat' dir='ltr'>objectum</span> <span class='ocrx_word' id='word_1_281' title='bbox 753 4429 931 4516; x_wconf 91' lang='lat' dir='ltr'>opinabile,</span> <span class='ocrx_word' id='word_1_282' title='bbox 957 4437 1054 4513; x_wconf 90' lang='lat' dir='ltr'>atque</span> <span class='ocrx_word' id='word_1_283' title='bbox 1077 4429 1159 4496; x_wconf 91' lang='lat' dir='ltr'>adeo</span> <span class='ocrx_word' id='word_1_284' title='bbox 1187 4433 1357 4515; x_wconf 89' lang='lat' dir='ltr'>quomodo</span> <span class='ocrx_word' id='word_1_285' title='bbox 1379 4431 1599 4517; x_wconf 84' lang='lat' dir='ltr'>distinguatur</span> 
     </span>
     <span class='ocr_line' id='line_1_38' title="bbox 476 4537 1368 4624; baseline 0 -20"><span class='ocrx_word' id='word_1_286' title='bbox 476 4551 566 4608; x_wconf 90' lang='lat' dir='ltr'>actus</span> <span class='ocrx_word' id='word_1_287' title='bbox 584 4540 728 4607; x_wconf 90' lang='lat' dir='ltr'>scientiae</span> <span class='ocrx_word' id='word_1_288' title='bbox 746 4538 787 4604; x_wconf 92' lang='lat' dir='ltr'>ab</span> <span class='ocrx_word' id='word_1_289' title='bbox 806 4549 879 4604; x_wconf 92' lang='lat' dir='ltr'>actu</span> <span class='ocrx_word' id='word_1_290' title='bbox 899 4537 1061 4623; x_wconf 91' lang='lat' dir='ltr'>opinionis</span> <span class='ocrx_word' id='word_1_291' title='bbox 1079 4557 1120 4604; x_wconf 85' lang='lat' dir='ltr'>ex</span> <span class='ocrx_word' id='word_1_292' title='bbox 1134 4549 1225 4623; x_wconf 87' lang='lat' dir='ltr'>parte</span> <span class='ocrx_word' id='word_1_293' title='bbox 1239 4540 1368 4624; x_wconf 87' lang='lat' dir='ltr'>objecti.</span> 
     </span>
    </p>

    <p class='ocr_par' dir='ltr' id='par_1_12' title="bbox 476 4644 1601 4838">
     <span class='ocr_line' id='line_1_39' title="bbox 542 4644 1601 4732; baseline -0.001 -19"><span class='ocrx_word' id='word_1_294' title='bbox 542 4647 686 4714; x_wconf 88' lang='lat' dir='ltr'>Primum</span> <span class='ocrx_word' id='word_1_295' title='bbox 706 4665 801 4732; x_wconf 82' lang='lat' dir='ltr'>ergo,</span> <span class='ocrx_word' id='word_1_296' title='bbox 817 4654 867 4712; x_wconf 88' lang='lat' dir='ltr'>est</span> <span class='ocrx_word' id='word_1_297' title='bbox 882 4646 1047 4732; x_wconf 87' lang='lat' dir='ltr'>objectum</span> <span class='ocrx_word' id='word_1_298' title='bbox 1064 4645 1221 4730; x_wconf 86' lang='lat' dir='ltr'>peculiare</span> <span class='ocrx_word' id='word_1_299' title='bbox 1235 4665 1273 4713; x_wconf 90' lang='lat' dir='ltr'>ac</span> <span class='ocrx_word' id='word_1_300' title='bbox 1288 4646 1454 4731; x_wconf 87' lang='lat' dir='ltr'>proprium</span> <span class='ocrx_word' id='word_1_301' title='bbox 1469 4644 1601 4732; x_wconf 91' lang='lat' dir='ltr'>opinio-</span> 
     </span>
     <span class='ocr_line' id='line_1_40' title="bbox 476 4751 1596 4838; baseline -0.004 -14"><span class='ocrx_word' id='word_1_302' title='bbox 476 4755 544 4834; x_wconf 90' lang='lat' dir='ltr'>nis,</span> <span class='ocrx_word' id='word_1_303' title='bbox 573 4755 656 4821; x_wconf 90' lang='lat' dir='ltr'>circa</span> <span class='ocrx_word' id='word_1_304' title='bbox 678 4755 767 4838; x_wconf 90' lang='lat' dir='ltr'>quod</span> <span class='ocrx_word' id='word_1_305' title='bbox 795 4752 914 4820; x_wconf 86' lang='lat' dir='ltr'>versari</span> <span class='ocrx_word' id='word_1_306' title='bbox 942 4753 1057 4838; x_wconf 88' lang='lat' dir='ltr'>nequit</span> <span class='ocrx_word' id='word_1_307' title='bbox 1083 4763 1175 4820; x_wconf 89' lang='lat' dir='ltr'>actus</span> <span class='ocrx_word' id='word_1_308' title='bbox 1200 4762 1310 4820; x_wconf 88' lang='lat' dir='ltr'>certus</span> <span class='ocrx_word' id='word_1_309' title='bbox 1327 4761 1363 4819; x_wconf 89' lang='lat' dir='ltr'>et</span> <span class='ocrx_word' id='word_1_310' title='bbox 1384 4751 1596 4834; x_wconf 84' lang='lat' dir='ltr'>scientificus,</span> 
     </span>
    </p>
   </div>
   <div class='ocr_carea' id='block_1_5' title="bbox 0 0 1750 5525">
    <p class='ocr_par' dir='ltr' id='par_1_13' title="bbox 0 0 1750 5525">
     <span class='ocr_line' id='line_1_41' title="bbox 0 0 1750 5525; baseline 0 3"><span class='ocrx_word' id='word_1_311' title='bbox 0 0 1750 5525; x_wconf 95' lang='lat' dir='ltr'> </span> 
     </span>
    </p>
   </div>
  </div>
 </body>
</html>
