3492 5525
244 460 362 525 Anne.
380 479 441 540 qq„
454 460 505 523 nn
522 477 663 525 nautius
678 479 841 529 scientim
856 479 909 525 srr
923 477 1068 526 sruruex
1101 476 1175 540 *qqq

93 640 179 707 idem
206 642 342 728 intelligi
369 651 477 726 potest
504 642 538 709 in
565 641 776 727 qualitatibus
803 642 938 719 animae,
970 642 1150 727 praesertim
1182 642 1215 709 in

93 747 257 821 habitibus
285 748 511 827 scientiarum,
536 750 570 816 in
597 750 719 834 quibus
743 768 802 816 nee
829 760 920 815 tanta
948 750 1056 817 unitas
1082 749 1214 835 reperiri

93 864 202 938 potest
238 867 385 940 respectu
423 857 565 941 plurium
596 857 846 923 conclusionum
879 859 930 924 vel
963 856 1209 943 principiorum,

95 974 217 1047 quanta
235 975 284 1030 est
302 965 346 1031 in*
354 966 492 1048 simplici
511 965 676 1049 qualitate.
693 967 761 1033 Nec
774 975 883 1051 potest
896 967 924 1033 ei
939 966 1091 1051 denegari
1106 964 1216 1031 omnis

96 1072 202 1137 unitas
221 1081 353 1155 propter
371 1072 610 1150 connexionem
632 1073 683 1139 vel
702 1072 965 1141 convenientiam
993 1092 1118 1149 rerum,
1141 1090 1216 1155 quae

94 1180 128 1247 in
148 1198 212 1245 una
231 1178 363 1246 scientia
376 1189 585 1247 tractantur»
604 1178 670 1269 (1),
690 1191 727 1248 ut
741 1183 811 1267 jam
836 1189 983 1247 remanet
1002 1182 1216 1247 declaratum.

425 1341 622 1409 Sorvunrun
640 1358 889 1409 orrrrcurrares.

139 1521 217 1588 294.
264 1509 426 1585 obji.1.⁰
471 1502 531 1569 Ubi
550 1510 601 1568 est
630 1522 695 1568 una
713 1503 862 1581 scientia,
884 1502 927 1570 ibi
947 1514 997 1570 est
1018 1520 1104 1569 unus
1129 1504 1219 1569 habi·

95 1622 165 1677 tus:
186 1621 219 1676 at
232 1611 292 1677 ubi
310 1620 361 1677 est
379 1628 466 1676 unus
485 1610 631 1685 habitus,
652 1609 695 1677 ibi
713 1620 764 1676 est
782 1629 847 1675 una
875 1610 1025 1694 qualitas.
1053 1610 1153 1694 Atqui
1185 1612 1217 1676 in

96 1738 205 1785 nostra
222 1718 385 1785 sententia
403 1719 511 1785 totalis
529 1717 661 1783 scientia
677 1737 742 1783 non
762 1730 812 1784 est
832 1736 918 1784 unus
937 1717 1081 1783 habitus.

163 1835 268 1911 Resp.
295 1829 362 1892 haec
383 1844 498 1910 parum
520 1844 652 1910 urgere,
673 1826 793 1891 habent
820 1825 909 1891 enim
937 1825 1143 1891 manifestam
1171 1824 1220 1889 in-

97 1935 250 2001 stantiam
266 1934 298 2000 in
320 1933 559 2018 pulchritudine
578 1942 611 1998 et
628 1934 782 2009 sanitate,
804 1951 879 2018 quae
900 1952 964 2000 non
985 1945 1060 2001 sunt
1085 1934 1220 2017 qualita-

96 2056 146 2110 tes
161 2040 355 2126 simplices·

153 2150 373 2215 ·«Dicendum
403 2158 453 2214 est
476 2167 554 2234 ergo
578 2148 689 2214 omnia
716 2166 788 2213 esse
816 2166 907 2237 vera,¹
936 2148 1220 2232 proportionaliter

99 2258 275 2341 loquendo
290 2257 329 2322 de
343 2256 465 2322 unitate
480 2257 627 2341 ejusdem
644 2255 745 2321 modi.
763 2256 796 2322 ln
812 2258 981 2322 communi
992 2265 1101 2320 tamen
1120 2255 1221 2320 modo

97 2365 253 2449 loquendi
280 2363 467 2447 simpliciter
494 2363 525 2429 id
545 2364 727 2429 admittitur
753 2364 816 2429 sub
841 2362 976 2429 nomine
1005 2364 1136 2429 virtutis
1165 2366 1221 2431 aut

97 2473 255 2549 scientiae,
277 2472 503 2556 potiusquam
523 2470 668 2546 habitus,
691 2480 820 2556 propter
846 2470 1138 2553 aequivocationem
1159 2472 1221 2536 tol-

100 2582 242 2646 tendam.
264 2580 353 2645 Sicut
371 2578 469 2645 etiam
488 2579 654 2661 loquendo
677 2576 790 2644 morali
819 2579 932 2654 modo,
954 2578 1106 2646 dicuntur
1134 2595 1221 2643 unus

96 2698 188 2754 actus
208 2688 347 2753 exterior
364 2694 397 2750 et
415 2686 558 2762 interior,
571 2704 637 2750 non
659 2694 770 2750 tamen
783 2684 935 2751 dicuntur
954 2704 1018 2751 una
1039 2704 1101 2750 res.
1115 2685 1219 2749 lmmo

97 2816 162 2864 una
175 2796 278 2862 virtus
296 2794 495 2861 liberalitatis
512 2793 628 2860 dicitur
645 2792 776 2859 contlari
796 2813 837 2859 ex
858 2793 969 2860 habitu
989 2789 1167 2860 voluntatis
1188 2802 1221 2858 et
1301 2837 1307 2846 -

96 2905 261 2989 appetitus
279 2902 442 2977 sensitivi,
463 2903 515 2966 vel
534 2921 599 2966 una
614 2900 717 2966 virtus
733 2900 806 2966 fidei
822 2921 863 2966 err
880 2903 1044 2968 intellectu
1061 2910 1093 2966 et
1109 2900 1220 2966 habitu

98 3011 158 3096 piae
177 3009 358 3076 affectionis
376 3007 567 3076 voluntatis.
587 3008 624 3074 Et
644 3018 754 3073 tamen
774 3010 838 3075 sub
855 3011 989 3074 nomine
1002 3010 1131 3074 habitus
1146 3008 1223 3074 sim·

99 3121 221 3204 pliciter
241 3136 305 3184 non
325 3117 442 3184 dicitur
467 3135 571 3182 unum
600 3135 671 3182 esse
690 3118 722 3182 in
752 3126 890 3199 utraque
919 3117 1074 3200 potentia.
1108 3115 1220 3198 ltaque

98 3245 222 3293 nomen
233 3225 420 3309 specificum
437 3243 523 3309 saepe
538 3223 643 3308 magis
658 3224 799 3290 admittit
814 3236 847 3290 et
862 3224 1021 3309 significat
1033 3222 1120 3288 illam
1135 3243 1223 3289 corn·

99 3335 297 3419 positionem
318 3353 417 3416 quarn
437 3332 650 3416 genoricum»
674 3329 740 3418 (2).

143 3446 292 3523 objicies
312 3446 362 3506 2.⁰
409 3438 546 3504 Habitus
575 3438 725 3522 partiales
745 3441 838 3504 multi
866 3438 1020 3505 constitui
1049 3457 1115 3504 non
1144 3457 1223 3524 pos-

99 3557 179 3614 sunt
198 3547 267 3613 sive
286 3564 424 3612 numero
444 3547 632 3620 dumtaxat,
653 3548 720 3612 sive
739 3547 845 3630 specie
859 3546 1012 3612 distincti.
1034 3547 1117 3630 Ergo
1137 3563 1223 3612 unus

101 3664 232 3722 tantum
252 3653 393 3737 simplex
413 3653 542 3718 habitus
557 3652 779 3718 admittendus
797 3666 859 3720 est.

169 3763 374 3828 Antecedens
393 3770 480 3844 patet
495 3761 605 3843 quoad
620 3761 780 3843 primum,
801 3761 878 3844 quia
898 3779 963 3826 non
990 3761 1108 3826 dantur
1133 3761 1222 3844 plura

98 3871 275 3936 accidentia
294 3870 366 3936 solo
382 3887 519 3934 numero
538 3866 686 3934 distincta
702 3869 734 3932 in
753 3869 871 3934 eodem
891 3867 1050 3954 subjecto.

168 3977 285 4054 Quoad
310 3978 447 4040 alterum
467 3992 545 4041 vero
564 3976 735 4058 probatur:
768 3975 816 4042 r.⁰
835 3974 912 4058 quia
931 3975 1079 4060 partiales
1096 3973 1226 4039 habitus

100 4084 211 4170 specie
242 4084 358 4148 diversi
390 4100 455 4147 non
483 4091 623 4165 possunt
649 4082 735 4147 coire
767 4083 800 4147 in
828 4101 926 4148 unam
951 4081 1092 4166 speciem
1117 4079 1225 4148 totalis
1249 4147 1255 4166 x

100 4191 256 4271 scientiae3
275 4201 319 4258 2.⁰
337 4191 412 4273 quia
425 4200 503 4254 tunc
523 4190 644 4273 singuli
660 4189 789 4256 habitus
804 4189 992 4275 hujusmodi
1008 4207 1107 4256 suurn
1128 4190 1227 4254 habe-

100 4301 186 4364 bunt
211 4297 485 4382 specificativum3
515 4315 614 4380 quare
646 4316 710 4363 non
740 4296 798 4362 erit
824 4297 1078 4382 specilicativum
1107 4315 1224 4372 unum,

102 4427 163 4472 nec
183 4425 249 4471 una
267 4405 412 4470 formalis
431 4405 511 4469 ratio
525 4405 582 4470 suh
599 4423 662 4488 qua
678 4423 736 4488 pro
754 4413 823 4471 tota
835 4405 982 4473 scicntia.

107 4574 389 4595 ——d—

137 4655 181 4725 (ι’)
219 4652 385 4720 Suar.,loc.
402 4652 450 4711 cit.
466 4673 496 4710 n.
514 4671 557 4725 55.

139 4749 181 4811 (a)
220 4741 320 4812 Sunt„
333 4742 387 4800 loc.
403 4741 450 4800 cit.
467 4761 496 4800 n.
510 4759 553 4814 57.
