3492 5525
563 472 619 557 568
673 472 799 538 Loorca
813 472 1046 549 Meron-Lus.
1066 485 1134 549 ψ,
1156 472 1250 537 Drse.
1265 487 1310 556 4.·
1324 473 1405 537 Cro.
1424 484 1493 537 ψ’
1526 460 1532 469 ’

519 658 607 723 enim
635 656 832 741 experientia
852 664 1014 722 monstrat
1031 655 1065 722 in
1083 654 1145 723 illis
1168 655 1377 741 predicatum
1397 654 1547 740 subjecto
1564 671 1642 718 con

519 764 629 829 venire
653 772 794 829 autnon
818 762 1010 859 convenire,
1031 772 1068 829 ut
1085 781 1161 830 cum
1176 764 1366 849 judicamus
1389 764 1470 827 lunc
1489 760 1650 827 bominem

517 870 665 947 existere,
695 872 795 953 ignem
822 870 904 937 lunc
927 871 1119 949 comburere,
1153 872 1281 937 Petrum
1307 871 1395 956 loqui
1423 870 1476 935 oet
1498 886 1646 935 currere.

516 977 636 1059 Judlcla
653 996 729 1043 vero
745 978 909 1044 rationalia
923 985 1002 1045 sunt
1014 978 1085 1057 illa,
1102 996 1177 1062 quae
1188 978 1441 1063 pronuntiantur
1454 996 1497 1043 ex
1509 995 1651 1060 compa·

518 1086 641 1151 ratione
656 1085 850 1153 naturalium
865 1086 1057 1151 relationum
1074 1085 1157 1152 inter
1170 1086 1353 1171 subjectum
1370 1092 1403 1150 et
1414 1084 1645 1169 praedicatum,

459 1224 461 1231 ¹
517 1193 774 1277 independenter
792 1193 833 1258 ab
848 1192 939 1257 omni
954 1191 1163 1278 experientia.
1183 1190 1273 1258 Talia
1287 1200 1366 1258 sunt
1382 1194 1468 1257 haec:
1484 1192 1567 1256 Idem
1578 1210 1648 1255 non

511 1303 615 1383 potest
628 1300 726 1365 simut
740 1318 804 1366 esse
821 1304 853 1365 et
867 1319 930 1366 non
948 1320 1032 1366 esse:
1056 1299 1166 1366 Totum
1182 1304 1232 1365 est
1246 1303 1352 1387 majus
1366 1318 1426 1365 sua
1439 1302 1550 1384 porte:
1567 1297 1648 1365 Non

515 1408 613 1473 datur
638 1408 761 1490 effectus
789 1408 856 1473 sine
885 1426 981 1472 cause
1009 1411 1066 1474 ete.
1098 1408 1367 1491 Experimentalia
1388 1405 1648 1472 denominantur

320 1547 443 1607 ,5„,1,„„,
456 1543 491 1589 „1
517 1512 613 1579 etiam
632 1514 821 1595 syntbetica,
837 1523 870 1581 et
882 1534 902 1578 o
915 1516 1085 1596 posteriori
1100 1534 1137 1580 ue
1137 1514 1326 1597 Iempirica,
1346 1514 1423 1598 qula
1444 1514 1540 1579 ineis
1559 1532 1648 1597 prae-

333 1619 475 1676 ¹⁹¹¹¹⁶¹¹0¹¹
516 1620 659 1687 dicatum
680 1640 745 1687 non
761 1622 924 1689 derivatur
938 1641 978 1689 ex
997 1630 1111 1688 natura
1125 1621 1278 1708 subjecti,
1291 1622 1350 1687 sed
1365 1622 1474 1707 potius
1487 1620 1647 1705 exprimit
1733 1693 1734 1696 Ἴ

302 1702 368 1738 ‘⁸¹²
339 1691 449 1818 ’,Ἐξ
468 1690 503 1733 '⁸
516 1730 654 1813 aliquid,
675 1729 764 1812 quod
783 1730 1032 1815 adjungendum
1053 1737 1085 1796 et
1101 1730 1370 1814 componendum
1390 1728 1433 1793 illi
1452 1747 1526 1794 esse
1543 1727 1645 1793 docet
1733 1733 1735 1744 ’

516 1836 731 1919 experientia,
759 1844 859 1920 atque
885 1836 967 1901 adeo
995 1855 1062 1901 non
1088 1838 1339 1920 pronuntiantur
1365 1834 1425 1902 nisi
1446 1838 1642 1919 posthanc.
1733 1865 1734 1904 l

515 1942 539 2007 Ε
555 1961 714 2008 converso
729 1943 894 2008 rationalia
909 1944 1059 2009 dicuntur
1071 1943 1231 2025 anamiim
1245 1952 1278 2010 et
1290 1962 1311 2009 a
1319 1942 1426 2026 priori
1432 1994 1440 2020 ,
1457 1942 1534 2027 quia
1548 1942 1643 2007 efflo-
1733 1935 1734 1978 ¹

515 2058 646 2115 rescunt
660 2069 700 2117 ex
714 2050 839 2137 analysi
853 2051 1016 2127 idearum,
1032 2070 1085 2127 ac,
1101 2052 1203 2117 semel
1217 2051 1357 2136 cognitis
1372 2050 1535 2126 terminis,
1553 2050 1644 2116 illico
1733 2071 1734 2074 ¹

515 2158 740 2241 proteruntur,
762 2158 842 2240 quin
861 2161 1102 2242 expectandum
1117 2159 1160 2225 sit
1177 2159 1403 2224 testimonium
1418 2158 1640 2241 experientiae.

508 2259 632 2347 judicia
648 2283 726 2331 vero
740 2266 1005 2350 experimentalia
1024 2268 1075 2331 vel
1097 2266 1271 2350 respiciunt
1286 2265 1518 2350 experientiam
1533 2276 1646 2331 exter·
1733 2271 1735 2290 ⁸

514 2388 608 2449 nant,
628 2391 702 2455 quae
726 2390 783 2455 per
800 2390 919 2438 sensus
942 2373 1124 2450 obtinetur,
1149 2376 1200 2439 vel
1220 2373 1452 2457 experientiam
1476 2372 1641 2439 internam
1733 2449 1735 2472 μ

453 2536 457 2545 .
514 2479 648 2567 alicujus
665 2479 892 2564 phaenomeni,
913 2482 1003 2564 quod
1019 2480 1102 2545 intra
1121 2499 1182 2546 nos
1199 2480 1372 2566 contingit.
1733 2475 1735 2567 [

563 2584 760 2661 -Quaecum
796 2587 839 2654 ita
867 2587 952 2663 sint,
979 2588 1101 2673 judicia
1128 2588 1369 2673 intelligentiae,
1399 2590 1642 2673 cujuscumque
1733 2585 1735 2598 ’

513 2694 646 2758 tandem
665 2692 731 2759 sint
749 2693 889 2772 ordinis,
909 2694 977 2760 sive
997 2696 1160 2763 rationalis
1184 2694 1253 2762 sive
1272 2694 1554 2781 experimentalis,
1570 2698 1644 2763 evi·
1733 2729 1735 2788 ᾗ

513 2799 676 2878 dentiam,
697 2821 761 2886 qua
779 2804 942 2886 gaudent,
964 2822 1031 2870 non
1051 2805 1180 2870 aliunde
1195 2805 1406 2889 participant,
1424 2805 1508 2871 sicut
1517 2805 1641 2890 judicia

514 2909 663 2985 rationis,
685 2928 760 2993 quae
785 2909 932 2986 nonnisi
957 2911 1097 2977 mediata
1120 2912 1281 2978 evidentia
1304 2913 1447 2998 fulgent,
1464 2913 1505 2978 ab
1520 2914 1642 2978 imrne-
1733 2918 1735 2950 ³

513 3015 608 3081 diatis
618 3017 748 3102 judiciis
767 3018 923 3082 derivata.

580 3123 671 3191 Ratio
690 3125 809 3190 deinde
827 3133 878 3191 est
891 3127 977 3191 idem
994 3127 1193 3203 intellectus,
1210 3135 1390 3210 quatenus,
1407 3147 1470 3214 ope
1488 3147 1525 3193 ac
1539 3129 1642 3196 bene-

512 3229 586 3295 flcio
606 3229 704 3296 unius
722 3231 937 3316 cognitionis,
954 3234 1159 3318 progreditur
1173 3235 1215 3298 ad
1233 3234 1327 3298 aliam
1345 3253 1465 3300 novam
1479 3237 1642 3320 cognitio-
1733 3282 1735 3289 -

514 3355 591 3402 nem
616 3339 884 3422 comparandam.
910 3339 948 3406 Et
974 3341 1124 3425 proprius
1152 3343 1223 3426 ejus
1246 3351 1337 3408 actus
1361 3349 1412 3407 est
1436 3342 1642 3409 ratiocinium

513 3445 565 3509 vel
583 3445 726 3510 deducto
745 3453 800 3510 aut
818 3445 994 3513 discursus.
1024 3447 1196 3514 Discursus
1213 3467 1310 3533 porro
1334 3449 1480 3514 bilariam
1509 3451 1642 3534 potissi-

515 3568 608 3616 mum
633 3550 742 3617 haberi
763 3561 889 3637 potest;
912 3556 963 3621 vel
986 3556 1207 3639 comparando
1232 3555 1316 3621 inter
1342 3574 1379 3622 se
1406 3557 1497 3641 plura
1515 3557 1641 3641 judicia

516 3659 697 3757 rationalia,
719 3679 759 3724 ex
777 3660 899 3742 quibus
917 3660 1073 3728 inferatur
1090 3661 1258 3728 conclusio
1281 3662 1429 3730 similiter
1456 3665 1635 3740 rationalis,

514 3772 548 3829 et
569 3773 648 3830 tunc
672 3765 789 3832 dicitur
802 3773 923 3848 purus;
942 3770 993 3834 vel
1013 3769 1207 3853 applicando
1225 3769 1379 3853 principia
1407 3771 1575 3837 rationalia
1594 3775 1638 3838 ad

509 3871 669 3958 judicium
695 3873 966 3957 experimentale,
1000 3884 1038 3941 ut
1072 3895 1167 3943 novae
1202 3875 1319 3943 exinde
1348 3875 1500 3943 veritates
1527 3878 1639 3964 detegi

515 3981 659 4061 valeant3
690 3987 724 4045 et
750 3979 916 4046 discursus
939 3983 1099 4065 ejusmodi
1118 3996 1254 4050 vocatur
1280 3984 1410 4050 mretrcs.
1439 3983 1637 4070 Exemplum

515 4086 627 4171 primi;
644 4089 707 4153 Ens
720 4089 928 4154 necessarium
941 4093 990 4155 est
1003 4094 1091 4156 cetus
1100 4097 1214 4172 purus.
1228 4092 1293 4158 Sed
1303 4095 1394 4156 actus
1405 4099 1640 4176 purusomnem

514 4194 631 4276 respuit
652 4195 911 4276 compositionem.
942 4198 1024 4281 Ergo
1044 4217 1100 4264 ens
1117 4199 1325 4265 necessarium
1350 4201 1549 4282 compositum
1573 4220 1638 4266 non

338 4349 459 4396 mim
514 4304 571 4366 est.
592 4299 786 4384 Exemplum
806 4304 954 4370 alterius:
985 4304 1077 4370 Entr'o
1094 4305 1307 4390 contingentia
1333 4307 1465 4372 existere
1481 4313 1644 4391 nequeunt

366 4434 431 4504 pun,
465 4494 470 4505 Ι
512 4407 581 4472 sine
598 4411 667 4473 ente
683 4408 789 4493 atiquo
802 4411 909 4491 primo
925 4431 964 4478 oc
976 4413 1160 4479 necessario.
1179 4415 1243 4480 Sed
1258 4414 1400 4480 minent
1414 4414 1499 4479 ende
1516 4415 1640 4480 wertin-

251 4546 259 4564 ·
303 4495 486 4610 “⁹2:¹ffif¹¹⁸
510 4515 630 4599 gentse.
655 4516 736 4600 Ergo
753 4517 864 4583 existit
886 4538 1005 4604 quoque
1026 4540 1082 4586 ens
1094 4521 1233 4604 primurn
1250 4542 1287 4587 ne
1312 4523 1539 4589 necessarium:
1561 4541 1640 4606 quae

513 4621 676 4688 conclusio
706 4641 772 4690 non
801 4633 850 4691 est
879 4645 958 4711 pure
988 4627 1168 4705 rationalis,
1199 4637 1311 4713 utpote
1339 4628 1445 4695 tluens
1469 4646 1510 4695 ex
1537 4630 1638 4696 altera

512 4728 679 4813 praemissa
698 4730 860 4814 empirica.
890 4732 924 4799 Si
953 4744 1063 4801 autem
1081 4736 1201 4821 judicia
1226 4735 1344 4803 luerint
1370 4737 1482 4802 omnia
1507 4739 1634 4820 experi-

313 3207 315 3214 ι
332 3175 392 3231 Quid
401 3177 465 3222 ratio.
