3492 5525
552 440 609 513 594
670 424 793 495 Locren
806 422 1037 503 Maron-Lm.
1057 444 1126 507 r.=·,
1142 422 1232 493 Drse.
1245 440 1292 512 4.·
1306 422 1386 493 Cae.
1405 443 1473 492 ram

510 614 656 701 pluribus
670 615 703 681 in
716 633 777 682 sua
790 612 950 699 objectiva
965 613 1123 690 realitate,
1139 632 1347 698 quamquam
1366 632 1432 681 non
1446 631 1544 697 aeque
1562 632 1644 679 om-

511 723 609 789 nibus
623 723 767 809 placeat?
778 722 865 788 unde
878 721 1017 789 varietas
1029 728 1190 805 gustuum
1204 740 1242 787 ac
1252 721 1451 807 judiciorum
1469 730 1542 789 tota
1556 740 1644 806 pen·

510 830 587 897 dere
600 850 641 897 ex
652 831 738 897 varia
753 829 967 915 impressione
981 827 1174 913 subjectiva,
1187 846 1288 913 quam
1304 829 1471 915 perceptio
1485 830 1641 914 ejusdem

510 938 555 1006 rei
582 938 614 1005 in
643 938 797 1024 subjectis
824 934 1042 1004 diversimode
1064 935 1232 1023 dispositis
1256 936 1393 1015 efficiat,
1414 937 1551 1003 dicenda
1573 946 1641 1003 est.

545 1052 662 1130 objic.
683 1032 734 1129 43’
779 1044 990 1112 Sensationes
1004 1061 1071 1109 non
1086 1052 1164 1109 sunt
1178 1042 1239 1111 nisi
1254 1044 1514 1111 modificationes
1529 1045 1645 1129 subje-

509 1153 551 1219 cti
571 1153 752 1220 sentientis.
774 1152 876 1237 Atqui
899 1150 1158 1217 modificationes
1183 1151 1343 1236 ejusmodi
1364 1151 1441 1218 nihil
1465 1154 1580 1223 valent
1598 1154 1642 1215 ad

511 1261 784 1329 manifestandum
805 1280 859 1334 ea,
886 1278 963 1343 quae
978 1268 1070 1325 extra
1087 1257 1194 1343 ipsum
1220 1260 1404 1345 subjectum
1430 1258 1530 1327 fiunt.
1551 1260 1643 1344 Ergo

509 1386 626 1436 sensus
640 1378 808 1452 nequeunt
826 1386 903 1432 vera
922 1366 1038 1431 referre
1055 1365 1138 1432 circa
1157 1368 1286 1450 propria
1300 1369 1397 1434 etiam
1412 1366 1592 1435 sensibilia.

577 1484 682 1561 Resp.
701 1477 776 1542 dist.
798 1476 912 1561 Major.
934 1473 1021 1540 Sunt
1040 1491 1128 1557 purae
1153 1474 1414 1541 modificationes
1431 1475 1640 1561 subjective,

509 1602 597 1668 ηιμ·
615 1595 693 1650 sunt
708 1581 966 1651 modificationes
979 1579 1148 1665 objectivae
1166 1600 1203 1645 ac
1221 1582 1378 1660 relativae,
1398 1586 1481 1650 tales
1500 1602 1641 1668 nempe,

510 1709 583 1774 quae
609 1690 690 1757 dum
710 1690 860 1757 sensibus
883 1689 1059 1764 inhaerent,
1078 1687 1198 1771 aliquid
1218 1689 1306 1755 aliud
1322 1698 1581 1775 repraesentant,
1604 1710 1643 1755 ac

392 1846 396 1853 -
510 1800 657 1885 subjecto
672 1797 731 1884 ipsi
751 1799 999 1872 demonstrant,
1019 1814 1108 1861 conc.

576 1906 614 1974 Et
633 1907 825 1973 Contradist.
844 1906 939 1981 Min,
960 1922 1031 1988 neg.
1052 1922 1185 1988 conseq.
1200 1905 1278 1971 llaec
1292 1905 1409 1989 partim
1420 1914 1498 1972 nota
1507 1915 1590 1972 sunt
1600 1924 1644 1970 ex

509 2012 619 2091 dictis,
639 2014 756 2099 partim
776 2013 909 2081 uberius
927 2012 1178 2078 declarabuntur
1201 2013 1234 2078 in
1254 2013 1486 2101 Psychologia,
1507 2012 1564 2079 ubi
1591 2014 1645 2079 di-

510 2122 648 2189 scrimen
664 2122 897 2207 exponendum
913 2130 978 2196 est,
996 2120 1087 2203 quod
1101 2120 1184 2186 inter
1202 2120 1424 2205 cognitionem
1445 2130 1479 2187 et
1494 2122 1643 2205 reliquas

510 2231 654 2297 actiones
669 2228 852 2297 intercedit.

576 2342 738 2405 Instabis.
752 2335 912 2413 Quamvis
926 2334 1095 2421 imaginari
1110 2354 1314 2418 nequeamus
1327 2354 1446 2421 corpus
1456 2387 1464 2412 ,
1476 2336 1567 2420 quod
1584 2356 1644 2403 ex·

509 2446 658 2512 tensione
677 2455 733 2510 aut
751 2443 858 2529 figura
876 2451 999 2519 careat,
1021 2460 1199 2526 possumus
1216 2450 1327 2508 tamen
1353 2452 1464 2509 mente
1483 2444 1644 2528 praescin·

509 2554 585 2620 dere
603 2552 635 2617 in
654 2552 872 2637 corporibusa
887 2552 997 2616 colore
1003 2586 1015 2627 ,·
1030 2567 1163 2633 sapore,
1182 2549 1285 2615 odore
1300 2560 1364 2617 etc.
1381 2550 1465 2635 Ergo
1476 2549 1642 2633 istaequa·

510 2659 691 2725 litatesnon
708 2659 819 2725 insunt
847 2657 1056 2742 corporibus,
1072 2657 1131 2722 sed
1146 2656 1294 2741 subjecto
1310 2658 1370 2739 ipsi
1387 2656 1560 2733 sentienti,
1578 2676 1641 2723 nec

508 2769 595 2836 aliud
614 2775 707 2846 sunt,
729 2787 828 2850 quam
850 2785 948 2831 merae
968 2764 1227 2831 modificationes
1245 2764 1409 2849 ejusdem.

575 2883 681 2960 Resp.
700 2891 772 2958 neg.
792 2891 929 2956 conseq.
949 2872 996 2937 Ex
1018 2890 1059 2937 eo
1085 2870 1173 2938 enim
1197 2874 1325 2949 solum,
1346 2873 1436 2956 quod
1454 2891 1640 2956 possumus
1729 2846 1731 2937 ³

509 3001 612 3049 unum
632 2982 672 3048 ab
696 2983 758 3047 alio
782 2990 893 3047 mente
918 2979 1146 3062 praescindere,
1168 2998 1337 3063 perperam
1364 2991 1503 3065 negatur
1528 2997 1638 3046 unum

508 3107 580 3156 esse
598 3089 631 3155 in
650 3088 729 3166 alio,
749 3089 801 3155 vel
821 3106 898 3154 cum
914 3087 993 3163 alio,
1009 3088 1061 3152 vel
1076 3105 1181 3152 unum
1200 3105 1271 3153 esse
1286 3086 1372 3152 idem
1385 3104 1517 3171 prorsus
1532 3106 1639 3171 quam

508 3196 612 3272 aliud,
633 3197 723 3279 quod
737 3196 853 3260 attinet
870 3194 976 3279 ipsam
992 3194 1159 3280 physicam
1175 3194 1218 3260 rei
1238 3194 1424 3262 entitatem.

553 3307 660 3387 Objic.
683 3308 730 3370 5.⁰
776 3302 811 3368 Si
829 3319 947 3367 sensus
965 3302 1121 3367 veraciter
1140 3300 1269 3385 propria
1282 3301 1445 3369 sensibilia
1464 3303 1636 3380 referrent,

509 3412 599 3475 nullo
619 3409 752 3494 negotio
772 3419 886 3475 natura
905 3417 938 3474 et
957 3407 1037 3474 ratio
1056 3409 1248 3491 qualitatum
1269 3409 1473 3476 sensibilium
1496 3410 1640 3494 explica·

508 3525 609 3585 retur.
631 3517 729 3601 Atqui
749 3516 782 3581 id
800 3515 1028 3582 difficillimum
1044 3527 1093 3584 est
1109 3515 1284 3599 explicatu.
1303 3516 1399 3602 Ergo.

574 3632 678 3708 Reep.
699 3641 770 3708 neg.
791 3610 904 3709 Major.
925 3623 1106 3689 Difficultas
1126 3622 1213 3689 enim
1227 3623 1409 3708 explicandi
1423 3632 1574 3690 naturam
1592 3626 1640 3692 in·

507 3722 621 3797 timar‘n
643 3730 846 3797 sensibilium
864 3729 1060 3813 qualitatum
1081 3749 1147 3795 non
1167 3729 1283 3813 probat
1296 3729 1460 3797 infidelem
1472 3749 1637 3798 sensuum

508 3837 718 3914 relationem,
738 3838 796 3903 sed
812 3836 932 3922 ingenii
950 3837 1052 3903 nostri
1070 3837 1242 3903 dumtaxat
1256 3836 1525 3905 imbecillitatem.

552 3949 660 4028 Oblic.
676 3951 724 4011 6.·
770 3943 1108 4028 Sensusquandoque
1121 3963 1189 4009 non
1200 3945 1483 4030 reseruntpropria
1492 3945 1636 4032 objecta,

507 4060 544 4117 ut
560 4051 587 4118 si
607 4051 682 4135 quis
700 4050 887 4118 cubiculum
906 4051 1107 4136 ingrediatur
1124 4050 1222 4118 certis
1240 4052 1396 4119 odoribus
1407 4051 1558 4119 suffitum
1577 4063 1638 4120 aut

506 4158 667 4235 calidum,
686 4157 778 4224 initio
797 4158 931 4241 quidem
951 4156 1085 4242 percipit
1108 4158 1226 4224 odores
1244 4170 1277 4224 et
1294 4161 1457 4236 calorem,
1471 4168 1504 4225 at
1520 4161 1638 4245 elapso

507 4266 615 4349 aliquo
634 4273 784 4350 tempore
803 4284 870 4331 non
890 4266 1032 4350 amplius
1051 4263 1124 4331 illos
1136 4266 1247 4332 sentit.
1268 4265 1353 4352 Ergo
1373 4265 1546 4335 fidendum
1566 4287 1637 4336 non

510 4383 560 4440 est
575 4372 739 4439 sensibus.

574 4478 731 4545 Similiter
750 4497 815 4544 non
836 4480 980 4545 referunt
999 4481 1158 4554 calorem,
1179 4479 1300 4556 vitam,
1320 4479 1460 4564 aliaque.

575 4593 681 4670 Resp.
701 4605 769 4670 neg.
789 4605 926 4669 conseq.
946 4587 993 4653 Ex
1011 4606 1051 4652 eo
1070 4587 1159 4670 quod
1177 4605 1295 4654 sensus
1313 4595 1401 4652 certa
1419 4589 1549 4675 oblecta
1567 4609 1638 4658 non

509 4694 666 4770 referant,
688 4711 754 4760 non
773 4693 922 4780 sequitur
939 4692 1013 4760 illos
1032 4692 1114 4771 falli,
1127 4693 1270 4762 mendax
1283 4693 1404 4779 quippe
1415 4705 1562 4776 nonest,
1577 4699 1638 4784 qui
