3492 5525
540 466 601 530 700
656 420 914 522 Louentinon
930 448 1023 511 -Lnn
1043 438 1113 523 μή
1130 448 1221 512 Drsn.
1242 461 1283 511 t.·
1298 448 1378 511 Cla.
1398 463 1467 527 μω

498 637 594 701 uetus
621 635 734 717 species
748 630 800 721 (id
819 644 867 700 est
888 642 1002 699 natura
1020 633 1171 718 specifica
1184 630 1250 722 rei)
1258 635 1306 720 fit
1317 633 1541 708 indivisibilis,
1554 652 1634 718 qua

498 743 626 808 realiter
642 745 690 807 est
704 742 829 807 diansa
847 742 882 806 in
900 740 1033 807 diversis
1051 741 1227 808 individuis
1248 739 1310 829 (ι).

567 850 729 916 Caeterum
752 850 784 914 in
799 849 991 916 declaranda
1009 851 1070 914 hoc
1090 860 1185 933 pacto
1204 849 1327 915 unitate
1347 848 1475 934 propria
1494 849 1632 914 univer-

498 958 593 1033 salis,
610 976 672 1024 nos
692 976 758 1023 non
777 954 1008 1023 contendimus
1026 956 1110 1021 hanc
1128 975 1200 1022 esse
1220 957 1396 1040 perfectam
1411 964 1452 1021 et
1470 957 1631 1040 propriis-

498 1065 616 1131 simam
637 1066 814 1140 unitatem,
836 1064 894 1130 sed
913 1066 1022 1129 solum
1043 1082 1115 1128 eam
1125 1063 1275 1129 sufficere
1288 1082 1438 1130 exsensu
1452 1064 1628 1129 communi

497 1173 667 1249 omnium,
689 1181 725 1238 ut
744 1172 926 1237 universale
944 1171 1005 1237 dici
1025 1170 1127 1255 possit
1152 1171 1537 1237 unum'communicabile
1550 1173 1629 1254 plu-

499 1281 605 1357 ribus,
631 1279 788 1363 quoniam
818 1278 1020 1363 impossibile
1048 1289 1097 1345 est
1127 1279 1308 1345 universale
1328 1280 1449 1344 realem
1477 1276 1626 1361 aliquam

501 1388 659 1455 unitatem
681 1388 810 1453 habere.

294 1528 314 1564 el
329 1521 475 1565 commum„
566 1492 600 1583 β)
637 1503 783 1563 Naturae
813 1508 916 1577 prout
947 1500 1114 1561 relucenti
1145 1500 1182 1561 in
1211 1499 1404 1576 cognitione
1437 1501 1629 1577 praecieiva

305 1606 343 1635 ⁸⁸¹¹
354 1592 461 1677 ³¹²¹¹f⁰⁶⁰’
500 1610 590 1671 inest
614 1608 844 1670 communitas
858 1624 921 1669 seu
935 1607 1099 1685 aptitudo,
1115 1616 1154 1668 ut
1166 1606 1321 1684 pluribus
1333 1608 1625 1669 communicetur.

289 1666 472 1781 cossiissiibeiif.
499 1709 736 1797 Repugnantia·
747 1710 835 1777 enim
854 1707 1161 1775 communicationis
1180 1709 1332 1774 convenit
1353 1718 1476 1774 naturae
1498 1710 1627 1776 ratione

498 1818 775 1883 individuationis
805 1816 839 1881 Si
863 1831 942 1901 ergo
962 1824 1075 1882 natura
1095 1816 1253 1899 spolietur
1280 1817 1366 1882 notis
1391 1816 1627 1884 indiuiduanti·

497 1926 561 1992 bus
580 1944 616 1991 ac
628 1924 838 2007 differentiis,
865 1924 985 2007 quibus
1003 1924 1254 2000 diversificatur,
1274 1922 1306 1989 id
1326 1925 1415 2007 quod
1435 1943 1491 2009 per
1508 1927 1628 2010 cogni-

494 2034 618 2099 tionem
639 2033 838 2117 praecisivam
858 2032 1039 2107 obtinetur,
1061 2031 1213 2117 nihiljam
1225 2031 1353 2107 retinet,
1374 2044 1469 2117 prout
1481 2034 1525 2100 ita
1547 2035 1628 2100 abs-

495 2148 610 2217 tracta,
628 2140 717 2224 quod
736 2140 896 2225 ejusmodi
912 2138 1243 2205 communicationem
1263 2140 1430 2223 impediat.

561 2246 709 2323 Accedit,
730 2248 820 2330 quod
840 2256 970 2321 natura,
992 2255 1088 2331 prout
1108 2247 1254 2312 relucens
1272 2246 1304 2311 in
1331 2248 1518 2332 cognitione
1538 2266 1626 2331 prae-

494 2356 608 2431 cisiva,
629 2374 702 2419 eam
723 2372 842 2438 praese
861 2349 1134 2428 tert'realitatem,
1157 2372 1232 2436 quae
1254 2372 1330 2420 curn
1354 2354 1625 2439 quibuscumque

493 2473 701 2547 comparetur
724 2461 916 2537 individuis,
936 2461 970 2526 in
992 2459 1053 2527 illis
1068 2461 1174 2527 inesse
1196 2481 1271 2526 vere
1296 2463 1486 2546 reperiatur,
1511 2463 1624 2546 deque

495 2570 556 2636 illis
575 2570 679 2654 possit
698 2568 858 2653 predicari
883 2568 1020 2634 seorsim
1040 2562 1221 2659 secundum
1244 2577 1348 2634 totam
1368 2588 1462 2635 suam
1487 2570 1624 2637 actuali-

493 2686 596 2743 tatem
617 2696 673 2745 seu
691 2685 839 2743 notarum
861 2675 1186 2760 comprehensionem
1208 2674 1272 2765 (2).
1295 2676 1459 2742 Caeterum

330 2792 432 2838 Doctrina
563 2792 661 2872 Quod
678 2789 876 2853 universale
897 2789 1084 2851 situatum
1097 2791 1154 2850 uel
1168 2791 1254 2851 ratio
1271 2790 1322 2850 rei
1339 2800 1440 2868 prout
1459 2793 1623 2855 relucens

290 2861 474 2990 affin.
496 2899 531 2960 in
556 2898 749 2978 cognitione
777 2897 976 2975 praecisiva,
1007 2891 1153 2957 doctrina
1181 2873 1248 2969 est',
1278 2910 1378 2975 quam
1407 2911 1494 2976 saepc
1520 2895 1623 2961 tradit

496 2989 641 3084 Aquinas
660 3020 734 3065 cum
755 2998 917 3084 Stagirita.
936 2999 1138 3067 Sententia...
1167 2999 1350 3065 Aristotelis
1374 3018 1450 3065 aera
1476 3005 1539 3077 est,
1568 3002 1623 3067 in·

495 3107 582 3190 quit,
610 3107 744 3183 scillcet,
764 3109 847 3192 quod
871 3106 1047 3172 universate
1072 3112 1119 3171 est
1136 3106 1170 3169 in
1198 3106 1306 3172 multis
1328 3110 1361 3171 et
1383 3125 1481 3172 unum
1502 3113 1623 3190 pratu

494 3217 604 3282 mntta.
626 3217 665 3282 Et
681 3215 822 3299 tangitur
838 3213 874 3279 in
893 3213 947 3278 bac
964 3214 1079 3295 duplex
1092 3232 1155 3278 esse
1173 3213 1379 3291 universales,
1391 3233 1490 3280 unum
1507 3235 1622 3282 ucun·

493 3327 569 3390 dum
581 3324 664 3409 quod
678 3325 724 3388 est
735 3322 770 3387 in
782 3323 886 3397 rebus,
902 3321 993 3387 aliud
1002 3323 1173 3386 suundum
1183 3324 1267 3405 quad
1278 3326 1328 3387 est
1339 3322 1373 3386 in
1386 3323 1552 3390 anima...
1565 3323 1619 3411 (3)

561 3432 599 3496 Et
621 3430 710 3495 alibi:
740 3431 809 3511 lpse
833 3432 966 3505 naara,
995 3428 1049 3493 cui
1069 3428 1187 3494 accidit
1210 3429 1342 3494 intentio
1368 3429 1618 3496 universalitatis

495 3541 585 3605 habet
597 3540 711 3620 duplex
729 3555 804 3603 esse.
830 3538 936 3604 Unum
953 3535 1078 3619 qudem
1094 3536 1269 3611 nunraate,
1288 3540 1458 3602 secundum
1474 3542 1560 3622 quad
1570 3546 1623 3605 est

494 3647 527 3710 in
546 3646 676 3712 maaria
693 3645 848 3726 natanti·
865 3643 958 3710 aliud
969 3646 1071 3708 auum
1089 3648 1331 3720 immateriale,
1347 3646 1518 3710 anundum
1533 3650 1620 3730 quod

493 3758 539 3820 est
555 3754 589 3817 in
608 3753 776 3818 intellectu.
796 3751 904 3817 Prima
920 3751 1045 3835 quidem
1057 3753 1149 3842 mode
1163 3769 1227 3816 nan
1240 3754 1345 3832 petest
1358 3751 1390 3815 ei
1403 3752 1557 3818 advenire
1569 3753 1620 3818 in·

495 3861 589 3927 tendo
601 3859 865 3942 universalitatis,
880 3857 955 3942 qnia
969 3865 1030 3940 per
1045 3857 1207 3922 maternam
1224 3856 1455 3922 indinduatur.
1475 3859 1620 3927 Advenit

494 3987 564 4052 erge
579 3966 766 4033 universatis
783 3965 926 4040 intentio,
944 3967 1114 4030 secundum
1132 3967 1216 4049 quod
1231 3964 1423 4030 abstrahitur
1439 3983 1464 4029 a
1486 3970 1618 4033 materz'a

399 4167 405 4178 ι
495 4075 730 4141 individuali...
750 4072 802 4138 Sic
822 4091 896 4158 ergo
908 4075 1013 4154 patet,
1033 4074 1117 4156 qued
1129 4076 1251 4138 natura
1267 4073 1422 4137 communi
1438 4092 1503 4138 nan
1518 4080 1622 4158 potest

496 4231 761 4244 -ιιι-ι-ιι-Ι

529 4294 569 4356 (ι)
607 4289 640 4346 S.
655 4287 723 4356 Th,
739 4286 794 4345 lib.
815 4303 846 4344 to
860 4286 1038 4360 Metapiys„
1054 4285 1118 4344 leet.
1136 4307 1160 4344 1.
1173 4284 1235 4344 Cl'r.
1251 4286 1358 4358 Opusc.
1373 4295 1431 4342 πθ·
1443 4288 1478 4344 de
1491 4288 1619 4348 Humer-

494 4381 594 4445 sahin,
612 4379 694 4460 Quia
707 4379 773 4436 ticet
788 4379 878 4452 ptura
890 4377 1046 4433 secundum
1060 4378 1135 4449 quod
1146 4378 1236 4450 ptura
1248 4389 1303 4434 etc.

530 4474 571 4535 (a)
607 4467 752 4526 Videatur
774 4465 806 4524 S.
823 4465 890 4533 Th,
920 4464 1031 4537 Opuec,
1053 4467 1088 4524 de
1113 4467 1188 4524 Ente
1208 4475 1235 4523 et
1257 4466 1389 4534 asenna,
1408 4485 1472 4537 cap.
1498 4486 1527 4538 4.
1554 4469 1616 4528 etr.

497 4559 606 4631 Opuso.
627 4558 663 4615 de
682 4558 798 4615 Natura
818 4556 952 4630 generis,
971 4575 1034 4625 cap.
1057 4573 1087 4627 ς,
1109 4575 1184 4614 rere.
1203 4555 1259 4626 fin3
1284 4555 1333 4613 lib.
1348 4575 1375 4628 7.
1388 4555 1616 4631 Metapleyse'cor.

493 4649 558 4707 lect.
578 4669 620 4722 13,
636 4665 750 4720 paragr.
767 4647 793 4704 b.

531 4739 572 4811 (3)
609 4738 718 4809 Opuec.
737 4748 776 4796 1.·
788 4739 823 4795 de
840 4735 1010 4798 Universat.
