3492 5525
188 500 309 561 Amic.
329 512 387 576 μ’
399 498 452 560 Au
465 514 604 561 veniris
619 514 797 561 cousrsmr
812 516 844 561 ru
860 514 1067 563 ruurvrsrertr
1094 512 1150 581 451

441 855 740 933 ARTICULUS
762 857 827 931 III.

151 1042 321 1106 Utrum
340 1044 511 1106 veritas
530 1048 575 1106 et
588 1042 765 1106 falsitas
791 1028 1043 1107 consistant
1065 1044 1113 1107 in

286 1167 558 1242 indivisibili,
585 1185 646 1231 an
667 1184 779 1231 vero
804 1168 978 1245 gradus

509 1294 760 1360 admittant.

1299 1425 1311 1453 Ι

121 1542 172 1607 28.
211 1542 274 1609 wild
286 1540 477 1625 quaestionis
488 1540 720 1609 resolutionem
734 1543 985 1627 praenotandum
1003 1552 1054 1610 est
1073 1542 1123 1611 r.⁰
1138 1563 1195 1609 ve-
1217 1571 1400 1633 v„;„,„,„„,·

83 1650 202 1714 ritatem
222 1651 393 1733 dupliciter
410 1651 546 1734 spectari
562 1669 671 1735 posse,
693 1651 743 1716 vel
753 1653 944 1736 formaliter,
963 1652 996 1717 id
1014 1660 1065 1718 est
1078 1670 1195 1718 secun-
1274 1658 1345 1731 roten

83 1759 154 1822 dum
168 1776 262 1823 suam
279 1759 449 1823 formalem
470 1758 627 1824 rationem
647 1759 881 1841 adaequationis
899 1768 932 1824 et
949 1777 1195 1825 commensura·
1226 1722 1389 1839 fffflffi

82 1866 170 1931 tionis
187 1866 272 1931 inter
294 1864 517 1951 cognitionem
535 1876 567 1933 et
591 1866 754 1952 objectum
780 1866 895 1949 ipsius;
923 1868 974 1931 vel
992 1867 1197 1932 materialiter

84 1974 129 2037 vel
143 1974 325 2038 secundum
345 1974 404 2037 alia
423 1974 593 2057 praedicata
610 1974 662 2038 vel
680 1974 844 2049 attributa,
862 1992 938 2057 quae
950 1975 1119 2039 formalem
1139 1992 1195 2039 ve-

85 2080 177 2145 ritatis
196 2081 355 2146 rationem
374 2081 407 2146 in
422 2090 494 2146 actu
519 2100 597 2146 vero
610 2082 836 2158 circumstant,
858 2082 910 2146 vel
928 2081 1142 2157 comitantur,
1162 2089 1195 2145 et

84 2189 119 2253 ad
136 2189 203 2272 ejus
219 2190 376 2273 majorem
398 2188 626 2272 perlectionem
642 2197 800 2273 spectant,
818 2186 887 2253 sive
896 2196 977 2270 pure
988 2190 1193 2263 extensiaam,

85 2314 150 2378 quae
168 2296 199 2361 in
215 2315 254 2360 eo
269 2294 419 2361 consistit
437 2296 525 2379 quod
540 2295 682 2385 cognitio
702 2315 777 2362 vera
793 2296 897 2380 magis
915 2306 971 2362 aut
986 2298 1095 2362 minus
1109 2315 1195 2362 com-

85 2404 161 2485 pleta
179 2404 234 2480 sit,
255 2405 413 2487 pluraque
433 2406 483 2469 vel
507 2404 656 2487 pauciora
675 2404 714 2468 de
733 2403 861 2489 objecto
881 2412 1103 2486 repraesentet,
1125 2404 1195 2469 sive

85 2512 172 2575 etiam
191 2512 391 2589 intensivum,
414 2530 486 2593 quae
513 2512 672 2595 praecipue
698 2512 758 2577 sita
784 2522 834 2577 est
863 2510 896 2575 in
914 2511 1110 2595 cognitionis
1128 2513 1195 2577 evi-

84 2621 182 2683 dentia
200 2628 232 2683 et
250 2619 475 2685 infallibilitate
494 2637 552 2685 seu
572 2620 773 2685 certitudine:
798 2618 875 2684 nihil
899 2618 987 2684 enirn
1007 2620 1124 2686 trorum
1144 2629 1195 2685 est

86 2727 145 2809 ipsa
160 2727 238 2792 ratio
249 2727 394 2794 formalis
410 2726 565 2802 veritatis.
703 2817 705 2820 Ι

125 2835 174 2899 2.⁰
220 2834 288 2914 Jarn
318 2844 479 2917 quantum
509 2835 623 2901 attinet
661 2835 859 2902 materialem
895 2835 1078 2912 veritatem,
1106 2845 1195 2920 patet
1240 2857 1382 2910 aaronitae

86 2942 174 3007 aliurn
195 2951 304 3008 actum
325 2942 387 3006 alio
404 2944 563 3007 veriorem
583 2961 655 3008 esse
679 2961 786 3028 posse,
808 2963 845 3011 ac
866 2943 1002 3026 proinde
1020 2944 1140 3028 gradus
1161 2946 1194 3010 ln
1217 2935 1406 3051 Ἤὴξζῗὼ·

87 3051 262 3134 hujusmodi
280 3051 414 3115 veritate
433 3051 513 3116 dari.
533 3052 616 3116 Nam
636 3050 668 3115 in
689 3050 813 3133 primis,
830 3052 887 3133 qui
901 3051 1067 3136 objectum
1088 3053 1194 3137 magis
1353 3042 1359 3060 '

87 3161 240 3242 complete
259 3158 443 3242 cognoscit,
473 3159 578 3242 magis
604 3158 850 3240 quodammodo
876 3159 937 3242 ipsi
955 3161 1192 3237 conformatur,

88 3277 115 3328 et
132 3263 204 3348 quia
232 3267 321 3349 plura
340 3266 381 3331 de
399 3267 453 3342 illo
472 3265 613 3351 attingit,
635 3264 750 3331 melius
769 3267 954 3350 cognoscit,
975 3267 1113 3350 ideoque
1141 3289 1197 3332 ve·

89 3375 158 3440 rius.
180 3373 247 3438 lloc
261 3382 355 3458 pacto
375 3373 479 3437 verior
497 3373 558 3438 dici
578 3381 687 3456 potest
708 3373 851 3458 cognitio
875 3383 1111 3458 repraesentans
1137 3377 1197 3441 ho-

89 3483 202 3545 minem
222 3490 257 3546 ut
274 3480 398 3546 animal
408 3481 571 3556 rationale,
593 3498 693 3564 quam
714 3490 750 3546 ut
766 3480 899 3559 animal,
916 3490 972 3549 aut
984 3483 1104 3548 vivens.

147 3589 266 3654 Deinde
281 3591 372 3653 acttls
390 3587 586 3672 cognitionis
611 3607 669 3672 pro
689 3589 801 3674 majori
820 3598 876 3655 aut
899 3588 1016 3655 minori
1035 3591 1196 3657 evidentia

89 3709 115 3763 et
129 3697 315 3763 certitudine
333 3715 392 3761 seu
415 3695 649 3782 infallibilitate,
679 3697 783 3780 magis
807 3704 862 3761 aut
891 3698 1000 3764 minus
1019 3717 1117 3764 verus
1134 3697 1195 3764 dici

89 3813 197 3886 potest,
219 3803 293 3888 quia
313 3823 432 3887 nempe
462 3805 566 3869 verior
584 3811 642 3880 aut
661 3803 770 3869 minus
796 3823 893 3870 uerus
920 3813 971 3870 est
999 3806 1194 3882 radicaliter,

89 3930 162 3976 cum
176 3913 330 3996 majorem
350 3918 407 3976 aut
426 3909 586 3976 minorem
616 3910 732 3975 habeat
749 3910 947 3996 exigentiam
969 3911 1121 3978 veritatis.
1144 3913 1197 3980 Sic

91 4019 183 4084 verior
207 4028 272 4097 est,
304 4027 419 4103 utpote
442 4019 557 4084 certior
577 4018 746 4103 magisque
771 4018 952 4084 necessario
976 4039 1085 4098 verus,
1106 4033 1197 4088 actus

91 4125 156 4192 lidei
172 4127 435 4211 supernaturalis,
467 4143 567 4209 quam
587 4135 679 4192 actus
698 4126 832 4214 quilibet
852 4127 1018 4204 naturalis,
1039 4130 1196 4212 quemad-

91 4235 217 4299 modum
240 4235 358 4301 docent
380 4233 549 4317 Theologi:
573 4242 606 4299 et
625 4235 708 4299 inter
727 4237 894 4324 naturales·
905 4235 1066 4321 judicium
1091 4254 1197 4321 enun-

91 4342 165 4407 tians
185 4341 374 4426 principium
388 4325 652 4408 contradictionis
672 4342 781 4408 verius
805 4349 855 4406 est
865 4343 988 4428 judicio
1012 4343 1196 4411 affirmante

91 4466 211 4514 cursum
228 4450 307 4515 Petri
326 4469 368 4515 ex
388 4467 547 4516 sensuum
567 4447 770 4516 testimonio.
1186 4474 1190 4480 ’

129 4557 178 4642 l·⁰
224 4555 370 4632 Quaestio
383 4557 492 4640 itaque
510 4557 675 4642 proposita
690 4575 755 4622 non
771 4565 919 4622 versatur
931 4556 1013 4624 circa
1027 4559 1196 4629 veritatem
1257 4593 1365 4626 mirere

93 4664 294 4742 materialem,
318 4665 376 4731 sed
396 4663 478 4730 circa
497 4665 664 4730 formalem
691 4663 876 4742 dumtaxat,
897 4675 930 4731 et
948 4664 1098 4734 similiter
1114 4669 1198 4739 circa
1250 4652 1370 4782 ‘fflff‘

95 4771 265 4836 salsitatem.
