3492 5525
336 446 409 510 ¹¹72
840 432 944 495 lausa
964 450 1106 513 nanum

325 628 418 683 seqq:
427 610 570 685 oppositio
580 576 811 685 propositionum
817 631 932 684 compo·
1016 608 1204 683 Philosophia
1215 608 1393 670 Scholastica
1403 630 1434 683 5¹
1446 629 1540 683 seqq:
1550 608 1609 668 Phi

325 698 448 759 sitarum
464 720 526 775 300.
1014 699 1154 773 losephiae
1168 698 1313 773 generalis
1323 698 1428 758 divisio
1444 719 1510 770 ¹⁰¹5
1524 718 1608 772 seqq:

291 788 415 849 Oratio
423 791 493 863 quid
502 806 601 865 240‚et
610 794 769 867 quotuplex
776 814 826 869 241
836 814 931 865 seqq:
1016 789 1205 863 Philosophia
1217 789 1402 862 speculativa,
1416 803 1545 863 spectato
1552 810 1610 863 gra·

326 878 388 940 sola
402 880 495 938 0ratio
507 880 688 941 enuntiativa
703 894 813 955 spectat
825 881 862 941 ad
878 882 934 941 Lo-
1015 877 1055 936 du
1074 878 1277 938 abstractionis
1290 900 1308 936 a
1322 877 1452 944 materia,
1477 878 1609 937 dividitur
1717 903 1719 908 ·

326 968 420 1041 gieam
436 989 497 1044 243:
511 971 637 1045 Logicus
647 992 705 1031 non
719 982 822 1030 tractat
831 990 933 1030 omnes
1017 970 1048 1028 in
1060 968 1300 1043 Metaphysieam,
1313 968 1470 1042 physicam
1487 970 1534 1027 rei
1548 969 1611 1027 Phi·

327 1058 593 1131 permutationis,
621 1079 695 1133 quas
718 1058 933 1119 Grammaticus
1016 1057 1180 1130 losophiam
1207 1059 1369 1116 naturalem
1399 1073 1430 1117 et
1462 1057 1611 1117 Mathesim

327 1146 492 1207 considerat
513 1169 575 1223 ²39·
1019 1149 1097 1217 1016,
1107 1145 1232 1220 practica
1241 1168 1310 1206 vcro
1322 1147 1353 1206 in
1362 1147 1500 1221 Logiaam
1514 1161 1543 1207 et
1552 1147 1612 1206 Phi·

292 1232 616 1309 Orqttnum'Voeatur
628 1238 744 1313 Lugios,
760 1252 788 1299 et
801 1260 854 1298 cur
871 1258 930 1297 roa:
1015 1237 1176 1311 losophiam
1195 1239 1333 1296 moralem
1357 1258 1435 1296 1021:
1458 1238 1496 1297 ad
1517 1228 1614 1297 Philo'-

325 1344 469 1399 organum
491 1325 624 1385 vitalium
642 1328 843 1400 operationum
869 1329 931 1397 561.
1015 1327 1149 1399 sophiam
1164 1326 1326 1385 naturalem
1341 1328 1386 1386 vel
1400 1327 1555 1401 Physicam
1569 1348 1613 1385 re-

663 1468 665 1473 .
1007 1417 1144 1483 ‚vocanda
1168 1429 1286 1475 estnon
1309 1416 1404 1475 solum
1424 1414 1614 1491 Cosmologia,

299 1433 547 1565 panthsins
562 1524 606 1579 53,
624 1507 670 1580 69.
687 1508 733 1577 82,
747 1506 793 1565 88:
809 1525 932 1566 consen·
1015 1506 1067 1565 sed
1092 1506 1180 1565 etiam
1211 1504 1402 1580 Psychologia
1425 1504 1615 1564 recentiorum

326 1593 430 1653 tientes
448 1616 514 1653 cum
535 1596 726 1656 rationalistis
743 1596 772 1656 in
794 1618 933 1670 respuen·
1016 1610 1166 1667 tamquam
1193 1608 1291 1668 partes
1318 1594 1448 1665 ejusdem
1478 1614 1554 1652 roas:
1580 1594 1615 1652 ad

325 1682 371 1741 dis
387 1683 558 1744 veritatibus
571 1686 735 1745 humanum
750 1701 868 1761 captum
882 1710 931 1747 cx·
1017 1683 1146 1755 aliquam
1172 1705 1208 1744 ex
1229 1681 1294 1742 istis
1322 1683 1453 1755 quinque
1477 1682 1616 1755 primariis

325 1773 493 1832 cedentibus
511 1793 575 1847 951.
1016 1772 1145 1831 scientiis
1157 1768 1204 1830 vel
1217 1772 1356 1831 membris
1366 1769 1618 1844 Philosophiaert-

187 1892 190 1897 ·
289 1862 505 1931 Paraoelsus
523 1880 569 1937 7⁰·
1015 1862 1104 1934 liquae
1117 1882 1219 1921 omnes
1238 1861 1517 1921 humanoescicntiae
1533 1882 1618 1921 revo-

290 1951 561 2023 Pmloq'lsmus
576 1952 637 2026 383.
1015 1952 1075 2009 cari
1093 1965 1227 2024 possunt,
1242 1953 1288 2008 vel
1307 1954 1344 2011 ab
1358 1950 1461 2010 iisdem
1480 1966 1558 2010 certe
1569 1952 1619 2009 de·

291 2040 518 2098 Parllottlare
550 2042 621 2112 quid
658 2063 716 2115 192:
755 2046 932 2117 quandoque
975 2047 982 2057 ⁴
1017 2041 1144 2113 pendent
1168 2042 1244 2100 1028:
1268 2040 1457 2114 Philosophia
1480 2041 1618 2099 naturalis

326 2128 402 2188 idem
417 2129 493 2188 valet
506 2149 538 2188 ac
560 2130 744 2190 individuum
769 2134 815 2191 vcl
829 2132 931 2208 singu·
1017 2130 1141 2187 nobilior
1163 2144 1208 2189 est
1230 2129 1358 2188 Mathesi
1383 2127 1497 2188 ratione
1518 2128 1619 2201 objecti

326 2218 386 2276 lare
399 2219 478 2291 apud
492 2218 630 2291 antiquos
646 2240 707 2294 34¹·
1019 2219 1095 2288 1038,
1112 2232 1142 2276 at
1159 2217 1256 2278 minus
1271 2218 1378 2278 nobilis
1394 2231 1522 2290 spectata
1535 2219 1619 2277 certi·

289 2307 417 2364 Passio
440 2306 547 2366 actioni
573 2308 752 2381 respondens
774 2312 847 2383 quid
872 2314 931 2386 183:
1017 2306 1118 2365 tudine
1134 2328 1212 2381 ¹037·

326 2395 425 2467 passio
436 2396 512 2457 idem
527 2416 602 2468 saepe
615 2396 691 2456 valet
705 2399 782 2471 apud
797 2400 933 2473 antiquos
980 2394 1168 2452 Phaenloes
1183 2394 1354 2468 Philosophi
1371 2413 1412 2468 14.

326 2504 360 2542 ac
371 2483 532 2557 proprietas
544 2486 609 2559 865,
622 2486 697 2559 872.x
981 2478 1132 2540 Photius
1143 2503 1190 2557 49.

290 2574 419 2632 Patres
434 2574 568 2633 Ecclesiae
580 2595 615 2649 42
630 2595 712 2648 seqq.
772 2648 775 2655 Ι
980 2571 1151 2645 Physica
1165 2573 1282 2631 nomine
1293 2573 1372 2644 apud
1389 2572 1529 2644 antiquos
1541 2572 1622 2630 venit

290 2664 437 2721 Perelrtt
451 2664 496 2723 vel
511 2664 645 2723 Pererius
659 2666 835 2726 Benedictus
847 2670 894 2727 80,
1017 2662 1157 2719 naturalis
1171 2660 1372 2735 Philosophia,
1384 2664 1577 2734 complectens
1587 2683 1620 2720 ea

291 2752 525 2826 Peripatetlcl
542 2774 587 2828 23,
611 2775 654 2828 32,
678 2754 723 2813 68:
748 2756 931 2831 Peripatetici
963 2778 966 2784 ¹
1016 2750 1198 2824 omnin‚quae
1213 2773 1291 2811 nunc
1300 2750 1417 2812 tractari
1428 2752 1459 2811 in
1470 2750 1620 2812 Cosmoln-

327 2843 518 2902 Alexandrini
530 2858 560 2902 et
573 2843 746 2904 Averroistae
759 2846 804 2904 68.
1016 2840 1063 2914 gia
1078 2855 1107 2899 et
1122 2841 1312 2914 Psychologia
1326 2843 1419 2900 solent
1440 2843 1518 2911 1016,
1540 2861 1617 2900 1022.

292 2933 362 2990 Pet·
374 2945 414 2989 ue
428 2946 500 3005 quot
514 2931 608 2992 modis
619 2931 733 2991 dicatur
746 2933 810 3008 864,
825 2935 889 3012 865.
980 2929 1089 2988 Picus
1103 2950 1120 2988 a
1133 2930 1299 2988 Mirandula
1312 2931 1441 3018 Joaqnea
1453 2933 1500 3004 67.

290 3022 412 3080 Persae
428 3021 599 3095 Philosophi
616 3042 657 3095 ¹4·
980 3021 1084 3080 Plato
1097 3042 1141 3079 21:
1155 3021 1331 3094 comparatio
1342 3021 1419 3080 inter
1429 3021 1581 3081 Platonem
1591 3036 1621 3079 ct
1717 3020 1719 3051 ¹

290 3110 422 3170 Petrus
439 3113 476 3170 de
496 3111 615 3183 niliaco,
640 3114 755 3186 Aquila
777 3113 931 3173 Doctorum
1016 3109 1200 3170 Aristotelem
1212 3131 1257 3184 24:
1271 3111 1479 3170 Commeatum
1491 3111 1620 3181 ejusdcm
1717 3108 1719 3137 ³

329 3203 354 3260 F
353 3202 463 3260 rencioe
475 3201 520 3260 61.
1015 3200 1052 3256 de
1066 3199 1174 3272 praevia
1193 3201 1358 3258 animorum
1372 3199 1524 3259 existentia
1543 3201 1621 3258 etde

290 3291 423 3348 Patrne
437 3289 586 3362 Hispanus
602 3289 645 3362 58.
1016 3288 1206 3360 acquisitione
1218 3289 1344 3348 scientiae
1357 3310 1409 3362 per
1428 3289 1519 3349 solam
1533 3290 1621 3348 remi·

291 3381 422 3438 Petrus
440 3379 633 3450 Lombardus‚
654 3381 797 3458 Magister
806 3382 932 3442 Senieu-
1017 3376 1188 3436 niscentiam
1200 3377 1254 3452 347
1267 3397 1360 3450 ΜΨ
1377 3379 1499 3436 dubium
1512 3392 1568 3446 est,
1582 3398 1621 3435 δῦ

328 3473 437 3529 tiorum
452 3489 496 3544 54.
1016 3486 1082 3524 vere
1095 3467 1221 3525 tenuerit
1233 3467 1307 3525 cirea
1321 3466 1496 3526 universalia
1507 3465 1621 3540 opinio-

291 3559 511 3631 Phlloponus
525 3559 652 3629 Joannes
663 3560 710 3632 48.
1017 3574 1083 3612 nem
1097 3555 1292 3629 vulgoeidem
1305 3556 1475 3615 attributam
1487 3557 1551 3614 662.

290 3649 521 3720 Philosophia
535 3649 606 3721 quid
621 3671 654 3708 ex
669 3649 698 3708 vi
719 3649 846 3709 nominis
863 3672 887 3719 1,
902 3666 932 3709 et
981 3642 1158 3702 Platonici
1179 3644 1360 3715 antiquiores
1380 3666 1425 3716 23,
1447 3644 1623 3718 posteriores

325 3738 485 3798 secundum
500 3757 559 3796 rem
577 3757 601 3810 5:
615 3738 743 3811 dignitas
757 3739 819 3810 ejus
831 3763 857 3813 7,
875 3738 932 3798 uti·
1018 3756 1061 3806 33,
1085 3735 1129 3808 36,
1151 3733 1326 3793 recentiores
1342 3737 1388 3809 67:
1404 3733 1621 3793 Platonicorum

326 3827 394 3886 litas
413 3827 441 3900 8,
459 3827 545 3884 variae
566 3828 736 3900 partitiones
750 3847 778 3900 9,
798 3829 881 3902 origo
903 3841 932 3886 et
1016 3824 1115 3895 opinio
1126 3823 1200 3882 circa
1215 3823 1461 3893 universaliaoba,
1477 3825 1622 3884 refutatur

326 3935 496 3990 progressus
508 3936 540 3975 to
550 3935 642 3988 seqq:
655 3915 843 3988 Philosophia
853 3919 931 3989 apud
1016 3916 1071 3971 666
1084 3927 1113 3971 et
1126 3914 1181 3989 678
1195 3934 1275 3986 seqq.

326 4006 437 4064 Arabes
449 4025 495 4079 49,
516 4005 594 4078 apud
615 4006 771 4080 AEgyptios
794 4025 836 4078 14,
852 4007 932 4078 apud
981 4003 1121 4061 Plinius
1135 4004 1231 4074 junior
1245 4026 1288 4074 31.

326 4095 481 4154 Chaldaeos
498 4114 539 4168 14,
560 4094 638 4166 apud
654 4093 770 4153 Graecos
787 4113 817 4168 15
835 4115 930 4167 seqq,
981 4091 1156 4162 Plotinum
1172 4091 1305 4165 princeps
1319 4092 1526 4164 neoplatonicae
1535 4095 1622 4152 seho-

325 4184 403 4256 apud
432 4185 569 4243 Hebraeos
597 4205 639 4254 11,
668 4183 746 4256 apud
776 4184 862 4242 lndos
888 4205 930 4255 11,
1017 4184 1109 4254 lae38.
1295 4240 1300 4255 ,

325 4274 403 4346 apud
428 4275 532 4332 Persas
559 4293 600 4347 14,
619 4275 697 4346 apud
722 4274 870 4334 Phaenices
888 4294 929 4348 14,
981 4272 1199 4330 Plutarohtts
1212 4271 1407 4332 chaeronenaIs
1421 4295 1465 4347 33.

325 4364 404 4434 apud
419 4363 566 4421 Romanos
575 4383 609 4435 30
622 4383 715 4435 seqq„
731 4364 808 4435 apud
824 4361 932 4422 Sinen-
981 4363 1309 4437 Polysyllopiamna
1322 4383 1384 4438 375.

325 4473 371 4512 ses
393 4475 434 4526 13,
449 4452 527 4526 apud
546 4453 683 4525 antiquos
698 4454 819 4525 populos
834 4455 931 4512 Euro·
981 4454 1238 4525 Pomponatius
1257 4454 1361 4512 Petrus
1373 4452 1419 4511 68.

327 4561 371 4613 poe
406 4562 447 4615 15:
484 4541 672 4614 Philosophia
705 4541 865 4628 christiana
896 4563 929 4617 41
981 4545 1077 4601 Pons
1089 4543 1273 4601 asinorum
1288 4544 1348 4616 383.

324 4650 419 4703 seqq„
433 4650 479 4704 49:
504 4631 676 4703 Philosophi
693 4631 847 4690 christiani
868 4631 929 4690 offi-
981 4632 1206 4704 Porphyrius
1224 4655 1267 4706 37:
1284 4633 1371 4691 arbor
1386 4629 1547 4705 Porphyrii
1564 4635 1625 4704 185.
1717 4636 1719 4643 '

325 4720 402 4778 cium
415 4721 503 4781 relate
516 4722 553 4792 ad
567 4721 704 4780 veritates
713 4722 853 4780 revelatas
866 4722 929 4795 965:
981 4724 1192 4792 Poultlones.
1215 4744 1309 4798 genam
1331 4723 1545 4796 principiorum
1560 4745 1625 4798 754.
