3492 5525
470 443 585 505 Anrrc.
611 454 668 523 3³¹⁸
688 439 778 517 Qum
799 458 861 503 ans
1130 437 1189 521 897

111 627 198 691 valet
215 637 312 709 atque
331 644 428 711 opus.
449 626 486 690 Et
504 626 655 709 quamvis
673 625 706 690 in
721 624 926 693 strictissima
939 624 1029 691 vocis
1043 625 1230 708 acceptione

111 734 220 799 omnis
238 734 382 819 cognitio
404 742 455 800 est
473 732 628 818 practica,
649 741 813 817 quatenus
837 732 967 817 aliquid,
982 740 1134 817 operatur
1157 750 1230 816 pro-

111 841 263 906 ducendo
282 860 400 925 nempe
419 841 585 919 habitum,
605 848 638 905 et
655 842 765 908 omnis
791 841 890 907 etiam
914 839 1059 927 cognitio
1081 848 1134 906 est
1157 858 1231 923 spe-

112 946 250 1012 culativa
269 964 326 1013 seu
345 947 490 1014 veritatis
509 948 779 1033 contemplativa,
800 948 1067 1032 quandoquidem
1086 946 1230 1031 cognitio

113 1054 326 1121 essentialiter
348 1055 497 1121 consistit
518 1056 551 1121 in
580 1056 863 1140 repraesentatione
885 1054 1020 1140 objecti,
1040 1074 1079 1119 ac
1095 1053 1231 1138 proinde

113 1162 146 1227 in
165 1160 271 1245 aliqua
289 1162 510 1246 speculatione
536 1164 588 1229 vel
612 1163 910 1247 contemplatione;
929 1162 1141 1228 nihilominus
1169 1180 1231 1227 usu

113 1268 307 1353 sapientium
328 1271 480 1336 eflectum
500 1279 567 1346 est,
588 1279 625 1335 ut
643 1273 712 1336 sola
728 1268 889 1356 cognitio,
910 1288 985 1354 quae
1003 1271 1133 1356 regulat
1154 1288 1235 1353 ope«

114 1378 289 1455 rationem,
306 1376 444 1461 practica
459 1388 610 1455 vocetur,
626 1396 701 1461 quae
714 1396 792 1444 vero
806 1380 915 1443 solum
931 1376 1070 1444 intendit
1082 1376 1230 1444 notitiam
1299 1383 1302 1394 '

114 1483 275 1561 veritatis,
297 1484 509 1569 speculativa.
535 1484 613 1551 «Ad
640 1488 734 1570 cujus
757 1486 946 1552 differentiae
964 1485 1230 1552 declarationem.

115 1601 165 1657 est
183 1592 363 1658 notandum
382 1593 585 1660 intellectum
605 1603 761 1660 'nostrum
780 1592 863 1659 circa
881 1593 949 1659 duo
969 1592 1106 1671 versari,
1126 1592 1233 1677 primo

114 1699 249 1783 quidem
278 1699 362 1765 circa
390 1700 611 1786 cognitionem
641 1718 748 1766 rerum
777 1709 846 1767 tam
874 1711 1100 1776 externarum,
1131 1718 1231 1783 quam

117 1806 243 1892 proprie
266 1806 364 1873 etiarn
385 1816 524 1885 naturae,
545 1807 690 1884 secundo
717 1806 798 1874 circa
820 1810 1048 1894 generationes
1075 1808 1231 1891 proprias,

115 1916 199 1980 inter
217 1932 299 1998 quas
321 1915 391 1981 aliae
412 1922 491 1981 sunt
517 1916 549 1981 in
578 1923 739 1999 potestate
767 1915 927 1993 hominis,
948 1916 1056 2000 quoad
1080 1933 1177 1981 usum
1201 1922 1235 1978 et

115 2022 305 2087 exercitium
333 2030 433 2106 atque
456 2022 553 2088 etiam
582 2024 689 2106 quoad
717 2024 944 2091 rectitudinem
971 2032 1005 2089 et
1026 2022 1232 2107 pravitatem,

115 2130 186 2195 aliae
204 2148 282 2196 vero
299 2128 384 2195 irunt
399 2130 597 2208 necessario,
617 2149 692 2213 quae
710 2131 845 2215 proinde
864 2132 897 2196 in
917 2138 1077 2216 potestate
1095 2129 1237 2196 hominis

117 2256 184 2303 non
217 2236 373 2303 existunt.
411 2238 503 2303 Circa
536 2237 658 2322 priores
686 2247 797 2305 autem
831 2238 1037 2323 operationes
1067 2237 1237 2322 dupliciter

117 2355 225 2429 potest
254 2346 436 2413 intellectus
458 2346 594 2422 versari,
614 2358 670 2413 aut
697 2347 929 2432 cognoscendo
957 2347 1028 2422 illas
1053 2346 1235 2413 secundum

118 2454 268 2519 entitates
296 2471 372 2519 suas
397 2454 575 2529 naturales,
596 2461 653 2519 aut
680 2456 858 2540 regulando
872 2442 1183 2538 'constituendoque
1202 2454 1236 2518 in

117 2561 180 2627 illis
195 2561 346 2637 modum,
362 2579 429 2644 quo
443 2562 567 2645 optime
581 2560 673 2629 fiant.
690 2562 831 2639 Quando
843 2580 921 2647 ergo
935 2560 1118 2629 intellectus
1127 2568 1238 2628 noster

118 2679 266 2735 versatur
279 2667 361 2735 circa
373 2676 442 2735 'rem
453 2652 638 2753 'quamlibet
649 2669 709 2736 sibi
725 2669 938 2736 extrinsecam
952 2671 1003 2735 vel
1015 2670 1235 2745 intnnsm,

118 2777 346 2865 cognoscendo
373 2785 501 2846 tantum
530 2787 678 2844 naturam
704 2791 737 2846 et
761 2778 973 2862 proprietates
995 2778 1096 2856 illius,
1116 2798 1161 2849 ,ea
1183 2796 1240 2843 co-
1305 2809 1308 2814 ·

118 2885 222 2971 gnitio
241 2885 439 2969 speculativa
457 2893 524 2951 est:
541 2887 674 2969 quando
693 2904 771 2951 vero
790 2887 871 2951 circa
890 2887 1112 2970 operationem
1133 2885 1239 2951 homi-

120 2993 171 3057 nis
188 2992 291 3075 ipsius
309 2992 488 3077 regulando
507 2991 727 3076 ponendoque
746 2992 789 3059 illi
816 2994 967 3070 modurn,
990 2992 1063 3059 talis
1077 2991 1162 3059 actio
1180 2993 1240 3057 erit

119 3099 339 3168 communiter
370 3099 517 3183 practica.
548 3097 754 3183 Quapropter
780 3099 924 3184 cognitio
951 3099 1149 3184 speculativa
1169 3101 1241 3165 vin·

119 3209 204 3275 dicat
223 3225 281 3291 pro
300 3207 431 3272 materia
451 3206 616 3291 proxima,
635 3207 717 3272 circa
736 3225 833 3290 quarn
853 3217 1019 3285 versatur,
1041 3226 1109 3273 rem
1128 3208 1241 3292 cogni·

120 3325 206 3395 tam3
228 3333 286 3399 pro
304 3312 497 3380 fme'autem
517 3315 620 3398 ipsam
648 3315 834 3392 veritatem,
855 3334 929 3399 quae
948 3316 989 3381 de
1008 3335 1042 3380 re
1060 3315 1113 3380 illa
1132 3323 1241 3399 potest

121 3421 351 3487 demonstrari.
367 3421 409 3485 At
427 3440 505 3487 vero
523 3421 665 3506 cognitio
685 3423 822 3505 practica
837 3439 895 3506 pro
910 3424 1051 3490 materia
1062 3431 1095 3488 et
1113 3423 1241 3508 objecto

121 3529 255 3595 sortitur
283 3527 506 3613 operationem
537 3531 733 3606 humanam,
763 3539 795 3594 et
826 3549 885 3614 pro
916 3529 982 3595 fine
1011 3529 1240 3596 rectitudinem

122 3637 223 3714 illim,
245 3645 278 3701 et
297 3644 333 3703 ut
354 3637 399 3704 ita
421 3636 543 3710 dicam,
566 3637 800 3721 regulationem
825 3637 856 3705 in
881 3640 965 3703 lacto
987 3656 1102 3706 esse...
1122 3637 1160 3703 Et
1183 3639 1244 3703 hac

122 3745 163 3810 de
181 3762 278 3811 causa
296 3743 480 3810 intellectus
497 3745 656 3828 practicus
675 3763 743 3810 rem
763 3743 945 3812 considerat
971 3754 1008 3810 ut
1029 3745 1241 3830 operabilem,

123 3851 200 3936 quia
218 3851 372 3917 nimirum
398 3851 586 3918 immediate
603 3852 785 3918 considerat
803 3852 1008 3937 operationes
1036 3852 1180 3921 hominis
1206 3871 1244 3918 ac

124 3977 177 4026 res
195 3959 290 4038 alias,
311 3970 348 4026 ut
366 3958 429 4026 sub
443 3959 563 4026 talibus
580 3960 702 4026 cadunt
720 3959 990 4045 operationibus»
1008 3958 1074 4049 (r).

170 4084 248 4151 254.
294 4072 467 4134 Differunt
483 4089 565 4151 ergo
581 4073 724 4135 scientia
742 4073 798 4136 vel
814 4073 963 4151 cognitio
985 4074 1195 4152 speculativa
1210 4083 1246 4136 et
1293 4085 1425 4134 nuaram

124 4181 290 4258 practica:
308 4173 347 4260 α)
361 4172 443 4249 fine,
465 4193 557 4250 nam,
578 4171 716 4240 docente
735 4176 910 4242 Aristotele
928 4173 997 4264 (2),
1006 4177 1090 4262 finis
1105 4178 1246 4259 specula·
1270 4159 1449 4287 'fflffl'

127 4284 199 4349 lr'orc
216 4283 409 4359 estvmtas,
440 4283 494 4348 boc
510 4283 592 4348 enim
617 4283 763 4368 estquod
782 4283 934 4361 intendit,
961 4283 1081 4351 scila'cet
1103 4285 1248 4351 veriatis
1280 4303 1436 4360 amram

120 4390 345 4474 cognitionem
358 4390 499 4478 sedfinis
511 4390 660 4473 marture
672 4395 720 4457 est
734 4397 822 4474 opus.
846 4390 931 4473 Qun
949 4390 1008 4458 etsi
1021 4391 1172 4475 practici,
1193 4393 1248 4459 boc
1259 4379 1356 4436 ’Μ
1370 4377 1458 4432 “⁶⁸⁶³

162 4645 204 4708 (r)
241 4637 342 4712 Suam,
357 4641 392 4698 de
404 4639 517 4710 Arnim„
532 4639 582 4698 lib.
594 4657 613 4714 4
626 4659 690 4714 cap·
702 4661 731 4714 9.
747 4659 777 4700 n.
797 4659 820 4699 r.

163 4733 204 4798 (a)
241 4729 306 4790 Lib.
322 4749 339 4788 a
354 4730 499 4805 Meropia,
514 4747 577 4802 cap.
595 4750 623 4788 ι.
