3492 5525
553 389 632 506 '1004
664 424 788 489 Loorca
803 423 1035 497 Maron-Lm.
1055 439 1124 501 μ’,
1142 426 1233 489 Drsr.
1252 439 1296 507 4·
1313 424 1389 487 Che.
1410 439 1477 505 qum

578 604 682 671 immo
699 603 733 669 in
756 604 828 689 ipso
856 606 951 671 tertio
969 624 1087 690 genere
1111 624 1177 671 non
1205 606 1349 689 quilibet·
1366 608 1485 673 modus
1501 615 1606 671 contra·

510 710 627 777 ctionis
645 712 799 797 subjecti,
819 713 878 778 sed
892 715 1000 778 solum
1016 714 1199 791 secundus,
1219 716 1253 781 in
1267 732 1334 797 quo
1349 714 1528 798 subjectum
1545 714 1606 778 suh

510 819 697 885 alternantis
725 820 926 893 contrahitur
960 838 1017 904 per
1048 819 1261 887 differentiam
1295 821 1550 896 momentariam,
1576 820 1607 885 ad

479 988 482 994 .
510 926 820 993 subalternationem
855 928 920 993 veri
955 928 1098 995 nominis
1129 930 1316 1011 requiritur,
1347 928 1607 1013 quemadmodum

510 1042 620 1099 contra
639 1053 760 1117 paucos
776 1031 828 1121 (r)
846 1043 935 1100 tenet
953 1035 1225 1103 communissima
1239 1035 1429 1123 sententia(
1455 1034 1479 1125 ).

577 1142 615 1207 Et
633 1142 714 1207 ratio
737 1151 803 1217 est,
818 1143 900 1225 quia
920 1162 957 1207 ea
975 1143 1107 1209 scientia
1125 1153 1175 1209 est
1193 1143 1226 1210 in
1246 1144 1351 1229 rigore
1371 1145 1460 1210 alteri
1484 1142 1609 1210 subordi-

512 1258 603 1325 nata,
625 1268 699 1331 quae
714 1251 753 1315 ab
773 1251 824 1315 illa
839 1251 1002 1334 dependet
1020 1252 1051 1317 in
1078 1270 1148 1316 esse
1167 1252 1324 1327 scientiae,
1352 1260 1385 1317 et
1409 1252 1538 1336 proinde
1562 1251 1609 1317 nisi

511 1355 551 1420 ab
571 1357 624 1422 illa
643 1358 799 1441 acciperet
815 1357 919 1441 prima
938 1358 1109 1443 principia,
1131 1378 1196 1424 non
1222 1370 1331 1443 posset
1352 1360 1507 1425 rationem
1525 1358 1612 1442 digni-

511 1471 679 1547 tatemque
698 1464 844 1531 obtinere
859 1466 1017 1541 scientiae,
1036 1474 1073 1531 ut
1093 1468 1192 1535 modo
1212 1468 1424 1552 exposuimus
1448 1466 1511 1553 (3).
1527 1464 1611 1549 Atqui

511 1572 584 1638 talis
602 1580 652 1637 est
666 1573 836 1638 dumtaxat
855 1572 988 1638 scientia
1001 1573 1070 1647 illa,
1091 1575 1184 1657 cujus
1202 1574 1369 1658 objectum
1390 1575 1546 1641 contrahit
1566 1575 1613 1639 oh

506 1682 631 1767 jectum
651 1680 903 1746 subalternantis
923 1680 1176 1755 accidentaliter,
1198 1700 1263 1746 non
1283 1701 1359 1747 vero
1376 1682 1443 1755 illa,
1462 1682 1550 1765 cujus
1566 1681 1613 1744 oh

442 1838 450 1849 .
507 1790 630 1874 jectum
651 1796 701 1853 est
724 1788 890 1871 objectum
910 1786 1160 1853 subalternantis
1179 1797 1382 1855 contractum
1402 1788 1609 1862 essentialiter,

511 1914 569 1961 seu
589 1913 645 1979 per
662 1893 877 1959 differentiam
898 1896 1103 1961 essentialem
1119 1906 1150 1960 et
1169 1896 1470 1979 specificam..Nam
1485 1894 1611 1971 scientia,

512 2002 605 2087 cujus
619 2001 784 2086 objectum
805 2002 894 2070 addit
913 2004 1097 2086 specificam
1123 2004 1337 2085 differentiam
1353 2022 1450 2087 supra
1469 2004 1613 2085 objectum

415 2170 422 2179 .
511 2109 762 2177 subalternantis
781 2109 878 2174 habet
897 2110 929 2175 in
959 2128 1010 2183 se,
1041 2111 1128 2175 unde
1156 2112 1271 2193 probet
1294 2130 1370 2177 suas
1393 2111 1613 2183 conclusiones,

510 2226 608 2299 atque
634 2218 716 2281 adeo
734 2217 803 2283 sine
831 2235 961 2283 recursu
982 2218 1022 2283 ad
1041 2218 1135 2283 aliam
1156 2228 1263 2301 potest
1283 2218 1400 2283 habere
1432 2237 1552 2283 esseae
1575 2237 1613 2281 ra-

509 2324 633 2389 tionem
658 2315 812 2389 scientiae.
842 2323 1009 2405 Siquidem
1044 2324 1193 2407 specifica
1218 2324 1270 2389 illa
1303 2325 1497 2400 differentia,
1529 2342 1614 2406 quarn

510 2431 697 2515 superaddit
719 2432 847 2515 objecto
865 2430 1008 2496 scientiae
1027 2432 1294 2507 subalternantis,
1322 2442 1371 2497 est
1390 2450 1465 2497 vera
1485 2432 1566 2497 radix
1585 2450 1615 2493 ae

510 2541 584 2605 sons
599 2538 802 2623 passionum,
818 2557 892 2621 quae
905 2538 1039 2621 proinde
1051 2540 1222 2621 perillam,
1240 2548 1407 2621 tamquam
1420 2560 1476 2623 per
1487 2540 1615 2623 primum

510 2646 715 2730 principium,
735 2645 951 2711 demonstrari
971 2665 989 2709 a
1008 2646 1103 2728 priori
1120 2656 1285 2728 poterunt.
1304 2646 1354 2711 Sic
1369 2646 1503 2711 scientia
1517 2646 1554 2711 de
1568 2647 1617 2708 ho·

510 2756 598 2821 mine
617 2775 670 2830 ea,
690 2775 765 2838 quae
783 2753 912 2838 propria
930 2764 1008 2819 sunt
1027 2753 1185 2830 hominis,
1208 2755 1411 2821 demonstrat
1430 2775 1472 2821 ex
1494 2752 1616 2838 propriis

511 2863 688 2947 principiis,
710 2863 789 2944 quin
804 2863 1036 2928 recurrendum
1052 2864 1093 2929 sit
1113 2863 1153 2926 ad
1171 2862 1337 2928 scientiam
1359 2864 1399 2927 de
1414 2863 1559 2937 animali,
1573 2861 1616 2924 vel

511 2971 551 3036 de
569 2970 769 3045 viventibus,
790 2971 841 3034 vel
855 2970 896 3034 de
914 2951 1047 3052 corpore
1062 2969 1260 3054 generatim,
1278 2988 1417 3053 quarum
1433 2970 1554 3054 objecta
1566 2986 1613 3050 per

511 3077 694 3162 specificam
712 3074 927 3142 differentiam
952 3079 1188 3142 contrahuntur
1211 3093 1269 3160 per
1296 3077 1461 3161 objectum
1493 3075 1618 3142 scientiae

512 3187 553 3250 de
567 3186 712 3249 homine.
730 3185 821 3250 Unde
834 3184 1066 3249 subalternatio
1078 3182 1264 3267 hujusmodi
1280 3193 1349 3248 orta
1360 3201 1400 3248 ex
1415 3185 1618 3250 contractione

512 3292 630 3377 objecti
649 3309 706 3375 per
719 3292 932 3357 differentiam
953 3291 1158 3370 essentialem
1180 3290 1308 3374 reperiri
1331 3293 1414 3356 solet
1437 3289 1620 3376 inpartibus

513 3399 611 3465 unius
631 3399 844 3482 eiusdemque
872 3397 1029 3474 scientiae,
1058 3406 1094 3462 ut
1122 3407 1210 3482 patet
1238 3399 1268 3463 in
1299 3399 1440 3465 adducto
1470 3397 1619 3480 exemplo.

514 3525 608 3573 secus
621 3525 657 3570 ac
673 3505 904 3571 subalternatio
923 3506 1047 3582 stricta,
1065 3525 1139 3589 quae
1159 3524 1224 3572 non
1241 3499 1330 3590 viget
1346 3506 1406 3571 nisi
1433 3505 1515 3570 inter
1533 3504 1622 3569 scien·

514 3614 575 3680 ties
597 3613 777 3680 distinctas.
799 3613 974 3698 Obiectum
999 3614 1086 3678 enim
1111 3621 1313 3679 contractum
1340 3631 1396 3697 per
1423 3611 1621 3679 differentiam

515 3721 720 3786 essentialem
741 3721 873 3786 exhibet
897 3722 1021 3804 species
1040 3721 1205 3806 ejusdem:
1232 3722 1273 3801 ad
1292 3739 1393 3786 unam
1409 3729 1518 3786 autern
1546 3737 1624 3782 eam·

515 3829 659 3911 demque
677 3826 846 3894 scientiam
861 3835 986 3912 spectat
995 3828 1178 3913 subjectum
1194 3838 1226 3894 et
1241 3813 1363 3913 species¹
1373 3831 1445 3913 ejus
1459 3829 1623 3912 precipuas

515 3944 662 4002 tractare.
708 3934 711 3937 ’

584 4043 626 4106 At
640 4061 718 4130 vero
737 4043 869 4124 quando
888 4043 921 4107 in
937 4042 1063 4128 objecto
1079 4043 1212 4127 alicujus
1226 4042 1367 4107 scientiae
1382 4041 1624 4108 subalternantis

517 4168 558 4214 ex
586 4148 814 4233 conjunctione
840 4167 916 4213 cum
941 4149 1047 4232 aliqua
1071 4149 1248 4215 differentia
1276 4149 1463 4214 accidentali
1487 4157 1521 4214 et
1538 4157 1626 4214 extra·

535 4453 594 4554 ·(r)
629 4451 717 4524 Apud
740 4450 840 4537 Suam,
862 4451 938 4524 disp.
965 4451 1046 4521 Met,
1065 4473 1089 4520 r,
1106 4464 1173 4510 sect.
1195 4470 1221 4524 ς,
1245 4471 1273 4509 n.
1289 4453 1335 4524 4⁶3
1354 4451 1568 4523 Complutum..
1582 4449 1624 4508 loc.

517 4555 613 4702 Νέας.
626 4542 707 4686 8llidc
721 4630 838 4688 eosdem
852 4631 939 4690 hosce
953 4633 1027 4700 nh..
1043 4643 1071 4690 et
1086 4630 1276 4702 Conimbric.,
1288 4651 1321 4689 ac
1335 4631 1359 4690 F
1359 4649 1470 4702 onsec.,
1482 4633 1535 4692 loc.
1550 4632 1595 4690 cit.

554 4726 595 4795 (3)
633 4719 695 4780 Cir.
713 4718 813 4792 Suae,
829 4721 867 4780 ib.
886 4741 916 4780 n.
931 4741 977 4796 47.
