3492 5525
550 508 606 577 534
667 494 790 559 Loorm
802 497 1036 571 Masona-Lm.
1056 508 1124 572 ψ,
1139 498 1230 563 Drsr.
1248 512 1291 580 3.·
1307 498 1386 561 Car.
1402 510 1473 557 aare

508 676 650 742 tettectus
669 680 703 742 et
722 696 830 745 sensns
850 676 921 764 (r):
942 680 1021 746 illud
1039 678 1162 764 quippe
1185 678 1306 754 existit,
1326 679 1416 762 quod
1435 678 1561 743 homini
1583 677 1632 741 vi-

421 789 430 813 *
508 783 620 861 detur,
640 782 719 850 illud
738 804 816 851 vero
829 804 902 852 non
920 787 1047 879 existit,
1067 787 1157 871 quod
1180 785 1305 853 homini
1324 804 1392 851 non
1410 785 1539 851 videtur
1559 781 1628 872 (a).

512 890 596 956 Cum
621 891 681 957 hac
708 892 863 976 opinione
892 902 959 961 non
985 896 1137 981 exiguam
1156 896 1240 983 gerit
1265 892 1458 961 affinitatem
1481 893 1630 959 doctrina

510 996 633 1075 Kantii,
663 998 788 1079 Ficbtii,
818 1000 1023 1088 aliorumque
1054 1003 1339 1071 Rationalistarum
1372 1000 1627 1072 Germanorum.

508 1106 550 1171 de
569 1106 690 1190 quibus
702 1124 764 1173 suo
778 1107 812 1173 in
831 1110 906 1176 loco
923 1111 1089 1195 agendum
1110 1110 1204 1178 nobis
1223 1119 1274 1175 est
1285 1107 1297 1196 (
1301 1107 1349 1197 3).

335 1234 371 1278 οι·
365 1232 427 1278 ιιιι
577 1202 821 1281 Recentioribus
839 1216 1043 1301 temporibus
1058 1218 1130 1283 duae
1143 1220 1320 1295 extiterunt
1333 1216 1411 1283 satis
1429 1224 1515 1281 notae
1532 1216 1630 1281 scho-

296 1320 338 1421 35¹¹
338 1246 452 1421 ζῗώζζ
444 1314 567 1417 ζζΙω,
589 1320 806 1405 subjectivum
826 1322 990 1391 criterium
1010 1334 1192 1401 sectantes,
1208 1323 1626 1395 aiterasensrrscommmns,
1742 1413 1743 1420 ἵ

314 1442 453 1491 τιιιιιιιι
454 1442 477 1488 ιιι
510 1430 608 1495 altera
634 1428 872 1495 smtimantatis.
902 1431 1048 1497 Primum
1078 1432 1166 1519 enim
1193 1433 1339 1498 Thomas
1365 1430 1465 1505 Reid,
1497 1430 1630 1495 natione
1742 1439 1743 1444 ’

329 1514 466 1633 ἑζουζοι·
510 1546 621 1603 scotus
639 1533 703 1623 (4),
724 1546 760 1603 ut
779 1537 889 1604 Humii
912 1539 1154 1624 scepticisrnum
1170 1538 1375 1624 profligaret,
1390 1537 1528 1604 docuit
1520 1554 1629 1603 inesse

511 1644 628 1709 animae
655 1652 774 1709 nostrae
801 1646 996 1712 facultatem·
1016 1648 1193 1731 quamdam
1212 1645 1430 1728 inspirationis
1456 1664 1493 1709 ac
1506 1649 1630 1728 'sagga-

510 1751 638 1830 stionis,
669 1750 943 1835 independentem
969 1754 1011 1818 ab
1028 1755 1119 1821 omni
1138 1754 1283 1820 humana
1311 1751 1533 1827 institutione,
1553 1770 1629 1835 quae

510 1859 595 1944 cogit
612 1876 672 1925 nos
691 1858 864 1925 admittere
884 1861 1034 1944 quaedam
1055 1861 1208 1946 principia
1223 1857 1539 1934 indemonstrabilia,
1556 1858 1631 1942 qui-

511 1967 573 2032 bus
593 1984 692 2032 nemo
707 1966 858 2053 refragari
873 1968 995 2045 valeat,
1008 1976 1042 2033 et
1057 1969 1084 2034 si
1099 1969 1328 2053 refragaretur,
1346 1966 1461 2033 merito
1472 1966 1632 2031 rriierebar

511 2074 552 2138 ab
571 2073 726 2141 omnibus
749 2070 813 2162 (5).
839 2060 964 2142 Etenim
984 2094 1096 2141 revera
1115 2094 1210 2141 mens
1232 2074 1330 2142 sentit
1353 2094 1389 2141 se
1410 2075 1452 2140 ad
1470 2074 1629 2140 nonnulla

506 2180 637 2267 judicia,
658 2182 768 2247 statim
789 2202 825 2247 ac
843 2174 1131 2267 apprehenduntur
1148 2182 1291 2259 termini,
1317 2182 1555 2269 pronuntianda
1573 2180 1630 2246 de-

511 2287 693 2364 terminari,
723 2308 807 2355 caece
826 2298 956 2368 tamen,
985 2302 1017 2358 et
1044 2292 1124 2377 quin
1146 2292 1264 2357 horum
1288 2290 1372 2357 inter
1394 2308 1430 2356 se
1455 2287 1634 2356 connexio-

514 2414 589 2461 nem
609 2404 666 2463 aut
681 2397 930 2483 repugnantiam
951 2396 1057 2464 videat
1075 2396 1140 2486 (6).

580 2502 746 2589 Ejusmodi
775 2504 909 2572 facultas
935 2505 1152 2588 inspirationis
1177 2507 1229 2571 vet
1251 2505 1469 2590 suggestionis,
1498 2516 1633 2571 vocatur

514 2611 611 2677 etiam
632 2610 672 2677 ab
688 2610 790 2695 ipsius
810 2613 954 2697 patronis
968 2632 1075 2680 sensus
1087 2615 1276 2691 communis,
1286 2616 1426 2700 facultas
1439 2612 1630 2687 interitionis,

514 2727 547 2786 et
565 2718 733 2786 instinctus
750 2723 886 2786 natura.
912 2720 1087 2788 Instinctus
1112 2730 1222 2788 autem
1247 2721 1299 2787 hic
1317 2740 1441 2816 carus,
1466 2720 1632 2806 inspiratio
1742 2798 1743 2809 .

445 2863 449 2868 ·
514 2829 565 2894 vei
592 2829 763 2914 suggestio
787 2838 911 2895 naturae
936 2830 1085 2896 habenda
1112 2838 1162 2907 est
1189 2839 1357 2913 tamquam
1382 2830 1435 2895 lex
1458 2849 1495 2895 ac
1515 2847 1634 2895 norma
1742 2834 1743 2887 t

515 2955 668 3023 suprema
687 2935 796 3003 omnis
815 2935 1037 3016 certitudinis,
1053 2956 1130 3003 cum
1151 2956 1298 3023 peream
1319 2937 1532 3005 enuntientur
1549 2956 1633 3002 caeca

516 3044 706 3113 necessitate
729 3043 849 3128 judicia
876 3046 1027 3128 quaedam
1058 3045 1160 3128 prima
1187 3054 1288 3129 atque
1319 3037 1632 3116 indemonstrabiliir,
1742 3048 1743 3123 j

515 3171 613 3238 super
631 3171 704 3236 quae
723 3150 841 3217 deinde
859 3153 964 3237 surgit
982 3153 1108 3237 integra
1126 3152 1242 3218 fabrica
1253 3153 1499 3238 cognitionum,
1516 3154 1633 3217 huma-

516 3279 645 3328 narum.
668 3260 744 3346 Haec
764 3277 859 3345 porro
873 3257 993 3346 judicia
1011 3268 1169 3326 vocantur
1189 3260 1367 3337 axiomata,
1389 3259 1496 3343 prima
1513 3259 1637 3341 princi-

511 3368 587 3453 pia,
602 3368 762 3451 principia
784 3386 893 3433 sensus
908 3368 1099 3446 communis,
1119 3386 1292 3434 communes
1314 3369 1470 3445 nonanes,
1489 3367 1637 3434 unitates

513 3483 571 3560 par
589 3495 622 3541 se
648 3475 804 3541 evidentes
828 3472 894 3563 (7),
925 3493 1009 3559 quas
1035 3475 1244 3560 amplectitur
1273 3475 1419 3541 humana
1452 3493 1546 3542 mens
1578 3494 1636 3559 per

509 3583 608 3670 fidam
625 3584 790 3669 quamdam
799 3583 995 3666 primitivam
1011 3582 1076 3671 (8).

554 3805 595 3868 (ι)
632 3799 665 3858 S
681 3799 786 3857 Thom.
792 3798 990 3873 ,,Μειαρἱιγε,
1006 3796 1056 3855 lib.
1071 3819 1113 3868 rr,
1132 3799 1197 3858 lect.
1215 3818 1239 3873 5.

554 3894 595 3964 (2)
633 3891 741 3950 Sextus
761 3889 936 3962 Empiricus,
960 3889 1080 3963 Hypot„
1106 3909 1131 3947 c.
1155 3909 1188 3962 3²
1208 3890 1296 3962 apud
1325 3873 1449 3949 Ulmum.
1482 3889 1636 3950 Gonzaiea.

520 3985 582 4046 Cir.
597 3985 788 4043 Tennemann
803 3985 836 4044 (t.
857 4001 881 4048 ι,
898 3998 1012 4051 paragr
1031 3980 1103 4045 ιιο).

555 4082 595 4147 (3)
631 4071 708 4130 Vide
724 4071 945 4137 Introduction
963 4088 992 4126 ιι.
1013 4086 1063 4125 ιιο
1077 4081 1106 4126 et
1128 4089 1186 4128 ιιι.

554 4169 595 4240 (4)
632 4161 708 4221 Vrde
721 4160 929 4220 Introduction
946 4177 977 4216 n.
995 4176 1054 4230 ιο4.

555 4254 596 4328 (ς)
631 4252 832 4312 Tenncmann.
852 4269 875 4306 ι.
891 4267 918 4318 2,
935 4267 1050 4321 paragr.
1069 4267 1136 4320 371·
1153 4247 1217 4306 Poli
1236 4247 1437 4323 supplement.
1455 4249 1641 4310 atManuaie

520 4339 903 4404 dattaStoriadettaFitos.
917 4339 950 4394 dt
971 4337 1140 4413 Gugiietmo
1156 4338 1362 4408 Τιιιιιειιιαιιιι,
1381 4359 1496 4413 paragr
1509 4359 1558 4414 49
1574 4341 1642 4400 Bai·
1742 4390 1743 4395 ,

521 4453 597 4501 mes,
612 4431 752 4506 Fatorofia
757 4430 955 4500 fundament
970 4426 1021 4484 lib.
1040 4447 1063 4494 r,
1080 4446 1141 4499 cap.
1159 4447 1203 4500 32,
1219 4447 1249 4486 n.
1266 4447 1327 4501 324·

555 4525 598 4596 (6)
634 4521 696 4580 Cir.
715 4519 839 4586 Reimea,
854 4516 911 4590 Op.
923 4515 971 4574 cit.
983 4515 1032 4574 lib.
1053 4537 1077 4584 r,
1092 4537 1153 4588 cap
1173 4535 1215 4588 15,
1227 4538 1256 4574 ιι.
1275 4535 1323 4590 155
1338 4537 1419 4590 seqq
1436 4531 1466 4578 et
1479 4539 1542 4590 cap
1559 4541 1605 4592 32.
1742 4574 1743 4587 ,

557 4619 597 4688 (7)
634 4609 710 4668 Vide
725 4607 810 4667 Poli'
803 4627 833 4664 ιιι
850 4626 904 4665 suo
917 4603 1130 4677 Supplemento
1145 4625 1218 4686 nup.
1239 4605 1286 4665 cit.
1303 4626 1418 4682 paragr.
1434 4628 1481 4682 49,
1496 4607 1548 4668 ubi
1561 4607 1641 4667 varia
1742 4618 1743 4625 ’

522 4703 648 4776 reperies
661 4701 767 4758 horum
779 4695 955 4768 ¹iudiciorum
970 4695 1110 4766 exempla.

559 4793 600 4861 (Β)
637 4789 700 4850 Cir.
717 4787 842 4848 llimum.
859 4785 1019 4856 Gonzaiea,
1041 4781 1170 4847 Historia
1185 4798 1256 4846 tom.
1273 4808 1299 4859 3,
1315 4805 1430 4862 paragr.
1446 4809 1497 4861 79.
