3492 5525
531 476 570 538 ab
935 479 1161 544 lurnooucrio

490 650 526 727 irt
540 660 630 745 quod
645 662 739 728 nobis
750 672 865 729 natura
878 660 1032 730 invidisse
1046 683 1082 730 ac
1096 665 1278 733 occuluisse
1290 666 1391 734 videri
1403 678 1527 752 potest,
1542 668 1611 753 ipse

490 786 576 835 unus
590 768 754 837 invenisse
770 779 802 836 ct
816 770 981 856 aperuisse
996 770 1154 839 videatur.
1168 794 1184 835 n

555 875 712 944 Concedit
727 878 861 963 quidem
878 878 1020 945 Fonseca
1036 880 1202 945 Platonem
1220 882 1309 965 plura
1322 884 1364 948 de
1382 882 1500 949 divinis
1515 884 1611 951 rebus

489 984 669 1069 scripsisse,
692 1004 792 1069 quarn
813 985 1022 1068 Aristoteles3
1040 1006 1154 1053 verum
1170 988 1337 1075 adjungit,
1359 990 1450 1074 plura
1465 992 1561 1057 etiam
1576 992 1609 1058 in

489 1112 529 1158 eo
545 1112 705 1177 peccasse.
722 1094 792 1159 «ht
808 1104 958 1177 praestat,
975 1101 1011 1159 ut
1023 1093 1092 1178 ipse
1106 1095 1139 1160 in
1157 1094 1304 1161 Theaeteto
1317 1097 1377 1175 ait,
1395 1118 1496 1182 pauca
1511 1099 1607 1183 bene,

488 1218 588 1283 quam
604 1202 707 1267 multa
723 1202 807 1267 male
828 1201 975 1269 definire.
991 1200 1065 1277 Qra
1080 1203 1112 1268 in
1128 1221 1161 1268 re
1176 1201 1303 1289 ingenii.
1314 1204 1507 1272 Aristotelici
1528 1225 1612 1291 prae·

486 1308 606 1375 stantia
622 1309 744 1394 justius
762 1309 986 1375 commendari
1006 1318 1132 1394 potest,
1154 1312 1244 1395 quod
1263 1332 1301 1375 ea
1319 1331 1422 1396 pauca
1441 1332 1516 1397 quae
1534 1317 1611 1380 scri-

481 1402 551 1501 psit
565 1418 606 1483 de
620 1418 728 1483 divina
743 1428 856 1484 natura
865 1417 1056 1501 caeterisque
1066 1418 1255 1485 substantiis
1266 1440 1284 1483 a
1294 1420 1428 1485 materia
1440 1424 1607 1506 separatis,

487 1525 568 1591 adeo
590 1526 721 1609 egregia
741 1533 818 1591 sunt
838 1544 920 1608 pene
939 1524 1067 1602 omnia,
1094 1534 1131 1591 ut
1152 1527 1279 1593 nullum
1304 1546 1405 1612 prope
1424 1528 1545 1613 dogma
1568 1531 1609 1594 de

487 1634 525 1699 iis
553 1633 649 1699 rebus
672 1654 691 1697 a
718 1632 882 1717 theologis
909 1644 1101 1719 usurpetur,
1128 1633 1155 1699 si
1182 1645 1294 1701 tamen
1324 1635 1459 1700 naturali
1487 1635 1610 1702 lumine

487 1749 695 1825 compertum
715 1740 773 1818 sit,
795 1740 886 1823 quod
904 1739 947 1805 illi
964 1760 982 1805 e
998 1726 1084 1806 libris
1099 1741 1310 1808 Aristotelicis
1323 1761 1389 1807 non
1405 1744 1607 1809 hauserint.»

553 1850 627 1915 Non
651 1862 762 1915 tamen
788 1859 887 1932 negat
910 1847 1069 1923 Fonseca,
1096 1866 1156 1914 nec
1181 1848 1290 1934 negari
1316 1860 1442 1934 potest,
1467 1850 1609 1916 dandam

488 1974 559 2022 esse
574 1954 697 2022 Platoni
714 1957 856 2040 palmam
872 1956 1081 2040 eloquentiae.
1098 1955 1310 2041 Argumentis
1324 1976 1402 2022 vero
1416 1956 1448 2022 in
1463 1958 1608 2023 savorem

488 2064 633 2130 Platonis
651 2063 798 2129 adductis
816 2064 895 2146 quid
916 2064 1182 2147 respondendum
1199 2063 1256 2139 sit,
1278 2065 1379 2129 videri
1399 2074 1507 2148 potest
1518 2066 1610 2149 apud

299 2189 344 2235 eur
357 2189 449 2237 aucun
489 2172 645 2237 eumdem
661 2169 839 2237 Fonsecam
854 2168 922 2259 (r):
940 2172 996 2253 qui
1011 2173 1108 2237 etiam
1130 2169 1289 2237 rationem
1309 2172 1412 2236 reddit
1432 2190 1489 2238 cur
1503 2172 1611 2237 Philo·

272 2261 475 2378 cornazano
488 2278 614 2363 sophus
634 2279 771 2344 obscure
785 2270 872 2362 saepe
890 2277 1052 2362 scripserit
1071 2276 1137 2365 (elz
1159 2298 1224 2361 qua
1244 2279 1335 2343 dere
1355 2278 1456 2346 videri
1474 2298 1609 2363 quoque

488 2397 625 2473 possunt
639 2385 924 2452 conimbricenses
936 2383 950 2471 (
957 2383 1006 2472 3).

275 2532 463 2588 mgoepm,
532 2490 588 2561 26.
634 2494 817 2560 Nobiliores
840 2493 1021 2559 Aristotelis
1045 2490 1212 2577 discipuli,
1236 2500 1271 2558 ut
1296 2512 1353 2559 eos
1369 2504 1498 2560 tanturn
1516 2512 1610 2559 coni-

284 2604 343 2658 ciant
357 2603 458 2661 discinit
486 2620 729 2678 memoremus,
750 2602 806 2685 qui
826 2602 1021 2685 magistrum
1042 2600 1190 2685 proxime
1211 2599 1313 2668 secuti
1339 2614 1434 2678 sunt,
1460 2603 1610 2669 teruntur

484 2712 582 2778 tuisse
598 2710 818 2793 Theophrastus
828 2708 974 2784 Lesbius,
987 2727 1087 2792 quern
1102 2708 1183 2792 ipse,
1197 2717 1367 2792 tamquam
1381 2708 1607 2777 doctissimum

484 2817 735 2902 discipulorum,
752 2818 813 2884 sibi
826 2836 1050 2884 successorem
1063 2815 1201 2902 delegit,
1216 2819 1371 2882 Eudemus
1388 2818 1551 2894 Rhodius,
1570 2839 1609 2884 ac

484 2927 689 2994 Dicaearchus
704 2926 923 2992 Messanensis
937 2935 969 2991 et
983 2925 1187 2992 Aristoxenus
1201 2924 1412 3000 Tarentinus,
1426 2923 1526 2990 ambo
1539 2945 1611 2991 ma-

484 3031 665 3112 terialistae,
682 3051 824 3118 quorum
844 3033 971 3118 primus
989 3032 1133 3098 animam
1154 3051 1225 3098 esse
1240 3031 1307 3098 uim
1324 3051 1515 3117 corpoream
1530 3053 1610 3099 cen-

484 3143 592 3221 sebat,
612 3144 691 3208 alter
710 3143 810 3208 instar
829 3140 903 3208 soni
915 3143 967 3208 vel
980 3142 1158 3207 harmoniae
1175 3160 1194 3205 a
1208 3159 1344 3224 corpore
1359 3141 1527 3225 productae
1540 3139 1607 3230 (4),

484 3252 590 3318 Strato
602 3250 860 3334 Lampsacenus,
879 3250 1057 3315 Demetrius
1069 3249 1243 3315 Phalereus
1256 3248 1385 3314 auditor.
1396 3247 1606 3330 Theophrasti,

485 3361 603 3443 aliique
626 3355 693 3446 (5);
719 3376 862 3442 quorum
887 3366 999 3423 tamen
1024 3376 1122 3422 nerno
1148 3355 1370 3424 haereditatem
1396 3357 1561 3440 sapientie
1590 3379 1611 3422 a

487 3469 644 3553 magistro
659 3477 826 3550 acceptam
843 3485 962 3550 augere
977 3467 1100 3550 potuit,
1117 3465 1280 3531 ueletiam
1297 3482 1501 3530 conservare.
1518 3463 1611 3540 Qra-

486 3593 520 3641 re
535 3575 744 3658 Aristotelea
756 3573 903 3640 doctrina
918 3571 972 3640 diu
989 3573 1099 3654 jacuit.
1393 3559 1401 3573 '

354 3750 404 3781 en
531 3699 585 3766 27.
635 3681 743 3748 Stoica
770 3681 881 3747 schola
910 3691 1076 3747 auctorem
1103 3679 1217 3746 habuit
1247 3681 1404 3745 Zenonem
1435 3676 1505 3766 (an.
1541 3697 1611 3764 340

485 3789 611 3856 circiter
625 3810 655 3859 a.
675 3788 731 3874 C.)
745 3787 900 3855 Citticum
916 3807 957 3853 ex
972 3788 1077 3854 insula
1091 3786 1221 3874 Cypro,
1239 3786 1373 3852 Cratetis
1386 3785 1549 3863 Thebani,
1570 3797 1610 3852 ut

485 3899 636 3982 superius
651 3896 811 3973 diximus,
832 3896 983 3978 stilponis
998 3896 1149 3980 Megarici
1168 3905 1200 3961 et
1218 3894 1402 3960 Xenocratis
1421 3893 1610 3961 Academici

521 4153 561 4215 (i)
600 4147 667 4205 Loc.
683 4147 732 4205 ait.

520 4244 561 4306 (a)
599 4237 691 4310 Oper.
707 4250 735 4295 et
750 4237 803 4294 loc.
820 4235 868 4293 cit.
885 4254 948 4305 cap.
964 4255 991 4293 a.

519 4328 566 4400 (3)
603 4315 877 4385 Commentariorum
890 4323 1024 4401 Collegit
1036 4323 1283 4383 conimbricensis
1296 4344 1312 4380 e
1325 4321 1558 4392 SocietateJesu,
1574 4325 1610 4382 in

488 4419 663 4478 Universum
681 4417 884 4485 dialecticum,
900 4433 1016 4486 proaem.
1035 4433 1151 4488 paragr.
1171 4416 1216 4472 De
1230 4415 1389 4471 Academia
1406 4423 1434 4470 et
1446 4411 1610 4470 Stor'corum

483 4518 573 4568 secta.
772 4577 778 4590 .

520 4603 577 4671 (4)
616 4595 690 4653 Vide
703 4595 900 4663 Tennemam‚
915 4614 1031 4666 paragr.
1051 4613 1110 4665 ¹50·

519 4690 560 4760 (5)
596 4685 785 4744 Tennemann
801 4685 854 4742 loc.
869 4684 918 4743 cit.
937 4683 1078 4742 Gonzalee
1094 4703 1194 4757 parag.
1212 4705 1264 4758 773
1279 4682 1419 4754 Bourrier¹
1435 4681 1492 4755 Op.
1508 4695 1538 4743 et
1551 4683 1607 4744 loc.
1727 4698 1728 4709 ¹

484 4777 534 4835 cit.
548 4775 632 4847 chap.
653 4795 693 4833 12.
