3492 5525
227 492 343 557 Anrtc.
362 504 420 557 t.tt
435 490 556 558 Urnun
570 506 746 556 rossmrurs
760 506 908 556 serenata
921 510 1012 557 anuo
1026 508 1089 561 uos
1122 512 1183 577 949

166 675 258 741 Patet
289 672 468 760 propositio
497 675 706 758 experientia.
737 677 821 743 Nam
852 676 973 761 passim
1007 676 1225 744 instituuntur
1277 690 1395 739 Exlocuta

95 783 395 849 demonstrationes
420 789 532 859 certae,
551 790 739 849 constantes
764 782 1042 869 propositionibus
1065 784 1224 851 evidenti-³
1267 765 1404 881 οζιξζζζζζῃ

95 892 179 967 bus,
207 910 290 974 quas
319 909 417 956 nemo
442 908 542 956 sanus
571 890 769 957 indubium
798 909 948 957 revocare
974 892 1075 961 valet:
1106 894 1221 961 harum
1259 916 1418 964 noannoea-

96 998 418 1065 demonstrationum
439 997 525 1082 pleni
541 1007 620 1084 sunt
637 998 709 1063 libri
728 998 1046 1066 Mathematicorum.

167 1107 316 1191 ltemque
338 1103 447 1191 negari
472 1105 585 1189 nequit
608 1105 757 1171 scientias
777 1105 1033 1198 philosophicas,
1055 1109 1224 1194 llletaphy·

95 1213 217 1289 sicam,
255 1211 497 1298 Philosophiam
531 1214 712 1279 naturalem
746 1220 780 1278 et
820 1215 996 1291 Moralem,
1034 1214 1221 1292 lllathesim,

96 1320 243 1405 aliasque
261 1319 327 1388 veri
350 1319 492 1388 nominis
515 1319 666 1387 scientias
692 1339 776 1387 esse.
807 1320 892 1386 Nam
922 1320 997 1387 licet
1024 1340 1091 1387 non
1120 1339 1229 1413 pauca·

95 1429 289 1495 contineant
324 1428 447 1495 incerta
481 1438 581 1513 atque
610 1427 820 1513 opinionibus
856 1428 953 1495 variis
986 1430 1157 1495 hominum
1189 1438 1223 1495 et

97 1536 330 1604 controversiis
352 1534 511 1617 obnoxia3
532 1536 593 1601 alia
614 1544 727 1602 tamen
756 1536 847 1621 plura
873 1544 1030 1614 tractant,
1057 1554 1132 1622 quae
1157 1538 1224 1607 evi-

95 1644 254 1711 dentibus
272 1632 527 1730 certissimisque
545 1644 881 1710 demonstrationibus
901 1644 1090 1729 probantur.
1106 1646 1174 1713 Nec
1188 1645 1221 1710 in

97 1770 132 1817 re
152 1751 323 1818 manifesta
341 1750 464 1818 diutius
483 1751 638 1818 inhaerere
658 1769 791 1817 necesse
810 1760 871 1821 est.

143 1878 220 1945 ²71·
270 1866 390 1926 Unum
408 1864 512 1926 modo
530 1872 637 1925 restat
650 1864 830 1938 adnotare,
847 1858 1015 1925 scientiam
1032 1858 1150 1943 duplici
1170 1860 1222 1926 via
1271 1872 1400 1927 ouomnttci

97 1966 278 2053 comparari
292 1986 401 2052 posse,
422 1966 600 2032 inventione
617 1985 653 2031 ac
666 1966 846 2048 disciplina.
1141 1950 1159 1987 ⁸·
1235 1942 1436 2073 ffiffiffi³

166 2076 202 2142 ld
225 2077 259 2142 in
292 2074 404 2159 primis
429 2083 559 2140 constat
584 2076 667 2139 sacto
695 2073 779 2158 ipso.
814 2072 1105 2151 Quemadmodum
1133 2076 1221 2140 enim

97 2184 243 2271 historiae
260 2183 467 2249 scientiarum
482 2190 660 2257 testantur,
675 2180 859 2247 innumerae
875 2193 954 2249 sunt
969 2180 1222 2249 demonstratio-

98 2311 158 2358 nes
175 2291 483 2373 conclusionesque,
500 2307 584 2373 quas
602 2307 733 2355 summa
747 2285 901 2372 ingenia,
919 2287 1050 2354 nemine
1069 2288 1219 2365 docente,

98 2399 229 2483 proprio
249 2407 350 2464 marte
375 2398 582 2474 invenerunt,
612 2405 650 2461 ut
674 2404 762 2480 patet
785 2396 995 2479 potissimum
1020 2396 1053 2462 in
1078 2396 1220 2463 scientiis

98 2506 244 2594 physicis
261 2516 294 2571 et
313 2504 567 2586 mathematicis;
589 2512 621 2569 et
644 2523 685 2570 ex
709 2503 896 2589 hujusmodi
915 2502 1047 2570 tandem
1078 2504 1221 2573 inventis

98 2617 132 2681 in
152 2634 256 2681 unurn
275 2614 489 2698 conglobatis,
509 2612 658 2679 conflatae
678 2619 756 2678 sunt
773 2609 916 2679 scientiae
932 2612 1061 2681 totales.
1085 2612 1221 2678 Certum

99 2742 178 2808 ergo
196 2735 246 2788 est
261 2720 427 2788 scientiam
446 2721 625 2805 comparari
645 2738 741 2804 posse
760 2718 888 2805 propria
904 2716 1104 2787 inventione.
1122 2718 1221 2796 Quod

100 2851 177 2897 vero
204 2829 373 2913 disciplina
401 2827 507 2894 doceri
537 2828 642 2912 possit
672 2827 817 2903 scientia,
845 2827 1123 2892 demonstratione
1155 2847 1221 2894 non

100 2948 194 3024 eget,
214 2957 290 3003 cum
312 2957 368 3022 per
386 2955 421 3002 se
435 2944 564 3001 constet
581 2953 622 3001 ex
640 2934 785 3020 collegiis
804 2934 923 3019 passim
940 2935 1053 3001 erectis
1068 2936 1221 3020 librisque

99 3046 289 3129 conscriptis
307 3045 346 3109 ad
361 3044 534 3110 tradendas
552 3043 716 3127 discipulis
734 3041 897 3111 scientias.

167 3152 261 3220 Ratio
280 3171 357 3217 vero
376 3151 474 3237 hujus
498 3151 541 3215 rei
556 3151 593 3220 in
618 3159 772 3234 promptu
790 3158 852 3230 est;
875 3169 950 3214 nam
970 3149 1103 3216 scientia
1122 3170 1224 3236 gene·

100 3270 187 3327 ratur
214 3261 247 3326 in
276 3268 387 3324 mente
409 3278 451 3325 ex
478 3258 691 3343 applicatione
720 3259 900 3342 primorum
926 3257 1156 3342 principiorum
1182 3260 1222 3325 ad

100 3370 245 3453 subjecta
263 3369 315 3432 vel
335 3366 432 3442 entia,
460 3385 602 3449 quorum
633 3366 684 3431 vel
705 3365 864 3431 memoria
881 3365 1040 3431 retinetur
1068 3369 1120 3431 vel
1145 3376 1221 3433 actu

101 3476 361 3560 experimentum
384 3475 535 3540 sumitur.
559 3472 657 3556 Atqui
678 3474 739 3538 hoc
759 3472 828 3538 heri
848 3481 956 3556 potest
971 3475 1022 3538 vel
1043 3475 1106 3540 sub
1121 3475 1222 3541 ductu

103 3582 266 3668 magistri,
287 3583 337 3648 vel
364 3581 462 3646 etiam
482 3579 611 3664 proprio
631 3590 753 3656 marte,
775 3580 848 3645 licet
865 3580 965 3666 longe
984 3580 1147 3647 difficilius
1165 3581 1222 3646 hat

101 3693 163 3757 hoc
181 3689 333 3757 secundo
342 3690 454 3757 modo.
471 3689 598 3774 Ergo...

169 3797 327 3881 Apposite
354 3796 389 3862 S.
410 3795 566 3862 Thomas:
587 3795 717 3862 Sicut...
741 3792 858 3878 aliquis
883 3795 1050 3877 dupliciter
1076 3797 1220 3872 sanatm,

101 3924 165 3971 uno
177 3907 267 3970 modo
283 3912 344 3986 per
360 3903 569 3986 operationem
582 3907 705 3968 nature
722 3905 857 3979 tuntum,
872 3903 937 3969 otio
955 3907 1044 3994 modo
1068 3923 1089 3968 e
1106 3907 1222 3970 neutra

100 4031 172 4080 curn
190 4011 382 4077 adminiculo
409 4010 585 4086 nudicine,
613 4008 658 4075 ite
676 4009 770 4075 ettam
789 4013 837 4075 est
851 4012 969 4093 duplex
986 4014 1095 4076 modus
1116 4010 1223 4096 acqui·

102 4120 194 4185 rendi
204 4119 376 4194 scientiam,
391 4135 474 4183 unus
487 4119 613 4201 meando
625 4117 786 4182 naturalis
798 4117 880 4182 ratio
890 4124 948 4198 per
956 4118 1091 4199 seipsam
1099 4119 1226 4183 deuenit

100 4225 357 4309 incognitionem
374 4225 558 4308 ignotorum,
573 4226 607 4288 et
621 4223 670 4288 bic
682 4225 794 4289 modus
809 4224 928 4290 dicitur
941 4230 1113 4304 inventi03
1133 4225 1225 4290 atiud

100 4335 224 4421 quondo
246 4332 365 4398 rationi
386 4331 532 4397 neturati
554 4331 672 4416 aliquis
689 4331 827 4398 exterius
843 4331 1108 4408 adminiculatur,
1128 4332 1224 4398 ethic

101 4443 211 4508 arodus
232 4439 352 4504 dicitur
368 4444 558 4522 disciplina.
583 4440 619 4504 ln
642 4438 684 4504 iis
710 4442 824 4515 auum,
844 4457 914 4523 que
926 4440 1044 4520 fiunto
1061 4443 1177 4506 natum
1194 4443 1228 4506 et

103 4552 185 4624 arte,
200 4550 304 4612 eodem
315 4549 405 4613 modo
415 4549 562 4628 operatur
572 4565 628 4612 ars
640 4551 670 4611 et
678 4553 737 4628 per
748 4548 855 4612 eadem
867 4545 985 4622 medrb,
997 4546 1110 4630 quibus
1123 4550 1155 4611 et
1165 4565 1224 4614 na·

105 4662 187 4724 tura.
217 4653 311 4722 suut
333 4653 417 4719 enim
441 4657 557 4720 natura
574 4654 609 4718 in
626 4672 674 4730 eo,
693 4654 750 4737 qui
772 4653 946 4739 exsrigt'da
971 4672 1067 4720 carisa
1089 4653 1221 4730 labmat,

103 4761 312 4847 calefaciendo
338 4760 501 4827 induceret
514 4760 691 4836 sanitatem,
721 4761 765 4825 ita
792 4766 824 4825 et
838 4761 988 4826 nudibus:
1018 4763 1100 4827 unde
1123 4765 1155 4827 et
1170 4780 1225 4828 ars
