3492 5525
386 467 502 533 Airnc.
529 483 587 532 ιω
606 467 658 530 Dr:
677 467 927 534 Suenostrroue
1125 485 1177 548 ¹9=1

86 673 151 719 sua
175 652 416 739 significatione
438 651 542 738 logica
564 671 623 720 seu
647 654 688 718 ad
711 653 950 720 enuntiandum
971 637 1110 735 atiquid,
1131 651 1222 734 quod

88 760 135 825 rei
157 760 350 846 significate
368 761 538 835 convenit,
558 771 656 845 prout
670 761 798 826 substat
812 760 965 828 secundae
981 759 1100 840 mentis
1114 759 1221 826 inten-

88 867 194 944 tioni,
215 870 269 934 vet
287 887 347 953 per
363 866 725 934 denominationemab
750 869 858 951 aliqua
877 867 1002 942 mentis¹
1018 866 1220 950 operatione3

91 977 234 1058 qualem
252 975 352 1041 babet
369 994 435 1041 vox
452 976 540 1040 bomo
555 976 588 1042 in
603 977 663 1042 hac
677 975 911 1060 propositione:
927 975 1028 1045 Homo
1037 977 1084 1040 est
1093 971 1219 1055 spaciis.
1271 1011 1275 1016 ,

87 1083 206 1165 itaque
235 1084 276 1148 ad
304 1083 550 1148 discernendam
574 1085 693 1150 realem
717 1102 737 1146 a
759 1082 862 1168 logica
888 1081 1131 1166 suppositione,
1153 1080 1222 1160 haec

86 1189 338 1275 simplicissima
356 1192 468 1275 regula
486 1201 554 1256 est:
574 1191 601 1256 si
626 1189 661 1256 id
678 1191 769 1274 quod
787 1190 829 1255 de
847 1191 995 1274 subjecto
1019 1187 1218 1266 enuntiatur,
1249 1223 1253 1230 ·

86 1297 279 1364 verificatur
296 1299 338 1364 de
356 1298 471 1364 eodem
481 1277 689 1391 [praecisione
705 1300 786 1366 iacta
799 1317 818 1363 a
833 1269 948 1402 modff
961 1316 1028 1382 quo
1040 1297 1131 1382 prius
1144 1233 1254 1392 con-'s

87 1418 232 1490 ceptum
254 1405 369 1484 luerit,
389 1397 571 1490 suppositio
596 1407 690 1473 realis
706 1416 773 1487 est3
798 1406 826 1472 si
844 1414 955 1471 autem
981 1402 1162 1472 verificatur
1180 1404 1221 1468 de
1292 1477 1294 1484 y

86 1515 264 1598 subjecto,
290 1531 355 1579 non
379 1522 477 1597 prout
500 1523 551 1580 est
573 1533 592 1578 a
615 1524 705 1597 parte
729 1515 791 1588 rei,
818 1514 879 1580 sed
897 1523 994 1597 prout
1013 1501 1107 1588 ce'rto'
1120 1511 1220 1579 modo

87 1620 186 1704 prius
205 1621 303 1686 tuerit
320 1631 532 1704 conceptum,
558 1621 740 1705 suppositio
764 1619 867 1705 logica
890 1630 953 1687 est.
980 1620 1072 1686 Unde
1095 1619 1121 1684 si
1146 1616 1220 1702 quis

85 1726 191 1792 dicat:
224 1728 323 1792 Homo
350 1737 399 1793 est
426 1728 593 1810 cognitus,‘
610 1725 792 1811 suppositio
821 1728 914 1794 realis
935 1735 1004 1803 est,
1035 1725 1111 1809 quia
1140 1724 1220 1791 ratio

84 1834 228 1918 cogniti,
255 1835 388 1917 quando
414 1853 525 1918 reapse
543 1835 776 1919 cognoscitur,
804 1844 854 1903 est
883 1835 1092 1918 praedicatum
1122 1833 1217 1898 reale:

86 1959 191 2008 secus
210 1960 294 2007 vero*
307 1943 334 2007 si
347 1943 446 2008 dicas:
466 1943 565 2008 Homo
582 1955 633 2009 est
647 1943 797 2010 terminus
815 1943 1017 2011 universalis.
1079 2018 1083 2024 ,
1123 1981 1125 1988 >

139 2067 197 2132 57.
245 2048 434 2133 Suppositio
448 2049 541 2114 realis
559 2049 711 2115 dividitur
730 2051 763 2116 in
780 2050 955 2116 absolutam
969 2058 1002 2114 et
1010 2051 1217 2132 personalem.
1284 2073 1385 2120 chotun

91 2156 261 2222 Absoluta
277 2166 327 2222 est
345 2157 485 2241 acceptio
498 2157 648 2233 termini,
665 2169 762 2240 prout
777 2159 926 2242 designat
941 2165 1089 2223 naturam
1107 2156 1149 2222 rei
1169 2175 1220 2222 se-
1253 2157 1273 2191 ⁶¹
1283 2147 1411 2202 P‘mfflfiffl

87 2263 244 2328 cundum
264 2280 300 2328 se
317 2263 570 2341 consideratam,
589 2273 625 2328 ut
643 2265 670 2330 si
689 2265 823 2330 dicatur:
842 2266 945 2331 Homo
956 2269 1004 2330 est
1015 2265 1149 2358 risibilis
1167 2265 1218 2329 vel

83 2371 217 2435 animal
231 2369 474 2448 nobilissimum,
495 2373 564 2440 baec
589 2369 678 2436 enirn
697 2372 868 2456 praedicata
886 2372 1085 2440 conveniunt
1104 2373 1220 2436 huma·

86 2495 144 2542 nae
168 2485 296 2542 naturae
322 2476 470 2543 absolute
495 2488 529 2543 et
547 2479 581 2545 in
609 2497 643 2544 se
667 2487 831 2563 spectatae.
857 2479 1037 2548 Personalis
1064 2490 1113 2545 est
1138 2497 1218 2544 usus

84 2581 225 2648 termini
245 2582 284 2647 ad
296 2584 541 2668 significandam
557 2594 705 2651 naturam
721 2587 902 2653 secundum
916 2606 1001 2672 esse,
1019 2587 1108 2670 quod
1118 2586 1217 2652 habet

86 2694 125 2758 in
145 2690 229 2758 suis
255 2691 445 2758 individuis:
475 2692 580 2776 qualis
608 2696 763 2778 reperitur
791 2696 822 2763 in
849 2695 900 2764 his
925 2694 1215 2766 enuntiationibus:

82 2803 208 2867 Petrus
219 2801 334 2880 currit
345 2802 446 2867 Homo
457 2803 617 2878 astallus,
633 2804 733 2872 Homo
745 2802 854 2875 vincit.
870 2805 954 2877 Nam
966 2806 1035 2869 haec
1049 2802 1217 2887 praedicata

85 2927 158 2975 non
178 2908 378 2974 conveniunt
389 2919 512 2976 naturae
526 2910 649 2975 ratione
663 2912 731 2987 sui,
747 2912 806 2985 sed
822 2912 945 2979 ratione
959 2910 1215 2979 individuorum.

84 3015 342 3081 Praedicatorurn
360 3034 455 3099 ergo,
471 3035 546 3099 quae
564 3018 761 3100 accipiuntur
775 3018 808 3084 in
823 3018 1046 3103 suppositione
1065 3018 1217 3085 absoluta

87 3134 124 3188 et
142 3123 309 3206 personali
328 3124 464 3188 haecest
485 3124 683 3202 differentia,
710 3126 799 3207 quod
823 3126 926 3209 prima
949 3124 1149 3193 conveniunt
1169 3124 1218 3191 in-

92 3229 277 3296 individuis
303 3230 428 3295 radone
454 3238 593 3308 naturae,
614 3250 680 3299 non
700 3252 778 3299 vero
797 3233 919 3305 ratione
939 3232 1214 3306 individuationis:

81 3338 132 3405 sic
163 3337 328 3403 risibilitas
354 3338 544 3420 predicatur
568 3339 608 3404 de
632 3341 726 3405 Petro
750 3359 815 3406 non
835 3339 910 3426 quia
933 3342 1046 3407 Petrus
1071 3349 1138 3418 est,
1160 3340 1217 3406 sed

87 3446 170 3529 quia
193 3444 296 3509 bomo:
319 3444 379 3509 alia
397 3464 511 3509 ueroe
538 3447 696 3513 contrario
715 3448 915 3520 conveniunt
935 3456 1057 3515 naturae
1080 3466 1147 3513 non
1172 3467 1218 3513 ra-

83 3553 177 3619 tione
200 3552 269 3628 sui,
294 3552 352 3617 sed
375 3552 499 3619 ratione
525 3553 787 3633 individuorum,
808 3567 843 3621 ut
866 3556 893 3621 si
911 3556 1014 3621 dicas:
1043 3554 1101 3623 Hic
1127 3556 1272 3621 bonta

83 3662 189 3736 rr'dcl,
218 3660 303 3726 risus
330 3660 464 3728 actualis
498 3662 680 3728 verificatur
702 3663 744 3728 de
768 3664 831 3729 hoc
853 3663 1005 3741 homine,
1041 3682 1106 3729 non
1136 3662 1217 3746 quia

83 3774 192 3835 nomo
210 3776 278 3842 est,
299 3768 358 3837 sed
376 3768 452 3849 quia
477 3770 541 3835 tale
555 3767 760 3842 individuum
781 3781 842 3845 est.
1266 3736 1368 3860 Sesti
1381 3716 1438 3805 ⁴7
1433 3798 1515 3869 nm,
1546 3767 1712 3902 {affy

8 3883 9 3888 ’
150 3874 350 3959 Suppositio
367 3875 545 3958 personatis
567 3877 749 3953 dividitur
740 3896 773 3943 ιιι
796 3896 1003 3953 communem
1008 3882 1041 3943 et
1051 3877 1217 3951 discretam
1266 3913 1314 4014 0050
1316 3886 1444 3967 nanus
1403 3848 1739 3967 wffllsfflw'
1738 3956 1739 3961 ,

80 4002 141 4050 seu
163 3981 372 4066 singularem
395 3982 590 4054 Communis
613 3992 663 4056 est
686 4002 766 4051 usus
792 3985 924 4054 termini
948 3985 1136 4061 communis
1155 3978 1264 4059 seu⁸²
1291 3979 1396 4095 :3⁸32ss
1354 3962 1620 4082 ⁸⁰¹7,ssst
1643 3964 1699 4004 μ’

8 4119 9 4142 ι
81 4090 282 4159 universalis
300 4106 358 4172 pro
370 4107 432 4159 suo
446 4088 628 4177 significato
643 4094 802 4168 retinente
818 4111 913 4169 suam
927 4092 1213 4169 communitatem:
1432 4088 1529 4159 7⁰12·

8 4262 9 4296 ἦ
81 4201 185 4263 tatem
197 4196 298 4262 habet
309 4197 493 4283 subjectum
505 4200 602 4284 hujus
617 4200 862 4284 propositionis:
875 4198 1213 4267 Homoeslrationalis.

82 4306 301 4373 Discrera.vet
320 4304 492 4390 singularis
511 4315 562 4372 est
580 4307 723 4393 acceptio
747 4308 879 4397 termini
903 4309 944 4374 ad
964 4307 1215 4393 exprimendam

85 4595 127 4651 ais
139 4594 174 4651 in
190 4588 456 4653 Dialecticamlib.
471 4609 509 4661 a,
523 4609 586 4663 cap.
595 4592 629 4659 ι)
640 4603 673 4650 et
687 4550 756 4651 aliie
767 4590 940 4663 definiatur,
956 4612 1061 4665 nempe
1075 4611 1159 4651 usus.-
1163 4598 1217 4664 pto
1282 4660 1285 4665 ¹

84 4700 136 4740 auo
147 4692 278 4744 notum
285 4678 465 4739 immediato
470 4678 649 4799 significato,
657 4698 754 4753 quarn
765 4682 966 4793 definitionem
981 4680 1073 4755 reiicit
1084 4680 1215 4741 Lossada

86 4774 134 4831 loc
147 4772 202 4832 cit.
331 4786 334 4792 '
370 4788 374 4802 ¹
