3492 5525
563 425 623 515 306
755 424 884 498 Looucn
904 424 1153 498 Minoa-Dies.
1178 440 1222 515 3.·
1243 426 1323 497 Cae.
1348 443 1419 495 tue

521 622 711 683 nonautesn
725 622 983 694 connecteretur,
1007 616 1034 685 si
1048 616 1156 703 posito
1169 616 1385 696 antecedenti,
1405 616 1513 685 adhuc
1531 624 1646 703 posset

520 740 588 789 non
603 722 681 808 poni
695 740 917 809 consequens.

490 834 496 849 '
584 830 731 899 Secunda
742 838 823 916 pars
849 849 916 901 non
937 832 1047 901 minus
1061 842 1163 920 patet,
1179 832 1257 919 quia
1268 832 1346 901 nihii
1361 840 1450 900 vetat
1463 831 1645 917 quominus

519 946 637 1005 mutua
655 954 722 1005 non
740 938 784 1007 sit
801 938 963 1007 connexio
987 958 1023 1007 ac
1046 940 1263 1027 dependentia
1280 940 1365 1007 inter
1386 938 1584 1026 antecedens
1612 947 1645 1005 et

518 1060 739 1129 consequens;
753 1045 800 1113 sic
812 1048 949 1115 eiiectus
961 1049 1162 1115 connectitur
1176 1068 1213 1116 ac
1228 1046 1392 1134 dependet
1409 1066 1429 1113 a
1446 1064 1556 1123 causa,
1575 1064 1642 1113 non

518 1168 597 1218 uero
629 1152 785 1235 uicissim3
815 1154 919 1221 homo
945 1156 1150 1224 connectitur
1175 1174 1251 1223 cum
1279 1156 1424 1232 animali,
1451 1152 1585 1223 vivente
1607 1172 1643 1219 ac

517 1259 713 1337 substantia,
729 1261 868 1347 ideoque
882 1262 935 1328 illa
952 1262 1061 1341 insert,
1078 1282 1145 1331 non
1164 1283 1242 1331 vero
1260 1284 1278 1331 e
1292 1262 1465 1331 contrario.

561 1372 691 1452 Regula
710 1376 763 1437 a.⁸
805 1368 842 1436 in
861 1371 942 1437 bana
953 1372 1172 1457 conseparata
1189 1390 1230 1439 ex
1253 1372 1413 1457 negatione
1429 1368 1644 1457 consequentis

514 1474 657 1558 sequitur
669 1474 789 1560 negatae
801 1478 1023 1561 antecedeniis;
1041 1496 1105 1544 non
1122 1482 1258 1579 autemp
1275 1477 1445 1545 contrario.
1471 1514 1481 1533 ·.

583 1581 692 1649 Prima
718 1590 798 1667 pars
828 1594 958 1653 constat
992 1584 1141 1652 similiter
1168 1606 1210 1653 ex
1240 1587 1349 1655 indole
1380 1582 1639 1667 consequentia:

517 1706 593 1754 nam
618 1689 673 1755 ubi
697 1691 790 1758 adest
818 1692 1070 1777 consequentia,
1101 1695 1214 1778 nequit
1239 1704 1324 1761 stare
1351 1693 1548 1759 antecedens
1571 1690 1642 1757 sine

515 1806 749 1881 consequente.
779 1798 813 1864 Si
834 1818 913 1886 ergo
935 1818 1145 1885 consequens
1169 1818 1236 1868 non
1254 1801 1351 1868 datur
1368 1818 1427 1867 seu
1451 1799 1641 1885 negandum

514 1912 581 1979 est,
598 1905 731 1991 signum
747 1916 797 1974 est
816 1924 883 1974 non
902 1908 1019 1976 adesse
1038 1910 1252 1987 antecedens,
1272 1926 1331 1976 seu
1351 1906 1540 1994 negandum
1560 1906 1640 1971 illud

514 2028 647 2095 quoque
665 2029 750 2079 esse.
784 2061 788 2070 ,
1117 1992 1129 2009 “

579 2118 726 2186 Secunda
734 2128 814 2203 pars
827 2120 976 2189 similiter
989 2124 1160 2191 manifesta
1172 2122 1327 2207 est,quia
1339 2116 1408 2189 tieri
1418 2122 1502 2188 bene
1515 2130 1639 2207 potest,

515 2235 552 2291 ut
570 2244 777 2311 consequens
795 2237 881 2295 stare
900 2231 1004 2316 possit
1021 2250 1183 2316 suamque
1203 2231 1340 2297 retinere
1359 2230 1528 2296 veritatem
1548 2228 1642 2297 inde-

514 2334 694 2417 pendentes
707 2334 749 2401 ab
762 2337 1156 2423 antecedenti3siquidem
1167 2339 1253 2405 bona
1263 2336 1639 2423 consequentiatantum

515 2442 675 2525 postulat,
697 2452 734 2508 ut
752 2463 794 2509 ex
813 2443 876 2511 hoc
894 2447 1108 2513 antecedente
1126 2446 1205 2513 ssuat
1223 2463 1447 2529 consequens,
1470 2461 1535 2510 non
1559 2461 1640 2510 vero
1729 2490 1730 2501 .

513 2549 603 2633 quod
621 2552 722 2616 solam
738 2570 781 2617 ex
800 2552 861 2618 hoc
875 2552 972 2629 iiuat,
992 2553 1073 2638 quin
1094 2556 1196 2639 possit
1209 2554 1309 2620 iiuere
1328 2572 1369 2619 ex
1383 2553 1456 2619 alio.

557 2663 687 2741 Regula
705 2666 756 2728 3.·
800 2660 849 2726 Ee
864 2678 939 2727 aero
956 2680 1020 2728 non
1043 2662 1185 2748 sequitur
1201 2663 1265 2729 nisi
1286 2678 1395 2727 veram
1413 2661 1447 2727 in
1466 2660 1546 2725 dana
1563 2678 1641 2725 can-
1729 2650 1730 2710 i

509 2765 684 2852 sequentia·
700 2767 834 2853 exsalso
850 2767 1438 2858 autamsiaeaerumsivafaisam(1).

577 2875 687 2941 Prima
700 2882 779 2958 pars
795 2877 964 2961 probatur.
977 2877 1064 2950 Quia
1075 2879 1103 2946 si
1122 2897 1236 2946 verum
1252 2888 1302 2946 est
1317 2878 1530 2954 antecedens,
1551 2875 1639 2943 affir-

511 2983 670 3048 mandum
690 2992 757 3065 est3
769 2992 802 3049 et
817 2983 844 3049 si
858 2986 978 3052 falsum
992 2996 1043 3055 est
1056 3005 1279 3071 consequens,
1297 2986 1485 3072 negandum
1501 2985 1634 3070 pariter.

510 3090 594 3176 Ergo
611 3089 638 3156 si
660 3109 703 3157 ex
721 3107 799 3157 veto
817 3093 909 3176 sequi
933 3094 1051 3160 iaisunn
1076 3105 1205 3178 posset,
1226 3102 1326 3161 staret
1343 3094 1541 3162 antecedens
1560 3092 1635 3158 sine

508 3208 744 3284 consequente.
765 3200 867 3284 Atqui
886 3201 919 3266 in
937 3200 1024 3268 bona
1037 3203 1274 3287 consequentia
1297 3203 1412 3286 nequit
1434 3209 1520 3267 stare
1538 3209 1635 3266 ante-

508 3307 627 3374 cedens
645 3308 715 3376 sine
733 3317 969 3392 consequente,
997 3319 1033 3376 ut
1051 3308 1194 3378 vidimus
1209 3311 1241 3377 in'
1261 3309 1364 3394 prima
1388 3310 1511 3393 regula,
1533 3307 1631 3393 Ergo.
1728 3401 1729 3404 Ἴ

575 3413 638 3482 Sed
658 3424 752 3493 nota,
776 3433 853 3482 cum
879 3434 1039 3503 negamus
1061 3436 1103 3484 ex
1122 3436 1201 3485 vero
1225 3420 1342 3484 salsum
1361 3417 1453 3501 sequi
1479 3417 1634 3502 possein

508 3521 594 3589 bona
606 3523 860 3608 consequentia,
877 3523 1126 3612 intelligendum
1146 3543 1219 3592 esse
1236 3525 1431 3611 principium
1446 3525 1632 3592 secundum
1728 3511 1729 3570 Ὗ

505 3630 645 3715 gradum
670 3631 871 3700 necessitatis
888 3640 920 3698 et
940 3634 1173 3710 connexionis,
1194 3652 1294 3717 quam
1313 3629 1551 3717 consequentia
1568 3632 1633 3700 im-

507 3745 630 3823 portat:
657 3746 696 3804 ut
719 3738 747 3804 si
764 3737 1002 3824 consequentia
1019 3748 1111 3807 tenet
1129 3749 1260 3808 tantum
1287 3741 1401 3808 morati
1425 3740 1633 3818 necessitate,

505 3846 623 3912 falsum
637 3853 778 3929 nequeat
790 3847 884 3931 sequi
899 3847 1084 3929 moraliter;
1098 3858 1131 3916 et
1145 3847 1171 3914 si
1186 3857 1296 3916 teneat
1311 3848 1444 3934 physica
1457 3848 1638 3915 necessita-

504 3961 555 4030 te,
569 3961 730 4039 repugnet
744 3955 879 4041 physice
897 3955 990 4040 sequi
1005 3957 1142 4034 falsum,
1161 3974 1227 4022 non
1242 3975 1321 4023 vero
1337 3955 1578 4043 metaphysica:
1595 3975 1636 4022 ac

387 4083 390 4088 ·
503 4059 637 4128 tandem
659 4059 685 4127 si
700 4069 790 4127 tenet
811 4063 1050 4147 consequentia
1070 4063 1263 4132 necessitate
1278 4063 1519 4150 metaphysica,
1536 4081 1636 4149 repu-

502 4174 584 4251 gnet
601 4163 750 4234 absolute
773 4169 878 4252 sequi.
899 4169 950 4236 Sic
969 4189 1012 4239 ex
1037 4171 1100 4238 hoc
1119 4189 1216 4239 vero:
1244 4170 1280 4238 In
1305 4169 1503 4238 &chamaio
1515 4173 1642 4238 adsunt

501 4273 618 4356 spectes
633 4275 733 4358 panis
749 4283 782 4341 et
798 4275 888 4344 vini:
905 4277 1068 4365 colligitur
1093 4281 1229 4346 falsum:
1250 4295 1321 4364 ergo
1336 4281 1386 4346 est
1395 4278 1492 4362 panis
1515 4282 1548 4346 ei
1561 4279 1638 4346 aiat

501 4381 689 4450 susbstantia.
1727 4407 1728 4478 i

534 4629 576 4704 (a)
611 4629 689 4692 Vide
696 4631 789 4696 Arist.
799 4631 850 4695 lib.
865 4635 1006 4706 aPrior.,
1017 4655 1079 4710 cap.
1091 4655 1126 4708 a,
1140 4654 1212 4712 3,4;
1227 4633 1290 4696 Cir.
1301 4633 1399 4696 Mauri
1411 4635 1443 4698 in
1453 4635 1635 4713 Pamphi-asi

500 4717 532 4782 in
544 4739 612 4782 eum
625 4722 738 4796 locum
752 4723 882 4786 Lassada
896 4725 1072 4800 Dialectic„
1086 4725 1163 4801 disp.
1176 4727 1210 4798 8,
1225 4747 1290 4800 cap.
1307 4747 1334 4798 1,
1351 4747 1382 4788 n.
1398 4750 1429 4803 7,
1445 4727 1474 4788 8.
