3492 5525
465 463 467 468 .
538 408 597 493 778
652 412 777 478 Locren
792 413 1022 488 Maron-Lara.
1041 413 1220 488 a.¹¹·,D1sr›.
1239 425 1283 477 a·
1297 413 1376 478 Cap.
1394 427 1466 477 gum

499 595 584 664 notis
598 598 639 664 ad
657 615 829 664 causarum
856 596 1004 664 notitiam
1025 606 1251 682 assurgentes,
1264 606 1297 663 et
1316 615 1428 664 rursus
1445 615 1485 662 ex
1503 613 1621 662 causa-

499 724 571 771 rum
590 706 775 791 cognitione
793 706 834 771 ad
853 705 1075 790 cognitionem
1095 707 1272 772 effectuum
1292 704 1539 771 descendentes.
1729 778 1731 793 Ι

565 821 668 898 Resp.
690 811 722 880 in
744 815 804 879 hoc
822 812 892 878 fieri
906 813 1117 881 solummodo
1132 811 1288 880 circulum
1305 812 1521 886 materialem,
1541 810 1621 894 quia
1729 796 1731 872 ῗ

497 937 603 988 causae
621 921 839 988 ostenduntur
857 939 898 986 ex
916 921 1085 987 effectibus
1102 920 1382 987 demonstratione
1400 940 1418 986 a
1437 919 1619 1003 posteriori,

496 1029 633 1094 eliectus
662 1045 740 1093 vero
759 1028 1025 1094 demonstrantur
1052 1046 1108 1112 per
1125 1047 1294 1095 causante
1320 1026 1429 1112 priori,
1451 1046 1525 1110 quae
1548 1027 1620 1111 jam

497 1136 593 1202 etiam
614 1136 744 1203 aliunde
766 1141 1000 1220 cognoscatur,
1022 1137 1073 1200 vel
1099 1137 1217 1201 saltem
1237 1135 1336 1201 eade
1358 1135 1528 1202 effectibus
1547 1152 1622 1217 pro-
1729 1216 1731 1221 Ι

496 1245 615 1310 bantur
634 1261 691 1328 per
711 1261 864 1317 causam,
885 1261 961 1327 quae
981 1251 1057 1308 ante
1075 1261 1180 1310 causae
1199 1242 1420 1328 cognitionem
1440 1260 1505 1308 non
1525 1242 1622 1306 inno·
1729 1254 1731 1272 ¹

496 1351 682 1427 tescebant,
703 1351 754 1417 vel
775 1351 955 1435 probantur
973 1369 1014 1416 ex
1032 1350 1079 1416 eis
1094 1351 1289 1426 rationibus,
1307 1369 1381 1434 quae
1399 1350 1622 1434 independen-

496 1467 545 1524 ter
557 1458 598 1523 ab
610 1459 787 1524 ellectuum
802 1456 989 1542 cognitione
999 1458 1129 1524 aliunde
1141 1459 1321 1527 manifestae
1330 1457 1415 1524 frunt
1428 1458 1618 1524 intellectui.
1729 1514 1730 1543 ἶ

496 1565 597 1634 Secus
615 1565 703 1632 enlm
719 1565 856 1633 vitiosus
876 1567 959 1631 loret
978 1566 1119 1632 circulus
1137 1563 1203 1654 (r).

540 1679 647 1756 objic.
680 1673 732 1742 3.⁰
780 1671 902 1738 Saltem
930 1675 962 1740 in
991 1673 1329 1759 argumentationibus
1359 1672 1531 1738 dialecticis
1560 1691 1619 1739 seu

497 1781 717 1866 probabilibus
733 1779 827 1846 licere
841 1780 969 1846 videtur
984 1783 1144 1865 perlectus
1158 1774 1312 1856 circulus,
1329 1780 1491 1864 siquidem
1512 1779 1621 1846 inillis

496 1887 643 1974 probatio
673 1906 738 1954 non
763 1888 941 1954 instituitur
970 1907 1011 1954 ex
1037 1889 1147 1972 aliquo
1175 1888 1304 1963 notiori,
1337 1889 1426 1971 quod
1454 1887 1497 1954 sit
1523 1906 1620 1954 causa

495 1996 637 2077 alterius;
659 1991 699 2061 et'
709 1995 756 2062 sic
770 1995 904 2080 perinde
918 1997 978 2062 erit
993 1996 1164 2080 procedere
1178 1995 1362 2080 incipiendo
1375 2016 1394 2060 a
1409 1997 1620 2063 conclusione
1729 2036 1731 2040 »

494 2104 535 2169 ad
550 2101 748 2188 praemissas,
770 2106 821 2169 vel
841 2122 858 2167 e
877 2122 1050 2170 converso.
1729 2114 1731 2121 ’

560 2217 792 2281 confirmatur
810 2210 887 2295 quia
906 2211 1124 2295 Philosophus
1140 2211 1324 2277 concedens
1343 2228 1444 2276 unam
1463 2209 1622 2277 definitio
1729 2261 1731 2311 ᾗ

495 2338 570 2384 nem
591 2319 718 2402 probari
738 2338 796 2402 per
824 2320 933 2396 aliam,
963 2338 1038 2402 quae
1062 2335 1172 2386 rursus
1201 2336 1257 2402 per
1284 2317 1424 2401 primam
1450 2318 1619 2403 probetur,
1729 2320 1731 2345 l

495 2427 577 2492 hanc
606 2427 698 2491 affert
730 2427 902 2503 rationem,
923 2427 1000 2510 quia
1019 2427 1080 2492 illae
1103 2425 1311 2510 probationes
1332 2424 1505 2491 dialecticae
1526 2436 1618 2501 sunt,
1729 2436 1731 2448 ¹

495 2553 561 2601 non
581 2535 846 2602 demonstrativae
865 2531 928 2622 (2).

561 2649 670 2726 Resp.
691 2643 820 2708 «Etiam
840 2641 873 2707 ln
891 2641 1112 2726 probabilibus
1131 2660 1197 2707 non
1216 2651 1323 2725 potest
1341 2641 1504 2708 committi
1518 2641 1622 2707 circu·
1729 2660 1730 2687 1

494 2751 546 2817 lus
564 2748 720 2832 formalis;
741 2751 816 2834 quia
835 2749 910 2816 licet
930 2768 994 2815 non
1015 2749 1209 2834 procedatur
1227 2770 1285 2835 per
1309 2770 1442 2817 causam
1469 2749 1623 2827 intrinse-

494 2877 579 2933 cam,
597 2858 780 2941 proceditur
793 2867 934 2927 tamena
951 2857 1066 2923 notiori
1080 2857 1286 2944 probabiliter
1298 2858 1339 2924 ad
1354 2858 1497 2944 ignotius
1508 2857 1625 2942 proba-

430 3006 434 3015 ·
494 2964 611 3031 biliter.
642 2964 735 3031 Unde
767 2966 793 3032 si
827 2967 889 3032 hoc
913 2966 1065 3052 ignotum
1091 2974 1277 3031 assumatur
1302 2964 1335 3031 in
1356 2966 1474 3032 eodem
1499 2983 1621 3049 genere

495 3070 693 3156 probationis
715 3074 756 3139 ad
775 3073 1016 3141 ostendendum
1042 3073 1251 3148 antecedens,
1271 3081 1421 3139 sumetur
1446 3080 1620 3155 tamquam

495 3180 604 3247 notius
619 3179 685 3247 illo.
703 3180 741 3245 Et
755 3180 800 3246 sic
815 3179 875 3275 erit
891 3180 1001 3245 notius
1012 3188 1044 3243 et
1054 3179 1198 3264 ignotius
1209 3179 1368 3260 ineodem
1377 3198 1498 3264 genere
1513 3198 1626 3264 respe-

494 3296 548 3353 ctu
567 3287 726 3373 ejusdem3
739 3288 830 3371 quod
842 3289 960 3353 eodem
974 3286 1075 3352 modo
1087 3297 1247 3371 repugnat
1259 3286 1291 3353 in
1305 3287 1528 3372 probabilibus
1539 3306 1579 3353 ac
1591 3287 1624 3353 in
1729 3345 1730 3348 ,

495 3396 575 3463 aliis.
596 3394 628 3459 Si
643 3414 721 3461 vero
740 3394 904 3461 conclusio
919 3391 1094 3479 probabilis
1108 3413 1149 3459 ex
1163 3394 1226 3459 alio
1239 3395 1342 3478 capite
1357 3394 1505 3461 videatur
1518 3412 1626 3478 quam
1729 3391 1730 3414 l

495 3503 703 3579 antecedens,
712 3504 860 3588 jamnon
873 3501 934 3567 erit
945 3502 1086 3567 circulus
1099 3501 1275 3567 formaliter
1284 3510 1317 3568 et
1330 3500 1548 3583 uniformiter3
1563 3503 1625 3569 sic·

496 3619 532 3677 ut
547 3611 587 3676 de
607 3610 677 3676 aliis
698 3609 942 3693 probationibus
962 3606 1084 3674 dictum
1105 3616 1166 3673 est.
1187 3609 1225 3674 Et
1243 3608 1284 3672 ad
1302 3610 1409 3675 locum
1430 3607 1623 3693 Philosophi

497 3718 695 3803 respondeo,
714 3734 780 3783 non
800 3716 937 3801 probare
951 3716 1107 3781 circulum
1127 3716 1297 3781 formalem
1315 3715 1349 3781 in
1368 3715 1626 3800 probationibus

496 3824 688 3901 dialecticis,
708 3826 766 3891 sed
775 3826 884 3891 solum
899 3842 1088 3907 comparare
1103 3823 1326 3908 probationem
1344 3822 1442 3889 unius
1456 3822 1628 3891 delinitio-

497 3932 547 3998 nis
567 3952 623 4017 per
642 3932 739 3997 allam
758 3931 859 3996 modo
882 3928 1082 4016 probationis
1103 3928 1275 3995 dialecticae
1297 3937 1457 4014 quantum
1483 3932 1625 4009 adhoc,
1729 3989 1731 3996 ,

497 4040 587 4123 quod
603 4038 793 4107 Dialecticus
812 4038 1004 4122 multiplicat
1020 4036 1140 4115 media,
1153 4037 1227 4121 quia
1244 4036 1451 4137 probabiliter
1464 4039 1624 4121 procedit,
1729 4133 1730 4138 Ἰ

499 4166 565 4213 ηοη
585 4158 695 4215 autem
712 4164 779 4212 uno
797 4154 930 4212 tanturn
951 4146 1050 4211 modo
1070 4144 1292 4248 utitur,xsicut
1309 4144 1567 4213 demonstrator.
1589 4146 1628 4212 Et

532 4434 573 4504 (r)
610 4430 685 4489 Vide
707 4428 940 4491 Conimbrioens.
963 4428 995 4486 ln
1010 4427 1059 4486 lib.
1079 4438 1136 4485 ιθ·
1154 4430 1328 4493 Posterior„
1344 4446 1408 4500 cap.
1431 4449 1456 4500 3.
1473 4442 1583 4499 quaest.
1603 4453 1627 4497 ι,

496 4536 553 4580 art.
571 4544 585 4595 3
601 4520 638 4579 ad
653 4530 712 4592 3³¹¹·
726 4535 754 4579 et
769 4534 824 4579 art.
841 4540 868 4589 a,
891 4518 1020 4577 conclus.
1036 4530 1087 4588 2.¹‚
1102 4516 1305 4591 Confirmalur.

533 4616 574 4680 (a)
610 4610 686 4669 Vide
696 4609 829 4680 Ariston,
842 4620 882 4668 κθ
896 4610 1020 4678 Postea,
1030 4628 1092 4679 cap.
1106 4629 1134 4681 7,
1149 4606 1211 4665 fin..
1224 4604 1286 4665 Cir.
1301 4604 1371 4665 ibid.
1387 4604 1421 4666 S.
1434 4606 1586 4681 Th.,·lect.
1601 4633 1628 4684 ς,
1729 4671 1730 4674 ,

500 4720 616 4775 paragr.
627 4700 655 4759 6.
