<?xml version="1.0" encoding="UTF-8"?>
<!DOCTYPE html PUBLIC "-//W3C//DTD XHTML 1.0 Transitional//EN"
    "http://www.w3.org/TR/xhtml1/DTD/xhtml1-transitional.dtd">
<html xmlns="http://www.w3.org/1999/xhtml" xml:lang="en" lang="en">
 <head>
  <title>
</title>
<meta http-equiv="Content-Type" content="text/html;charset=utf-8" />
  <meta name='ocr-system' content='tesseract 3.04.00' />
  <meta name='ocr-capabilities' content='ocr_page ocr_carea ocr_par ocr_line ocrx_word'/>
</head>
<body>
  <div class='ocr_page' id='page_1' title='image "./institutionesph00urrgoog/institutionesph00urrgoog_0696.png"; bbox 0 0 3492 5525; ppageno 0'>
   <div class='ocr_carea' id='block_1_1' title="bbox 547 467 1473 558">
    <p class='ocr_par' dir='ltr' id='par_1_1' title="bbox 547 467 1473 558">
     <span class='ocr_line' id='line_1_1' title="bbox 547 467 1473 558; baseline -0.003 -20"><span class='ocrx_word' id='word_1_1' title='bbox 547 472 608 558; x_wconf 76' lang='lat'>07⁶</span> <span class='ocrx_word' id='word_1_2' title='bbox 661 475 788 539; x_wconf 77' lang='lat' dir='ltr'>Locren</span> <span class='ocrx_word' id='word_1_3' title='bbox 803 467 1034 548; x_wconf 72' lang='lat' dir='ltr'>Maron-[ru.</span> <span class='ocrx_word' id='word_1_4' title='bbox 1051 483 1123 551; x_wconf 60' lang='lat' dir='ltr'>arn,</span> <span class='ocrx_word' id='word_1_5' title='bbox 1139 468 1231 536; x_wconf 75' lang='lat' dir='ltr'>Drsn.</span> <span class='ocrx_word' id='word_1_6' title='bbox 1251 483 1292 536; x_wconf 85' lang='lat' dir='ltr'>r.·</span> <span class='ocrx_word' id='word_1_7' title='bbox 1306 469 1385 537; x_wconf 74' lang='lat' dir='ltr'>Car.</span> <span class='ocrx_word' id='word_1_8' title='bbox 1403 476 1473 535; x_wconf 58' lang='lat' dir='ltr'>„tu</span> 
     </span>
    </p>
   </div>
   <div class='ocr_carea' id='block_1_2' title="bbox 506 654 1638 1172">
    <p class='ocr_par' dir='ltr' id='par_1_2' title="bbox 506 654 1638 1172">
     <span class='ocr_line' id='line_1_2' title="bbox 506 654 1632 735; baseline -0.005 -11"><span class='ocrx_word' id='word_1_9' title='bbox 506 658 707 725; x_wconf 89' lang='lat' dir='ltr'>delinitione.</span> <span class='ocrx_word' id='word_1_10' title='bbox 743 657 852 735; x_wconf 77' lang='lat' dir='ltr'>Quare</span> <span class='ocrx_word' id='word_1_11' title='bbox 883 654 1136 723; x_wconf 82' lang='lat' dir='ltr'><strong>communicatio</strong></span> <span class='ocrx_word' id='word_1_12' title='bbox 1170 666 1293 723; x_wconf 83' lang='lat' dir='ltr'>naturae</span> <span class='ocrx_word' id='word_1_13' title='bbox 1311 655 1522 732; x_wconf 84' lang='lat' dir='ltr'>universalis,</span> <span class='ocrx_word' id='word_1_14' title='bbox 1545 655 1632 718; x_wconf 84' lang='lat' dir='ltr'>facta</span> 
     </span>
     <span class='ocr_line' id='line_1_3' title="bbox 508 761 1637 849; baseline -0.005 -18"><span class='ocrx_word' id='word_1_15' title='bbox 508 767 575 832; x_wconf 90' lang='lat' dir='ltr'>suis</span> <span class='ocrx_word' id='word_1_16' title='bbox 601 766 822 843; x_wconf 84' lang='lat' dir='ltr'>interioribus,</span> <span class='ocrx_word' id='word_1_17' title='bbox 850 784 917 831; x_wconf 91' lang='lat' dir='ltr'>non</span> <span class='ocrx_word' id='word_1_18' title='bbox 945 774 997 831; x_wconf 84' lang='lat' dir='ltr'>est</span> <span class='ocrx_word' id='word_1_19' title='bbox 1020 762 1173 849; x_wconf 88' lang='lat' dir='ltr'>lingenda</span> <span class='ocrx_word' id='word_1_20' title='bbox 1205 763 1306 831; x_wconf 88' lang='lat' dir='ltr'>instar</span> <span class='ocrx_word' id='word_1_21' title='bbox 1335 761 1505 830; x_wconf 82' lang='lat' dir='ltr'>divisionis</span> <span class='ocrx_word' id='word_1_22' title='bbox 1536 762 1637 827; x_wconf 80' lang='lat' dir='ltr'>lolius</span> 
     </span>
     <span class='ocr_line' id='line_1_4' title="bbox 507 870 1638 958; baseline -0.004 -19"><span class='ocrx_word' id='word_1_23' title='bbox 507 873 643 939; x_wconf 82' lang='lat' dir='ltr'>actrmlis</span> <span class='ocrx_word' id='word_1_24' title='bbox 660 872 693 939; x_wconf 90' lang='lat' dir='ltr'>in</span> <span class='ocrx_word' id='word_1_25' title='bbox 713 883 820 958; x_wconf 86' lang='lat' dir='ltr'>parles</span> <span class='ocrx_word' id='word_1_26' title='bbox 838 873 1000 947; x_wconf 85' lang='lat' dir='ltr'>actuales,</span> <span class='ocrx_word' id='word_1_27' title='bbox 1019 873 1052 937; x_wconf 90' lang='lat' dir='ltr'>in</span> <span class='ocrx_word' id='word_1_28' title='bbox 1072 870 1194 954; x_wconf 91' lang='lat' dir='ltr'>quibus</span> <span class='ocrx_word' id='word_1_29' title='bbox 1211 872 1321 937; x_wconf 90' lang='lat' dir='ltr'>solum</span> <span class='ocrx_word' id='word_1_30' title='bbox 1339 870 1516 954; x_wconf 77' lang='lat' dir='ltr'>partialiter</span> <span class='ocrx_word' id='word_1_31' title='bbox 1541 888 1638 952; x_wconf 86' lang='lat' dir='ltr'>repe-</span> 
     </span>
     <span class='ocr_line' id='line_1_5' title="bbox 509 978 1568 1067; baseline -0.004 -20"><span class='ocrx_word' id='word_1_32' title='bbox 509 982 559 1049; x_wconf 86' lang='lat' dir='ltr'>riri</span> <span class='ocrx_word' id='word_1_33' title='bbox 579 990 701 1067; x_wconf 91' lang='lat' dir='ltr'>potest.</span> <span class='ocrx_word' id='word_1_34' title='bbox 723 981 778 1047; x_wconf 88' lang='lat' dir='ltr'>Est</span> <span class='ocrx_word' id='word_1_35' title='bbox 796 982 885 1047; x_wconf 91' lang='lat' dir='ltr'>enim</span> <span class='ocrx_word' id='word_1_36' title='bbox 904 990 1019 1049; x_wconf 88' lang='lat' dir='ltr'>natura</span> <span class='ocrx_word' id='word_1_37' title='bbox 1037 978 1230 1046; x_wconf 86' lang='lat' dir='ltr'>universalis</span> <span class='ocrx_word' id='word_1_38' title='bbox 1247 989 1356 1045; x_wconf 89' lang='lat' dir='ltr'>totum</span> <span class='ocrx_word' id='word_1_39' title='bbox 1375 979 1568 1063; x_wconf 82' lang='lat' dir='ltr'>potentiale.</span> 
     </span>
     <span class='ocr_line' id='line_1_6' title="bbox 552 1083 1636 1172; baseline -0.009 -14"><span class='ocrx_word' id='word_1_40' title='bbox 552 1083 628 1172; x_wconf 84' lang='lat' dir='ltr'>Obj.</span> <span class='ocrx_word' id='word_1_41' title='bbox 651 1095 700 1158; x_wconf 73' lang='lat'>§.⁰</span> <span class='ocrx_word' id='word_1_42' title='bbox 746 1088 865 1155; x_wconf 90' lang='lat' dir='ltr'>Omnis</span> <span class='ocrx_word' id='word_1_43' title='bbox 895 1106 944 1153; x_wconf 89' lang='lat' dir='ltr'>res</span> <span class='ocrx_word' id='word_1_44' title='bbox 969 1090 1113 1154; x_wconf 79' lang='lat' dir='ltr'>existens</span> <span class='ocrx_word' id='word_1_45' title='bbox 1143 1096 1195 1153; x_wconf 91' lang='lat' dir='ltr'>est</span> <span class='ocrx_word' id='word_1_46' title='bbox 1226 1088 1258 1151; x_wconf 90' lang='lat' dir='ltr'>in</span> <span class='ocrx_word' id='word_1_47' title='bbox 1285 1087 1396 1171; x_wconf 86' lang='lat' dir='ltr'>aliquo</span> <span class='ocrx_word' id='word_1_48' title='bbox 1426 1102 1578 1170; x_wconf 88' lang='lat' dir='ltr'>tempore</span> <span class='ocrx_word' id='word_1_49' title='bbox 1601 1094 1636 1148; x_wconf 88' lang='lat' dir='ltr'>et</span> 
     </span>
    </p>
   </div>
   <div class='ocr_carea' id='block_1_3' title="bbox 345 1186 1637 1278">
    <p class='ocr_par' dir='ltr' id='par_1_3' title="bbox 345 1186 1637 1278">
     <span class='ocr_line' id='line_1_7' title="bbox 345 1186 1637 1278; baseline -0.005 -15"><span class='ocrx_word' id='word_1_50' title='bbox 345 1224 348 1235; x_wconf 90' lang='lat'><strong>·</strong></span> <span class='ocrx_word' id='word_1_51' title='bbox 433 1273 437 1277; x_wconf 13' lang='lat' dir='ltr'>g</span> <span class='ocrx_word' id='word_1_52' title='bbox 495 1186 593 1263; x_wconf 80' lang='lat' dir='ltr'>&#39;loco</span> <span class='ocrx_word' id='word_1_53' title='bbox 615 1196 680 1263; x_wconf 85' lang='lat' dir='ltr'>Sed</span> <span class='ocrx_word' id='word_1_54' title='bbox 700 1197 883 1263; x_wconf 86' lang='lat' dir='ltr'>universale</span> <span class='ocrx_word' id='word_1_55' title='bbox 903 1197 993 1262; x_wconf 91' lang='lat' dir='ltr'>nullo</span> <span class='ocrx_word' id='word_1_56' title='bbox 1007 1195 1040 1261; x_wconf 90' lang='lat' dir='ltr'>in</span> <span class='ocrx_word' id='word_1_57' title='bbox 1056 1196 1128 1261; x_wconf 88' lang='lat' dir='ltr'>loco</span> <span class='ocrx_word' id='word_1_58' title='bbox 1143 1214 1179 1260; x_wconf 93' lang='lat' dir='ltr'>ac</span> <span class='ocrx_word' id='word_1_59' title='bbox 1191 1203 1338 1278; x_wconf 89' lang='lat' dir='ltr'>tempore</span> <span class='ocrx_word' id='word_1_60' title='bbox 1352 1202 1419 1270; x_wconf 88' lang='lat' dir='ltr'>est,</span> <span class='ocrx_word' id='word_1_61' title='bbox 1439 1195 1499 1259; x_wconf 89' lang='lat' dir='ltr'>sed</span> <span class='ocrx_word' id='word_1_62' title='bbox 1517 1193 1637 1259; x_wconf 86' lang='lat' dir='ltr'>dicitur</span> 
     </span>
    </p>
   </div>
   <div class='ocr_carea' id='block_1_4' title="bbox 457 1303 1637 2139">
    <p class='ocr_par' dir='ltr' id='par_1_4' title="bbox 457 1303 1637 1587">
     <span class='ocr_line' id='line_1_8' title="bbox 511 1303 1089 1388; baseline -0.003 -19"><span class='ocrx_word' id='word_1_63' title='bbox 511 1324 583 1371; x_wconf 88' lang='lat' dir='ltr'>esse</span> <span class='ocrx_word' id='word_1_64' title='bbox 604 1304 726 1387; x_wconf 92' lang='lat' dir='ltr'>ubique</span> <span class='ocrx_word' id='word_1_65' title='bbox 745 1316 777 1371; x_wconf 89' lang='lat' dir='ltr'>et</span> <span class='ocrx_word' id='word_1_66' title='bbox 796 1322 940 1388; x_wconf 83' lang='lat' dir='ltr'>semper.</span> <span class='ocrx_word' id='word_1_67' title='bbox 961 1303 1089 1388; x_wconf 84' lang='lat' dir='ltr'>Ergo...</span> 
     </span>
     <span class='ocr_line' id='line_1_9' title="bbox 457 1409 1637 1498; baseline -0.005 -18"><span class='ocrx_word' id='word_1_68' title='bbox 457 1482 462 1491; x_wconf 75' lang='grc'><em>,</em></span> <span class='ocrx_word' id='word_1_69' title='bbox 576 1419 681 1495; x_wconf 84' lang='lat' dir='ltr'>Resp.</span> <span class='ocrx_word' id='word_1_70' title='bbox 702 1416 802 1477; x_wconf 84' lang='lat' dir='ltr'>trans.</span> <span class='ocrx_word' id='word_1_71' title='bbox 825 1412 941 1498; x_wconf 87' lang='lat' dir='ltr'>Major.</span> <span class='ocrx_word' id='word_1_72' title='bbox 962 1409 1089 1477; x_wconf 86' lang='lat' dir='ltr'>Etenim</span> <span class='ocrx_word' id='word_1_73' title='bbox 1105 1410 1192 1477; x_wconf 90' lang='lat' dir='ltr'>Deus</span> <span class='ocrx_word' id='word_1_74' title='bbox 1207 1429 1266 1476; x_wconf 89' lang='lat' dir='ltr'>nec</span> <span class='ocrx_word' id='word_1_75' title='bbox 1280 1409 1376 1476; x_wconf 85' lang='lat' dir='ltr'>estin</span> <span class='ocrx_word' id='word_1_76' title='bbox 1391 1417 1558 1493; x_wconf 88' lang='lat' dir='ltr'>tempore,</span> <span class='ocrx_word' id='word_1_77' title='bbox 1575 1428 1637 1475; x_wconf 85' lang='lat' dir='ltr'>nec</span> 
     </span>
     <span class='ocr_line' id='line_1_10' title="bbox 512 1520 647 1587; baseline 0.022 -3"><span class='ocrx_word' id='word_1_78' title='bbox 512 1520 545 1584; x_wconf 90' lang='lat' dir='ltr'>in</span> <span class='ocrx_word' id='word_1_79' title='bbox 562 1520 647 1587; x_wconf 92' lang='lat' dir='ltr'>loc0.</span> 
     </span>
    </p>

    <p class='ocr_par' dir='ltr' id='par_1_5' title="bbox 510 1624 1637 1926">
     <span class='ocr_line' id='line_1_11' title="bbox 577 1624 1635 1709; baseline -0.002 -18"><span class='ocrx_word' id='word_1_80' title='bbox 577 1628 660 1696; x_wconf 80' lang='lat' dir='ltr'>Dur.</span> <span class='ocrx_word' id='word_1_81' title='bbox 681 1625 801 1691; x_wconf 83' lang='lat' dir='ltr'>Minor.</span> <span class='ocrx_word' id='word_1_82' title='bbox 826 1624 1002 1709; x_wconf 88' lang='lat' dir='ltr'>Negative,</span> <span class='ocrx_word' id='word_1_83' title='bbox 1023 1631 1186 1708; x_wconf 89' lang='lat' dir='ltr'>quatenus</span> <span class='ocrx_word' id='word_1_84' title='bbox 1208 1625 1388 1693; x_wconf 89' lang='lat' dir='ltr'>universale</span> <span class='ocrx_word' id='word_1_85' title='bbox 1411 1624 1597 1709; x_wconf 81' lang='lat' dir='ltr'>praescindit</span> <span class='ocrx_word' id='word_1_86' title='bbox 1617 1646 1635 1689; x_wconf 88' lang='lat' dir='ltr'>a</span> 
     </span>
     <span class='ocr_line' id='line_1_12' title="bbox 512 1731 1637 1829; baseline 0.002 -32"><span class='ocrx_word' id='word_1_87' title='bbox 512 1733 582 1798; x_wconf 90' lang='lat' dir='ltr'>loco</span> <span class='ocrx_word' id='word_1_88' title='bbox 601 1741 633 1829; x_wconf 79' lang='lat' dir='ltr'>et</span> <span class='ocrx_word' id='word_1_89' title='bbox 651 1740 818 1817; x_wconf 88' lang='lat' dir='ltr'>tempore,</span> <span class='ocrx_word' id='word_1_90' title='bbox 833 1752 936 1809; x_wconf 69' lang='lat' dir='ltr'>conc„</span> <span class='ocrx_word' id='word_1_91' title='bbox 953 1731 1109 1816; x_wconf 87' lang='lat' dir='ltr'>positive,</span> <span class='ocrx_word' id='word_1_92' title='bbox 1127 1742 1291 1815; x_wconf 87' lang='lat' dir='ltr'>quatenus</span> <span class='ocrx_word' id='word_1_93' title='bbox 1306 1751 1340 1797; x_wconf 91' lang='lat' dir='ltr'>re</span> <span class='ocrx_word' id='word_1_94' title='bbox 1353 1751 1430 1798; x_wconf 87' lang='lat' dir='ltr'>vera</span> <span class='ocrx_word' id='word_1_95' title='bbox 1443 1751 1511 1799; x_wconf 91' lang='lat' dir='ltr'>non</span> <span class='ocrx_word' id='word_1_96' title='bbox 1525 1734 1637 1799; x_wconf 83' lang='lat' dir='ltr'>existit</span> 
     </span>
     <span class='ocr_line' id='line_1_13' title="bbox 510 1832 1180 1926; baseline -0.004 -21"><span class='ocrx_word' id='word_1_97' title='bbox 510 1840 542 1905; x_wconf 91' lang='lat' dir='ltr'>in</span> <span class='ocrx_word' id='word_1_98' title='bbox 562 1848 712 1925; x_wconf 88' lang='lat' dir='ltr'>tempore</span> <span class='ocrx_word' id='word_1_99' title='bbox 731 1848 764 1904; x_wconf 90' lang='lat' dir='ltr'>et</span> <span class='ocrx_word' id='word_1_100' title='bbox 782 1841 871 1914; x_wconf 90' lang='lat' dir='ltr'>loco,</span> <span class='ocrx_word' id='word_1_101' title='bbox 892 1857 962 1924; x_wconf 80' lang='lat' dir='ltr'>neg.</span> <span class='ocrx_word' id='word_1_102' title='bbox 982 1836 1035 1926; x_wconf 88' lang='lat' dir='ltr'>(t)</span> <span class='ocrx_word' id='word_1_103' title='bbox 1174 1832 1180 1844; x_wconf 85' lang='grc'><em>“</em></span> 
     </span>
    </p>

    <p class='ocr_par' dir='ltr' id='par_1_6' title="bbox 512 1947 1636 2139">
     <span class='ocr_line' id='line_1_14' title="bbox 576 1947 1636 2030; baseline 0 -17"><span class='ocrx_word' id='word_1_104' title='bbox 576 1948 740 2025; x_wconf 73' lang='lat' dir='ltr'>Quoniam</span> <span class='ocrx_word' id='word_1_105' title='bbox 767 1948 950 2013; x_wconf 88' lang='lat' dir='ltr'>universale</span> <span class='ocrx_word' id='word_1_106' title='bbox 972 1954 1162 2030; x_wconf 88' lang='lat' dir='ltr'>separatum</span> <span class='ocrx_word' id='word_1_107' title='bbox 1189 1947 1229 2012; x_wconf 84' lang='lat' dir='ltr'>ab</span> <span class='ocrx_word' id='word_1_108' title='bbox 1260 1948 1352 2013; x_wconf 89' lang='lat' dir='ltr'>omni</span> <span class='ocrx_word' id='word_1_109' title='bbox 1376 1947 1636 2017; x_wconf 86' lang='lat' dir='ltr'>individuatione</span> 
     </span>
     <span class='ocr_line' id='line_1_15' title="bbox 512 2053 1634 2139; baseline -0.002 -18"><span class='ocrx_word' id='word_1_110' title='bbox 512 2055 624 2139; x_wconf 89' lang='lat' dir='ltr'>nequit</span> <span class='ocrx_word' id='word_1_111' title='bbox 651 2053 810 2131; x_wconf 73' lang='lat' dir='ltr'>existere5</span> <span class='ocrx_word' id='word_1_112' title='bbox 832 2054 906 2120; x_wconf 91' lang='lat' dir='ltr'>ideo</span> <span class='ocrx_word' id='word_1_113' title='bbox 925 2054 1006 2120; x_wconf 89' lang='lat' dir='ltr'>ratio</span> <span class='ocrx_word' id='word_1_114' title='bbox 1024 2055 1182 2137; x_wconf 82' lang='lat' dir='ltr'>temporis</span> <span class='ocrx_word' id='word_1_115' title='bbox 1203 2074 1240 2119; x_wconf 90' lang='lat' dir='ltr'>ac</span> <span class='ocrx_word' id='word_1_116' title='bbox 1264 2055 1341 2131; x_wconf 89' lang='lat' dir='ltr'>loci,</span> <span class='ocrx_word' id='word_1_117' title='bbox 1362 2055 1396 2121; x_wconf 93' lang='lat' dir='ltr'>in</span> <span class='ocrx_word' id='word_1_118' title='bbox 1417 2055 1540 2139; x_wconf 87' lang='lat' dir='ltr'>quibus</span> <span class='ocrx_word' id='word_1_119' title='bbox 1566 2058 1634 2122; x_wconf 87' lang='lat' dir='ltr'>exi·</span> 
     </span>
    </p>
   </div>
   <div class='ocr_carea' id='block_1_5' title="bbox 398 2160 1638 2248">
    <p class='ocr_par' dir='ltr' id='par_1_7' title="bbox 398 2160 1638 2248">
     <span class='ocr_line' id='line_1_16' title="bbox 398 2160 1638 2248; baseline 0.001 -20"><span class='ocrx_word' id='word_1_120' title='bbox 398 2170 403 2183; x_wconf 90' lang='grc'><em>·</em></span> <span class='ocrx_word' id='word_1_121' title='bbox 511 2172 591 2239; x_wconf 87' lang='lat' dir='ltr'>stat,</span> <span class='ocrx_word' id='word_1_122' title='bbox 613 2181 679 2227; x_wconf 92' lang='lat' dir='ltr'>non</span> <span class='ocrx_word' id='word_1_123' title='bbox 698 2162 740 2227; x_wconf 88' lang='lat' dir='ltr'>ab</span> <span class='ocrx_word' id='word_1_124' title='bbox 761 2160 833 2246; x_wconf 92' lang='lat' dir='ltr'>ipso</span> <span class='ocrx_word' id='word_1_125' title='bbox 852 2180 894 2227; x_wconf 87' lang='lat' dir='ltr'>ex</span> <span class='ocrx_word' id='word_1_126' title='bbox 911 2178 984 2227; x_wconf 88' lang='lat' dir='ltr'>sese</span> <span class='ocrx_word' id='word_1_127' title='bbox 1003 2160 1192 2244; x_wconf 86' lang='lat' dir='ltr'>requiritur,</span> <span class='ocrx_word' id='word_1_128' title='bbox 1209 2162 1266 2228; x_wconf 92' lang='lat' dir='ltr'>sed</span> <span class='ocrx_word' id='word_1_129' title='bbox 1280 2162 1433 2228; x_wconf 83' lang='lat' dir='ltr'>convenit</span> <span class='ocrx_word' id='word_1_130' title='bbox 1453 2165 1482 2228; x_wconf 89' lang='lat' dir='ltr'>ei</span> <span class='ocrx_word' id='word_1_131' title='bbox 1502 2175 1638 2248; x_wconf 87' lang='lat' dir='ltr'>propter</span> 
     </span>
    </p>
   </div>
   <div class='ocr_carea' id='block_1_6' title="bbox 511 2265 1734 4187">
    <p class='ocr_par' dir='ltr' id='par_1_8' title="bbox 511 2265 1640 2788">
     <span class='ocr_line' id='line_1_17' title="bbox 511 2265 1639 2356; baseline 0.004 -23"><span class='ocrx_word' id='word_1_132' title='bbox 511 2268 693 2352; x_wconf 82' lang='lat' dir='ltr'>individua3</span> <span class='ocrx_word' id='word_1_133' title='bbox 710 2269 831 2353; x_wconf 91' lang='lat' dir='ltr'>quibus</span> <span class='ocrx_word' id='word_1_134' title='bbox 849 2268 935 2334; x_wconf 90' lang='lat' dir='ltr'>inest</span> <span class='ocrx_word' id='word_1_135' title='bbox 960 2265 1023 2356; x_wconf 87' lang='lat'>(2).</span> <span class='ocrx_word' id='word_1_136' title='bbox 1055 2271 1219 2334; x_wconf 68' lang='lat' dir='ltr'>Ceterum</span> <span class='ocrx_word' id='word_1_137' title='bbox 1238 2269 1417 2335; x_wconf 84' lang='lat' dir='ltr'>universale</span> <span class='ocrx_word' id='word_1_138' title='bbox 1433 2272 1556 2336; x_wconf 78' lang='lat' dir='ltr'>dicitur</span> <span class='ocrx_word' id='word_1_139' title='bbox 1572 2292 1639 2337; x_wconf 87' lang='lat' dir='ltr'>esse</span> 
     </span>
     <span class='ocr_line' id='line_1_18' title="bbox 511 2376 1636 2462; baseline 0.003 -20"><span class='ocrx_word' id='word_1_140' title='bbox 511 2378 623 2462; x_wconf 87' lang='lat' dir='ltr'>ubique</span> <span class='ocrx_word' id='word_1_141' title='bbox 640 2381 673 2443; x_wconf 88' lang='lat' dir='ltr'>et</span> <span class='ocrx_word' id='word_1_142' title='bbox 685 2382 805 2459; x_wconf 81' lang='lat' dir='ltr'>semper</span> <span class='ocrx_word' id='word_1_143' title='bbox 821 2376 922 2461; x_wconf 82' lang='lat' dir='ltr'>magis</span> <span class='ocrx_word' id='word_1_144' title='bbox 934 2382 995 2459; x_wconf 88' lang='lat' dir='ltr'>per</span> <span class='ocrx_word' id='word_1_145' title='bbox 1011 2376 1226 2452; x_wconf 83' lang='lat' dir='ltr'>remotionem,</span> <span class='ocrx_word' id='word_1_146' title='bbox 1251 2396 1345 2460; x_wconf 79' lang='lat' dir='ltr'>quum</span> <span class='ocrx_word' id='word_1_147' title='bbox 1365 2386 1423 2460; x_wconf 88' lang='lat' dir='ltr'>per</span> <span class='ocrx_word' id='word_1_148' title='bbox 1435 2379 1636 2458; x_wconf 80' lang='lat' dir='ltr'>positionem.</span> 
     </span>
     <span class='ocr_line' id='line_1_19' title="bbox 512 2484 1640 2569; baseline -0.001 -17"><span class='ocrx_word' id='word_1_149' title='bbox 512 2488 583 2553; x_wconf 85' lang='lat' dir='ltr'>Non</span> <span class='ocrx_word' id='word_1_150' title='bbox 603 2485 686 2549; x_wconf 86' lang='lat' dir='ltr'>enim</span> <span class='ocrx_word' id='word_1_151' title='bbox 705 2484 825 2549; x_wconf 83' lang='lat' dir='ltr'>dieitur</span> <span class='ocrx_word' id='word_1_152' title='bbox 842 2484 953 2567; x_wconf 84' lang='lat' dir='ltr'>ubique</span> <span class='ocrx_word' id='word_1_153' title='bbox 978 2502 1042 2549; x_wconf 86' lang='lat' dir='ltr'>esse</span> <span class='ocrx_word' id='word_1_154' title='bbox 1064 2487 1097 2548; x_wconf 84' lang='lat' dir='ltr'>et</span> <span class='ocrx_word' id='word_1_155' title='bbox 1118 2491 1252 2565; x_wconf 83' lang='lat' dir='ltr'>semper,</span> <span class='ocrx_word' id='word_1_156' title='bbox 1276 2504 1311 2550; x_wconf 91' lang='lat' dir='ltr'>eo</span> <span class='ocrx_word' id='word_1_157' title='bbox 1327 2487 1413 2569; x_wconf 83' lang='lat' dir='ltr'>quod</span> <span class='ocrx_word' id='word_1_158' title='bbox 1427 2487 1472 2550; x_wconf 89' lang='lat' dir='ltr'>sit</span> <span class='ocrx_word' id='word_1_159' title='bbox 1497 2487 1640 2553; x_wconf 85' lang='lat' dir='ltr'>inomni</span> 
     </span>
     <span class='ocr_line' id='line_1_20' title="bbox 512 2591 1636 2677; baseline 0.003 -20"><span class='ocrx_word' id='word_1_160' title='bbox 512 2594 579 2657; x_wconf 86' lang='lat' dir='ltr'>loco</span> <span class='ocrx_word' id='word_1_161' title='bbox 591 2597 624 2657; x_wconf 87' lang='lat' dir='ltr'>et</span> <span class='ocrx_word' id='word_1_162' title='bbox 639 2594 672 2657; x_wconf 85' lang='lat' dir='ltr'>irr</span> <span class='ocrx_word' id='word_1_163' title='bbox 691 2592 777 2657; x_wconf 88' lang='lat' dir='ltr'>omni</span> <span class='ocrx_word' id='word_1_164' title='bbox 795 2596 942 2673; x_wconf 86' lang='lat' dir='ltr'>tempore,</span> <span class='ocrx_word' id='word_1_165' title='bbox 962 2594 1018 2656; x_wconf 83' lang='lat' dir='ltr'>sed</span> <span class='ocrx_word' id='word_1_166' title='bbox 1038 2591 1114 2675; x_wconf 82' lang='lat' dir='ltr'>quia</span> <span class='ocrx_word' id='word_1_167' title='bbox 1135 2592 1292 2658; x_wconf 80' lang='lat' dir='ltr'>abstrahit</span> <span class='ocrx_word' id='word_1_168' title='bbox 1305 2593 1346 2657; x_wconf 86' lang='lat' dir='ltr'>ab</span> <span class='ocrx_word' id='word_1_169' title='bbox 1365 2594 1428 2671; x_wconf 82' lang='lat' dir='ltr'>iris,</span> <span class='ocrx_word' id='word_1_170' title='bbox 1449 2612 1521 2677; x_wconf 75' lang='lat' dir='ltr'>qua</span> <span class='ocrx_word' id='word_1_171' title='bbox 1537 2598 1636 2661; x_wconf 81' lang='lat' dir='ltr'>deler-</span> 
     </span>
     <span class='ocr_line' id='line_1_21' title="bbox 512 2696 1276 2788; baseline 0.007 -25"><span class='ocrx_word' id='word_1_172' title='bbox 512 2700 638 2766; x_wconf 82' lang='lat' dir='ltr'>minant</span> <span class='ocrx_word' id='word_1_173' title='bbox 651 2702 753 2766; x_wconf 86' lang='lat' dir='ltr'>locum</span> <span class='ocrx_word' id='word_1_174' title='bbox 770 2704 802 2766; x_wconf 86' lang='lat' dir='ltr'>et</span> <span class='ocrx_word' id='word_1_175' title='bbox 818 2703 935 2782; x_wconf 78' lang='lat' dir='ltr'>tempus</span> <span class='ocrx_word' id='word_1_176' title='bbox 951 2699 1192 2765; x_wconf 78' lang='lat' dir='ltr'>deleminatum</span> <span class='ocrx_word' id='word_1_177' title='bbox 1211 2696 1276 2788; x_wconf 73' lang='lat'>(3).</span> 
     </span>
    </p>

    <p class='ocr_par' dir='ltr' id='par_1_9' title="bbox 512 2807 1640 3215">
     <span class='ocr_line' id='line_1_22' title="bbox 556 2807 1640 2891; baseline 0.001 -14"><span class='ocrx_word' id='word_1_178' title='bbox 556 2814 632 2891; x_wconf 85' lang='lat' dir='ltr'>Obj.</span> <span class='ocrx_word' id='word_1_179' title='bbox 655 2817 706 2876; x_wconf 60' lang='lat'>⁶9</span> <span class='ocrx_word' id='word_1_180' title='bbox 751 2807 786 2874; x_wconf 88' lang='lat' dir='ltr'>Si</span> <span class='ocrx_word' id='word_1_181' title='bbox 803 2807 984 2874; x_wconf 83' lang='lat' dir='ltr'>universale</span> <span class='ocrx_word' id='word_1_182' title='bbox 1003 2826 1020 2872; x_wconf 90' lang='lat' dir='ltr'>a</span> <span class='ocrx_word' id='word_1_183' title='bbox 1037 2815 1127 2891; x_wconf 86' lang='lat' dir='ltr'>parte</span> <span class='ocrx_word' id='word_1_184' title='bbox 1139 2808 1183 2872; x_wconf 85' lang='lat' dir='ltr'>rei</span> <span class='ocrx_word' id='word_1_185' title='bbox 1202 2808 1372 2884; x_wconf 88' lang='lat' dir='ltr'>existeret,</span> <span class='ocrx_word' id='word_1_186' title='bbox 1388 2809 1503 2875; x_wconf 90' lang='lat' dir='ltr'>eadem</span> <span class='ocrx_word' id='word_1_187' title='bbox 1521 2820 1640 2878; x_wconf 87' lang='lat' dir='ltr'>natura</span> 
     </span>
     <span class='ocr_line' id='line_1_23' title="bbox 513 2914 1639 3000; baseline 0.005 -20"><span class='ocrx_word' id='word_1_188' title='bbox 513 2917 633 2981; x_wconf 87' lang='lat' dir='ltr'>multas</span> <span class='ocrx_word' id='word_1_189' title='bbox 661 2914 865 2993; x_wconf 77' lang='lat' dir='ltr'>affectiones,</span> <span class='ocrx_word' id='word_1_190' title='bbox 895 2915 993 2980; x_wconf 88' lang='lat' dir='ltr'>etiam</span> <span class='ocrx_word' id='word_1_191' title='bbox 1017 2915 1194 2981; x_wconf 89' lang='lat' dir='ltr'>contrarias</span> <span class='ocrx_word' id='word_1_192' title='bbox 1223 2915 1362 2992; x_wconf 89' lang='lat' dir='ltr'>subiret,</span> <span class='ocrx_word' id='word_1_193' title='bbox 1394 2931 1473 3000; x_wconf 90' lang='lat' dir='ltr'>puta</span> <span class='ocrx_word' id='word_1_194' title='bbox 1505 2919 1540 2984; x_wconf 91' lang='lat' dir='ltr'>in</span> <span class='ocrx_word' id='word_1_195' title='bbox 1570 2937 1639 2986; x_wconf 89' lang='lat' dir='ltr'>uno</span> 
     </span>
     <span class='ocr_line' id='line_1_24' title="bbox 512 3023 1639 3107; baseline 0.007 -21"><span class='ocrx_word' id='word_1_196' title='bbox 512 3031 736 3107; x_wconf 83' lang='lat' dir='ltr'>generaretur,</span> <span class='ocrx_word' id='word_1_197' title='bbox 754 3025 786 3088; x_wconf 91' lang='lat' dir='ltr'>in</span> <span class='ocrx_word' id='word_1_198' title='bbox 805 3023 867 3089; x_wconf 89' lang='lat' dir='ltr'>alio</span> <span class='ocrx_word' id='word_1_199' title='bbox 886 3031 1166 3106; x_wconf 88' lang='lat' dir='ltr'>corrumperetur,</span> <span class='ocrx_word' id='word_1_200' title='bbox 1183 3023 1215 3088; x_wconf 90' lang='lat' dir='ltr'>in</span> <span class='ocrx_word' id='word_1_201' title='bbox 1232 3040 1299 3089; x_wconf 91' lang='lat' dir='ltr'>uno</span> <span class='ocrx_word' id='word_1_202' title='bbox 1313 3023 1509 3107; x_wconf 83' lang='lat' dir='ltr'>quiesceret,</span> <span class='ocrx_word' id='word_1_203' title='bbox 1528 3027 1562 3094; x_wconf 90' lang='lat' dir='ltr'>in</span> <span class='ocrx_word' id='word_1_204' title='bbox 1574 3029 1639 3094; x_wconf 90' lang='lat' dir='ltr'>atio</span> 
     </span>
     <span class='ocr_line' id='line_1_25' title="bbox 514 3129 1308 3215; baseline 0 -21"><span class='ocrx_word' id='word_1_205' title='bbox 514 3137 700 3195; x_wconf 88' lang='lat' dir='ltr'>moveretur</span> <span class='ocrx_word' id='word_1_206' title='bbox 714 3139 776 3196; x_wconf 89' lang='lat' dir='ltr'>etc.</span> <span class='ocrx_word' id='word_1_207' title='bbox 799 3130 832 3196; x_wconf 94' lang='lat' dir='ltr'>ld</span> <span class='ocrx_word' id='word_1_208' title='bbox 850 3137 961 3195; x_wconf 87' lang='lat' dir='ltr'>autem</span> <span class='ocrx_word' id='word_1_209' title='bbox 982 3129 1151 3196; x_wconf 81' lang='lat' dir='ltr'>manifeste</span> <span class='ocrx_word' id='word_1_210' title='bbox 1171 3138 1308 3215; x_wconf 83' lang='lat' dir='ltr'>pugnat.</span> 
     </span>
    </p>

    <p class='ocr_par' dir='ltr' id='par_1_10' title="bbox 515 3237 1637 3644">
     <span class='ocr_line' id='line_1_26' title="bbox 579 3237 1620 3324; baseline 0.01 -20"><span class='ocrx_word' id='word_1_211' title='bbox 579 3244 684 3320; x_wconf 83' lang='lat' dir='ltr'>Resp.</span> <span class='ocrx_word' id='word_1_212' title='bbox 703 3239 779 3304; x_wconf 85' lang='lat' dir='ltr'>dist.</span> <span class='ocrx_word' id='word_1_213' title='bbox 800 3237 913 3320; x_wconf 86' lang='lat' dir='ltr'>Major.</span> <span class='ocrx_word' id='word_1_214' title='bbox 934 3237 1054 3301; x_wconf 87' lang='lat' dir='ltr'>Eadem</span> <span class='ocrx_word' id='word_1_215' title='bbox 1074 3237 1199 3302; x_wconf 86' lang='lat' dir='ltr'>realiter</span> <span class='ocrx_word' id='word_1_216' title='bbox 1212 3257 1248 3304; x_wconf 91' lang='lat' dir='ltr'>ac</span> <span class='ocrx_word' id='word_1_217' title='bbox 1262 3239 1397 3324; x_wconf 86' lang='lat' dir='ltr'>physice</span> <span class='ocrx_word' id='word_1_218' title='bbox 1415 3249 1531 3308; x_wconf 88' lang='lat' dir='ltr'>natura</span> <span class='ocrx_word' id='word_1_219' title='bbox 1543 3248 1620 3314; x_wconf 89' lang='lat' dir='ltr'>subi</span> 
     </span>
     <span class='ocr_line' id='line_1_27' title="bbox 515 3343 1636 3431; baseline 0.012 -23"><span class='ocrx_word' id='word_1_220' title='bbox 515 3353 562 3408; x_wconf 89' lang='lat' dir='ltr'>ret</span> <span class='ocrx_word' id='word_1_221' title='bbox 585 3345 773 3410; x_wconf 78' lang='lat' dir='ltr'>affectiones</span> <span class='ocrx_word' id='word_1_222' title='bbox 798 3344 984 3429; x_wconf 87' lang='lat' dir='ltr'>oppositas,</span> <span class='ocrx_word' id='word_1_223' title='bbox 1005 3361 1090 3427; x_wconf 71' lang='lat' dir='ltr'>neg„</span> <span class='ocrx_word' id='word_1_224' title='bbox 1111 3343 1228 3409; x_wconf 89' lang='lat' dir='ltr'>eadem</span> <span class='ocrx_word' id='word_1_225' title='bbox 1246 3346 1349 3429; x_wconf 82' lang='lat' dir='ltr'>logice</span> <span class='ocrx_word' id='word_1_226' title='bbox 1372 3365 1409 3413; x_wconf 84' lang='lat' dir='ltr'>ac</span> <span class='ocrx_word' id='word_1_227' title='bbox 1432 3351 1577 3431; x_wconf 88' lang='lat' dir='ltr'>ratione,</span> <span class='ocrx_word' id='word_1_228' title='bbox 1604 3358 1636 3422; x_wconf 91' lang='lat' dir='ltr'>id</span> 
     </span>
     <span class='ocr_line' id='line_1_28' title="bbox 515 3451 1637 3547; baseline 0.011 -31"><span class='ocrx_word' id='word_1_229' title='bbox 515 3459 582 3528; x_wconf 88' lang='lat' dir='ltr'>est,</span> <span class='ocrx_word' id='word_1_230' title='bbox 604 3463 717 3518; x_wconf 88' lang='lat' dir='ltr'>natura</span> <span class='ocrx_word' id='word_1_231' title='bbox 733 3470 808 3518; x_wconf 89' lang='lat' dir='ltr'>vere</span> <span class='ocrx_word' id='word_1_232' title='bbox 827 3451 859 3518; x_wconf 91' lang='lat' dir='ltr'>in</span> <span class='ocrx_word' id='word_1_233' title='bbox 879 3471 915 3518; x_wconf 88' lang='lat' dir='ltr'>se</span> <span class='ocrx_word' id='word_1_234' title='bbox 936 3451 1123 3534; x_wconf 89' lang='lat' dir='ltr'>multiplex,</span> <span class='ocrx_word' id='word_1_235' title='bbox 1144 3469 1219 3534; x_wconf 86' lang='lat' dir='ltr'>quae</span> <span class='ocrx_word' id='word_1_236' title='bbox 1234 3459 1344 3518; x_wconf 81' lang='lat' dir='ltr'>tame&#39;n</span> <span class='ocrx_word' id='word_1_237' title='bbox 1360 3472 1427 3520; x_wconf 90' lang='lat' dir='ltr'>uno</span> <span class='ocrx_word' id='word_1_238' title='bbox 1445 3459 1637 3547; x_wconf 87' lang='lat' dir='ltr'>eodemque</span> 
     </span>
     <span class='ocr_line' id='line_1_29' title="bbox 515 3559 1027 3644; baseline 0.008 -22"><span class='ocrx_word' id='word_1_239' title='bbox 515 3569 675 3642; x_wconf 90' lang='lat' dir='ltr'>conceptu</span> <span class='ocrx_word' id='word_1_240' title='bbox 695 3559 920 3644; x_wconf 83' lang='lat' dir='ltr'>cognoscitur,</span> <span class='ocrx_word' id='word_1_241' title='bbox 939 3577 1027 3626; x_wconf 84' lang='lat' dir='ltr'>conc.</span> 
     </span>
    </p>

    <p class='ocr_par' dir='ltr' id='par_1_11' title="bbox 512 3651 1734 4187">
     <span class='ocr_line' id='line_1_30' title="bbox 582 3651 1634 3758; baseline 0.013 -28"><span class='ocrx_word' id='word_1_242' title='bbox 582 3666 609 3730; x_wconf 90' lang='grc' dir='ltr'>Α</span> <span class='ocrx_word' id='word_1_243' title='bbox 636 3651 725 3749; x_wconf 85' lang='lat' dir='ltr'>parte</span> <span class='ocrx_word' id='word_1_244' title='bbox 752 3666 797 3732; x_wconf 87' lang='lat' dir='ltr'>rel</span> <span class='ocrx_word' id='word_1_245' title='bbox 826 3666 985 3732; x_wconf 90' lang='lat' dir='ltr'>habentur</span> <span class='ocrx_word' id='word_1_246' title='bbox 1004 3674 1128 3733; x_wconf 83' lang='lat' dir='ltr'>naturae</span> <span class='ocrx_word' id='word_1_247' title='bbox 1155 3666 1317 3733; x_wconf 85' lang='lat' dir='ltr'>distinctae</span> <span class='ocrx_word' id='word_1_248' title='bbox 1339 3670 1468 3752; x_wconf 87' lang='lat' dir='ltr'>plures,</span> <span class='ocrx_word' id='word_1_249' title='bbox 1490 3693 1634 3758; x_wconf 87' lang='lat' dir='ltr'>quarum</span> 
     </span>
     <span class='ocr_line' id='line_1_31' title="bbox 513 3772 1636 3862; baseline 0.012 -24"><span class='ocrx_word' id='word_1_250' title='bbox 513 3772 587 3838; x_wconf 83' lang='lat' dir='ltr'>aliae</span> <span class='ocrx_word' id='word_1_251' title='bbox 604 3772 674 3839; x_wconf 88' lang='lat' dir='ltr'>aliis</span> <span class='ocrx_word' id='word_1_252' title='bbox 696 3775 808 3858; x_wconf 91' lang='lat' dir='ltr'>procul</span> <span class='ocrx_word' id='word_1_253' title='bbox 833 3773 932 3840; x_wconf 89' lang='lat' dir='ltr'>dubio</span> <span class='ocrx_word' id='word_1_254' title='bbox 957 3782 1097 3857; x_wconf 89' lang='lat' dir='ltr'>possunt</span> <span class='ocrx_word' id='word_1_255' title='bbox 1122 3773 1348 3841; x_wconf 80' lang='lat' dir='ltr'>allectionibus</span> <span class='ocrx_word' id='word_1_256' title='bbox 1371 3777 1559 3862; x_wconf 83' lang='lat' dir='ltr'>subjacere,</span> <span class='ocrx_word' id='word_1_257' title='bbox 1579 3787 1636 3850; x_wconf 91' lang='lat' dir='ltr'>sed</span> 
     </span>
     <span class='ocr_line' id='line_1_32' title="bbox 513 3881 1635 3967; baseline 0.011 -21"><span class='ocrx_word' id='word_1_258' title='bbox 513 3881 589 3963; x_wconf 91' lang='lat' dir='ltr'>qula</span> <span class='ocrx_word' id='word_1_259' title='bbox 621 3899 738 3946; x_wconf 89' lang='lat' dir='ltr'>omnes</span> <span class='ocrx_word' id='word_1_260' title='bbox 774 3881 837 3946; x_wconf 87' lang='lat' dir='ltr'>ittae</span> <span class='ocrx_word' id='word_1_261' title='bbox 868 3881 1028 3947; x_wconf 85' lang='lat' dir='ltr'>distinctae</span> <span class='ocrx_word' id='word_1_262' title='bbox 1062 3889 1185 3948; x_wconf 79' lang='lat' dir='ltr'>nature</span> <span class='ocrx_word' id='word_1_263' title='bbox 1216 3891 1350 3967; x_wconf 89' lang='lat' dir='ltr'>propter</span> <span class='ocrx_word' id='word_1_264' title='bbox 1385 3883 1635 3957; x_wconf 85' lang='lat' dir='ltr'>similitudinem</span> 
     </span>
     <span class='ocr_line' id='line_1_33' title="bbox 513 3988 1635 4073; baseline 0.012 -21"><span class='ocrx_word' id='word_1_265' title='bbox 513 3997 664 4054; x_wconf 88' lang='lat' dir='ltr'>mutuam</span> <span class='ocrx_word' id='word_1_266' title='bbox 698 4007 765 4054; x_wconf 90' lang='lat' dir='ltr'>uno</span> <span class='ocrx_word' id='word_1_267' title='bbox 792 3997 953 4072; x_wconf 89' lang='lat' dir='ltr'>conceptu</span> <span class='ocrx_word' id='word_1_268' title='bbox 983 3997 1228 4073; x_wconf 88' lang='lat' dir='ltr'>cognoscuntur</span> <span class='ocrx_word' id='word_1_269' title='bbox 1256 3988 1400 4073; x_wconf 84' lang='lat' dir='ltr'>praecisis</span> <span class='ocrx_word' id='word_1_270' title='bbox 1431 3993 1635 4072; x_wconf 77' lang='lat' dir='ltr'>differentiis,</span> 
     </span>
     <span class='ocr_line' id='line_1_34' title="bbox 512 4094 1734 4187; baseline 0.01 -25"><span class='ocrx_word' id='word_1_271' title='bbox 512 4095 634 4179; x_wconf 88' lang='lat' dir='ltr'>quibus</span> <span class='ocrx_word' id='word_1_272' title='bbox 674 4096 813 4162; x_wconf 90' lang='lat' dir='ltr'>invicem</span> <span class='ocrx_word' id='word_1_273' title='bbox 844 4094 1036 4161; x_wconf 89' lang='lat' dir='ltr'>dividuntur</span> <span class='ocrx_word' id='word_1_274' title='bbox 1063 4115 1099 4161; x_wconf 89' lang='lat' dir='ltr'>ac</span> <span class='ocrx_word' id='word_1_275' title='bbox 1132 4094 1413 4176; x_wconf 88' lang='lat' dir='ltr'>discriminantur,</span> <span class='ocrx_word' id='word_1_276' title='bbox 1447 4119 1505 4184; x_wconf 89' lang='lat' dir='ltr'>per</span> <span class='ocrx_word' id='word_1_277' title='bbox 1536 4107 1637 4172; x_wconf 89' lang='lat' dir='ltr'>tatem</span> <span class='ocrx_word' id='word_1_278' title='bbox 1733 4180 1734 4187; x_wconf 7' lang='grc' dir='ltr'>χ</span> 
     </span>
    </p>
   </div>
   <div class='ocr_carea' id='block_1_7' title="bbox 512 4307 1637 4562">
    <p class='ocr_par' dir='ltr' id='par_1_12' title="bbox 512 4307 1637 4562">
     <span class='ocr_line' id='line_1_35' title="bbox 546 4307 1637 4392; baseline 0.005 -26"><span class='ocrx_word' id='word_1_279' title='bbox 546 4314 587 4376; x_wconf 82' lang='grc' dir='ltr'>(ι)</span> <span class='ocrx_word' id='word_1_280' title='bbox 624 4308 687 4368; x_wconf 82' lang='lat' dir='ltr'>Cir.</span> <span class='ocrx_word' id='word_1_281' title='bbox 704 4308 738 4368; x_wconf 86' lang='lat' dir='ltr'>S.</span> <span class='ocrx_word' id='word_1_282' title='bbox 748 4308 817 4378; x_wconf 73' lang='lat' dir='ltr'>tn,</span> <span class='ocrx_word' id='word_1_283' title='bbox 832 4310 856 4368; x_wconf 75' lang='lat' dir='ltr'>f.</span> <span class='ocrx_word' id='word_1_284' title='bbox 873 4327 901 4380; x_wconf 92' lang='lat' dir='ltr'>p.</span> <span class='ocrx_word' id='word_1_285' title='bbox 914 4327 945 4380; x_wconf 88' lang='lat' dir='ltr'>q.</span> <span class='ocrx_word' id='word_1_286' title='bbox 962 4309 1007 4378; x_wconf 74' lang='lat'>16,</span> <span class='ocrx_word' id='word_1_287' title='bbox 1018 4321 1073 4366; x_wconf 78' lang='lat' dir='ltr'>art.</span> <span class='ocrx_word' id='word_1_288' title='bbox 1087 4329 1115 4382; x_wconf 85' lang='lat'>7,</span> <span class='ocrx_word' id='word_1_289' title='bbox 1126 4308 1163 4368; x_wconf 78' lang='lat' dir='ltr'>ad</span> <span class='ocrx_word' id='word_1_290' title='bbox 1176 4317 1251 4378; x_wconf 64' lang='lat'>2⁸¹3</span> <span class='ocrx_word' id='word_1_291' title='bbox 1263 4307 1349 4368; x_wconf 85' lang='lat' dir='ltr'>Suar.</span> <span class='ocrx_word' id='word_1_292' title='bbox 1360 4309 1449 4385; x_wconf 63' lang='lat' dir='ltr'>disp„</span> <span class='ocrx_word' id='word_1_293' title='bbox 1460 4315 1597 4392; x_wconf 78' lang='lat' dir='ltr'>Metaplr.</span> <span class='ocrx_word' id='word_1_294' title='bbox 1607 4320 1637 4388; x_wconf 79' lang='grc'>6,</span> 
     </span>
     <span class='ocr_line' id='line_1_36' title="bbox 512 4413 1194 4472; baseline -0.007 -15"><span class='ocrx_word' id='word_1_295' title='bbox 512 4413 581 4458; x_wconf 80' lang='lat' dir='ltr'>sect.</span> <span class='ocrx_word' id='word_1_296' title='bbox 598 4420 625 4472; x_wconf 87' lang='lat'>7,</span> <span class='ocrx_word' id='word_1_297' title='bbox 642 4418 725 4457; x_wconf 89' lang='lat' dir='ltr'>num.</span> <span class='ocrx_word' id='word_1_298' title='bbox 742 4419 769 4472; x_wconf 91' lang='lat'>7.</span> <span class='ocrx_word' id='word_1_299' title='bbox 1190 4446 1194 4452; x_wconf 89' lang='grc'><em>,</em></span> 
     </span>
     <span class='ocr_line' id='line_1_37' title="bbox 546 4483 1384 4562; baseline 0 -16"><span class='ocrx_word' id='word_1_300' title='bbox 546 4487 587 4557; x_wconf 83' lang='lat' dir='ltr'>(a)</span> <span class='ocrx_word' id='word_1_301' title='bbox 624 4485 686 4547; x_wconf 76' lang='lat' dir='ltr'>etr.</span> <span class='ocrx_word' id='word_1_302' title='bbox 703 4485 735 4547; x_wconf 91' lang='lat' dir='ltr'>S.</span> <span class='ocrx_word' id='word_1_303' title='bbox 749 4483 817 4559; x_wconf 87' lang='lat' dir='ltr'>Th.,</span> <span class='ocrx_word' id='word_1_304' title='bbox 831 4487 865 4545; x_wconf 81' lang='lat' dir='ltr'>rie</span> <span class='ocrx_word' id='word_1_305' title='bbox 884 4485 1029 4554; x_wconf 82' lang='lat' dir='ltr'>Veritate,</span> <span class='ocrx_word' id='word_1_306' title='bbox 1045 4507 1075 4559; x_wconf 96' lang='lat' dir='ltr'>q.</span> <span class='ocrx_word' id='word_1_307' title='bbox 1094 4509 1117 4555; x_wconf 89' lang='lat'>1,</span> <span class='ocrx_word' id='word_1_308' title='bbox 1134 4501 1190 4546; x_wconf 85' lang='lat' dir='ltr'>art.</span> <span class='ocrx_word' id='word_1_309' title='bbox 1208 4507 1238 4560; x_wconf 84' lang='lat'>5,</span> <span class='ocrx_word' id='word_1_310' title='bbox 1254 4487 1292 4546; x_wconf 86' lang='lat' dir='ltr'>ad</span> <span class='ocrx_word' id='word_1_311' title='bbox 1310 4497 1384 4562; x_wconf 62' lang='lat'>¹4⁹⁸</span> 
     </span>
    </p>
   </div>
   <div class='ocr_carea' id='block_1_8' title="bbox 547 4576 1732 4658">
    <p class='ocr_par' dir='ltr' id='par_1_13' title="bbox 547 4576 1732 4658">
     <span class='ocr_line' id='line_1_38' title="bbox 547 4576 1732 4658; baseline 0.003 -21"><span class='ocrx_word' id='word_1_312' title='bbox 547 4582 588 4652; x_wconf 78' lang='lat'>(3)</span> <span class='ocrx_word' id='word_1_313' title='bbox 625 4576 1246 4658; x_wconf 56' lang='grc' dir='ltr'>8.Τὴοιη.,()ιιοά1ἰῡ.η.ιη.μων·</span> <span class='ocrx_word' id='word_1_314' title='bbox 1263 4576 1517 4651; x_wconf 75' lang='lat' dir='ltr'>Cir.S.&#39;sh.‚de</span> <span class='ocrx_word' id='word_1_315' title='bbox 1531 4585 1638 4645; x_wconf 76' lang='lat' dir='ltr'>Poten-</span> <span class='ocrx_word' id='word_1_316' title='bbox 1731 4614 1732 4625; x_wconf 70' lang='lat'>.</span> 
     </span>
    </p>
   </div>
   <div class='ocr_carea' id='block_1_9' title="bbox 511 4665 1636 4836">
    <p class='ocr_par' dir='ltr' id='par_1_14' title="bbox 511 4665 1636 4836">
     <span class='ocr_line' id='line_1_39' title="bbox 512 4665 1636 4752; baseline 0.009 -27"><span class='ocrx_word' id='word_1_317' title='bbox 512 4670 570 4736; x_wconf 82' lang='lat' dir='ltr'>tia,</span> <span class='ocrx_word' id='word_1_318' title='bbox 584 4681 687 4739; x_wconf 79' lang='lat' dir='ltr'>quaeut.</span> <span class='ocrx_word' id='word_1_319' title='bbox 705 4683 730 4741; x_wconf 76' lang='grc' dir='ltr'>ς,</span> <span class='ocrx_word' id='word_1_320' title='bbox 746 4680 801 4727; x_wconf 88' lang='lat' dir='ltr'>art.</span> <span class='ocrx_word' id='word_1_321' title='bbox 816 4689 835 4746; x_wconf 90' lang='lat'>9</span> <span class='ocrx_word' id='word_1_322' title='bbox 847 4667 885 4725; x_wconf 87' lang='lat' dir='ltr'>ad</span> <span class='ocrx_word' id='word_1_323' title='bbox 903 4667 978 4726; x_wconf 74' lang='lat' dir='ltr'>m·-</span> <span class='ocrx_word' id='word_1_324' title='bbox 988 4665 1101 4726; x_wconf 83' lang='lat' dir='ltr'>Lorada</span> <span class='ocrx_word' id='word_1_325' title='bbox 1110 4709 1118 4738; x_wconf 92' lang='lat'>,</span> <span class='ocrx_word' id='word_1_326' title='bbox 1128 4666 1245 4741; x_wconf 70' lang='lat' dir='ltr'>Logia,</span> <span class='ocrx_word' id='word_1_327' title='bbox 1261 4680 1345 4728; x_wconf 84' lang='lat' dir='ltr'>tract.</span> <span class='ocrx_word' id='word_1_328' title='bbox 1356 4689 1384 4740; x_wconf 82' lang='lat' dir='ltr'>a,</span> <span class='ocrx_word' id='word_1_329' title='bbox 1395 4669 1472 4743; x_wconf 84' lang='lat' dir='ltr'>disp.</span> <span class='ocrx_word' id='word_1_330' title='bbox 1486 4689 1520 4744; x_wconf 79' lang='lat' dir='ltr'>a,</span> <span class='ocrx_word' id='word_1_331' title='bbox 1532 4695 1597 4750; x_wconf 76' lang='lat' dir='ltr'>erp.</span> <span class='ocrx_word' id='word_1_332' title='bbox 1608 4699 1636 4752; x_wconf 84' lang='lat'>9,</span> 
     </span>
     <span class='ocr_line' id='line_1_40' title="bbox 511 4767 1400 4836; baseline 0.01 -21"><span class='ocrx_word' id='word_1_333' title='bbox 511 4768 588 4836; x_wconf 86' lang='lat' dir='ltr'>part.</span> <span class='ocrx_word' id='word_1_334' title='bbox 604 4777 633 4817; x_wconf 80' lang='lat' dir='ltr'>a.</span> <span class='ocrx_word' id='word_1_335' title='bbox 701 4775 703 4780; x_wconf 78' lang='grc'>’</span> <span class='ocrx_word' id='word_1_336' title='bbox 1087 4797 1091 4804; x_wconf 87' lang='lat'><strong>·</strong></span> <span class='ocrx_word' id='word_1_337' title='bbox 1397 4767 1400 4772; x_wconf 80' lang='grc'><strong>’</strong></span> 
     </span>
    </p>
   </div>
   <div class='ocr_carea' id='block_1_10' title="bbox 0 0 1755 5525">
    <p class='ocr_par' dir='ltr' id='par_1_15' title="bbox 0 0 1755 5525">
     <span class='ocr_line' id='line_1_41' title="bbox 0 0 1755 5525; baseline 0 0"><span class='ocrx_word' id='word_1_338' title='bbox 0 0 1755 5525; x_wconf 95' lang='lat' dir='ltr'> </span> 
     </span>
    </p>
   </div>
  </div>
 </body>
</html>
