3492 5525
211 484 329 549 Anne,
346 498 406 549 at·
419 484 470 549 nn
485 503 737 549 oenonsranrro
751 502 803 553 str
817 502 862 549 rx
876 502 995 550 necas.
1016 495 1091 549 aro.
1114 484 1171 549 861
1226 484 1229 491 '

152 668 212 739 ,Ad
230 669 368 771 alterum
389 670 576 736 membrum
595 671 778 755 respondeo
805 688 937 737 causam
965 670 1098 754 quidem
1119 679 1212 736 natu·

91 775 210 853 talem,
232 775 258 841 si
287 776 424 842 univoca
449 778 507 851 sit,
536 795 633 861 posse
658 778 799 844 tribuere
824 777 953 843 effectui
983 786 1088 843 totam
1118 796 1214 843 suam

92 881 355 963 perlectionem·
370 893 403 948 at
422 902 489 950 non
516 883 543 950 si
562 884 730 968 aequivoca
756 886 810 952 sit.
836 885 907 966 jam
933 903 1010 951 vero
1037 885 1215 969 praemissae

92 997 172 1054 sunt
183 1006 290 1056 causae
306 1009 373 1056 non
382 990 541 1067 univocae,
554 993 612 1057 sed
622 993 810 1076 aequivocae,
824 1002 971 1077 respectu
985 991 1213 1068 conclusionis,

94 1103 131 1160 ut
146 1098 215 1181 jam
234 1098 424 1165 monuimus
440 1099 473 1165 in
490 1100 683 1184 procedenti
702 1100 819 1184 capite.

161 1203 321 1280 Quamvis
344 1214 455 1273 autem
485 1208 675 1273 «conclusio
702 1208 919 1275 identificetur
942 1208 1115 1293 aliquando
1137 1227 1214 1273 cum

95 1311 273 1395 praemissis
291 1332 332 1379 ex
351 1323 439 1398 parte
455 1314 497 1381 rei
517 1316 655 1400 cognitae
674 1317 897 1398 quantumad
911 1316 1098 1393 entitatem,
1119 1327 1152 1384 et
1171 1315 1216 1382 sic

95 1419 137 1486 sit
157 1420 304 1504 ejusdem
329 1409 529 1487 certitudinis
552 1423 707 1500 identice,
734 1434 843 1490 tamen
872 1424 905 1489 in
929 1423 1051 1489 ratione
1071 1422 1215 1489 veritatis

95 1534 145 1591 est
163 1528 315 1610 diuersa3¹
328 1536 360 1593 et
378 1530 454 1613 quia
474 1549 537 1595 una
553 1549 588 1595 se
604 1531 700 1596 habet
719 1540 756 1595 ut
774 1532 861 1595 illata
880 1540 914 1595 et
938 1531 1135 1607 illuminata,
1155 1530 1218 1594 alia

96 1644 134 1700 ut
162 1634 367 1714 illuminans,
402 1638 489 1714 haec,
523 1640 640 1703 saltem
673 1639 782 1722 quoad
816 1658 893 1714 nos,
927 1639 1025 1706 debet
1053 1656 1126 1704 esse
1158 1657 1219 1703 no-

95 1739 212 1831 tiora(
238 1740 262 1831 ).

165 1851 217 1917 Ad
235 1848 286 1939 β);
304 1851 336 1917 in
350 1852 498 1919 discursu
513 1852 711 1939 Theologico
727 1870 792 1920 non
811 1863 863 1921 est
881 1854 1047 1921 conclusio
1062 1854 1168 1920 notior
1183 1854 1217 1918 in

97 1975 197 2023 sensu
217 1956 363 2044 proprio,
387 1979 507 2046 nempe
524 1962 721 2037 evidentior,
742 1962 799 2028 sed
817 1964 926 2029 solum
940 1962 1057 2028 certior
1071 1962 1217 2047 praemis-

97 2086 134 2133 sa
155 2068 309 2144 naturali,
330 2070 357 2134 si
377 2071 446 2135 haec
463 2071 598 2136 seorsim
623 2080 784 2136 sumatur.
814 2070 875 2136 «Si
898 2078 1009 2136 autem
1033 2068 1219 2136 considere·

97 2186 151 2241 tur
165 2186 201 2242 ut
220 2176 345 2242 elevata
357 2185 390 2241 et
403 2178 576 2263 conjuncta
591 2178 765 2262 praemissae
783 2178 824 2243 de
843 2178 932 2254 Fide,
948 2179 996 2243 sic
1013 2177 1067 2242 illa
1081 2178 1220 2262 conjun-

97 2283 162 2348 ctio
191 2284 433 2367 praemissarum
454 2296 504 2353 est
521 2280 637 2351 certior
661 2286 869 2351 conclusione
888 2284 986 2352 illata.
1010 2283 1217 2369 Comparatio

98 2392 209 2456 autem
240 2392 324 2457 inter
351 2392 596 2459 conclusionem
624 2404 658 2457 et
690 2394 893 2477 praemissam
927 2410 993 2457 non
1020 2394 1118 2458 debet
1150 2390 1220 2457 tieri

100 2510 250 2583 respectu
278 2500 376 2566 unius
404 2500 580 2585 praemissae
606 2510 734 2567 tantum
761 2501 902 2567 solitarie
928 2501 1165 2585 sumptae„sed
1184 2508 1223 2565 ut

99 2608 266 2691 praemissa
291 2618 341 2673 est
367 2608 559 2684 formaliter,
585 2606 701 2683 idest,
722 2610 894 2693 conjuncta
919 2609 1008 2673 alteri
1027 2606 1217 2692 praemissae,

100 2714 188 2781 unde
214 2714 395 2781 desumitur
425 2724 492 2782 tota
517 2724 550 2782 et
575 2714 702 2802 integra
729 2716 809 2781 ratio
836 2715 1008 2783 inserendi.
1033 2716 1070 2784 Et
1096 2716 1144 2782 sic
1170 2726 1220 2782 est

97 2823 216 2888 certior
234 2823 441 2888 conclusione
460 2823 642 2908 theologica
662 2823 828 2908 praemissa
844 2824 1014 2901 naturalis,
1032 2832 1068 2888 ut
1083 2825 1221 2907 conjun-

98 2942 150 2996 cta
170 2929 347 3013 praemissae
361 2931 401 2996 de
420 2929 513 2995 siden
530 2927 593 3020 (a).

392 3198 396 3206 .
477 3140 776 3216 ARTICULUS
799 3141 847 3215 II.

141 3289 308 3354 Utrum
327 3291 655 3355 demonstratio
673 3291 836 3355 debeat
854 3291 1106 3371 procedere
1123 3308 1181 3356 ex

192 3400 445 3478 praemissis
464 3392 709 3464 necessariis
714 3447 725 3482 ,
744 3406 789 3463 et
808 3399 865 3462 de
884 3399 1132 3479 praedicato

267 3499 318 3571 da
335 3499 463 3590 omni,
478 3507 556 3588 per
574 3519 617 3570 se
640 3521 694 3568 ao
715 3499 935 3573 secundum
954 3500 1060 3591 quod

349 3608 485 3698 ipsum
500 3614 699 3724 itemqtae
713 3629 763 3680 cx
772 3607 923 3697 propri
925 3608 975 3680 is.

148 3785 226 3876 236.
274 3789 434 3873 Expositis
457 3789 699 3887 conditionibus¹
726 3790 950 3870 essentialibus
973 3791 1224 3858 demonstratio-

102 3897 154 3963 nis
174 3896 211 3960 in
227 3895 359 3962 articulo
379 3896 588 3981 praecedenti,
611 3898 832 3982 expendendae
851 3908 930 3965 sunt
948 3899 1033 3974 aliae,
1053 3917 1137 3982 quas
1151 3900 1224 3965 Phi-

103 4005 263 4088 losophus
282 4003 404 4069 addidit
423 4004 464 4068 ad
484 4022 551 4068 rem
576 4003 716 4088 amplius
740 4004 982 4088 declarandam;
1009 4025 1116 4090 neque
1134 4007 1222 4073 enim

102 4129 221 4197 parum
236 4109 382 4178 utilitatis
396 4111 507 4176 afferre
520 4111 647 4176 illarum
658 4114 805 4178 tractatio
818 4114 949 4196 poterit.
965 4111 1102 4198 Semper
1112 4123 1221 4180 tamen

103 4218 293 4285 meminisse
319 4229 447 4302 oportet
477 4217 685 4285 Aristotelem
711 4218 743 4284 in
768 4219 973 4304 assignandis
996 4219 1084 4286 hisce
1111 4221 1225 4288 condi·

104 4325 247 4392 tionibus
266 4325 417 4391 habuisse
448 4343 513 4409 prae
532 4326 635 4392 oculis
654 4325 967 4393 demonstrationem
981 4331 1110 4411 propter
1131 4329 1221 4414 quali,

104 4515 370 4531 ——n—-n

141 4595 181 4661 (r)
218 4591 354 4662 Joann..a
370 4591 403 4652 S.
418 4591 487 4662 Th„
502 4591 615 4668 Logia„
628 4610 658 4664 q.
674 4611 724 4666 25,
740 4607 795 4653 art.
810 4594 1225 4664 1,ven.fin.,Adsxuedue

104 4684 324 4755 respondetur...

141 4773 182 4844 (a)
217 4771 324 4844 Joann.
338 4792 356 4830 a
370 4769 403 4832 S.
418 4771 486 4842 Th..
503 4771 632 4842 loc..eit.‚
646 4724 697 4831 ubi
712 4773 797 4845 plura
810 4771 905 4836 uideri
918 4787 1061 4847 mont..
