<?xml version="1.0" encoding="UTF-8"?>
<!DOCTYPE html PUBLIC "-//W3C//DTD XHTML 1.0 Transitional//EN"
    "http://www.w3.org/TR/xhtml1/DTD/xhtml1-transitional.dtd">
<html xmlns="http://www.w3.org/1999/xhtml" xml:lang="en" lang="en">
 <head>
  <title>
</title>
<meta http-equiv="Content-Type" content="text/html;charset=utf-8" />
  <meta name='ocr-system' content='tesseract 3.04.00' />
  <meta name='ocr-capabilities' content='ocr_page ocr_carea ocr_par ocr_line ocrx_word'/>
</head>
<body>
  <div class='ocr_page' id='page_1' title='image "./institutionesph00urrgoog/institutionesph00urrgoog_0119.png"; bbox 0 0 3492 5525; ppageno 0'>
   <div class='ocr_carea' id='block_1_1' title="bbox 222 464 1182 568">
    <p class='ocr_par' dir='ltr' id='par_1_1' title="bbox 222 464 1182 568">
     <span class='ocr_line' id='line_1_1' title="bbox 222 464 1182 568; baseline 0.006 -40"><span class='ocrx_word' id='word_1_1' title='bbox 222 464 317 546; x_wconf 63' lang='lat' dir='ltr'>tw.</span> <span class='ocrx_word' id='word_1_2' title='bbox 340 465 534 530; x_wconf 67' lang='lat' dir='ltr'>Constituit</span> <span class='ocrx_word' id='word_1_3' title='bbox 555 483 664 540; x_wconf 80' lang='lat' dir='ltr'>nurus</span> <span class='ocrx_word' id='word_1_4' title='bbox 683 485 806 532; x_wconf 75' lang='lat' dir='ltr'>oroma</span> <span class='ocrx_word' id='word_1_5' title='bbox 826 487 1085 568; x_wconf 68' lang='lat' dir='ltr'>consentiebam.</span> <span class='ocrx_word' id='word_1_6' title='bbox 1140 488 1182 552; x_wconf 84' lang='lat'>97</span> 
     </span>
    </p>
   </div>
   <div class='ocr_carea' id='block_1_2' title="bbox 84 643 1225 2781">
    <p class='ocr_par' dir='ltr' id='par_1_2' title="bbox 84 643 1225 2781">
     <span class='ocr_line' id='line_1_2' title="bbox 94 643 1221 736; baseline 0.009 -28"><span class='ocrx_word' id='word_1_7' title='bbox 94 643 291 730; x_wconf 88' lang='lat' dir='ltr'>Gregoriana</span> <span class='ocrx_word' id='word_1_8' title='bbox 305 645 525 715; x_wconf 88' lang='lat' dir='ltr'>Universatite</span> <span class='ocrx_word' id='word_1_9' title='bbox 538 655 572 712; x_wconf 89' lang='lat' dir='ltr'>et</span> <span class='ocrx_word' id='word_1_10' title='bbox 584 648 660 715; x_wconf 91' lang='lat' dir='ltr'>alibi</span> <span class='ocrx_word' id='word_1_11' title='bbox 675 667 756 714; x_wconf 90' lang='lat' dir='ltr'>voce</span> <span class='ocrx_word' id='word_1_12' title='bbox 772 649 969 728; x_wconf 83' lang='lat' dir='ltr'>docueram,</span> <span class='ocrx_word' id='word_1_13' title='bbox 988 651 1119 736; x_wconf 89' lang='lat' dir='ltr'>scriptis</span> <span class='ocrx_word' id='word_1_14' title='bbox 1132 671 1221 720; x_wconf 91' lang='lat' dir='ltr'>nunc</span> 
     </span>
     <span class='ocr_line' id='line_1_3' title="bbox 93 754 1221 846; baseline 0.01 -30"><span class='ocrx_word' id='word_1_15' title='bbox 93 754 246 838; x_wconf 83' lang='lat' dir='ltr'>evulgare</span> <span class='ocrx_word' id='word_1_16' title='bbox 259 754 401 824; x_wconf 78' lang='lat' dir='ltr'>decrevi.</span> <span class='ocrx_word' id='word_1_17' title='bbox 417 755 497 822; x_wconf 87' lang='lat' dir='ltr'>illud</span> <span class='ocrx_word' id='word_1_18' title='bbox 510 765 623 822; x_wconf 90' lang='lat' dir='ltr'>autem</span> <span class='ocrx_word' id='word_1_19' title='bbox 636 755 697 823; x_wconf 82' lang='lat' dir='ltr'>suit</span> <span class='ocrx_word' id='word_1_20' title='bbox 711 775 826 824; x_wconf 89' lang='lat' dir='ltr'>meum</span> <span class='ocrx_word' id='word_1_21' title='bbox 840 758 1033 834; x_wconf 88' lang='lat' dir='ltr'>consilium,</span> <span class='ocrx_word' id='word_1_22' title='bbox 1049 759 1142 844; x_wconf 92' lang='lat' dir='ltr'>quod</span> <span class='ocrx_word' id='word_1_23' title='bbox 1152 762 1221 846; x_wconf 89' lang='lat' dir='ltr'>jam</span> 
     </span>
     <span class='ocr_line' id='line_1_4' title="bbox 93 859 1225 951; baseline 0.011 -29"><span class='ocrx_word' id='word_1_24' title='bbox 93 859 145 927; x_wconf 92' lang='lat' dir='ltr'>diu</span> <span class='ocrx_word' id='word_1_25' title='bbox 178 859 366 929; x_wconf 78' lang='lat' dir='ltr'>executioni</span> <span class='ocrx_word' id='word_1_26' title='bbox 392 862 434 928; x_wconf 91' lang='lat' dir='ltr'>ab</span> <span class='ocrx_word' id='word_1_27' title='bbox 455 862 525 929; x_wconf 86' lang='lat' dir='ltr'>aliis</span> <span class='ocrx_word' id='word_1_28' title='bbox 553 863 699 930; x_wconf 90' lang='lat' dir='ltr'>mandari</span> <span class='ocrx_word' id='word_1_29' title='bbox 724 865 938 932; x_wconf 89' lang='lat' dir='ltr'>vehementer</span> <span class='ocrx_word' id='word_1_30' title='bbox 965 865 1158 951; x_wconf 85' lang='lat' dir='ltr'>cupiebam,</span> <span class='ocrx_word' id='word_1_31' title='bbox 1183 875 1225 934; x_wconf 87' lang='lat' dir='ltr'>ut</span> 
     </span>
     <span class='ocr_line' id='line_1_5' title="bbox 93 969 1222 1055; baseline 0.008 -23"><span class='ocrx_word' id='word_1_32' title='bbox 93 985 211 1053; x_wconf 89' lang='lat' dir='ltr'>nempe</span> <span class='ocrx_word' id='word_1_33' title='bbox 223 971 373 1036; x_wconf 93' lang='lat' dir='ltr'>nondum</span> <span class='ocrx_word' id='word_1_34' title='bbox 384 971 516 1054; x_wconf 90' lang='lat' dir='ltr'>penitus</span> <span class='ocrx_word' id='word_1_35' title='bbox 526 969 681 1039; x_wconf 92' lang='lat' dir='ltr'>omnibus</span> <span class='ocrx_word' id='word_1_36' title='bbox 692 971 878 1055; x_wconf 90' lang='lat' dir='ltr'>notos,qui</span> <span class='ocrx_word' id='word_1_37' title='bbox 890 973 923 1039; x_wconf 92' lang='lat' dir='ltr'>in</span> <span class='ocrx_word' id='word_1_38' title='bbox 933 973 1022 1040; x_wconf 89' lang='lat' dir='ltr'>libris</span> <span class='ocrx_word' id='word_1_39' title='bbox 1034 971 1073 1042; x_wconf 89' lang='lat' dir='ltr'>S.</span> <span class='ocrx_word' id='word_1_40' title='bbox 1083 975 1222 1041; x_wconf 81' lang='lat' dir='ltr'>Thema</span> 
     </span>
     <span class='ocr_line' id='line_1_6' title="bbox 91 1075 1221 1164; baseline 0.008 -25"><span class='ocrx_word' id='word_1_41' title='bbox 91 1075 296 1164; x_wconf 90' lang='lat' dir='ltr'>aliorumque</span> <span class='ocrx_word' id='word_1_42' title='bbox 305 1096 516 1146; x_wconf 84' lang='lat' dir='ltr'>summonrm</span> <span class='ocrx_word' id='word_1_43' title='bbox 527 1077 672 1145; x_wconf 90' lang='lat' dir='ltr'>virorum</span> <span class='ocrx_word' id='word_1_44' title='bbox 681 1079 1077 1158; x_wconf 85' lang='lat' dir='ltr'>continentur,doctrinre</span> <span class='ocrx_word' id='word_1_45' title='bbox 1086 1081 1221 1148; x_wconf 87' lang='lat' dir='ltr'>thesau-</span> 
     </span>
     <span class='ocr_line' id='line_1_7' title="bbox 92 1185 1220 1270; baseline 0.011 -21"><span class='ocrx_word' id='word_1_46' title='bbox 92 1203 143 1250; x_wconf 85' lang='lat' dir='ltr'>ros</span> <span class='ocrx_word' id='word_1_47' title='bbox 164 1185 387 1260; x_wconf 79' lang='lat' dir='ltr'>recluderem,</span> <span class='ocrx_word' id='word_1_48' title='bbox 403 1197 503 1270; x_wconf 77' lang='lat' dir='ltr'>atque</span> <span class='ocrx_word' id='word_1_49' title='bbox 522 1207 564 1253; x_wconf 86' lang='lat' dir='ltr'>ex</span> <span class='ocrx_word' id='word_1_50' title='bbox 585 1185 637 1256; x_wconf 92' lang='lat' dir='ltr'>his</span> <span class='ocrx_word' id='word_1_51' title='bbox 651 1186 846 1254; x_wconf 85' lang='lat' dir='ltr'>recentiores</span> <span class='ocrx_word' id='word_1_52' title='bbox 859 1207 985 1255; x_wconf 90' lang='lat' dir='ltr'>errores</span> <span class='ocrx_word' id='word_1_53' title='bbox 997 1189 1220 1262; x_wconf 78' lang='lat' dir='ltr'>confutarem.</span> 
     </span>
     <span class='ocr_line' id='line_1_8' title="bbox 92 1291 1219 1381; baseline 0.008 -26"><span class='ocrx_word' id='word_1_54' title='bbox 92 1291 184 1358; x_wconf 85' lang='lat' dir='ltr'>Hunc</span> <span class='ocrx_word' id='word_1_55' title='bbox 198 1291 235 1360; x_wconf 90' lang='lat' dir='ltr'>in</span> <span class='ocrx_word' id='word_1_56' title='bbox 249 1293 351 1359; x_wconf 86' lang='lat' dir='ltr'>linem</span> <span class='ocrx_word' id='word_1_57' title='bbox 368 1311 435 1360; x_wconf 90' lang='lat' dir='ltr'>non</span> <span class='ocrx_word' id='word_1_58' title='bbox 454 1293 601 1363; x_wconf 88' lang='lat' dir='ltr'>dubitavi</span> <span class='ocrx_word' id='word_1_59' title='bbox 618 1295 716 1361; x_wconf 86' lang='lat' dir='ltr'>verba</span> <span class='ocrx_word' id='word_1_60' title='bbox 734 1313 883 1380; x_wconf 81' lang='lat' dir='ltr'>saepeac</span> <span class='ocrx_word' id='word_1_61' title='bbox 902 1296 1050 1381; x_wconf 83' lang='lat' dir='ltr'>longiora</span> <span class='ocrx_word' id='word_1_62' title='bbox 1072 1307 1219 1364; x_wconf 87' lang='lat' dir='ltr'>veterum</span> 
     </span>
     <span class='ocr_line' id='line_1_9' title="bbox 91 1400 1222 1488; baseline 0.008 -26"><span class='ocrx_word' id='word_1_63' title='bbox 91 1401 157 1464; x_wconf 90' lang='lat' dir='ltr'>loca</span> <span class='ocrx_word' id='word_1_64' title='bbox 167 1401 352 1466; x_wconf 87' lang='lat' dir='ltr'>exscribere</span> <span class='ocrx_word' id='word_1_65' title='bbox 371 1421 510 1486; x_wconf 91' lang='lat' dir='ltr'>meaque</span> <span class='ocrx_word' id='word_1_66' title='bbox 531 1403 648 1470; x_wconf 88' lang='lat' dir='ltr'>iacere.</span> <span class='ocrx_word' id='word_1_67' title='bbox 663 1400 752 1478; x_wconf 82' lang='lat' dir='ltr'>Quid</span> <span class='ocrx_word' id='word_1_68' title='bbox 765 1403 853 1469; x_wconf 93' lang='lat' dir='ltr'>enim</span> <span class='ocrx_word' id='word_1_69' title='bbox 868 1423 994 1480; x_wconf 89' lang='lat' dir='ltr'>verear,</span> <span class='ocrx_word' id='word_1_70' title='bbox 1008 1423 1085 1488; x_wconf 82' lang='lat' dir='ltr'>quae</span> <span class='ocrx_word' id='word_1_71' title='bbox 1097 1405 1222 1472; x_wconf 90' lang='lat' dir='ltr'>summi</span> 
     </span>
     <span class='ocr_line' id='line_1_10' title="bbox 90 1507 1219 1597; baseline 0.007 -26"><span class='ocrx_word' id='word_1_72' title='bbox 90 1507 146 1574; x_wconf 90' lang='lat' dir='ltr'>viri</span> <span class='ocrx_word' id='word_1_73' title='bbox 159 1507 421 1593; x_wconf 82' lang='lat' dir='ltr'>sapientissime,</span> <span class='ocrx_word' id='word_1_74' title='bbox 438 1511 606 1595; x_wconf 85' lang='lat' dir='ltr'>longeque</span> <span class='ocrx_word' id='word_1_75' title='bbox 618 1509 735 1577; x_wconf 92' lang='lat' dir='ltr'>melius</span> <span class='ocrx_word' id='word_1_76' title='bbox 746 1529 848 1594; x_wconf 90' lang='lat' dir='ltr'>quam</span> <span class='ocrx_word' id='word_1_77' title='bbox 863 1531 927 1597; x_wconf 92' lang='lat' dir='ltr'>ego</span> <span class='ocrx_word' id='word_1_78' title='bbox 941 1512 1084 1596; x_wconf 91' lang='lat' dir='ltr'>possim,</span> <span class='ocrx_word' id='word_1_79' title='bbox 1095 1512 1219 1590; x_wconf 85' lang='lat' dir='ltr'>dixere,</span> 
     </span>
     <span class='ocr_line' id='line_1_11' title="bbox 90 1614 1222 1706; baseline 0.004 -25"><span class='ocrx_word' id='word_1_80' title='bbox 90 1636 125 1681; x_wconf 90' lang='lat' dir='ltr'>ea</span> <span class='ocrx_word' id='word_1_81' title='bbox 135 1614 330 1683; x_wconf 89' lang='lat' dir='ltr'>iisdemmet</span> <span class='ocrx_word' id='word_1_82' title='bbox 340 1617 448 1684; x_wconf 90' lang='lat' dir='ltr'>verbis</span> <span class='ocrx_word' id='word_1_83' title='bbox 460 1616 573 1684; x_wconf 89' lang='lat' dir='ltr'>iterare</span> <span class='ocrx_word' id='word_1_84' title='bbox 583 1618 598 1683; x_wconf 77' lang='lat' dir='ltr'>i</span> <span class='ocrx_word' id='word_1_85' title='bbox 607 1619 645 1685; x_wconf 86' lang='lat' dir='ltr'>Et</span> <span class='ocrx_word' id='word_1_86' title='bbox 659 1629 808 1685; x_wconf 90' lang='lat' dir='ltr'>veterum</span> <span class='ocrx_word' id='word_1_87' title='bbox 819 1617 954 1706; x_wconf 90' lang='lat' dir='ltr'>quidem</span> <span class='ocrx_word' id='word_1_88' title='bbox 969 1617 1090 1704; x_wconf 86' lang='lat' dir='ltr'>scripta</span> <span class='ocrx_word' id='word_1_89' title='bbox 1100 1639 1222 1686; x_wconf 89' lang='lat' dir='ltr'>monu-</span> 
     </span>
     <span class='ocr_line' id='line_1_12' title="bbox 92 1722 1222 1813; baseline 0.004 -25"><span class='ocrx_word' id='word_1_90' title='bbox 92 1733 204 1788; x_wconf 85' lang='lat' dir='ltr'>menta</span> <span class='ocrx_word' id='word_1_91' title='bbox 225 1722 475 1808; x_wconf 85' lang='lat' dir='ltr'>diligentissime</span> <span class='ocrx_word' id='word_1_92' title='bbox 492 1725 693 1791; x_wconf 89' lang='lat' dir='ltr'>consulenda</span> <span class='ocrx_word' id='word_1_93' title='bbox 711 1726 968 1810; x_wconf 75' lang='lat' dir='ltr'>meditandoque</span> <span class='ocrx_word' id='word_1_94' title='bbox 986 1745 1120 1811; x_wconf 86' lang='lat' dir='ltr'>semper</span> <span class='ocrx_word' id='word_1_95' title='bbox 1134 1727 1222 1813; x_wconf 87' lang='lat' dir='ltr'>judi-</span> 
     </span>
     <span class='ocr_line' id='line_1_13' title="bbox 89 1816 1221 1926; baseline 0.004 -30"><span class='ocrx_word' id='word_1_96' title='bbox 89 1832 175 1907; x_wconf 87' lang='lat' dir='ltr'>cavi,</span> <span class='ocrx_word' id='word_1_97' title='bbox 208 1849 319 1914; x_wconf 91' lang='lat' dir='ltr'>neque</span> <span class='ocrx_word' id='word_1_98' title='bbox 347 1831 435 1898; x_wconf 89' lang='lat' dir='ltr'>enim</span> <span class='ocrx_word' id='word_1_99' title='bbox 469 1833 642 1926; x_wconf 85' lang='lat' dir='ltr'>approbari</span> <span class='ocrx_word' id='word_1_100' title='bbox 654 1816 777 1918; x_wconf 49' lang='lat' dir='ltr'>&#39;potest</span> <span class='ocrx_word' id='word_1_101' title='bbox 793 1825 1093 1903; x_wconf 72' lang='lat' dir='ltr'>&#39;Rationalistarum</span> <span class='ocrx_word' id='word_1_102' title='bbox 1118 1836 1221 1902; x_wconf 89' lang='lat' dir='ltr'>stulta</span> 
     </span>
     <span class='ocr_line' id='line_1_14' title="bbox 89 1938 1222 2038; baseline 0.004 -34"><span class='ocrx_word' id='word_1_103' title='bbox 89 1939 235 2022; x_wconf 86' lang='lat' dir='ltr'>opinatio</span> <span class='ocrx_word' id='word_1_104' title='bbox 249 1938 486 2038; x_wconf 84' lang='lat' dir='ltr'>dictitantium,</span> <span class='ocrx_word' id='word_1_105' title='bbox 507 1941 540 2006; x_wconf 92' lang='lat' dir='ltr'>in</span> <span class='ocrx_word' id='word_1_106' title='bbox 554 1939 760 2024; x_wconf 86' lang='lat' dir='ltr'>Philosophia</span> <span class='ocrx_word' id='word_1_107' title='bbox 779 1941 992 2024; x_wconf 90' lang='lat' dir='ltr'>abjiciendam</span> <span class='ocrx_word' id='word_1_108' title='bbox 1004 1942 1136 2028; x_wconf 89' lang='lat' dir='ltr'>penitus</span> <span class='ocrx_word' id='word_1_109' title='bbox 1149 1961 1222 2009; x_wconf 90' lang='lat' dir='ltr'>esse</span> 
     </span>
     <span class='ocr_line' id='line_1_15' title="bbox 89 2043 1220 2135; baseline 0.005 -25"><span class='ocrx_word' id='word_1_110' title='bbox 89 2043 300 2113; x_wconf 85' lang='lat' dir='ltr'>traditionem</span> <span class='ocrx_word' id='word_1_111' title='bbox 311 2049 472 2128; x_wconf 79' lang='lat' dir='ltr'>majorum</span> <span class='ocrx_word' id='word_1_112' title='bbox 484 2099 493 2126; x_wconf 92' lang='lat'>,</span> <span class='ocrx_word' id='word_1_113' title='bbox 504 2049 687 2132; x_wconf 88' lang='lat' dir='ltr'>quasivero</span> <span class='ocrx_word' id='word_1_114' title='bbox 699 2048 899 2133; x_wconf 88' lang='lat' dir='ltr'>Philosopho</span> <span class='ocrx_word' id='word_1_115' title='bbox 910 2101 918 2126; x_wconf 93' lang='lat'>,</span> <span class='ocrx_word' id='word_1_116' title='bbox 930 2069 1023 2117; x_wconf 89' lang='lat' dir='ltr'>more</span> <span class='ocrx_word' id='word_1_117' title='bbox 1035 2053 1220 2135; x_wconf 79' lang='lat' dir='ltr'>poetarum,</span> 
     </span>
     <span class='ocr_line' id='line_1_16' title="bbox 88 2155 1222 2242; baseline 0.004 -22"><span class='ocrx_word' id='word_1_118' title='bbox 88 2155 199 2221; x_wconf 86' lang='lat' dir='ltr'>omnia</span> <span class='ocrx_word' id='word_1_119' title='bbox 213 2155 258 2220; x_wconf 87' lang='lat' dir='ltr'>de</span> <span class='ocrx_word' id='word_1_120' title='bbox 278 2173 385 2232; x_wconf 90' lang='lat' dir='ltr'>novo,</span> <span class='ocrx_word' id='word_1_121' title='bbox 401 2164 498 2240; x_wconf 92' lang='lat' dir='ltr'>prout</span> <span class='ocrx_word' id='word_1_122' title='bbox 516 2155 618 2222; x_wconf 91' lang='lat' dir='ltr'>cuivis</span> <span class='ocrx_word' id='word_1_123' title='bbox 637 2155 784 2233; x_wconf 87' lang='lat' dir='ltr'>libuerit,</span> <span class='ocrx_word' id='word_1_124' title='bbox 798 2155 954 2242; x_wconf 81' lang='lat' dir='ltr'>fingenda</span> <span class='ocrx_word' id='word_1_125' title='bbox 973 2157 1053 2225; x_wconf 88' lang='lat' dir='ltr'>sint.</span> <span class='ocrx_word' id='word_1_126' title='bbox 1072 2155 1172 2232; x_wconf 84' lang='lat' dir='ltr'>Quod</span> <span class='ocrx_word' id='word_1_127' title='bbox 1194 2159 1222 2226; x_wconf 91' lang='lat' dir='ltr'>si</span> 
     </span>
     <span class='ocr_line' id='line_1_17' title="bbox 88 2261 1221 2350; baseline 0.004 -22"><span class='ocrx_word' id='word_1_128' title='bbox 88 2266 119 2328; x_wconf 90' lang='lat' dir='ltr'>in</span> <span class='ocrx_word' id='word_1_129' title='bbox 143 2261 272 2329; x_wconf 91' lang='lat' dir='ltr'>artibus</span> <span class='ocrx_word' id='word_1_130' title='bbox 287 2282 324 2329; x_wconf 87' lang='lat' dir='ltr'>ac</span> <span class='ocrx_word' id='word_1_131' title='bbox 342 2261 585 2330; x_wconf 88' lang='lat' dir='ltr'>mathematicis</span> <span class='ocrx_word' id='word_1_132' title='bbox 606 2263 818 2350; x_wconf 88' lang='lat' dir='ltr'>physicisque</span> <span class='ocrx_word' id='word_1_133' title='bbox 831 2265 1011 2349; x_wconf 90' lang='lat' dir='ltr'>disciplinis</span> <span class='ocrx_word' id='word_1_134' title='bbox 1031 2283 1150 2331; x_wconf 88' lang='lat' dir='ltr'>omnes</span> <span class='ocrx_word' id='word_1_135' title='bbox 1169 2269 1221 2334; x_wconf 88' lang='lat' dir='ltr'>vel</span> 
     </span>
     <span class='ocr_line' id='line_1_18' title="bbox 89 2370 1224 2456; baseline 0.003 -20"><span class='ocrx_word' id='word_1_136' title='bbox 89 2370 289 2456; x_wconf 89' lang='lat' dir='ltr'>magistrum</span> <span class='ocrx_word' id='word_1_137' title='bbox 312 2379 491 2453; x_wconf 87' lang='lat' dir='ltr'>quaerunt,</span> <span class='ocrx_word' id='word_1_138' title='bbox 514 2371 566 2436; x_wconf 91' lang='lat' dir='ltr'>vel</span> <span class='ocrx_word' id='word_1_139' title='bbox 586 2370 712 2437; x_wconf 88' lang='lat' dir='ltr'>iabores</span> <span class='ocrx_word' id='word_1_140' title='bbox 727 2372 864 2438; x_wconf 88' lang='lat' dir='ltr'>aliorum</span> <span class='ocrx_word' id='word_1_141' title='bbox 883 2372 1080 2450; x_wconf 87' lang='lat' dir='ltr'>consulunt,</span> <span class='ocrx_word' id='word_1_142' title='bbox 1100 2370 1224 2455; x_wconf 93' lang='lat' dir='ltr'>quibus</span> 
     </span>
     <span class='ocr_line' id='line_1_19' title="bbox 86 2476 1219 2571; baseline 0.004 -28"><span class='ocrx_word' id='word_1_143' title='bbox 86 2481 118 2544; x_wconf 86' lang='lat' dir='ltr'>in</span> <span class='ocrx_word' id='word_1_144' title='bbox 142 2477 215 2544; x_wconf 86' lang='lat' dir='ltr'>suis</span> <span class='ocrx_word' id='word_1_145' title='bbox 242 2477 361 2571; x_wconf 79' lang='lat' dir='ltr'>studiis</span> <span class='ocrx_word' id='word_1_146' title='bbox 382 2479 561 2544; x_wconf 89' lang='lat' dir='ltr'>doceantur</span> <span class='ocrx_word' id='word_1_147' title='bbox 582 2476 822 2564; x_wconf 89' lang='lat' dir='ltr'>diriganturve,</span> <span class='ocrx_word' id='word_1_148' title='bbox 849 2479 924 2562; x_wconf 91' lang='lat' dir='ltr'>quis</span> <span class='ocrx_word' id='word_1_149' title='bbox 946 2497 1064 2556; x_wconf 89' lang='lat' dir='ltr'>sanus,</span> <span class='ocrx_word' id='word_1_150' title='bbox 1091 2497 1219 2563; x_wconf 73' lang='lat' dir='ltr'>quaeso,</span> 
     </span>
     <span class='ocr_line' id='line_1_20' title="bbox 86 2585 1221 2677; baseline 0 -25"><span class='ocrx_word' id='word_1_151' title='bbox 86 2585 261 2671; x_wconf 84' lang='lat' dir='ltr'>negaverit</span> <span class='ocrx_word' id='word_1_152' title='bbox 275 2585 362 2650; x_wconf 91' lang='lat' dir='ltr'>idem</span> <span class='ocrx_word' id='word_1_153' title='bbox 379 2586 562 2652; x_wconf 82' lang='lat' dir='ltr'>laciendum</span> <span class='ocrx_word' id='word_1_154' title='bbox 578 2605 649 2653; x_wconf 90' lang='lat' dir='ltr'>esse</span> <span class='ocrx_word' id='word_1_155' title='bbox 665 2587 705 2653; x_wconf 91' lang='lat' dir='ltr'>ad</span> <span class='ocrx_word' id='word_1_156' title='bbox 719 2586 912 2677; x_wconf 85' lang='lat' dir='ltr'>altissimam</span> <span class='ocrx_word' id='word_1_157' title='bbox 926 2587 1221 2671; x_wconf 84' lang='lat' dir='ltr'>difficillimamque</span> 
     </span>
     <span class='ocr_line' id='line_1_21' title="bbox 84 2677 1221 2781; baseline 0 -21"><span class='ocrx_word' id='word_1_158' title='bbox 84 2695 243 2760; x_wconf 92' lang='lat' dir='ltr'>omnium</span> <span class='ocrx_word' id='word_1_159' title='bbox 268 2694 487 2759; x_wconf 88' lang='lat' dir='ltr'>humanarum</span> <span class='ocrx_word' id='word_1_160' title='bbox 509 2677 730 2779; x_wconf 82' lang='lat' dir='ltr'>disciplinam,</span> <span class='ocrx_word' id='word_1_161' title='bbox 754 2693 1016 2781; x_wconf 88' lang='lat' dir='ltr'>Philosophiam,</span> <span class='ocrx_word' id='word_1_162' title='bbox 1039 2712 1221 2779; x_wconf 88' lang='lat' dir='ltr'>assequen-</span> 
     </span>
    </p>
   </div>
   <div class='ocr_carea' id='block_1_3' title="bbox 83 2800 1344 2886">
    <p class='ocr_par' dir='ltr' id='par_1_3' title="bbox 83 2800 1344 2886">
     <span class='ocr_line' id='line_1_22' title="bbox 83 2800 1344 2886; baseline 0 -18"><span class='ocrx_word' id='word_1_163' title='bbox 83 2800 188 2868; x_wconf 84' lang='lat' dir='ltr'>dam?</span> <span class='ocrx_word' id='word_1_164' title='bbox 201 2800 361 2885; x_wconf 83' lang='lat' dir='ltr'>Equidem</span> <span class='ocrx_word' id='word_1_165' title='bbox 375 2803 660 2886; x_wconf 89' lang='lat' dir='ltr'>persuasissimum</span> <span class='ocrx_word' id='word_1_166' title='bbox 677 2802 799 2880; x_wconf 85' lang='lat' dir='ltr'>habeo,</span> <span class='ocrx_word' id='word_1_167' title='bbox 813 2803 980 2869; x_wconf 89' lang='lat' dir='ltr'>neminem</span> <span class='ocrx_word' id='word_1_168' title='bbox 994 2804 1154 2870; x_wconf 89' lang='lat' dir='ltr'>hactenus</span> <span class='ocrx_word' id='word_1_169' title='bbox 1167 2803 1219 2869; x_wconf 91' lang='lat' dir='ltr'>vel</span> <span class='ocrx_word' id='word_1_170' title='bbox 1331 2864 1344 2883; x_wconf 66' lang='lat'>„</span> 
     </span>
    </p>
   </div>
   <div class='ocr_carea' id='block_1_4' title="bbox 83 2898 1221 3409">
    <p class='ocr_par' dir='ltr' id='par_1_4' title="bbox 83 2898 1221 3409">
     <span class='ocr_line' id='line_1_23' title="bbox 85 2898 1221 2995; baseline 0 -20"><span class='ocrx_word' id='word_1_171' title='bbox 85 2910 293 2976; x_wconf 86' lang='lat' dir='ltr'>mediocrem</span> <span class='ocrx_word' id='word_1_172' title='bbox 305 2909 602 2993; x_wconf 89' lang='lat' dir='ltr'>philosophicarum</span> <span class='ocrx_word' id='word_1_173' title='bbox 616 2898 837 2995; x_wconf 84' lang='lat' dir='ltr'>quae&#39;srionum</span> <span class='ocrx_word' id='word_1_174' title='bbox 850 2907 998 2975; x_wconf 89' lang='lat' dir='ltr'>notitiam</span> <span class='ocrx_word' id='word_1_175' title='bbox 1011 2909 1080 2977; x_wconf 89' lang='lat' dir='ltr'>suis</span> <span class='ocrx_word' id='word_1_176' title='bbox 1089 2910 1221 2978; x_wconf 89' lang='lat' dir='ltr'>dumta-</span> 
     </span>
     <span class='ocr_line' id='line_1_24' title="bbox 83 3016 1220 3101; baseline 0.001 -18"><span class='ocrx_word' id='word_1_177' title='bbox 83 3028 139 3083; x_wconf 75' lang='lat' dir='ltr'>:rat</span> <span class='ocrx_word' id='word_1_178' title='bbox 167 3016 292 3083; x_wconf 90' lang='lat' dir='ltr'>viribus</span> <span class='ocrx_word' id='word_1_179' title='bbox 315 3017 434 3082; x_wconf 83' lang='lat' dir='ltr'>fretum</span> <span class='ocrx_word' id='word_1_180' title='bbox 459 3034 685 3101; x_wconf 88' lang='lat' dir='ltr'>comparasse,</span> <span class='ocrx_word' id='word_1_181' title='bbox 712 3036 771 3083; x_wconf 89' lang='lat' dir='ltr'>nec</span> <span class='ocrx_word' id='word_1_182' title='bbox 797 3017 906 3101; x_wconf 89' lang='lat' dir='ltr'>ipsum</span> <span class='ocrx_word' id='word_1_183' title='bbox 932 3016 1143 3084; x_wconf 85' lang='lat' dir='ltr'>Aristotelem</span> <span class='ocrx_word' id='word_1_184' title='bbox 1164 3027 1220 3084; x_wconf 91' lang='lat' dir='ltr'>aut</span> 
     </span>
     <span class='ocr_line' id='line_1_25' title="bbox 83 3122 1218 3217; baseline -0.002 -26"><span class='ocrx_word' id='word_1_185' title='bbox 83 3128 119 3191; x_wconf 82' lang='lat' dir='ltr'>S.</span> <span class='ocrx_word' id='word_1_186' title='bbox 147 3126 315 3191; x_wconf 86' lang='lat' dir='ltr'>Thomam</span> <span class='ocrx_word' id='word_1_187' title='bbox 336 3125 377 3190; x_wconf 91' lang='lat' dir='ltr'>ad</span> <span class='ocrx_word' id='word_1_188' title='bbox 400 3133 524 3190; x_wconf 87' lang='lat' dir='ltr'>tantam</span> <span class='ocrx_word' id='word_1_189' title='bbox 540 3125 706 3217; x_wconf 88' lang='lat' dir='ltr'>sapientiae</span> <span class='ocrx_word' id='word_1_190' title='bbox 722 3124 851 3190; x_wconf 90' lang='lat' dir='ltr'>laudem</span> <span class='ocrx_word' id='word_1_191' title='bbox 872 3133 1088 3208; x_wconf 89' lang='lat' dir='ltr'>perventuros</span> <span class='ocrx_word' id='word_1_192' title='bbox 1107 3122 1218 3203; x_wconf 84' lang='lat' dir='ltr'>luisse,</span> 
     </span>
     <span class='ocr_line' id='line_1_26' title="bbox 84 3231 1220 3317; baseline 0 -18"><span class='ocrx_word' id='word_1_193' title='bbox 84 3234 146 3299; x_wconf 90' lang='lat' dir='ltr'>nisi</span> <span class='ocrx_word' id='word_1_194' title='bbox 159 3232 283 3317; x_wconf 82' lang='lat' dir='ltr'>scripta</span> <span class='ocrx_word' id='word_1_195' title='bbox 296 3234 457 3317; x_wconf 87' lang='lat' dir='ltr'>majorum</span> <span class='ocrx_word' id='word_1_196' title='bbox 469 3232 599 3299; x_wconf 86' lang='lat' dir='ltr'>assidua</span> <span class='ocrx_word' id='word_1_197' title='bbox 614 3234 753 3299; x_wconf 89' lang='lat' dir='ltr'>lectione</span> <span class='ocrx_word' id='word_1_198' title='bbox 763 3244 863 3316; x_wconf 86' lang='lat' dir='ltr'>atque</span> <span class='ocrx_word' id='word_1_199' title='bbox 873 3239 1000 3298; x_wconf 86' lang='lat' dir='ltr'>attenta</span> <span class='ocrx_word' id='word_1_200' title='bbox 1009 3231 1220 3300; x_wconf 90' lang='lat' dir='ltr'>meditatione</span> 
     </span>
     <span class='ocr_line' id='line_1_27' title="bbox 83 3350 293 3409; baseline 0.014 -4"><span class='ocrx_word' id='word_1_201' title='bbox 83 3350 293 3409; x_wconf 84' lang='lat' dir='ltr'>versassent.</span> 
     </span>
    </p>
   </div>
   <div class='ocr_carea' id='block_1_5' title="bbox 138 3496 1320 3571">
    <p class='ocr_par' dir='ltr' id='par_1_5' title="bbox 138 3496 1320 3571">
     <span class='ocr_line' id='line_1_28' title="bbox 138 3496 1320 3571; baseline -0.002 -12"><span class='ocrx_word' id='word_1_202' title='bbox 138 3500 293 3559; x_wconf 81' lang='lat' dir='ltr'>Caeterum</span> <span class='ocrx_word' id='word_1_203' title='bbox 307 3499 456 3571; x_wconf 86' lang='lat' dir='ltr'>quomodo</span> <span class='ocrx_word' id='word_1_204' title='bbox 475 3500 590 3557; x_wconf 85' lang='lat' dir='ltr'>decreta</span> <span class='ocrx_word' id='word_1_205' title='bbox 609 3499 670 3557; x_wconf 70' lang='lat' dir='ltr'>hae</span> <span class='ocrx_word' id='word_1_206' title='bbox 685 3496 905 3556; x_wconf 86' lang='lat' dir='ltr'>observaverint</span> <span class='ocrx_word' id='word_1_207' title='bbox 919 3496 1023 3570; x_wconf 88' lang='lat' dir='ltr'>optimi</span> <span class='ocrx_word' id='word_1_208' title='bbox 1033 3500 1145 3570; x_wconf 91' lang='lat' dir='ltr'>quique</span> <span class='ocrx_word' id='word_1_209' title='bbox 1154 3500 1221 3557; x_wconf 76' lang='lat' dir='ltr'>Au·</span> <span class='ocrx_word' id='word_1_210' title='bbox 1316 3521 1320 3531; x_wconf 87' lang='lat'>·</span> 
     </span>
    </p>
   </div>
   <div class='ocr_carea' id='block_1_6' title="bbox 82 3587 1224 4556">
    <p class='ocr_par' dir='ltr' id='par_1_6' title="bbox 82 3587 1224 4556">
     <span class='ocr_line' id='line_1_29' title="bbox 82 3587 1221 3661; baseline -0.002 -12"><span class='ocrx_word' id='word_1_211' title='bbox 82 3606 183 3649; x_wconf 83' lang='lat' dir='ltr'>ctores</span> <span class='ocrx_word' id='word_1_212' title='bbox 193 3589 301 3660; x_wconf 83' lang='lat' dir='ltr'>nostri,</span> <span class='ocrx_word' id='word_1_213' title='bbox 312 3589 464 3661; x_wconf 87' lang='lat' dir='ltr'>quidvede</span> <span class='ocrx_word' id='word_1_214' title='bbox 475 3588 615 3660; x_wconf 84' lang='lat' dir='ltr'>Angelieo</span> <span class='ocrx_word' id='word_1_215' title='bbox 628 3589 751 3647; x_wconf 84' lang='lat' dir='ltr'>Doctore</span> <span class='ocrx_word' id='word_1_216' title='bbox 760 3587 907 3647; x_wconf 82' lang='lat' dir='ltr'>senserint</span> <span class='ocrx_word' id='word_1_217' title='bbox 916 3602 945 3647; x_wconf 87' lang='lat' dir='ltr'>et</span> <span class='ocrx_word' id='word_1_218' title='bbox 953 3587 1070 3660; x_wconf 88' lang='lat' dir='ltr'>seriptis</span> <span class='ocrx_word' id='word_1_219' title='bbox 1079 3600 1109 3647; x_wconf 87' lang='lat' dir='ltr'>et</span> <span class='ocrx_word' id='word_1_220' title='bbox 1118 3589 1221 3661; x_wconf 83' lang='lat' dir='ltr'>elogiis</span> 
     </span>
     <span class='ocr_line' id='line_1_30' title="bbox 82 3678 1221 3750; baseline -0.004 -11"><span class='ocrx_word' id='word_1_221' title='bbox 82 3680 147 3739; x_wconf 84' lang='lat' dir='ltr'>suis</span> <span class='ocrx_word' id='word_1_222' title='bbox 158 3678 324 3737; x_wconf 88' lang='lat' dir='ltr'>luculenter</span> <span class='ocrx_word' id='word_1_223' title='bbox 338 3680 501 3737; x_wconf 88' lang='lat' dir='ltr'>docuerunt</span> <span class='ocrx_word' id='word_1_224' title='bbox 513 3678 726 3736; x_wconf 89' lang='lat' dir='ltr'>Ludovicusde</span> <span class='ocrx_word' id='word_1_225' title='bbox 740 3678 850 3737; x_wconf 83' lang='lat' dir='ltr'>Melina</span> <span class='ocrx_word' id='word_1_226' title='bbox 863 3678 1036 3743; x_wconf 75' lang='lat' dir='ltr'>(Commeat.</span> <span class='ocrx_word' id='word_1_227' title='bbox 1054 3678 1086 3737; x_wconf 89' lang='lat' dir='ltr'>in</span> <span class='ocrx_word' id='word_1_228' title='bbox 1102 3686 1148 3736; x_wconf 78' lang='lat'>1¹¹²</span> <span class='ocrx_word' id='word_1_229' title='bbox 1156 3698 1221 3750; x_wconf 84' lang='lat' dir='ltr'>par·</span> 
     </span>
     <span class='ocr_line' id='line_1_31' title="bbox 83 3766 1222 3843; baseline -0.003 -14"><span class='ocrx_word' id='word_1_230' title='bbox 83 3786 160 3837; x_wconf 83' lang='lat' dir='ltr'>tem,</span> <span class='ocrx_word' id='word_1_231' title='bbox 179 3769 296 3841; x_wconf 80' lang='lat' dir='ltr'>praeiat:</span> <span class='ocrx_word' id='word_1_232' title='bbox 308 3788 374 3843; x_wconf 82' lang='lat' dir='ltr'>pag.</span> <span class='ocrx_word' id='word_1_233' title='bbox 394 3769 459 3836; x_wconf 88' lang='lat'>16),</span> <span class='ocrx_word' id='word_1_234' title='bbox 476 3768 583 3825; x_wconf 88' lang='lat' dir='ltr'>Petrus</span> <span class='ocrx_word' id='word_1_235' title='bbox 602 3768 731 3825; x_wconf 89' lang='lat' dir='ltr'>Fonseca</span> <span class='ocrx_word' id='word_1_236' title='bbox 753 3768 934 3842; x_wconf 79' lang='lat' dir='ltr'>(Meteplrys.</span> <span class='ocrx_word' id='word_1_237' title='bbox 954 3780 977 3826; x_wconf 87' lang='lat' dir='ltr'>t.</span> <span class='ocrx_word' id='word_1_238' title='bbox 1001 3788 1024 3824; x_wconf 88' lang='lat' dir='ltr'>r.</span> <span class='ocrx_word' id='word_1_239' title='bbox 1047 3766 1222 3826; x_wconf 79' lang='lat' dir='ltr'>Admonitio</span> 
     </span>
     <span class='ocr_line' id='line_1_32' title="bbox 83 3855 1219 3926; baseline -0.001 -10"><span class='ocrx_word' id='word_1_240' title='bbox 83 3862 245 3926; x_wconf 53' lang='grc' dir='ltr'>[καινῶς</span> <span class='ocrx_word' id='word_1_241' title='bbox 266 3857 356 3917; x_wconf 87' lang='lat' dir='ltr'>Card.</span> <span class='ocrx_word' id='word_1_242' title='bbox 372 3857 493 3916; x_wconf 88' lang='lat' dir='ltr'>Toletus</span> <span class='ocrx_word' id='word_1_243' title='bbox 506 3858 729 3923; x_wconf 81' lang='lat' dir='ltr'>(Enarraliorres</span> <span class='ocrx_word' id='word_1_244' title='bbox 743 3855 905 3915; x_wconf 85' lang='lat' dir='ltr'>in&#39;Surnm.</span> <span class='ocrx_word' id='word_1_245' title='bbox 923 3855 956 3915; x_wconf 87' lang='lat' dir='ltr'>S.</span> <span class='ocrx_word' id='word_1_246' title='bbox 967 3856 1089 3915; x_wconf 80' lang='lat' dir='ltr'>Thomae</span> <span class='ocrx_word' id='word_1_247' title='bbox 1103 3870 1175 3916; x_wconf 89' lang='lat' dir='ltr'>tom.</span> <span class='ocrx_word' id='word_1_248' title='bbox 1196 3878 1219 3915; x_wconf 89' lang='lat' dir='ltr'>r.</span> 
     </span>
     <span class='ocr_line' id='line_1_33' title="bbox 84 3945 1222 4023; baseline -0.002 -16"><span class='ocrx_word' id='word_1_249' title='bbox 84 3972 153 4023; x_wconf 83' lang='lat' dir='ltr'>pag.</span> <span class='ocrx_word' id='word_1_250' title='bbox 171 3949 278 4007; x_wconf 88' lang='lat' dir='ltr'>XXXl.</span> <span class='ocrx_word' id='word_1_251' title='bbox 294 3962 324 4007; x_wconf 90' lang='lat' dir='ltr'>et</span> <span class='ocrx_word' id='word_1_252' title='bbox 339 3960 427 4019; x_wconf 68' lang='lat' dir='ltr'>sete„</span> <span class='ocrx_word' id='word_1_253' title='bbox 442 3963 470 4007; x_wconf 87' lang='lat' dir='ltr'>et</span> <span class='ocrx_word' id='word_1_254' title='bbox 485 3947 515 4005; x_wconf 94' lang='lat' dir='ltr'>in</span> <span class='ocrx_word' id='word_1_255' title='bbox 531 3948 747 4021; x_wconf 78' lang='lat' dir='ltr'>Physica-Ad</span> <span class='ocrx_word' id='word_1_256' title='bbox 756 3947 905 4005; x_wconf 83' lang='lat' dir='ltr'>Lectorem</span> <span class='ocrx_word' id='word_1_257' title='bbox 915 3966 981 4019; x_wconf 86' lang='lat' dir='ltr'>pag.</span> <span class='ocrx_word' id='word_1_258' title='bbox 992 3951 1036 4016; x_wconf 86' lang='lat' dir='ltr'>a),</span> <span class='ocrx_word' id='word_1_259' title='bbox 1048 3945 1222 4005; x_wconf 69' lang='lat' dir='ltr'>franciscus</span> 
     </span>
     <span class='ocr_line' id='line_1_34' title="bbox 83 4034 1221 4119; baseline -0.002 -24"><span class='ocrx_word' id='word_1_260' title='bbox 83 4038 200 4097; x_wconf 84' lang='lat' dir='ltr'>Suarez</span> <span class='ocrx_word' id='word_1_261' title='bbox 215 4038 395 4114; x_wconf 75' lang='lat' dir='ltr'>(Prolegom,</span> <span class='ocrx_word' id='word_1_262' title='bbox 411 4038 430 4095; x_wconf 88' lang='lat'><strong>6</strong></span> <span class='ocrx_word' id='word_1_263' title='bbox 445 4037 482 4094; x_wconf 91' lang='lat' dir='ltr'>de</span> <span class='ocrx_word' id='word_1_264' title='bbox 502 4038 617 4119; x_wconf 60' lang='lat' dir='ltr'>palia,</span> <span class='ocrx_word' id='word_1_265' title='bbox 637 4057 700 4108; x_wconf 85' lang='lat' dir='ltr'>cap.</span> <span class='ocrx_word' id='word_1_266' title='bbox 715 4037 748 4105; x_wconf 87' lang='lat'>6,</span> <span class='ocrx_word' id='word_1_267' title='bbox 765 4056 793 4095; x_wconf 90' lang='lat' dir='ltr'>n.</span> <span class='ocrx_word' id='word_1_268' title='bbox 809 4036 861 4106; x_wconf 73' lang='lat'>283</span> <span class='ocrx_word' id='word_1_269' title='bbox 872 4037 995 4105; x_wconf 84' lang='lat' dir='ltr'>Proesot.</span> <span class='ocrx_word' id='word_1_270' title='bbox 1009 4034 1040 4093; x_wconf 92' lang='lat' dir='ltr'>in</span> <span class='ocrx_word' id='word_1_271' title='bbox 1053 4048 1169 4095; x_wconf 80' lang='lat' dir='ltr'>tractat.</span> <span class='ocrx_word' id='word_1_272' title='bbox 1184 4036 1221 4093; x_wconf 87' lang='lat' dir='ltr'>de</span> 
     </span>
     <span class='ocr_line' id='line_1_35' title="bbox 84 4124 1222 4209; baseline 0 -26"><span class='ocrx_word' id='word_1_273' title='bbox 84 4128 318 4197; x_wconf 66' lang='lat' dir='ltr'>tummim),</span> <span class='ocrx_word' id='word_1_274' title='bbox 334 4126 452 4209; x_wconf 73' lang='lat' dir='ltr'>Gabriel</span> <span class='ocrx_word' id='word_1_275' title='bbox 464 4126 601 4198; x_wconf 84' lang='lat' dir='ltr'>Vazquea</span> <span class='ocrx_word' id='word_1_276' title='bbox 611 4126 658 4192; x_wconf 88' lang='lat' dir='ltr'>(ln</span> <span class='ocrx_word' id='word_1_277' title='bbox 673 4134 715 4183; x_wconf 79' lang='lat'>1¹¹²</span> <span class='ocrx_word' id='word_1_278' title='bbox 726 4140 802 4198; x_wconf 91' lang='lat' dir='ltr'>part.</span> <span class='ocrx_word' id='word_1_279' title='bbox 818 4125 892 4198; x_wconf 88' lang='lat' dir='ltr'>disp.</span> <span class='ocrx_word' id='word_1_280' title='bbox 910 4146 936 4197; x_wconf 79' lang='lat'>3,</span> <span class='ocrx_word' id='word_1_281' title='bbox 953 4144 983 4183; x_wconf 88' lang='lat' dir='ltr'>n.</span> <span class='ocrx_word' id='word_1_282' title='bbox 997 4126 1017 4181; x_wconf 83' lang='lat'>6</span> <span class='ocrx_word' id='word_1_283' title='bbox 1029 4129 1137 4197; x_wconf 80' lang='lat' dir='ltr'>seqq),</span> <span class='ocrx_word' id='word_1_284' title='bbox 1152 4124 1222 4183; x_wconf 88' lang='lat' dir='ltr'>Gre-</span> 
     </span>
     <span class='ocr_line' id='line_1_36' title="bbox 84 4211 1222 4290; baseline -0.004 -15"><span class='ocrx_word' id='word_1_285' title='bbox 84 4218 191 4290; x_wconf 81' lang='lat' dir='ltr'>gorius</span> <span class='ocrx_word' id='word_1_286' title='bbox 197 4218 235 4275; x_wconf 88' lang='lat' dir='ltr'>de</span> <span class='ocrx_word' id='word_1_287' title='bbox 249 4215 386 4275; x_wconf 83' lang='lat' dir='ltr'>Valentia</span> <span class='ocrx_word' id='word_1_288' title='bbox 399 4214 603 4284; x_wconf 79' lang='lat' dir='ltr'>(Commentin</span> <span class='ocrx_word' id='word_1_289' title='bbox 619 4224 673 4273; x_wconf 79' lang='grc' dir='ltr'><strong>ι.·“</strong></span> <span class='ocrx_word' id='word_1_290' title='bbox 687 4230 761 4287; x_wconf 82' lang='lat' dir='ltr'>pert.</span> <span class='ocrx_word' id='word_1_291' title='bbox 774 4211 1222 4285; x_wconf 82' lang='lat' dir='ltr'>Proesol),BcnedietuaPereira</span> 
     </span>
     <span class='ocr_line' id='line_1_37' title="bbox 84 4303 1222 4385; baseline -0.002 -21"><span class='ocrx_word' id='word_1_292' title='bbox 84 4308 142 4373; x_wconf 70' lang='lat' dir='ltr'>(De</span> <span class='ocrx_word' id='word_1_293' title='bbox 166 4308 369 4366; x_wconf 83' lang='lat' dir='ltr'>communibus</span> <span class='ocrx_word' id='word_1_294' title='bbox 383 4307 509 4363; x_wconf 73' lang='lat' dir='ltr'>omnium</span> <span class='ocrx_word' id='word_1_295' title='bbox 527 4326 622 4363; x_wconf 79' lang='lat' dir='ltr'>rerum</span> <span class='ocrx_word' id='word_1_296' title='bbox 637 4306 812 4385; x_wconf 76' lang='lat' dir='ltr'>principiis,</span> <span class='ocrx_word' id='word_1_297' title='bbox 828 4303 936 4363; x_wconf 78' lang='lat' dir='ltr'>Praeiat</span> <span class='ocrx_word' id='word_1_298' title='bbox 951 4324 1019 4377; x_wconf 83' lang='lat' dir='ltr'>psg.</span> <span class='ocrx_word' id='word_1_299' title='bbox 1034 4309 1078 4372; x_wconf 76' lang='lat' dir='ltr'>a),</span> <span class='ocrx_word' id='word_1_300' title='bbox 1093 4303 1222 4373; x_wconf 84' lang='lat' dir='ltr'>Joannes</span> 
     </span>
     <span class='ocr_line' id='line_1_38' title="bbox 84 4392 1221 4470; baseline -0.003 -17"><span class='ocrx_word' id='word_1_301' title='bbox 84 4396 232 4456; x_wconf 77' lang='lat' dir='ltr'>hiartinez</span> <span class='ocrx_word' id='word_1_302' title='bbox 250 4396 288 4455; x_wconf 89' lang='lat' dir='ltr'>de</span> <span class='ocrx_word' id='word_1_303' title='bbox 302 4396 427 4469; x_wconf 85' lang='lat' dir='ltr'>Ripalda</span> <span class='ocrx_word' id='word_1_304' title='bbox 441 4398 497 4461; x_wconf 86' lang='lat' dir='ltr'>(De</span> <span class='ocrx_word' id='word_1_305' title='bbox 509 4396 583 4454; x_wconf 76' lang='lat' dir='ltr'>Erite</span> <span class='ocrx_word' id='word_1_306' title='bbox 592 4394 828 4470; x_wconf 75' lang='lat' dir='ltr'>supernaturali.</span> <span class='ocrx_word' id='word_1_307' title='bbox 843 4393 921 4466; x_wconf 86' lang='lat' dir='ltr'>disp.</span> <span class='ocrx_word' id='word_1_308' title='bbox 932 4392 965 4460; x_wconf 84' lang='lat'>8,</span> <span class='ocrx_word' id='word_1_309' title='bbox 982 4404 1052 4451; x_wconf 82' lang='lat' dir='ltr'>sect.</span> <span class='ocrx_word' id='word_1_310' title='bbox 1067 4393 1101 4462; x_wconf 87' lang='lat'>6,</span> <span class='ocrx_word' id='word_1_311' title='bbox 1116 4412 1148 4450; x_wconf 92' lang='lat' dir='ltr'>n.</span> <span class='ocrx_word' id='word_1_312' title='bbox 1163 4393 1221 4465; x_wconf 75' lang='lat'><strong>26);</strong></span> 
     </span>
     <span class='ocr_line' id='line_1_39' title="bbox 85 4482 1224 4556; baseline -0.004 -11"><span class='ocrx_word' id='word_1_313' title='bbox 85 4486 219 4546; x_wconf 83' lang='lat' dir='ltr'>Lossada</span> <span class='ocrx_word' id='word_1_314' title='bbox 234 4487 347 4545; x_wconf 82' lang='lat' dir='ltr'>Cursus</span> <span class='ocrx_word' id='word_1_315' title='bbox 360 4486 473 4545; x_wconf 59' lang='lat' dir='ltr'>Pictos.</span> <span class='ocrx_word' id='word_1_316' title='bbox 488 4498 560 4543; x_wconf 84' lang='lat' dir='ltr'>tom.</span> <span class='ocrx_word' id='word_1_317' title='bbox 578 4496 617 4542; x_wconf 87' lang='lat' dir='ltr'>r.⁰</span> <span class='ocrx_word' id='word_1_318' title='bbox 630 4484 660 4543; x_wconf 87' lang='lat' dir='ltr'>in</span> <span class='ocrx_word' id='word_1_319' title='bbox 674 4484 760 4556; x_wconf 90' lang='lat' dir='ltr'>epist.</span> <span class='ocrx_word' id='word_1_320' title='bbox 775 4482 991 4555; x_wconf 86' lang='lat' dir='ltr'>nuncupatoria</span> <span class='ocrx_word' id='word_1_321' title='bbox 1003 4483 1040 4539; x_wconf 87' lang='lat' dir='ltr'>ad</span> <span class='ocrx_word' id='word_1_322' title='bbox 1052 4483 1152 4540; x_wconf 79' lang='lat' dir='ltr'>Exim.</span> <span class='ocrx_word' id='word_1_323' title='bbox 1163 4485 1224 4541; x_wconf 90' lang='lat' dir='ltr'>Do·</span> 
     </span>
    </p>
   </div>
   <div class='ocr_carea' id='block_1_7' title="bbox 82 4569 1329 4647">
    <p class='ocr_par' dir='ltr' id='par_1_7' title="bbox 82 4569 1329 4647">
     <span class='ocr_line' id='line_1_40' title="bbox 82 4569 1329 4647; baseline -0.002 -16"><span class='ocrx_word' id='word_1_324' title='bbox 82 4576 255 4647; x_wconf 71' lang='lat' dir='ltr'>ctorem...)</span> <span class='ocrx_word' id='word_1_325' title='bbox 268 4574 388 4646; x_wconf 91' lang='lat' dir='ltr'>aliique.</span> <span class='ocrx_word' id='word_1_326' title='bbox 399 4574 472 4645; x_wconf 83' lang='lat' dir='ltr'>Quae</span> <span class='ocrx_word' id='word_1_327' title='bbox 482 4572 636 4647; x_wconf 80' lang='lat' dir='ltr'>siquidem</span> <span class='ocrx_word' id='word_1_328' title='bbox 647 4572 701 4631; x_wconf 90' lang='lat' dir='ltr'>viri</span> <span class='ocrx_word' id='word_1_329' title='bbox 710 4572 960 4641; x_wconf 86' lang='lat' dir='ltr'>considerassent,</span> <span class='ocrx_word' id='word_1_330' title='bbox 969 4590 1132 4643; x_wconf 86' lang='lat' dir='ltr'>numquam</span> <span class='ocrx_word' id='word_1_331' title='bbox 1143 4569 1224 4630; x_wconf 91' lang='lat' dir='ltr'>Scri·</span> <span class='ocrx_word' id='word_1_332' title='bbox 1324 4634 1329 4641; x_wconf 63' lang='grc'>,</span> 
     </span>
    </p>
   </div>
   <div class='ocr_carea' id='block_1_8' title="bbox 84 4659 1223 4827">
    <p class='ocr_par' dir='ltr' id='par_1_8' title="bbox 84 4659 1223 4827">
     <span class='ocr_line' id='line_1_41' title="bbox 84 4659 1223 4735; baseline -0.005 -10"><span class='ocrx_word' id='word_1_333' title='bbox 84 4680 187 4735; x_wconf 81' lang='lat' dir='ltr'>ptores</span> <span class='ocrx_word' id='word_1_334' title='bbox 212 4664 375 4733; x_wconf 67' lang='lat' dir='ltr'>societatis</span> <span class='ocrx_word' id='word_1_335' title='bbox 397 4664 479 4722; x_wconf 83' lang='lat' dir='ltr'>velut</span> <span class='ocrx_word' id='word_1_336' title='bbox 495 4666 606 4735; x_wconf 87' lang='lat' dir='ltr'>juratos</span> <span class='ocrx_word' id='word_1_337' title='bbox 625 4662 783 4734; x_wconf 85' lang='lat' dir='ltr'>Aquinatie</span> <span class='ocrx_word' id='word_1_338' title='bbox 803 4659 985 4720; x_wconf 85' lang='lat' dir='ltr'>adversarios</span> <span class='ocrx_word' id='word_1_339' title='bbox 1004 4675 1035 4719; x_wconf 92' lang='lat' dir='ltr'>et</span> <span class='ocrx_word' id='word_1_340' title='bbox 1055 4680 1155 4720; x_wconf 88' lang='lat' dir='ltr'>osores</span> <span class='ocrx_word' id='word_1_341' title='bbox 1170 4660 1223 4719; x_wconf 90' lang='lat' dir='ltr'>ini·</span> 
     </span>
     <span class='ocr_line' id='line_1_42' title="bbox 85 4752 467 4827; baseline -0.01 -11"><span class='ocrx_word' id='word_1_342' title='bbox 85 4756 240 4827; x_wconf 86' lang='lat' dir='ltr'>quissime</span> <span class='ocrx_word' id='word_1_343' title='bbox 254 4752 467 4813; x_wconf 82' lang='lat' dir='ltr'>traduxissent.</span> 
     </span>
    </p>
   </div>
   <div class='ocr_carea' id='block_1_9' title="bbox 1163 4845 1278 4926">
    <p class='ocr_par' dir='ltr' id='par_1_9' title="bbox 1163 4845 1278 4926">
     <span class='ocr_line' id='line_1_43' title="bbox 1163 4845 1278 4926; baseline 0 -76"><span class='ocrx_word' id='word_1_344' title='bbox 1163 4864 1181 4926; x_wconf 68' lang='lat'>7</span> <span class='ocrx_word' id='word_1_345' title='bbox 1275 4845 1278 4850; x_wconf 85' lang='grc'><em>,</em></span> 
     </span>
    </p>
   </div>
   <div class='ocr_carea' id='block_1_10' title="bbox 0 0 1750 5525">
    <p class='ocr_par' dir='ltr' id='par_1_10' title="bbox 0 0 1750 5525">
     <span class='ocr_line' id='line_1_44' title="bbox 0 0 1750 5525; baseline 0 3"><span class='ocrx_word' id='word_1_346' title='bbox 0 0 1750 5525; x_wconf 95' lang='lat' dir='ltr'> </span> 
     </span>
    </p>
   </div>
  </div>
 </body>
</html>
