3492 5525
237 474 359 538 Aasrc.
375 486 434 536 aa·
449 472 620 551 Quouooo
633 488 816 539 amurcam
831 490 918 537 ruer„
938 490 971 535 m
985 488 1101 538 ooucc.
1137 467 1198 553 819

116 672 162 719 sae
180 654 288 721 solum
303 654 487 721 illuminant
504 651 723 730 intellectum,
745 672 804 720 nec
823 654 928 721 ullum
953 654 1236 738 complementum

115 758 325 829 intrinsecum
344 761 469 829 addunt
491 760 548 841 illi;
574 760 736 828 nonsatis
755 761 945 847 percipitur,
965 762 1136 845 quomodo
1159 778 1239 827 con-

113 868 217 937 clusio
234 868 431 936 assimiletur
449 869 529 948 illis,
550 868 719 953 quomodo
737 888 780 936 ex
796 870 865 935 sola
884 868 1039 935 varietate
1056 867 1235 955 adjumenti

115 995 195 1060 pure
222 977 391 1042 extrinseci
418 977 559 1043 varietur
585 974 782 1060 specificatio
809 976 1028 1043 conclusionis
1054 975 1236 1042 secundum

112 1084 340 1151 certitudinem
360 1084 412 1150 vel
432 1083 691 1168 probabilitatem
710 1083 830 1165 aliasve
847 1083 944 1151 dotes
961 1085 1124 1170 ejusdem.

179 1188 216 1283 γ)
244 1191 390 1277 Denique
417 1191 634 1275 dependentia
659 1190 918 1259 conclusionisa
940 1191 1119 1277 praemissis
1146 1200 1236 1259 tanta

113 1308 180 1374 est,
201 1306 239 1365 ut
250 1298 364 1365 eadem
384 1300 517 1365 assertio
535 1307 689 1366 contenta
707 1298 740 1365 in
760 1299 970 1365 conclusione
982 1299 1145 1365 desineret
1163 1318 1237 1367 esse

112 1407 297 1483 conclusio,
318 1406 379 1473 nisi
397 1406 506 1490 aliquo
525 1408 640 1475 saltem
662 1406 761 1473 modo
780 1406 970 1492 procederet
988 1425 1030 1472 ex
1044 1406 1232 1495 praemissis.

112 1513 196 1589 Quae
212 1533 311 1582 causa
336 1523 403 1591 est,
424 1533 482 1581 cur
505 1514 731 1582 conclusiones
748 1514 956 1582 discursuum
976 1522 1182 1595 nostrorum,
1197 1514 1236 1583 li·

111 1631 163 1687 cet
192 1622 404 1690 enuntientur
431 1623 473 1725 ab
498 1622 640 1708 angelis,
670 1633 872 1689 nontamen
904 1622 1045 1691 habeant
1075 1623 1234 1746 rationem

111 1837 219 1905 tiones
236 1838 446 1916 discurrendo
475 1856 533 1905 seu
557 1837 724 1905 inserendo
744 1838 813 1905 illas
838 1857 880 1905 ex
905 1837 1100 1923 premissis,
1120 1858 1158 1904 ac
1176 1858 1235 1923 per

111 1944 271 2013 influxum
292 1947 500 2025 earumdem,
520 1946 579 2013 sed
597 1945 785 2013 immediate
802 1954 901 2031 atque
920 1947 1017 2013 unico
1035 1946 1236 2031 simplicissi-

113 2071 170 2118 mo
189 2062 274 2121 actu.

178 2164 298 2249 Dices,
314 2162 516 2229 intellectum
535 2181 576 2228 ex
598 2179 638 2226 eo
661 2162 751 2246 quod
770 2171 820 2228 est
838 2162 1084 2247 cognoscitivus
1102 2161 1235 2229 eviden-

111 2278 176 2347 ter,
194 2270 400 2355 probabiliter
414 2279 446 2335 et
465 2270 660 2345 discursive,
672 2270 873 2337 sufficienter
884 2269 1066 2347 continere,
1083 2272 1235 2356 supposi-

110 2377 153 2442 tis
168 2377 338 2463 speciebus
356 2376 784 2462 terminorum,‚praedicata
802 2396 860 2443 seu
884 2377 1095 2445 formalitates
1117 2397 1234 2444 omnes

111 2483 197 2562 illas,
218 2484 298 2565 quin
317 2502 400 2569 opus
426 2484 468 2551 sit
489 2503 620 2551 recursu
646 2484 687 2552 ad
710 2486 910 2569 praemissas,
938 2484 999 2550 nisi
1018 2503 1076 2569 per
1095 2486 1232 2554 modum

110 2590 349 2676 applicationis,
364 2600 423 2658 aut
442 2591 664 2677 comprincipii
684 2592 846 2659 moraliter
867 2592 1131 2735 praecontinentis
1156 2612 1235 2661 con-

109 2699 305 2767 elusionem.

177 2815 282 2892 Resp.
300 2826 373 2892 neg
401 2815 574 2876 assertum.
596 2807 630 2874 Si
656 2808 744 2874 enim
771 2809 898 2892 absque
921 2809 1014 2874 ulla'
1006 2827 1039 2875 tn
1063 2811 1233 2894 speciebus

110 2915 292 2981 mutatione
308 2914 377 2982 sieri
394 2923 518 3000 potest,
535 2935 572 2981 ac
591 2933 687 2998 porro
701 2914 755 2992 stt,
776 2927 813 2983 ut
831 2917 998 2984 conclusio
1012 2919 1127 2984 eadem
1143 2919 1233 3004 obje-

107 3024 195 3089 ctive
209 3024 349 3090 varietur
366 3024 399 3089 in
422 3042 481 3090 sua
509 3031 622 3090 natura
646 3023 776 3110 physica
805 3041 863 3106 pro
883 3024 952 3091 sola
971 3027 1123 3091 varietate
1151 3046 1234 3110 prae,

109 3132 303 3207 missarum,
333 3149 463 3197 necesse
483 3139 532 3197 est
554 3131 586 3198 in
606 3129 657 3197 his
679 3130 820 3213 aliquam
843 3131 1041 3200 activitatem
1056 3152 1233 3219 agnoscere

108 3237 338 3322 influxumque
354 3239 523 3324 majorem,
541 3221 641 3324 quarn
657 3238 700 3306 sit
713 3237 857 3306 iniluxus
873 3257 963 3323 pure
974 3240 1168 3308 conditionis
1179 3243 1231 3308 vel

109 3346 209 3413 etiam
229 3365 335 3414 causae
352 3347 496 3413 moralis.

155 3460 257 3523 Prob.
274 3454 327 3523 αὖ)
374 3453 536 3520 blotivum
550 3453 685 3520 formale
700 3461 792 3520 actus
803 3462 853 3520 est
867 3471 964 3520 causa
980 3453 1127 3528 efficiens
1144 3456 1231 3540 ejus-

107 3565 199 3630 dem.
222 3563 321 3646 Atqui
348 3561 524 3647 praemissae
545 3568 624 3628 sunt
644 3561 807 3628 motivum
835 3563 972 3628 formale
997 3563 1230 3640 conclusionis,

109 3691 186 3740 nam
207 3680 284 3737 sunt
300 3671 380 3736 ratio
391 3669 563 3754 impellens
581 3669 622 3735 ad
641 3667 726 3735 illius
744 3687 930 3736 assensum.
950 3670 1074 3755 Ergo...

178 3777 253 3844 llaec
272 3787 383 3846 tamen
399 3777 479 3846 ratio
495 3776 610 3862 probat
631 3777 764 3861 quidem
785 3777 986 3863 praemissas,
1009 3780 1124 3845 saltem
1144 3777 1234 3864 obje-

107 3888 194 3954 ctive
206 3893 383 3971 spectatas,
399 3903 472 3952 esse
486 3903 617 3952 causam
636 3883 851 3968 efficientem3
872 3893 906 3951 at
924 3903 990 3952 non
1012 3884 1141 3953 videtur
1159 3905 1234 3971 pro·

107 3997 202 4072 bare,
222 3993 311 4078 quod
330 3991 507 4079 praemissae
522 3991 700 4078 subjective
714 4001 886 4078 spectate,
905 4011 964 4060 seu
982 4011 1137 4062 assensus
1155 3993 1231 4078 ipsi,

22 4177 24 4184 y
108 4105 142 4169 in
161 4103 281 4187 quibus
300 4103 443 4170 relucent
465 4103 590 4169 motiva
611 4101 810 4185 impellentia
834 4102 1035 4168 intellectum
1062 4103 1102 4170 ad
1120 4119 1234 4170 assen-

108 4229 184 4276 sum
199 4209 433 4287 conclusionis,
450 4209 515 4277 sint
534 4210 633 4294 hujus
647 4225 743 4276 causa
760 4208 918 4278 efficiens.

175 4323 331 4403 Denique
344 4324 579 4397 confirmatur,
591 4315 666 4401 quia
678 4317 800 4401 species
813 4315 969 4402 impressa
979 4317 1141 4386 concurrit
1151 4317 1233 4404 phy·

108 4427 175 4494 sice
200 4425 240 4491 ad
264 4425 471 4494 ellectionem
490 4423 698 4511 cognitionis.
727 4424 828 4508 Atqui
855 4425 1032 4509 praemissae
1057 4424 1179 4492 habent
1197 4444 1233 4492 se

108 4533 211 4601 instar
229 4533 348 4620 speciei
363 4535 404 4600 ad
417 4533 676 4600 conclusionem.
693 4531 818 4618 Ergo...

175 4649 279 4711 Dices
304 4660 382 4708 cum
403 4641 555 4726 Arriaga,
587 4659 653 4707 non
679 4639 863 4726 praemissas
891 4637 996 4724 ipsas,
1024 4639 1082 4710 sed
1107 4639 1234 4726 species

107 4751 352 4838 praemissarum
367 4767 559 4817 concurrere
580 4749 621 4815 ad
645 4747 836 4815 eliciendam
857 4747 1233 4828 conclusionem-Sed
