<?xml version="1.0" encoding="UTF-8"?>
<!DOCTYPE html PUBLIC "-//W3C//DTD XHTML 1.0 Transitional//EN"
    "http://www.w3.org/TR/xhtml1/DTD/xhtml1-transitional.dtd">
<html xmlns="http://www.w3.org/1999/xhtml" xml:lang="en" lang="en">
 <head>
  <title>
</title>
<meta http-equiv="Content-Type" content="text/html;charset=utf-8" />
  <meta name='ocr-system' content='tesseract 3.04.00' />
  <meta name='ocr-capabilities' content='ocr_page ocr_carea ocr_par ocr_line ocrx_word'/>
</head>
<body>
  <div class='ocr_page' id='page_1' title='image "./institutionesph00urrgoog/institutionesph00urrgoog_0288.png"; bbox 0 0 3492 5525; ppageno 0'>
   <div class='ocr_carea' id='block_1_1' title="bbox 535 469 1390 558">
    <p class='ocr_par' dir='ltr' id='par_1_1' title="bbox 535 469 1390 558">
     <span class='ocr_line' id='line_1_1' title="bbox 535 469 1390 558; baseline -0.004 -18"><span class='ocrx_word' id='word_1_1' title='bbox 535 477 594 558; x_wconf 79' lang='lat'><strong>264</strong></span> <span class='ocrx_word' id='word_1_2' title='bbox 724 475 851 542; x_wconf 82' lang='lat' dir='ltr'><strong>Loorcx</strong></span> <span class='ocrx_word' id='word_1_3' title='bbox 870 469 1193 537; x_wconf 72' lang='lat' dir='ltr'><strong>Mruoa-Drso..2.·</strong></span> <span class='ocrx_word' id='word_1_4' title='bbox 1216 471 1295 535; x_wconf 74' lang='lat' dir='ltr'><strong>Cae.</strong></span> <span class='ocrx_word' id='word_1_5' title='bbox 1318 487 1390 538; x_wconf 57' lang='lat' dir='ltr'><strong>ase</strong></span> 
     </span>
    </p>
   </div>
   <div class='ocr_carea' id='block_1_2' title="bbox 281 655 1729 3981">
    <p class='ocr_par' dir='ltr' id='par_1_2' title="bbox 281 655 1729 3981">
     <span class='ocr_line' id='line_1_2' title="bbox 494 655 1617 744; baseline -0.007 -15"><span class='ocrx_word' id='word_1_6' title='bbox 494 661 647 729; x_wconf 82' lang='lat' dir='ltr'>tenebras</span> <span class='ocrx_word' id='word_1_7' title='bbox 673 669 804 744; x_wconf 89' lang='lat' dir='ltr'><strong>repente</strong></span> <span class='ocrx_word' id='word_1_8' title='bbox 829 659 869 725; x_wconf 89' lang='lat' dir='ltr'><strong>in·</strong></span> <span class='ocrx_word' id='word_1_9' title='bbox 889 658 1041 724; x_wconf 87' lang='lat' dir='ltr'><strong>Passione</strong></span> <span class='ocrx_word' id='word_1_10' title='bbox 1067 655 1198 722; x_wconf 86' lang='lat' dir='ltr'><strong>Domini</strong></span> <span class='ocrx_word' id='word_1_11' title='bbox 1217 655 1447 723; x_wconf 84' lang='lat' dir='ltr'><strong>incumbentes</strong></span> <span class='ocrx_word' id='word_1_12' title='bbox 1468 656 1617 729; x_wconf 80' lang='lat' dir='ltr'>miratus,</span> 
     </span>
     <span class='ocr_line' id='line_1_3' title="bbox 494 765 1619 846; baseline -0.004 -11"><span class='ocrx_word' id='word_1_13' title='bbox 494 771 696 836; x_wconf 82' lang='lat' dir='ltr'>exclamasse</span> <span class='ocrx_word' id='word_1_14' title='bbox 715 770 832 836; x_wconf 87' lang='lat' dir='ltr'><strong>lertur:</strong></span> <span class='ocrx_word' id='word_1_15' title='bbox 855 769 930 834; x_wconf 86' lang='lat' dir='ltr'><strong>Aui</strong></span> <span class='ocrx_word' id='word_1_16' title='bbox 945 768 1035 833; x_wconf 89' lang='lat' dir='ltr'><strong>Deus</strong></span> <span class='ocrx_word' id='word_1_17' title='bbox 1052 768 1177 834; x_wconf 79' lang='lat' dir='ltr'><strong>nature</strong></span> <span class='ocrx_word' id='word_1_18' title='bbox 1185 765 1324 846; x_wconf 80' lang='lat' dir='ltr'><strong>petitur,</strong></span> <span class='ocrx_word' id='word_1_19' title='bbox 1343 767 1402 831; x_wconf 86' lang='lat' dir='ltr'><strong>aui</strong></span> <span class='ocrx_word' id='word_1_20' title='bbox 1422 765 1534 830; x_wconf 85' lang='lat' dir='ltr'><strong>mundi</strong></span> <span class='ocrx_word' id='word_1_21' title='bbox 1553 783 1619 830; x_wconf 87' lang='lat' dir='ltr'><strong>ma·</strong></span> 
     </span>
     <span class='ocr_line' id='line_1_4' title="bbox 493 873 862 964; baseline -0.003 -22"><span class='ocrx_word' id='word_1_22' title='bbox 493 876 587 944; x_wconf 82' lang='lat' dir='ltr'><strong>cbiaa</strong></span> <span class='ocrx_word' id='word_1_23' title='bbox 597 875 782 944; x_wconf 82' lang='lat' dir='ltr'><strong>dissolvitur</strong></span> <span class='ocrx_word' id='word_1_24' title='bbox 798 873 812 964; x_wconf 94' lang='lat'>(</span> <span class='ocrx_word' id='word_1_25' title='bbox 835 875 862 962; x_wconf 83' lang='lat'><strong>).</strong></span> 
     </span>
     <span class='ocr_line' id='line_1_5' title="bbox 344 981 1618 1070; baseline -0.002 -17"><span class='ocrx_word' id='word_1_26' title='bbox 344 1019 419 1065; x_wconf 51' lang='lat' dir='ltr'><strong>nn„</strong></span> <span class='ocrx_word' id='word_1_27' title='bbox 565 983 631 1052; x_wconf 86' lang='lat' dir='ltr'><strong>Sed</strong></span> <span class='ocrx_word' id='word_1_28' title='bbox 649 984 920 1070; x_wconf 88' lang='lat' dir='ltr'><strong>disjunctivarum</strong></span> <span class='ocrx_word' id='word_1_29' title='bbox 951 984 1018 1049; x_wconf 93' lang='lat' dir='ltr'><strong>duo</strong></span> <span class='ocrx_word' id='word_1_30' title='bbox 1045 981 1290 1068; x_wconf 83' lang='lat' dir='ltr'><strong>distinguuntur</strong></span> <span class='ocrx_word' id='word_1_31' title='bbox 1314 1000 1449 1067; x_wconf 81' lang='lat' dir='ltr'><strong>genera,</strong></span> <span class='ocrx_word' id='word_1_32' title='bbox 1479 985 1618 1050; x_wconf 87' lang='lat' dir='ltr'><strong>alterum</strong></span> 
     </span>
     <span class='ocr_line' id='line_1_6' title="bbox 314 1085 1620 1208; baseline -0.003 -48"><span class='ocrx_word' id='word_1_33' title='bbox 314 1085 455 1208; x_wconf 48' lang='lat' dir='ltr'><strong>effi*</strong></span> <span class='ocrx_word' id='word_1_34' title='bbox 498 1094 612 1172; x_wconf 86' lang='lat' dir='ltr'><strong>stricte</strong></span> <span class='ocrx_word' id='word_1_35' title='bbox 639 1091 875 1179; x_wconf 89' lang='lat' dir='ltr'><strong>disjunctivum</strong></span> <span class='ocrx_word' id='word_1_36' title='bbox 900 1109 958 1158; x_wconf 91' lang='lat' dir='ltr'><strong>seu</strong></span> <span class='ocrx_word' id='word_1_37' title='bbox 977 1089 1186 1168; x_wconf 84' lang='lat' dir='ltr'><em>exclusivum,</em></span> <span class='ocrx_word' id='word_1_38' title='bbox 1212 1092 1350 1156; x_wconf 88' lang='lat' dir='ltr'><strong>alterurn</strong></span> <span class='ocrx_word' id='word_1_39' title='bbox 1372 1092 1434 1156; x_wconf 92' lang='lat' dir='ltr'><strong>late</strong></span> <span class='ocrx_word' id='word_1_40' title='bbox 1453 1092 1620 1177; x_wconf 87' lang='lat' dir='ltr'><strong>disjuncti-</strong></span> 
     </span>
     <span class='ocr_line' id='line_1_7' title="bbox 281 1177 1729 1290; baseline -0.001 -23"><span class='ocrx_word' id='word_1_41' title='bbox 281 1179 349 1282; x_wconf 44' lang='lat' dir='ltr'><strong>aro}</strong></span> <span class='ocrx_word' id='word_1_42' title='bbox 364 1177 576 1290; x_wconf 48' lang='lat' dir='ltr'><strong>rssffimvum</strong></span> <span class='ocrx_word' id='word_1_43' title='bbox 606 1217 665 1268; x_wconf 90' lang='lat' dir='ltr'><strong>seu</strong></span> <span class='ocrx_word' id='word_1_44' title='bbox 686 1199 921 1284; x_wconf 76' lang='lat' dir='ltr'><em>permissivum.</em></span> <span class='ocrx_word' id='word_1_45' title='bbox 949 1197 1150 1283; x_wconf 76' lang='lat' dir='ltr'><strong>Disiunctiva</strong></span> <span class='ocrx_word' id='word_1_46' title='bbox 1173 1198 1339 1265; x_wconf 89' lang='lat' dir='ltr'><strong>exclusiva</strong></span> <span class='ocrx_word' id='word_1_47' title='bbox 1368 1209 1418 1266; x_wconf 87' lang='lat' dir='ltr'><strong>est</strong></span> <span class='ocrx_word' id='word_1_48' title='bbox 1444 1199 1512 1276; x_wconf 91' lang='lat' dir='ltr'><strong>illa,</strong></span> <span class='ocrx_word' id='word_1_49' title='bbox 1545 1219 1620 1283; x_wconf 85' lang='lat' dir='ltr'><strong>quae</strong></span> <span class='ocrx_word' id='word_1_50' title='bbox 1728 1233 1729 1266; x_wconf 63' lang='lat' dir='ltr'><strong>r</strong></span> 
     </span>
     <span class='ocr_line' id='line_1_8' title="bbox 295 1303 1729 1394; baseline -0.001 -17"><span class='ocrx_word' id='word_1_51' title='bbox 295 1306 473 1362; x_wconf 48' lang='lat' dir='ltr'><strong>“immi&#39;‘</strong></span> <span class='ocrx_word' id='word_1_52' title='bbox 494 1309 611 1378; x_wconf 80' lang='lat' dir='ltr'><strong>statuit</strong></span> <span class='ocrx_word' id='word_1_53' title='bbox 629 1308 872 1393; x_wconf 91' lang='lat' dir='ltr'><strong>oppositionem</strong></span> <span class='ocrx_word' id='word_1_54' title='bbox 892 1307 975 1372; x_wconf 89' lang='lat' dir='ltr'><strong>inter</strong></span> <span class='ocrx_word' id='word_1_55' title='bbox 996 1304 1145 1372; x_wconf 88' lang='lat' dir='ltr'><strong>membra</strong></span> <span class='ocrx_word' id='word_1_56' title='bbox 1163 1303 1223 1380; x_wconf 89' lang='lat' dir='ltr'><strong>ita,</strong></span> <span class='ocrx_word' id='word_1_57' title='bbox 1245 1314 1282 1371; x_wconf 92' lang='lat' dir='ltr'><strong>ut</strong></span> <span class='ocrx_word' id='word_1_58' title='bbox 1306 1307 1374 1372; x_wconf 93' lang='lat' dir='ltr'><strong>duo</strong></span> <span class='ocrx_word' id='word_1_59' title='bbox 1393 1307 1491 1374; x_wconf 91' lang='lat' dir='ltr'><strong>simul</strong></span> <span class='ocrx_word' id='word_1_60' title='bbox 1506 1307 1619 1375; x_wconf 89' lang='lat' dir='ltr'><strong>sociari</strong></span> <span class='ocrx_word' id='word_1_61' title='bbox 1728 1375 1729 1394; x_wconf 23' lang='lat' dir='ltr'><strong>p</strong></span> 
     </span>
     <span class='ocr_line' id='line_1_9' title="bbox 496 1415 1620 1502; baseline -0.001 -19"><span class='ocrx_word' id='word_1_62' title='bbox 496 1426 680 1501; x_wconf 80' lang='lat' dir='ltr'><strong>nequeant,</strong></span> <span class='ocrx_word' id='word_1_63' title='bbox 706 1429 742 1484; x_wconf 91' lang='lat' dir='ltr'><strong>ut</strong></span> <span class='ocrx_word' id='word_1_64' title='bbox 765 1436 798 1481; x_wconf 92' lang='lat' dir='ltr'><strong>v.</strong></span> <span class='ocrx_word' id='word_1_65' title='bbox 818 1435 869 1502; x_wconf 64' lang='lat' dir='ltr'><strong>gs</strong></span> <span class='ocrx_word' id='word_1_66' title='bbox 889 1416 1003 1481; x_wconf 84' lang='lat' dir='ltr'><strong>Petrus</strong></span> <span class='ocrx_word' id='word_1_67' title='bbox 1026 1418 1086 1480; x_wconf 86' lang='lat' dir='ltr'><strong>aut</strong></span> <span class='ocrx_word' id='word_1_68' title='bbox 1104 1417 1244 1479; x_wconf 76' lang='lat' dir='ltr'><strong>monebar</strong></span> <span class='ocrx_word' id='word_1_69' title='bbox 1261 1418 1320 1479; x_wconf 86' lang='lat' dir='ltr'><strong>aui</strong></span> <span class='ocrx_word' id='word_1_70' title='bbox 1333 1415 1480 1499; x_wconf 84' lang='lat' dir='ltr'><strong>quiescit:</strong></span> <span class='ocrx_word' id='word_1_71' title='bbox 1499 1423 1532 1480; x_wconf 90' lang='lat' dir='ltr'><strong>et</strong></span> <span class='ocrx_word' id='word_1_72' title='bbox 1551 1417 1620 1482; x_wconf 86' lang='lat' dir='ltr'><strong>haec</strong></span> 
     </span>
     <span class='ocr_line' id='line_1_10' title="bbox 496 1519 1729 1616; baseline 0 -26"><span class='ocrx_word' id='word_1_73' title='bbox 496 1522 623 1609; x_wconf 81' lang='lat' dir='ltr'><strong>proprie</strong></span> <span class='ocrx_word' id='word_1_74' title='bbox 642 1531 693 1590; x_wconf 90' lang='lat' dir='ltr'><strong>est</strong></span> <span class='ocrx_word' id='word_1_75' title='bbox 711 1523 909 1610; x_wconf 86' lang='lat' dir='ltr'><strong>disjunctiva</strong></span> <span class='ocrx_word' id='word_1_76' title='bbox 928 1519 1126 1606; x_wconf 85' lang='lat' dir='ltr'><strong>propositio,</strong></span> <span class='ocrx_word' id='word_1_77' title='bbox 1147 1521 1309 1605; x_wconf 87' lang='lat' dir='ltr'><strong>siquidem</strong></span> <span class='ocrx_word' id='word_1_78' title='bbox 1324 1540 1481 1607; x_wconf 82' lang='lat' dir='ltr'><strong>germana</strong></span> <span class='ocrx_word' id='word_1_79' title='bbox 1495 1523 1621 1590; x_wconf 87' lang='lat' dir='ltr'><strong>indoles</strong></span> <span class='ocrx_word' id='word_1_80' title='bbox 1728 1543 1729 1616; x_wconf 68' lang='lat' dir='ltr'><strong>r</strong></span> 
     </span>
     <span class='ocr_line' id='line_1_11' title="bbox 494 1611 1729 1713; baseline 0 -17"><span class='ocrx_word' id='word_1_81' title='bbox 494 1630 581 1698; x_wconf 89' lang='lat' dir='ltr'><strong>illius</strong></span> <span class='ocrx_word' id='word_1_82' title='bbox 597 1632 630 1698; x_wconf 94' lang='lat' dir='ltr'><strong>in</strong></span> <span class='ocrx_word' id='word_1_83' title='bbox 649 1649 689 1696; x_wconf 87' lang='lat' dir='ltr'><strong>eo</strong></span> <span class='ocrx_word' id='word_1_84' title='bbox 709 1639 794 1697; x_wconf 87' lang='lat' dir='ltr'><strong>stare</strong></span> <span class='ocrx_word' id='word_1_85' title='bbox 812 1615 960 1706; x_wconf 73' lang='lat' dir='ltr'><strong>videtur,</strong></span> <span class='ocrx_word' id='word_1_86' title='bbox 980 1638 1017 1696; x_wconf 93' lang='lat' dir='ltr'><strong>ut</strong></span> <span class='ocrx_word' id='word_1_87' title='bbox 1036 1645 1136 1709; x_wconf 84' lang='lat' dir='ltr'><strong>unam</strong></span> <span class='ocrx_word' id='word_1_88' title='bbox 1165 1649 1183 1694; x_wconf 87' lang='lat' dir='ltr'><strong>e</strong></span> <span class='ocrx_word' id='word_1_89' title='bbox 1206 1611 1352 1713; x_wconf 85' lang='lat' dir='ltr'><strong>partibus</strong></span> <span class='ocrx_word' id='word_1_90' title='bbox 1370 1630 1621 1699; x_wconf 85' lang='lat' dir='ltr'><strong>indeterminate</strong></span> <span class='ocrx_word' id='word_1_91' title='bbox 1728 1629 1729 1640; x_wconf 75' lang='grc'>’</span> 
     </span>
     <span class='ocr_line' id='line_1_12' title="bbox 496 1735 1621 1824; baseline 0.001 -20"><span class='ocrx_word' id='word_1_92' title='bbox 496 1739 629 1816; x_wconf 82' lang='lat' dir='ltr'><strong>inierat,</strong></span> <span class='ocrx_word' id='word_1_93' title='bbox 648 1739 773 1806; x_wconf 89' lang='lat' dir='ltr'><strong>caeteris</strong></span> <span class='ocrx_word' id='word_1_94' title='bbox 788 1735 941 1804; x_wconf 84' lang='lat' dir='ltr'><strong>exclusis.</strong></span> <span class='ocrx_word' id='word_1_95' title='bbox 957 1735 1152 1802; x_wconf 85' lang='lat' dir='ltr'><strong>Permissiva</strong></span> <span class='ocrx_word' id='word_1_96' title='bbox 1166 1754 1255 1812; x_wconf 86' lang='lat' dir='ltr'><strong>vero,</strong></span> <span class='ocrx_word' id='word_1_97' title='bbox 1277 1739 1327 1802; x_wconf 85' lang='lat' dir='ltr'><strong>vel</strong></span> <span class='ocrx_word' id='word_1_98' title='bbox 1343 1737 1508 1821; x_wconf 86' lang='lat' dir='ltr'><strong>praecisiva</strong></span> <span class='ocrx_word' id='word_1_99' title='bbox 1521 1750 1621 1824; x_wconf 90' lang='lat' dir='ltr'><strong>atque</strong></span> 
     </span>
     <span class='ocr_line' id='line_1_13' title="bbox 495 1844 1622 1932; baseline 0.002 -19"><span class='ocrx_word' id='word_1_100' title='bbox 495 1847 688 1932; x_wconf 87' lang='lat' dir='ltr'><strong>impropria,</strong></span> <span class='ocrx_word' id='word_1_101' title='bbox 709 1857 761 1914; x_wconf 88' lang='lat' dir='ltr'><strong>est</strong></span> <span class='ocrx_word' id='word_1_102' title='bbox 780 1866 833 1921; x_wconf 87' lang='lat' dir='ltr'><strong>ea,</strong></span> <span class='ocrx_word' id='word_1_103' title='bbox 857 1863 933 1930; x_wconf 83' lang='lat' dir='ltr'><strong>quae</strong></span> <span class='ocrx_word' id='word_1_104' title='bbox 953 1863 1019 1910; x_wconf 92' lang='lat' dir='ltr'><strong>non</strong></span> <span class='ocrx_word' id='word_1_105' title='bbox 1039 1844 1178 1911; x_wconf 87' lang='lat' dir='ltr'><strong>intendit</strong></span> <span class='ocrx_word' id='word_1_106' title='bbox 1197 1863 1308 1910; x_wconf 86' lang='lat' dir='ltr'><strong>veram</strong></span> <span class='ocrx_word' id='word_1_107' title='bbox 1327 1854 1469 1912; x_wconf 85' lang='lat' dir='ltr'><strong>statuere</strong></span> <span class='ocrx_word' id='word_1_108' title='bbox 1488 1847 1622 1932; x_wconf 90' lang='lat' dir='ltr'><strong>opposi-</strong></span> 
     </span>
     <span class='ocr_line' id='line_1_14' title="bbox 495 1950 1622 2036; baseline 0.001 -15"><span class='ocrx_word' id='word_1_109' title='bbox 495 1954 621 2022; x_wconf 83' lang='lat' dir='ltr'><strong>tionem</strong></span> <span class='ocrx_word' id='word_1_110' title='bbox 642 1953 843 2021; x_wconf 88' lang='lat' dir='ltr'><strong>exclusivam</strong></span> <span class='ocrx_word' id='word_1_111' title='bbox 868 1954 952 2018; x_wconf 91' lang='lat' dir='ltr'><strong>inter</strong></span> <span class='ocrx_word' id='word_1_112' title='bbox 975 1950 1123 2018; x_wconf 87' lang='lat' dir='ltr'><strong>membra</strong></span> <span class='ocrx_word' id='word_1_113' title='bbox 1141 1953 1193 2017; x_wconf 86' lang='lat' dir='ltr'><strong>vel</strong></span> <span class='ocrx_word' id='word_1_114' title='bbox 1213 1961 1336 2036; x_wconf 88' lang='lat' dir='ltr'><strong>partes,</strong></span> <span class='ocrx_word' id='word_1_115' title='bbox 1358 1953 1535 2021; x_wconf 90' lang='lat' dir='ltr'><strong>sedunam</strong></span> <span class='ocrx_word' id='word_1_116' title='bbox 1559 1961 1622 2022; x_wconf 85' lang='lat' dir='ltr'><strong>sal-</strong></span> 
     </span>
     <span class='ocr_line' id='line_1_15' title="bbox 498 2058 1624 2149; baseline 0.001 -20"><span class='ocrx_word' id='word_1_117' title='bbox 498 2067 557 2129; x_wconf 85' lang='lat' dir='ltr'><strong>iem</strong></span> <span class='ocrx_word' id='word_1_118' title='bbox 574 2081 687 2128; x_wconf 87' lang='lat' dir='ltr'><strong>earum</strong></span> <span class='ocrx_word' id='word_1_119' title='bbox 707 2079 850 2146; x_wconf 85' lang='lat' dir='ltr'><strong>ponere,</strong></span> <span class='ocrx_word' id='word_1_120' title='bbox 873 2058 1035 2144; x_wconf 90' lang='lat' dir='ltr'><strong>quidquid</strong></span> <span class='ocrx_word' id='word_1_121' title='bbox 1053 2059 1094 2125; x_wconf 91' lang='lat' dir='ltr'><strong>sit</strong></span> <span class='ocrx_word' id='word_1_122' title='bbox 1113 2059 1154 2126; x_wconf 87' lang='lat' dir='ltr'><strong>de</strong></span> <span class='ocrx_word' id='word_1_123' title='bbox 1172 2060 1232 2124; x_wconf 88' lang='lat' dir='ltr'><strong>alia</strong></span> <span class='ocrx_word' id='word_1_124' title='bbox 1251 2061 1303 2125; x_wconf 92' lang='lat' dir='ltr'><strong>vel</strong></span> <span class='ocrx_word' id='word_1_125' title='bbox 1321 2061 1409 2138; x_wconf 91' lang='lat' dir='ltr'><strong>aliis,</strong></span> <span class='ocrx_word' id='word_1_126' title='bbox 1430 2083 1464 2129; x_wconf 93' lang='lat' dir='ltr'><strong>v.</strong></span> <span class='ocrx_word' id='word_1_127' title='bbox 1485 2079 1534 2149; x_wconf 62' lang='lat' dir='ltr'><strong>gs</strong></span> <span class='ocrx_word' id='word_1_128' title='bbox 1555 2067 1624 2130; x_wconf 84' lang='lat' dir='ltr'><strong>Aut</strong></span> 
     </span>
     <span class='ocr_line' id='line_1_16' title="bbox 496 2167 1620 2252; baseline 0 -16"><span class='ocrx_word' id='word_1_129' title='bbox 496 2168 611 2236; x_wconf 83' lang='lat' dir='ltr'><strong>Petrus</strong></span> <span class='ocrx_word' id='word_1_130' title='bbox 627 2172 687 2236; x_wconf 84' lang='lat' dir='ltr'><strong>aui</strong></span> <span class='ocrx_word' id='word_1_131' title='bbox 706 2170 833 2235; x_wconf 84' lang='lat' dir='ltr'><strong>Paulus</strong></span> <span class='ocrx_word' id='word_1_132' title='bbox 854 2169 960 2236; x_wconf 77' lang='lat' dir='ltr'><strong>Rome</strong></span> <span class='ocrx_word' id='word_1_133' title='bbox 981 2167 1139 2242; x_wconf 85' lang='lat' dir='ltr'><strong>occubuit,</strong></span> <span class='ocrx_word' id='word_1_134' title='bbox 1172 2167 1203 2233; x_wconf 90' lang='lat' dir='ltr'><strong>in</strong></span> <span class='ocrx_word' id='word_1_135' title='bbox 1230 2185 1296 2250; x_wconf 89' lang='lat' dir='ltr'><strong>qua</strong></span> <span class='ocrx_word' id='word_1_136' title='bbox 1314 2169 1535 2252; x_wconf 87' lang='lat' dir='ltr'><strong>propositione</strong></span> <span class='ocrx_word' id='word_1_137' title='bbox 1556 2189 1620 2238; x_wconf 93' lang='lat' dir='ltr'><strong>non</strong></span> 
     </span>
     <span class='ocr_line' id='line_1_17' title="bbox 495 2274 1621 2362; baseline 0.002 -19"><span class='ocrx_word' id='word_1_138' title='bbox 495 2276 676 2350; x_wconf 84' lang='lat' dir='ltr'><strong>intenditur</strong></span> <span class='ocrx_word' id='word_1_139' title='bbox 712 2295 850 2362; x_wconf 85' lang='lat' dir='ltr'><strong>negare,</strong></span> <span class='ocrx_word' id='word_1_140' title='bbox 889 2274 978 2360; x_wconf 93' lang='lat' dir='ltr'><strong>quod</strong></span> <span class='ocrx_word' id='word_1_141' title='bbox 1012 2285 1150 2356; x_wconf 89' lang='lat' dir='ltr'><strong>uterque</strong></span> <span class='ocrx_word' id='word_1_142' title='bbox 1183 2276 1297 2341; x_wconf 86' lang='lat' dir='ltr'><strong>Romae</strong></span> <span class='ocrx_word' id='word_1_143' title='bbox 1329 2277 1542 2356; x_wconf 86' lang='lat' dir='ltr'><strong>occubuerit,</strong></span> <span class='ocrx_word' id='word_1_144' title='bbox 1564 2281 1621 2346; x_wconf 91' lang='lat' dir='ltr'><strong>sed</strong></span> 
     </span>
     <span class='ocr_line' id='line_1_18' title="bbox 496 2381 1485 2461; baseline 0 -10"><span class='ocrx_word' id='word_1_145' title='bbox 496 2384 706 2461; x_wconf 87' lang='lat' dir='ltr'><strong>enuntiatur,</strong></span> <span class='ocrx_word' id='word_1_146' title='bbox 726 2387 836 2450; x_wconf 82' lang='lat' dir='ltr'><strong>saliem</strong></span> <span class='ocrx_word' id='word_1_147' title='bbox 854 2383 993 2449; x_wconf 89' lang='lat' dir='ltr'><strong>alterum</strong></span> <span class='ocrx_word' id='word_1_148' title='bbox 1013 2388 1128 2447; x_wconf 86' lang='lat' dir='ltr'><strong>eorum&#39;</strong></span> <span class='ocrx_word' id='word_1_149' title='bbox 1145 2381 1340 2448; x_wconf 89' lang='lat' dir='ltr'><strong>occubuisse</strong></span> <span class='ocrx_word' id='word_1_150' title='bbox 1359 2385 1485 2452; x_wconf 85' lang='lat' dir='ltr'><strong>Romae.</strong></span> 
     </span>
     <span class='ocr_line' id='line_1_19' title="bbox 564 2491 1621 2578; baseline 0.002 -18"><span class='ocrx_word' id='word_1_151' title='bbox 564 2494 680 2577; x_wconf 87' lang='lat' dir='ltr'><strong>Neque</strong></span> <span class='ocrx_word' id='word_1_152' title='bbox 713 2491 847 2578; x_wconf 86' lang='lat' dir='ltr'><strong>objicias</strong></span> <span class='ocrx_word' id='word_1_153' title='bbox 879 2498 991 2556; x_wconf 89' lang='lat' dir='ltr'><strong>contra</strong></span> <span class='ocrx_word' id='word_1_154' title='bbox 1025 2491 1236 2574; x_wconf 74' lang='lat' dir='ltr'><strong>permissivus</strong></span> <span class='ocrx_word' id='word_1_155' title='bbox 1269 2493 1368 2558; x_wconf 83' lang='lat' dir='ltr'><strong>hasce</strong></span> <span class='ocrx_word' id='word_1_156' title='bbox 1395 2492 1621 2578; x_wconf 85' lang='lat' dir='ltr'><strong>disjunctivas,</strong></span> 
     </span>
     <span class='ocr_line' id='line_1_20' title="bbox 497 2596 1624 2687; baseline 0.002 -20"><span class='ocrx_word' id='word_1_157' title='bbox 497 2603 606 2687; x_wconf 83' lang='lat' dir='ltr'><strong>legem</strong></span> <span class='ocrx_word' id='word_1_158' title='bbox 626 2601 743 2666; x_wconf 87' lang='lat' dir='ltr'><strong>harum</strong></span> <span class='ocrx_word' id='word_1_159' title='bbox 764 2599 1024 2685; x_wconf 91' lang='lat' dir='ltr'><strong>propositionum</strong></span> <span class='ocrx_word' id='word_1_160' title='bbox 1044 2616 1063 2662; x_wconf 87' lang='lat' dir='ltr'><strong>a</strong></span> <span class='ocrx_word' id='word_1_161' title='bbox 1087 2596 1198 2682; x_wconf 88' lang='lat' dir='ltr'><strong>priscis</strong></span> <span class='ocrx_word' id='word_1_162' title='bbox 1218 2597 1397 2665; x_wconf 90' lang='lat' dir='ltr'><strong>Dialecticis</strong></span> <span class='ocrx_word' id='word_1_163' title='bbox 1420 2605 1624 2670; x_wconf 91' lang='lat' dir='ltr'><strong>communis-</strong></span> 
     </span>
     <span class='ocr_line' id='line_1_21' title="bbox 497 2706 1622 2795; baseline -0.001 -16"><span class='ocrx_word' id='word_1_164' title='bbox 497 2710 581 2779; x_wconf 90' lang='lat' dir='ltr'><strong>sime</strong></span> <span class='ocrx_word' id='word_1_165' title='bbox 599 2708 770 2795; x_wconf 78' lang='lat' dir='ltr'><strong>traditam,</strong></span> <span class='ocrx_word' id='word_1_166' title='bbox 791 2717 829 2775; x_wconf 88' lang='lat' dir='ltr'><strong>ut</strong></span> <span class='ocrx_word' id='word_1_167' title='bbox 848 2725 915 2774; x_wconf 91' lang='lat' dir='ltr'><strong>non</strong></span> <span class='ocrx_word' id='word_1_168' title='bbox 936 2707 1038 2791; x_wconf 91' lang='lat' dir='ltr'><strong>possit</strong></span> <span class='ocrx_word' id='word_1_169' title='bbox 1057 2715 1194 2789; x_wconf 90' lang='lat' dir='ltr'><strong>utraque</strong></span> <span class='ocrx_word' id='word_1_170' title='bbox 1215 2724 1288 2791; x_wconf 90' lang='lat' dir='ltr'><strong>pars</strong></span> <span class='ocrx_word' id='word_1_171' title='bbox 1304 2706 1533 2794; x_wconf 85' lang='lat' dir='ltr'><strong>disjunctionis</strong></span> <span class='ocrx_word' id='word_1_172' title='bbox 1547 2731 1622 2778; x_wconf 89' lang='lat' dir='ltr'><strong>vera</strong></span> 
     </span>
     <span class='ocr_line' id='line_1_22' title="bbox 500 2815 1621 2901; baseline 0.003 -18"><span class='ocrx_word' id='word_1_173' title='bbox 500 2836 585 2895; x_wconf 92' lang='lat' dir='ltr'><strong>esse,</strong></span> <span class='ocrx_word' id='word_1_174' title='bbox 608 2818 667 2885; x_wconf 92' lang='lat' dir='ltr'><strong>sed</strong></span> <span class='ocrx_word' id='word_1_175' title='bbox 685 2818 712 2883; x_wconf 91' lang='lat' dir='ltr'><strong>si</strong></span> <span class='ocrx_word' id='word_1_176' title='bbox 736 2835 800 2883; x_wconf 92' lang='lat' dir='ltr'><strong>una</strong></span> <span class='ocrx_word' id='word_1_177' title='bbox 825 2826 982 2901; x_wconf 90' lang='lat' dir='ltr'><strong>ponatur,</strong></span> <span class='ocrx_word' id='word_1_178' title='bbox 1010 2816 1108 2880; x_wconf 88' lang='lat' dir='ltr'><strong>altera</strong></span> <span class='ocrx_word' id='word_1_179' title='bbox 1134 2815 1315 2881; x_wconf 89' lang='lat' dir='ltr'><strong>necessario</strong></span> <span class='ocrx_word' id='word_1_180' title='bbox 1339 2818 1540 2883; x_wconf 90' lang='lat' dir='ltr'><strong>removenda</strong></span> <span class='ocrx_word' id='word_1_181' title='bbox 1567 2820 1621 2895; x_wconf 91' lang='lat' dir='ltr'><strong>sit,</strong></span> 
     </span>
     <span class='ocr_line' id='line_1_23' title="bbox 499 2920 1625 3010; baseline 0.001 -18"><span class='ocrx_word' id='word_1_182' title='bbox 499 2926 783 3010; x_wconf 86' lang='lat' dir='ltr'><strong>quemadmodum</strong></span> <span class='ocrx_word' id='word_1_183' title='bbox 809 2924 906 2990; x_wconf 89' lang='lat' dir='ltr'><strong>docet</strong></span> <span class='ocrx_word' id='word_1_184' title='bbox 936 2922 1005 3006; x_wconf 88' lang='lat' dir='ltr'><strong>ipse</strong></span> <span class='ocrx_word' id='word_1_185' title='bbox 1034 2920 1068 2987; x_wconf 86' lang='lat' dir='ltr'><strong>S.</strong></span> <span class='ocrx_word' id='word_1_186' title='bbox 1100 2920 1245 2989; x_wconf 87' lang='lat' dir='ltr'><strong>Thomas</strong></span> <span class='ocrx_word' id='word_1_187' title='bbox 1273 2924 1325 2987; x_wconf 90' lang='lat' dir='ltr'><strong>vel</strong></span> <span class='ocrx_word' id='word_1_188' title='bbox 1356 2924 1557 3009; x_wconf 90' lang='lat' dir='ltr'><strong>quicumque</strong></span> <span class='ocrx_word' id='word_1_189' title='bbox 1582 2929 1625 2993; x_wconf 91' lang='lat' dir='ltr'><strong>sit</strong></span> 
     </span>
     <span class='ocr_line' id='line_1_24' title="bbox 499 3016 1625 3117; baseline 0.001 -17"><span class='ocrx_word' id='word_1_190' title='bbox 499 3042 615 3101; x_wconf 89' lang='lat' dir='ltr'><strong>auctor</strong></span> <span class='ocrx_word' id='word_1_191' title='bbox 640 3032 777 3099; x_wconf 77' lang='lat' dir='ltr'><strong>Summe</strong></span> <span class='ocrx_word' id='word_1_192' title='bbox 803 3032 899 3097; x_wconf 85' lang='lat' dir='ltr'><strong>letius</strong></span> <span class='ocrx_word' id='word_1_193' title='bbox 925 3030 1041 3115; x_wconf 80' lang='lat' dir='ltr'><strong>Logr&#39;coe</strong></span> <span class='ocrx_word' id='word_1_194' title='bbox 1063 3016 1244 3097; x_wconf 79' lang='lat' dir='ltr'><strong>Ar‘istotuis</strong></span> <span class='ocrx_word' id='word_1_195' title='bbox 1265 3026 1329 3117; x_wconf 82' lang='lat'>(2).</span> <span class='ocrx_word' id='word_1_196' title='bbox 1360 3028 1455 3097; x_wconf 90' lang='lat' dir='ltr'><strong>Unde</strong></span> <span class='ocrx_word' id='word_1_197' title='bbox 1473 3042 1625 3101; x_wconf 88' lang='lat' dir='ltr'><strong>auctores</strong></span> 
     </span>
     <span class='ocr_line' id='line_1_25' title="bbox 499 3137 1625 3226; baseline 0.001 -20"><span class='ocrx_word' id='word_1_198' title='bbox 499 3140 544 3208; x_wconf 92' lang='lat' dir='ltr'><strong>illi</strong></span> <span class='ocrx_word' id='word_1_199' title='bbox 559 3160 626 3209; x_wconf 91' lang='lat' dir='ltr'><strong>non</strong></span> <span class='ocrx_word' id='word_1_200' title='bbox 641 3138 795 3207; x_wconf 90' lang='lat' dir='ltr'><strong>videntur</strong></span> <span class='ocrx_word' id='word_1_201' title='bbox 806 3139 980 3226; x_wconf 83' lang='lat' dir='ltr'><strong>agnovisse</strong></span> <span class='ocrx_word' id='word_1_202' title='bbox 992 3137 1204 3223; x_wconf 87' lang='lat' dir='ltr'><strong>disjunctivas</strong></span> <span class='ocrx_word' id='word_1_203' title='bbox 1217 3138 1438 3222; x_wconf 75' lang='lat' dir='ltr'><strong>permissivus.</strong></span> <span class='ocrx_word' id='word_1_204' title='bbox 1448 3141 1533 3207; x_wconf 90' lang='lat' dir='ltr'><strong>Nam</strong></span> <span class='ocrx_word' id='word_1_205' title='bbox 1553 3144 1625 3207; x_wconf 85' lang='lat' dir='ltr'><strong>haec</strong></span> 
     </span>
     <span class='ocr_line' id='line_1_26' title="bbox 500 3243 1625 3334; baseline 0 -19"><span class='ocrx_word' id='word_1_206' title='bbox 500 3250 552 3315; x_wconf 88' lang='lat' dir='ltr'><strong>lex</strong></span> <span class='ocrx_word' id='word_1_207' title='bbox 572 3248 698 3333; x_wconf 87' lang='lat' dir='ltr'><strong>respicit</strong></span> <span class='ocrx_word' id='word_1_208' title='bbox 716 3248 890 3314; x_wconf 86' lang='lat' dir='ltr'><strong>dumtaxat</strong></span> <span class='ocrx_word' id='word_1_209' title='bbox 908 3243 1149 3331; x_wconf 88' lang='lat' dir='ltr'><strong>propositiones</strong></span> <span class='ocrx_word' id='word_1_210' title='bbox 1167 3244 1278 3312; x_wconf 87' lang='lat' dir='ltr'><strong>stricte</strong></span> <span class='ocrx_word' id='word_1_211' title='bbox 1296 3264 1333 3311; x_wconf 89' lang='lat' dir='ltr'><strong>ac</strong></span> <span class='ocrx_word' id='word_1_212' title='bbox 1351 3246 1480 3331; x_wconf 89' lang='lat' dir='ltr'><strong>proprie</strong></span> <span class='ocrx_word' id='word_1_213' title='bbox 1497 3247 1625 3334; x_wconf 85' lang='lat' dir='ltr'><strong>disjun-</strong></span> 
     </span>
     <span class='ocr_line' id='line_1_27' title="bbox 499 3353 1627 3441; baseline 0 -18"><span class='ocrx_word' id='word_1_214' title='bbox 499 3358 615 3425; x_wconf 88' lang='lat' dir='ltr'><strong>ctivas.</strong></span> <span class='ocrx_word' id='word_1_215' title='bbox 637 3356 803 3423; x_wconf 88' lang='lat' dir='ltr'><strong>Caeterum</strong></span> <span class='ocrx_word' id='word_1_216' title='bbox 823 3354 1032 3441; x_wconf 87' lang='lat' dir='ltr'><strong>permissivas</strong></span> <span class='ocrx_word' id='word_1_217' title='bbox 1050 3353 1192 3419; x_wconf 89' lang='lat' dir='ltr'><strong>admittit</strong></span> <span class='ocrx_word' id='word_1_218' title='bbox 1207 3370 1325 3420; x_wconf 90' lang='lat' dir='ltr'><strong>sensus</strong></span> <span class='ocrx_word' id='word_1_219' title='bbox 1342 3356 1531 3420; x_wconf 92' lang='lat' dir='ltr'><strong>communis</strong></span> <span class='ocrx_word' id='word_1_220' title='bbox 1551 3376 1627 3423; x_wconf 87' lang='lat' dir='ltr'><strong>om·</strong></span> 
     </span>
     <span class='ocr_line' id='line_1_28' title="bbox 497 3460 1623 3549; baseline -0.003 -17"><span class='ocrx_word' id='word_1_221' title='bbox 497 3466 608 3541; x_wconf 87' lang='lat' dir='ltr'><strong>nium,</strong></span> <span class='ocrx_word' id='word_1_222' title='bbox 629 3473 666 3531; x_wconf 91' lang='lat' dir='ltr'><strong>ut</strong></span> <span class='ocrx_word' id='word_1_223' title='bbox 694 3472 783 3549; x_wconf 89' lang='lat' dir='ltr'><strong>patet</strong></span> <span class='ocrx_word' id='word_1_224' title='bbox 801 3482 842 3529; x_wconf 89' lang='lat' dir='ltr'><strong>ex</strong></span> <span class='ocrx_word' id='word_1_225' title='bbox 868 3462 919 3529; x_wconf 90' lang='lat' dir='ltr'><strong>his</strong></span> <span class='ocrx_word' id='word_1_226' title='bbox 938 3461 1074 3545; x_wconf 89' lang='lat' dir='ltr'><strong>aliisque</strong></span> <span class='ocrx_word' id='word_1_227' title='bbox 1100 3460 1262 3527; x_wconf 85' lang='lat' dir='ltr'><strong>similibus</strong></span> <span class='ocrx_word' id='word_1_228' title='bbox 1284 3462 1442 3545; x_wconf 88' lang='lat' dir='ltr'><strong>loquendi</strong></span> <span class='ocrx_word' id='word_1_229' title='bbox 1461 3464 1623 3529; x_wconf 81' lang='lat' dir='ltr'><strong>formulis:</strong></span> 
     </span>
     <span class='ocr_line' id='line_1_29' title="bbox 496 3568 1629 3653; baseline -0.003 -13"><span class='ocrx_word' id='word_1_230' title='bbox 496 3574 611 3641; x_wconf 82' lang='lat' dir='ltr'><strong>Petrus</strong></span> <span class='ocrx_word' id='word_1_231' title='bbox 634 3575 693 3639; x_wconf 84' lang='lat' dir='ltr'><strong>aui</strong></span> <span class='ocrx_word' id='word_1_232' title='bbox 712 3575 761 3637; x_wconf 86' lang='lat' dir='ltr'><strong>esi</strong></span> <span class='ocrx_word' id='word_1_233' title='bbox 781 3572 944 3647; x_wconf 84' lang='lat' dir='ltr'><strong>sacerdos,</strong></span> <span class='ocrx_word' id='word_1_234' title='bbox 973 3572 1034 3635; x_wconf 82' lang='lat' dir='ltr'><strong>aui</strong></span> <span class='ocrx_word' id='word_1_235' title='bbox 1051 3568 1224 3649; x_wconf 83' lang='lat' dir='ltr'><strong>diaconus;</strong></span> <span class='ocrx_word' id='word_1_236' title='bbox 1240 3570 1415 3653; x_wconf 59' lang='lat' dir='ltr'><strong>litigiosus</strong></span> <span class='ocrx_word' id='word_1_237' title='bbox 1435 3570 1485 3635; x_wconf 88' lang='lat' dir='ltr'><strong>lu&#39;c</strong></span> <span class='ocrx_word' id='word_1_238' title='bbox 1506 3574 1566 3637; x_wconf 87' lang='lat' dir='ltr'><strong>aut</strong></span> <span class='ocrx_word' id='word_1_239' title='bbox 1579 3576 1629 3637; x_wconf 85' lang='lat' dir='ltr'><strong>est</strong></span> 
     </span>
     <span class='ocr_line' id='line_1_30' title="bbox 495 3677 1633 3762; baseline 0 -15"><span class='ocrx_word' id='word_1_240' title='bbox 495 3681 608 3757; x_wconf 86' lang='lat' dir='ltr'><strong>bouus,</strong></span> <span class='ocrx_word' id='word_1_241' title='bbox 628 3684 688 3747; x_wconf 84' lang='lat' dir='ltr'><strong>aui</strong></span> <span class='ocrx_word' id='word_1_242' title='bbox 704 3698 767 3746; x_wconf 88' lang='lat' dir='ltr'><strong>esse</strong></span> <span class='ocrx_word' id='word_1_243' title='bbox 784 3680 889 3760; x_wconf 85' lang='lat' dir='ltr'><strong>debet;</strong></span> <span class='ocrx_word' id='word_1_244' title='bbox 907 3679 966 3745; x_wconf 82' lang='lat' dir='ltr'><strong>isle</strong></span> <span class='ocrx_word' id='word_1_245' title='bbox 986 3677 1040 3743; x_wconf 87' lang='lat' dir='ltr'><strong>vir</strong></span> <span class='ocrx_word' id='word_1_246' title='bbox 1055 3680 1114 3742; x_wconf 86' lang='lat' dir='ltr'><strong>aul</strong></span> <span class='ocrx_word' id='word_1_247' title='bbox 1121 3677 1201 3762; x_wconf 80' lang='lat' dir='ltr'><strong>sccii</strong></span> <span class='ocrx_word' id='word_1_248' title='bbox 1218 3677 1434 3754; x_wconf 83' lang='lat' dir='ltr'><strong>homicidium,</strong></span> <span class='ocrx_word' id='word_1_249' title='bbox 1453 3680 1512 3744; x_wconf 83' lang='lat' dir='ltr'><strong>aui</strong></span> <span class='ocrx_word' id='word_1_250' title='bbox 1522 3681 1633 3761; x_wconf 83' lang='lat' dir='ltr'><strong>potuit</strong></span> 
     </span>
     <span class='ocr_line' id='line_1_31' title="bbox 482 3784 1627 3877; baseline 0.002 -23"><span class='ocrx_word' id='word_1_251' title='bbox 482 3791 611 3877; x_wconf 85' lang='lat' dir='ltr'><strong>secere:</strong></span> <span class='ocrx_word' id='word_1_252' title='bbox 642 3788 675 3854; x_wconf 92' lang='lat' dir='ltr'><strong>in</strong></span> <span class='ocrx_word' id='word_1_253' title='bbox 704 3788 825 3872; x_wconf 91' lang='lat' dir='ltr'><strong>quibus</strong></span> <span class='ocrx_word' id='word_1_254' title='bbox 853 3786 991 3871; x_wconf 90' lang='lat' dir='ltr'><strong>aliisque</strong></span> <span class='ocrx_word' id='word_1_255' title='bbox 1021 3784 1055 3849; x_wconf 95' lang='lat' dir='ltr'><strong>id</strong></span> <span class='ocrx_word' id='word_1_256' title='bbox 1084 3803 1191 3871; x_wconf 81' lang='lat' dir='ltr'><strong>genus</strong></span> <span class='ocrx_word' id='word_1_257' title='bbox 1219 3785 1498 3853; x_wconf 88' lang='lat' dir='ltr'><strong>enuntiationibus</strong></span> <span class='ocrx_word' id='word_1_258' title='bbox 1529 3806 1627 3857; x_wconf 89' lang='lat' dir='ltr'><strong>mens</strong></span> 
     </span>
     <span class='ocr_line' id='line_1_32' title="bbox 494 3894 1625 3981; baseline -0.001 -18"><span class='ocrx_word' id='word_1_259' title='bbox 494 3896 657 3980; x_wconf 90' lang='lat' dir='ltr'><strong>loquentis</strong></span> <span class='ocrx_word' id='word_1_260' title='bbox 686 3895 876 3981; x_wconf 83' lang='lat' dir='ltr'><strong>intelligitur</strong></span> <span class='ocrx_word' id='word_1_261' title='bbox 903 3912 993 3971; x_wconf 87' lang='lat' dir='ltr'><strong>esse,</strong></span> <span class='ocrx_word' id='word_1_262' title='bbox 1022 3901 1059 3958; x_wconf 91' lang='lat' dir='ltr'><strong>ut</strong></span> <span class='ocrx_word' id='word_1_263' title='bbox 1087 3904 1210 3959; x_wconf 91' lang='lat' dir='ltr'><strong>asserat</strong></span> <span class='ocrx_word' id='word_1_264' title='bbox 1233 3894 1344 3959; x_wconf 84' lang='lat' dir='ltr'><strong>saltem</strong></span> <span class='ocrx_word' id='word_1_265' title='bbox 1369 3913 1473 3961; x_wconf 92' lang='lat' dir='ltr'><strong>unum</strong></span> <span class='ocrx_word' id='word_1_266' title='bbox 1493 3914 1625 3975; x_wconf 87' lang='lat' dir='ltr'><strong>eorum,</strong></span> 
     </span>
    </p>
   </div>
   <div class='ocr_carea' id='block_1_3' title="bbox 493 4000 1625 4090">
    <p class='ocr_par' dir='ltr' id='par_1_3' title="bbox 493 4000 1625 4090">
     <span class='ocr_line' id='line_1_33' title="bbox 493 4000 1625 4090; baseline 0.001 -18"><span class='ocrx_word' id='word_1_267' title='bbox 493 4024 569 4090; x_wconf 83' lang='lat' dir='ltr'><strong>quae</strong></span> <span class='ocrx_word' id='word_1_268' title='bbox 596 4006 660 4072; x_wconf 93' lang='lat' dir='ltr'><strong>sub</strong></span> <span class='ocrx_word' id='word_1_269' title='bbox 688 4004 906 4090; x_wconf 86' lang='lat' dir='ltr'><strong>disjunctione</strong></span> <span class='ocrx_word' id='word_1_270' title='bbox 942 4010 1109 4076; x_wconf 89' lang='lat' dir='ltr'><strong>numerat,</strong></span> <span class='ocrx_word' id='word_1_271' title='bbox 1130 4000 1210 4085; x_wconf 92' lang='lat' dir='ltr'><strong>quin</strong></span> <span class='ocrx_word' id='word_1_272' title='bbox 1236 4002 1408 4068; x_wconf 88' lang='lat' dir='ltr'><strong>excludere</strong></span> <span class='ocrx_word' id='word_1_273' title='bbox 1426 4005 1504 4070; x_wconf 90' lang='lat' dir='ltr'><strong>velit</strong></span> <span class='ocrx_word' id='word_1_274' title='bbox 1523 4006 1625 4073; x_wconf 91' lang='lat' dir='ltr'><strong>etiam</strong></span> 
     </span>
    </p>
   </div>
   <div class='ocr_carea' id='block_1_4' title="bbox 490 4413 1627 4855">
    <p class='ocr_par' dir='ltr' id='par_1_4' title="bbox 490 4413 1627 4760">
     <span class='ocr_line' id='line_1_34' title="bbox 527 4413 1627 4491; baseline -0.001 -16"><span class='ocrx_word' id='word_1_275' title='bbox 527 4422 568 4483; x_wconf 86' lang='lat' dir='ltr'><strong>(r)</strong></span> <span class='ocrx_word' id='word_1_276' title='bbox 604 4416 692 4477; x_wconf 85' lang='lat' dir='ltr'><strong>Circa</strong></span> <span class='ocrx_word' id='word_1_277' title='bbox 702 4414 920 4491; x_wconf 84' lang='lat' dir='ltr'><strong>propositiones</strong></span> <span class='ocrx_word' id='word_1_278' title='bbox 936 4414 972 4475; x_wconf 86' lang='lat' dir='ltr'><strong>de</strong></span> <span class='ocrx_word' id='word_1_279' title='bbox 986 4413 1286 4487; x_wconf 82' lang='lat' dir='ltr'><strong>extremodisjuncto,</strong></span> <span class='ocrx_word' id='word_1_280' title='bbox 1304 4414 1401 4486; x_wconf 87' lang='lat' dir='ltr'><strong>qualis</strong></span> <span class='ocrx_word' id='word_1_281' title='bbox 1415 4426 1460 4473; x_wconf 86' lang='lat' dir='ltr'><strong>est</strong></span> <span class='ocrx_word' id='word_1_282' title='bbox 1473 4414 1549 4473; x_wconf 75' lang='lat' dir='ltr'><strong>baec:</strong></span> <span class='ocrx_word' id='word_1_283' title='bbox 1566 4416 1627 4474; x_wconf 82' lang='lat' dir='ltr'><strong>Pe·</strong></span> 
     </span>
     <span class='ocr_line' id='line_1_35' title="bbox 492 4503 1627 4593; baseline -0.004 -24"><span class='ocrx_word' id='word_1_284' title='bbox 492 4532 556 4593; x_wconf 52' lang='grc' dir='ltr'><strong>,ηις</strong></span> <span class='ocrx_word' id='word_1_285' title='bbox 570 4519 622 4569; x_wconf 82' lang='lat' dir='ltr'><strong>arci</strong></span> <span class='ocrx_word' id='word_1_286' title='bbox 636 4520 680 4568; x_wconf 86' lang='lat' dir='ltr'><strong>est</strong></span> <span class='ocrx_word' id='word_1_287' title='bbox 694 4510 795 4567; x_wconf 83' lang='lat' dir='ltr'><strong>doctus</strong></span> <span class='ocrx_word' id='word_1_288' title='bbox 818 4507 1037 4575; x_wconf 67' lang='lat' dir='ltr'><strong>cautissimus,</strong></span> <span class='ocrx_word' id='word_1_289' title='bbox 1059 4503 1154 4563; x_wconf 84' lang='lat' dir='ltr'><strong>simile</strong></span> <span class='ocrx_word' id='word_1_290' title='bbox 1175 4503 1315 4577; x_wconf 79' lang='lat' dir='ltr'><strong>judicium</strong></span> <span class='ocrx_word' id='word_1_291' title='bbox 1336 4504 1487 4563; x_wconf 87' lang='lat' dir='ltr'><strong>serendum</strong></span> <span class='ocrx_word' id='word_1_292' title='bbox 1509 4518 1568 4575; x_wconf 83' lang='lat' dir='ltr'><strong>est,</strong></span> <span class='ocrx_word' id='word_1_293' title='bbox 1590 4527 1627 4565; x_wconf 81' lang='lat' dir='ltr'><strong>sc</strong></span> 
     </span>
     <span class='ocr_line' id='line_1_36' title="bbox 490 4592 1627 4675; baseline -0.007 -13"><span class='ocrx_word' id='word_1_294' title='bbox 490 4603 566 4662; x_wconf 82' lang='lat' dir='ltr'><strong>cirea</strong></span> <span class='ocrx_word' id='word_1_295' title='bbox 578 4598 793 4675; x_wconf 86' lang='lat' dir='ltr'><strong>propositiones</strong></span> <span class='ocrx_word' id='word_1_296' title='bbox 807 4598 844 4655; x_wconf 88' lang='lat' dir='ltr'><strong>de</strong></span> <span class='ocrx_word' id='word_1_297' title='bbox 856 4610 987 4656; x_wconf 82' lang='lat' dir='ltr'><strong>extremo</strong></span> <span class='ocrx_word' id='word_1_298' title='bbox 997 4596 1146 4669; x_wconf 86' lang='lat' dir='ltr'><strong>copulato,</strong></span> <span class='ocrx_word' id='word_1_299' title='bbox 1162 4595 1198 4653; x_wconf 86' lang='lat' dir='ltr'><strong>tle</strong></span> <span class='ocrx_word' id='word_1_300' title='bbox 1208 4592 1459 4666; x_wconf 86' lang='lat' dir='ltr'><strong>quibussuperius</strong></span> <span class='ocrx_word' id='word_1_301' title='bbox 1470 4593 1627 4655; x_wconf 83' lang='lat' dir='ltr'><strong>innuimus</strong></span> 
     </span>
     <span class='ocr_line' id='line_1_37' title="bbox 490 4686 904 4760; baseline -0.022 -7"><span class='ocrx_word' id='word_1_302' title='bbox 490 4694 623 4754; x_wconf 82' lang='lat' dir='ltr'><strong>diversos</strong></span> <span class='ocrx_word' id='word_1_303' title='bbox 637 4689 739 4748; x_wconf 89' lang='lat' dir='ltr'><strong>modos</strong></span> <span class='ocrx_word' id='word_1_304' title='bbox 753 4686 904 4760; x_wconf 84' lang='lat' dir='ltr'><strong>loquendi.</strong></span> 
     </span>
    </p>

    <p class='ocr_par' dir='ltr' id='par_1_5' title="bbox 529 4777 1085 4855">
     <span class='ocr_line' id='line_1_38' title="bbox 529 4777 1085 4855; baseline -0.018 -13"><span class='ocrx_word' id='word_1_305' title='bbox 529 4784 572 4855; x_wconf 80' lang='lat'><strong>(2)</strong></span> <span class='ocrx_word' id='word_1_306' title='bbox 607 4780 705 4841; x_wconf 72' lang='lat' dir='ltr'><strong>Tasci.</strong></span> <span class='ocrx_word' id='word_1_307' title='bbox 719 4777 757 4838; x_wconf 83' lang='lat' dir='ltr'><strong>de</strong></span> <span class='ocrx_word' id='word_1_308' title='bbox 769 4780 937 4854; x_wconf 64' lang='lat' dir='ltr'><strong>interpret„</strong></span> <span class='ocrx_word' id='word_1_309' title='bbox 954 4797 1017 4849; x_wconf 85' lang='lat' dir='ltr'><strong>cap.</strong></span> <span class='ocrx_word' id='word_1_310' title='bbox 1038 4794 1085 4849; x_wconf 86' lang='lat'><strong>14.</strong></span> 
     </span>
    </p>
   </div>
   <div class='ocr_carea' id='block_1_5' title="bbox 0 0 1758 5525">
    <p class='ocr_par' dir='ltr' id='par_1_6' title="bbox 0 0 1758 5525">
     <span class='ocr_line' id='line_1_39' title="bbox 0 0 1758 5525; baseline 0 0"><span class='ocrx_word' id='word_1_311' title='bbox 0 0 1758 5525; x_wconf 95' lang='lat' dir='ltr'><strong> </strong></span> 
     </span>
    </p>
   </div>
  </div>
 </body>
</html>
