3492 5525
425 445 541 510 Anne.
569 460 625 510 μ’·
647 446 696 509 Dr:
716 415 953 510 Nonruitrsno
1154 441 1212 525 055

123 628 314 702 universale,
334 608 414 692 etin
431 624 590 692 Heraclito
609 635 643 692 et
659 625 804 711 Cratylo,
820 624 890 709 qui,
902 634 987 693 teste
1001 622 1201 713 Aristotele(
1226 623 1252 712 ),

126 734 206 800 nibil
229 733 446 800 admittebant
464 732 497 798 in
525 742 651 808 natura,
673 734 790 799 saltem
804 734 960 809 sensibili,
987 732 1076 816 quod
1096 742 1256 818 perpetuo

125 842 230 909 fluxui
250 852 283 908 et
302 840 541 907 mutationibus
560 858 626 906 non
655 842 737 907 foret
756 840 956 907 obnoxium:
977 840 1065 907 unde
1092 850 1256 925 negarunt

127 968 225 1037 posse
244 949 445 1015 intellectum
466 955 615 1013 nostrum
632 949 731 1013 ullam
757 948 823 1012 veri
850 948 993 1015 nominis
1007 948 1048 1013 de
1062 946 1252 1033 hujusmodi
1350 976 1353 980 ·

126 1058 227 1123 rebus
245 1054 414 1123 scientiam
442 1055 589 1138 assequi,
619 1064 734 1139 utpote
753 1073 828 1139 quae
846 1064 988 1135 sectatur
1011 1055 1164 1123 veritates
1183 1054 1257 1120 uni-

126 1166 289 1240 versales,
310 1172 449 1229 aeternas
467 1170 566 1245 atque
583 1162 805 1228 immutabiles
820 1158 883 1249 (2).

194 1269 466 1355 Conceptualistis
485 1278 595 1335 autem
616 1278 829 1335 accensentur
843 1290 862 1333 a
877 1268 1025 1353 pluribus
1042 1268 1254 1353 scriptoribus

126 1386 255 1445 veteres
284 1377 383 1443 Stoici
411 1396 488 1443 cum
506 1395 569 1443 suo
596 1378 701 1461 capite
723 1376 854 1442 Zenone
880 1374 945 1464 (3).
976 1375 1023 1441 Re
1046 1385 1158 1443 tamen
1179 1396 1257 1441 vera
1286 1409 1448 1461 2„„,5„;„„=

128 1486 379 1555 nominalismus
398 1484 430 1551 in
457 1484 565 1552 medio
580 1502 651 1549 aevo
665 1485 891 1568 praeformatus
911 1493 979 1560 est,
995 1486 1174 1568 turbasque
1189 1502 1254 1550 non

128 1602 248 1679 p'aucas
267 1593 300 1659 in
328 1591 448 1658 scholis
475 1590 570 1675 caepit
598 1592 755 1665 excitare,
785 1610 827 1657 ex
846 1610 915 1674 quo
936 1592 1078 1673 loannes
1101 1591 1256 1659 Roscelli-
1296 1606 1440 1659 merlino.

129 1720 193 1767 nus
211 1697 262 1789 (4)
280 1699 391 1767 docuit
412 1717 474 1763 non
493 1698 558 1763 nisi
580 1698 688 1767 aarum
705 1698 789 1763 vocis
807 1717 870 1765 csse
892 1700 1086 1765 universales
1112 1701 1256 1765 substan-

127 1807 206 1884 tias,
228 1808 509 1893 quemadmodum
528 1804 656 1889 scripsit
674 1805 708 1873 S.
727 1805 906 1873 Anselmus
921 1804 990 1895 (5),
1006 1807 1098 1872 illum
1117 1809 1255 1893 ejusque

127 1917 266 1981 asseclas
287 1932 408 1981 vocans
421 1913 577 1979 hereticos
591 1913 781 1979 Dialecticoe.
799 1914 903 1983 Novae
921 1915 994 1980 huic
1013 1913 1167 1979 doctrinae
1185 1913 1255 1998 plri-

127 2022 305 2108 losopbicae
326 2020 405 2090 alios
430 2038 555 2087 errores
574 2020 777 2105 theologicos
802 2020 918 2105 adjecit
935 2018 988 2109 (6)
1005 2021 1087 2086 circa
1105 2022 1255 2089 essentiae
1295 2018 1300 2028 '

127 2130 247 2197 divinae
277 2129 453 2206 unitatem,
474 2146 564 2212 quos⁸
585 2127 731 2211 abjurare
750 2129 864 2197 debuit
887 2130 920 2195 in
942 2128 1088 2195 Concilio
1105 2128 1256 2196 Suessio-

129 2236 242 2313 nensi,
264 2248 359 2303 anno·
374 2254 471 2323 ¹092·

197 2344 318 2411 Nactus
345 2343 628 2421 fuitRoscellinus
654 2345 828 2411 acerrimos
854 2345 1104 2430 impugnatores
1122 2344 1157 2410 S.
1188 2342 1256 2408 An-

126 2452 272 2519 selmum
292 2461 325 2518 et
343 2452 555 2518 Gullielmum
575 2451 854 2536 Campellensem,
880 2471 1022 2537 quorum
1049 2451 1256 2538 argumentis
1329 2462 1463 2495 ·¹¹⁸⁶¹¹¹⁰·'

164 2851 206 2921 (r)
241 2849 481 2924 Metapliysicor.,
497 2847 549 2906 lib.
568 2869 602 2917 r.,
617 2869 678 2921 cap.
693 2849 738 2920 6.,'
750 2863 819 2910 text.
834 2872 939 2910 comm.
957 2871 982 2922 5.
999 2849 1062 2910 ctr.
1080 2849 1112 2908 S.
1128 2849 1196 2918 Th..
1214 2851 1253 2911 ib.

126 2941 194 2998 lect.
214 2959 257 3008 ro,
273 2937 366 2997 initio.

165 3029 208 3099 (a)
243 3027 399 3101 Cratylus‚
413 3027 489 3085 idem
504 3027 558 3086 hoc
572 3026 748 3100 principium
761 3029 931 3101 amplexus,
947 3033 985 3087 ad
995 3031 1071 3089 hanc
1080 3031 1254 3089 dementiam

125 3118 257 3187 devenir,
272 3120 347 3191 quod
361 3120 501 3193 opinatus
515 3128 573 3187 est,
589 3118 664 3191 quod
678 3139 734 3176 non
749 3120 899 3194 oportebat
916 3121 1033 3193 aliquid
1045 3122 1133 3178 verbo
1147 3121 1255 3188 dicere·

124 3210 180 3268 sed
193 3209 231 3266 ad
250 3208 471 3282 exprimendum
484 3209 558 3280 quod
580 3209 711 3278 uolebat,
732 3208 864 3266 movebat
882 3211 974 3267 solam
995 3209 1130 3285 digitum.
1145 3211 1182 3267 Et
1204 3211 1258 3269 hoc

125 3301 206 3365 ideo,
222 3301 293 3372 quia
307 3298 440 3355 credebat
459 3300 532 3370 quod
545 3299 657 3356 veritas
672 3300 731 3366 rei,
750 3319 835 3372 quam
857 3300 972 3356 volebat
987 3301 1141 3357 enuntiare
1160 3301 1258 3375 primo

127 3389 289 3458 transibat,
304 3408 389 3461 quam
404 3389 499 3444 oratio
505 3387 660 3460 finiretur.
676 3389 817 3446 Brevr‘ori
833 3398 930 3446 autem
944 3389 1041 3462 spatio
1054 3391 1181 3463 digitum
1196 3411 1256 3446 mo-

125 3479 224 3538 vebat.
240 3477 273 3535 S.
290 3467 357 3546 Th„
375 3477 513 3552 Metapin,
529 3477 578 3535 lib.
594 3497 634 3550 4.,
651 3478 719 3536 lect.
735 3498 789 3547 12„
803 3477 833 3536 in
848 3477 916 3537 fine.

164 3573 204 3642 (3)
241 3567 317 3626 Vide
339 3566 465 3626 lllmum.
489 3566 650 3636 Gonzalez,
666 3569 809 3638 Historia,
826 3580 846 3627 t.
874 3589 897 3626 1.
914 3588 942 3627 n.
962 3569 1010 3637 80,
1026 3589 1093 3641 pag.
1111 3588 1174 3640 340.
1190 3568 1256 3628 Ma·

124 3647 194 3718 drid
212 3658 291 3728 18863
308 3655 460 3716 Conimbr.
476 3657 510 3714 In
523 3658 696 3727 Prasation.
713 3659 872 3733 Porphyr„
889 3677 919 3730 q.
939 3680 961 3716 1.
977 3673 1033 3718 art.
1049 3678 1076 3715 2.

163 3753 203 3816 (4)
240 3747 310 3806 Fuit
325 3746 494 3806 Canooious
517 3747 762 3819 Compendiensis
784 3748 1000 3822 (Compiegne)
1023 3748 1055 3806 in
1077 3746 1183 3815 Gallia,
1200 3747 1258 3806 llo-

121 3836 246 3909 ruitque
259 3837 333 3896 eirea
346 3856 458 3896 annum
476 3837 553 3910 1089.
570 3835 649 3896 Sunt
664 3851 770 3905 tamen,
788 3838 840 3909 qui
854 3837 1021 3896 existiment
1030 3837 1113 3901 illum
1128 3837 1260 3897 nomina·

122 3927 204 3987 lismi
218 3941 346 4000 systema
358 3927 493 3986 didicisse
507 3928 645 3998 aroanna
655 3929 799 3999 quodam,
810 3927 953 4000 magistro
967 3947 1037 3998 ouo,
1049 3929 1102 3999 qni
1115 3926 1190 3986 iorte
1202 3926 1259 3987 t'uit

122 4019 255 4088 Joannes
268 4029 462 4091 cognomento
475 4017 603 4076 Sardus.
618 4017 694 4075 Vide
705 4016 831 4076 lllmum.
849 4015 1005 4087 Gonaalez,
1020 4017 1113 4085 illst..
1125 4031 1147 4079 t.
1162 4038 1190 4088 a,
1206 4039 1259 4090 pa·

125 4127 207 4181 ragr.
226 4127 269 4178 34.

163 4203 204 4268 (ς)
241 4196 305 4259 Lib.
316 4198 351 4256 de
362 4197 435 4256 Fide
447 4197 602 4256 Trinitatis
612 4206 641 4256 et
649 4199 684 4256 rie
693 4199 899 4258 incarnatione
913 4197 1002 4256 Verbi
1011 4207 1112 4256 contra
1123 4197 1259 4273 olasple·

123 4289 203 4344 mias
216 4287 361 4346 Ruzele'ni
372 4287 435 4345 sive
449 4287 614 4358 Roscelc'nc',
631 4308 693 4360 cap.
710 4309 737 4347 a.

163 4376 205 4448 (6)
241 4375 346 4448 Accipe
359 4377 541 4450 exemplum:
556 4375 594 4436 Si
606 4379 639 4435 in
653 4377 729 4444 Deo,
746 4377 844 4450 inquit
859 4377 1058 4448 Roooellinus,
1076 4386 1138 4436 tres
1151 4377 1259 4435 Perso-

124 4487 172 4524 nae
184 4475 251 4524 sunt
264 4486 324 4524 aaa
340 4475 451 4524 tantam
466 4487 529 4536 res,
549 4475 578 4525 et
592 4487 649 4527 nort
670 4479 739 4526 sunt
760 4478 818 4526 tres
832 4488 894 4538 res,
916 4470 996 4527 sicut
1010 4475 1068 4525 tres
1087 4469 1194 4542 angeli
1208 4477 1260 4526 aut

125 4567 188 4614 tres
202 4557 320 4626 anima,
343 4558 389 4613 ita
409 4565 504 4614 tamen
527 4566 559 4614 ut
579 4559 709 4631 potentia
732 4567 761 4616 et
781 4559 934 4644 vqlantate
954 4559 1071 4616 omnino
1089 4559 1151 4614 sint
1171 4558 1258 4615 idem.-

123 4665 200 4720 ergo
213 4646 306 4706 Pater
320 4645 493 4722 etSpr'rr'tas
507 4645 539 4706 S.
556 4667 621 4706 cum
637 4647 719 4708 Filio
732 4658 777 4707 est
794 4651 977 4708 immoles.
993 4647 1082 4720 Apud
1096 4646 1131 4706 S.
1150 4647 1260 4708 Anaei-

125 4755 225 4808 mum,
241 4735 297 4798 loe.
312 4736 362 4798 cit·
378 4756 443 4810 cap.
463 4759 487 4798 ι.
502 4751 532 4796 et
547 4759 574 4810 3.
