3492 5525
584 448 644 515 868
698 450 821 515 Loorcn
836 419 1064 523 Meropen.
1082 463 1153 526 ψ,
1169 448 1260 513 Drst’.
1278 462 1323 532 3.·
1337 449 1416 513 Cae.
1434 464 1508 513 ew

545 634 782 702 demonstratio
804 634 984 717 potissima,
1012 632 1046 699 in
1074 651 1140 718 qua
1167 633 1272 718 prima
1299 633 1407 718 passio
1438 633 1605 718 probatur
1632 634 1671 697 de
1725 617 1727 670 Ι

546 742 693 828 subjecto
712 742 859 827 proprio,
880 725 1084 808 ostendendo
1102 749 1235 826 propter
1252 739 1331 827 quid
1348 740 1377 806 ei
1399 739 1577 807 conveniat
1597 741 1673 805 talis
1725 723 1727 740 '

546 848 668 933 passio.
700 847 801 933 Atqui
829 856 862 914 et
885 847 1015 933 propria
1037 848 1146 932 passio
1169 856 1203 913 et
1225 845 1277 927 id,
1302 848 1390 913 unde
1408 848 1541 933 propria
1561 847 1675 931 passio
1725 843 1727 906 i

546 954 634 1032 fluit,
656 975 775 1041 nempe
794 954 944 1047 specifica
961 954 1159 1032 differentia,
1175 963 1254 1022 sunt
1271 954 1441 1039 praedicata
1455 953 1672 1029 universalia,
1725 923 1727 982 Ε

547 1071 583 1129 ut
601 1070 729 1129 constat
748 1082 788 1129 ex
808 1063 976 1147 praemissa
992 1062 1209 1129 terminorum
1229 1062 1455 1128 declaratione.
1474 1062 1611 1146 Ergo...
1725 1059 1727 1116 i

606 1169 649 1234 nt
661 1187 740 1237 vero
754 1169 786 1235 in
801 1169 871 1236 aliis
886 1169 1220 1236 demonstrationibus
1230 1168 1524 1254 imperfectioribus
1538 1188 1610 1233 non
1626 1183 1674 1233 est
1725 1242 1727 1252 Ι

548 1294 679 1343 necesse
707 1286 883 1360 utramque
907 1277 1110 1360 praemissam
1134 1294 1207 1343 esse
1225 1276 1266 1341 de
1285 1275 1457 1360 praedieato
1479 1276 1672 1341 universali.
1725 1297 1726 1304 ¹

547 1384 612 1451 Res
630 1390 719 1469 patet
735 1382 913 1467 exemplis,
935 1390 972 1449 ut
989 1382 1016 1449 si
1035 1384 1116 1449 velis
1145 1377 1330 1467 passionem
1354 1382 1519 1467 propriam
1540 1384 1673 1468 generis
1725 1429 1727 1458 ,

548 1492 685 1575 probare
711 1491 752 1557 de
779 1490 906 1573 specie,
932 1492 984 1556 vel
1014 1489 1133 1574 speciei
1163 1492 1204 1555 de
1227 1489 1394 1556 individuo
1418 1510 1453 1558 v.
1481 1508 1534 1574 g.:
1558 1490 1674 1556 Omnis

548 1598 728 1681 triangulus
745 1598 837 1663 babet
851 1602 914 1662 tres
929 1600 1063 1680 angulos
1079 1598 1214 1681 aequales
1232 1599 1351 1661 duobus
1368 1598 1473 1663 rectis.
1492 1597 1600 1680 Atqui
1617 1598 1674 1660 iso·
1725 1665 1727 1670 ,

547 1708 642 1771 scetes
667 1708 716 1771 est
740 1704 933 1787 triangulus.
958 1704 1041 1787 Ergo
1065 1704 1159 1769 babet
1176 1707 1239 1769 tres
1263 1705 1392 1787 angulos
1410 1714 1475 1783 etc.
1496 1702 1560 1767 Vel
1583 1704 1613 1767 si
1632 1704 1672 1765 ita
1725 1779 1727 1788 ι

548 1812 756 1878 demonstres
775 1809 963 1895 passionem
984 1810 1115 1894 generis
1132 1810 1174 1875 de
1192 1810 1254 1875 alio
1274 1828 1393 1894 genere
1411 1809 1516 1876 altiori
1532 1809 1673 1892 particu-
1725 1855 1727 1888 ,

549 1917 655 1984 lariter
677 1926 829 2003 sumpto:
857 1917 971 1983 Omnis
988 1917 1172 2004 ,triangulus
1194 1917 1285 1983 babet
1299 1920 1362 1983 tres
1382 1919 1518 1999 angulos
1535 1918 1673 1999 aquales
1725 1902 1727 1994 ζ

473 2005 484 2021 ’
548 2026 668 2091 duodus
689 2024 794 2091 rectis.
823 2023 1014 2119 Sed'omnis
1040 2024 1220 2109 triangulus
1245 2027 1293 2089 est
1308 2023 1431 2107 figura.
1461 2024 1546 2106 Ergo
1563 2023 1673 2106 aliquo
1725 2005 1727 2154 ἱ

541 2130 653 2217 figura
671 2132 760 2197 babet
774 2134 835 2197 tres
852 2133 981 2214 argutos
999 2139 1061 2199 etc.
1082 2130 1154 2196 lstae
1174 2128 1488 2207 demonstrationes,
1509 2138 1548 2195 ut
1566 2129 1671 2202 vides,
1725 2171 1727 2220 ἱ

550 2238 672 2305 habent
704 2238 881 2312 Minorem,
913 2256 988 2321 quae
1019 2257 1085 2303 non
1116 2245 1167 2303 est
1197 2238 1251 2303 de.
1271 2237 1444 2321 praedicato
1482 2238 1671 2303 universali.

509 2368 513 2375 ·
550 2346 773 2423 Qramobrem
788 2337 957 2429 perfectior
976 2358 1025 2412 est
1038 2344 1275 2432 demonstratio
1288 2344 1489 2411 concludens
1507 2345 1672 2429 propriam
1725 2403 1727 2410 .

551 2453 737 2540 passionem
752 2452 793 2519 de
809 2451 983 2537 paerdicato
998 2453 1186 2536 adaquato,
1202 2470 1302 2536 quam
1317 2452 1444 2536 quaevis
1461 2452 1535 2518 alia.

596 2578 616 2625 2
619 2562 675 2647 38.
721 2568 879 2645 Denique
897 2572 1005 2627 restat
1020 2565 1265 2644 inquirendum
1286 2583 1331 2627 an
1349 2565 1601 2627 demonstratio
1618 2566 1675 2625 de

549 2673 714 2736 beatesee
727 2690 770 2735 ex
778 2672 938 2750 propriis,
951 2668 1232 2752 quemadmodum
1245 2667 1389 2751 praecipit
1404 2664 1671 2753 Aristoteles(r).

618 2775 786 2861 Proprium
805 2793 903 2859 porro
922 2775 1067 2841 bifariam
1080 2775 1166 2841 sumi
1181 2783 1305 2859 potest,
1322 2775 1372 2840 vel
1387 2783 1557 2857 quatenus
1570 2795 1672 2859 oppo
1725 2774 1727 2841 l

551 2883 638 2950 nitur
656 2883 761 2949 alieno
779 2901 836 2948 seu
855 2891 1027 2959 extraneo,
1044 2884 1095 2948 vel
1115 2891 1277 2966 quatenus
1295 2883 1473 2966 opponitur
1487 2882 1669 2947 communi.
1725 2884 1727 2995 ἱ

436 3079 437 3082 ¹
612 2991 682 3072 jam
701 2989 792 3074 quod
811 2990 1046 3056 demonstratio
1074 2989 1188 3055 debeat
1215 2989 1389 3072 procedere
1417 3009 1458 3054 ex
1482 2990 1623 3075 propriis
1641 2993 1669 3054 in
1725 3012 1727 3079 ς

551 3097 657 3183 primo
686 3115 801 3173 sensu,
832 3115 953 3182 nempe
979 3116 1020 3162 ex
1047 3115 1113 3162 non
1144 3096 1321 3172 extraneis,
1352 3107 1440 3182 patet
1461 3099 1670 3182 exsuperius
1725 3156 1727 3167 ,

550 3204 656 3272 dictis.
676 3203 708 3269 Si
731 3205 817 3270 enirn
846 3203 1081 3269 demonstratio
1100 3210 1150 3267 est
1168 3221 1210 3267 ex
1229 3203 1267 3268 iis
1285 3222 1372 3287 quae,
1393 3211 1505 3286 perse
1521 3209 1614 3278 sunt,
1638 3217 1669 3267 ut
1725 3200 1727 3283 i

550 3313 777 3397 probavimus,
798 3313 892 3394 plane
910 3310 1081 3377 conficitur
1099 3321 1165 3376 non
1185 3330 1281 3395 posse
1299 3311 1367 3376 fieri
1386 3330 1427 3376 ex
1446 3313 1574 3379 alienis.

617 3421 748 3486 Accedit
775 3420 865 3502 quod
889 3419 998 3485 omnis
1020 3417 1153 3484 scientia
1171 3438 1269 3485 suum
1298 3419 1415 3484 habeat
1432 3420 1597 3503 peculiare
1615 3422 1670 3485 ob
1725 3410 1727 3501 j

546 3528 686 3614 jectum,
706 3537 797 3593 extra
814 3527 904 3610 quod
931 3526 1046 3610 egredi
1068 3543 1135 3591 non
1160 3526 1247 3594 licet.
1277 3525 1320 3592 At
1344 3527 1557 3611 egrederetur
1585 3539 1668 3593 extra
1725 3530 1727 3533 ’

550 3653 647 3700 suum
675 3633 860 3718 objectum,
891 3634 918 3698 si
937 3631 1114 3717 praemissis
1133 3643 1276 3699 uteretur
1294 3633 1406 3698 alienis
1435 3642 1471 3699 et
1498 3645 1670 3720 expectare

549 3740 636 3808 tibus
655 3741 695 3806 ad
720 3741 815 3806 aliam
840 3739 1027 3818 materiam,
1056 3742 1245 3824 nullamque
1270 3741 1467 3808 habentibus
1496 3745 1669 3809 connexio·

550 3862 626 3913 nem
645 3865 722 3913 cum
742 3866 777 3912 re
795 3848 1063 3914 demonstranda.

617 3953 762 4038 Denique
782 3973 824 4019 ex
842 3955 1004 4020 extraneis
1033 3973 1098 4020 non
1127 3961 1236 4038 potest
1263 3954 1351 4031 sciri,
1380 3975 1440 4022 car
1466 3975 1521 4024 res
1547 3959 1590 4025 ita
1615 3959 1665 4035 sit,

548 4072 621 4129 esto
638 4060 710 4128 sciri
729 4061 833 4146 possit
850 4078 919 4126 rem
937 4061 981 4126 ita
997 4079 1075 4127 esse.
1096 4059 1336 4127 Demonstratio
1354 4081 1434 4158 vero
1462 4083 1541 4130 cum
1561 4075 1666 4131 causet

548 4167 734 4244 scientiam,
754 4167 852 4233 debet
870 4168 1045 4234 ostendere
1061 4187 1161 4251 quare
1180 4185 1231 4234 res
1244 4167 1288 4234 ita
1302 4168 1363 4246 sit,
1379 4171 1500 4237 saltem
1520 4171 1548 4238 si
1562 4191 1666 4239 sermo
1725 4244 1727 4247 ,

548 4275 591 4341 sit
610 4275 656 4341 de'
668 4275 948 4342 demonstratione
966 4276 1106 4358 perfecta
1126 4284 1160 4342 et
1175 4283 1308 4360 propter
1324 4277 1417 4359 quid.

613 4383 699 4449 Nota
717 4391 845 4458 autem,
867 4381 893 4447 si
913 4400 963 4447 res
982 4391 1096 4466 agatur
1113 4382 1154 4447 de
1172 4381 1315 4449 scientiis
1333 4383 1550 4464 subalternis,
1578 4406 1666 4472 posse
1725 4390 1727 4481 ξ

548 4489 801 4558 subalternatam
821 4489 1045 4556 demonstrare
1059 4508 1135 4556 suas
1148 4489 1377 4558 conclusiones
1395 4513 1437 4559 ex
1453 4495 1584 4581 objecto
1598 4497 1668 4562 sub
1725 4490 1727 4599 ζ

555 4663 808 4680 ffl

583 4725 624 4790 (ι)
659 4720 726 4782 Lib.
750 4729 787 4780 ι.·
800 4719 972 4791 Ροείενιόν.1
986 4738 1050 4791 cap.
1069 4741 1096 4792 7.
