3492 5525
193 487 199 498 ·
225 453 342 517 Aurae.
359 466 419 516 υ·
432 451 525 530 Qtno
540 467 705 529 ransrras,
720 467 763 514 nr
776 467 880 526 ouon.
897 468 972 513 orn.
987 465 1098 512 venir.
1126 465 1184 529 4¹3

475 749 775 886 nnncunus
798 810 845 884 11.

260 997 387 1074 Quid
410 995 588 1061 falsitas
606 995 751 1073 logion
772 1000 819 1060 et
840 993 1073 1076 quomodo

417 1123 596 1188 veritati
619 1127 896 1202 opponatur.

149 1389 186 1461 6,
231 1388 359 1475 Triplici
391 1387 537 1463 veritati,
571 1388 864 1467 transcendentali,
895 1387 1009 1473 logicae
1038 1396 1072 1454 et
1101 1385 1435 1461 matutinotanto·

101 1499 222 1585 triplex
240 1497 361 1564 falsitas
381 1495 575 1581 responden
590 1497 668 1566 falsa
687 1515 783 1580 porro
802 1514 856 1563 res
872 1495 988 1564 dicitur
1005 1514 1077 1581 qua
1094 1498 1169 1560 nata
1186 1484 1234 1559 est
1253 1467 1433 1594 ciffi&

94 1609 207 1694 facere
223 1609 372 1691 quantum
390 1605 435 1669 ad
453 1604 504 1682 id,
524 1605 608 1688 qaod
633 1609 762 1686 apparel
776 1604 915 1672 exterius
940 1607 979 1670 dc
1003 1603 1089 1688 ipsa,
1109 1603 1233 1688 salsam
1293 1633 1297 1638 ·

5 1781 6 1790 ,
102 1711 395 1798 apprehensionem
413 1710 498 1778 sicut
516 1710 731 1778 aurichalcum
752 1712 870 1778 dicitur
892 1731 1007 1778 aurum
1023 1708 1179 1797 salsum(
1204 1707 1230 1798 ).

5 1815 6 1824 ’
104 1821 219 1887 Falsus
237 1837 315 1886 vero
335 1828 384 1884 est
407 1836 537 1894 sermo,
558 1818 615 1901 qui
635 1818 732 1884 rebus
751 1828 783 1884 et
802 1819 1054 1904 cogitationibus
1069 1817 1233 1902 loquentis

106 1928 244 1994 minime
259 1927 436 2010 respondet
450 1921 518 2014 (2):
537 1936 568 1992 et
592 1927 671 1991 falsa
684 1925 819 1992 demum
836 1924 998 2012 cognitio,
1014 1945 1090 2011 quae
1104 1927 1233 2009 objecto

103 2055 169 2104 suo
201 2034 337 2100 minime
368 2035 601 2101 conformatur.
632 2032 741 2110 Qtare
770 2033 853 2100 sicut
879 2035 998 2101 veritas
1025 2033 1170 2100 consistit
1197 2033 1233 2099 in

102 2141 321 2228 adaequatione
347 2141 396 2206 rei
420 2145 452 2206 cl
474 2140 664 2219 intellectus,
686 2142 731 2208 ita
750 2141 884 2226 salsitas
905 2142 1047 2209 consistit
1067 2141 1102 2208 in
1128 2160 1236 2209 comm
1347 2179 1352 2186 ·

106 2251 324 2336 inequalitate
342 2246 355 2336 (
364 2245 412 2338 3).

119 2393 123 2402 ·
174 2359 242 2425 llos
270 2374 347 2422 vero
366 2355 505 2440 logica'm
531 2357 704 2424 dumtaxat
731 2357 903 2423 falsitatem
930 2357 1234 2442 suscipimus-nunc
1306 2417 1309 2424 .

5 2447 6 2454 ἵ
106 2464 385 2551 pertractandam,
410 2475 443 2531 et
467 2465 607 2548 reliquas
623 2466 705 2531 duas
724 2465 765 2530 ad
788 2465 916 2549 propria
934 2466 1004 2532 loca
1023 2465 1233 2531 remittimus.

176 2572 230 2658 list
249 2591 328 2657 ergo
347 2571 469 2640 falsitas
487 2572 591 2658 logica
604 2573 790 2662 difformitas
805 2573 992 2657 cognitionis
1004 2592 1075 2639 cltm
1087 2591 1144 2638 suo
1157 2572 1237 2658 obje-
1272 2575 1427 2660 Quidulsiu·

104 2683 168 2747 cto.
186 2679 253 2745 Sed
267 2688 344 2745 nota
357 2679 520 2764 duplicem
536 2699 608 2746 esse
622 2659 887 2757 difformitatem,
902 2681 1036 2746 alteram
1050 2681 1234 2765 negativam,
1310 2650 1388 2703 'W'

5 2788 6 2791 ’
106 2790 244 2855 alteram
267 2788 448 2871 positivam.
486 2788 592 2855 Pruna
628 2797 679 2855 est
704 2787 900 2855 difformitas
928 2788 1126 2874 cognitionis
1160 2807 1236 2854 cum

5 2892 6 2981 l
107 2897 265 2981 objectis,
284 2914 358 2980 quae
376 2905 434 2964 aut
462 2897 598 2963 minime
617 2898 843 2981 attingit,aut
870 2898 987 2963 saltem
1014 2915 1080 2963 non
1108 2894 1240 2981 attingit

5 3056 6 3061 1
106 3006 331 3087 adaequalem
348 3004 525 3088 complete:
542 3006 630 3071 unde
649 3004 792 3091 cognitio
806 3001 848 3071 ex
867 3023 905 3069 ea
924 3014 1032 3089 parte,
1051 3023 1153 3088 quam
1171 3022 1238 3069 non

107 3110 260 3197 attingit,
281 3111 399 3177 dicitur
416 3111 593 3189 difformis,
614 3112 735 3179 scilicet
755 3112 920 3197 negative.
942 3111 1142 3179 Diliormitas
1156 3109 1240 3195 posi·

107 3220 179 3286 tiva
197 3230 246 3289 est
265 3218 482 3304 inadaequatio
497 3218 695 3305 cognitionis
709 3238 785 3286 cum
800 3218 948 3306 objecto,
964 3219 1146 3286 secundum
1165 3238 1238 3284 eam
1270 3238 1305 3287 aa
1315 3237 1432 3285 inanem

109 3328 217 3413 ipsam
238 3339 381 3431 partem,
398 3328 546 3411 inquam
566 3328 682 3394 tendit.
699 3328 867 3410 Ejusmodi
882 3337 1068 3412 turparetur
1081 3325 1240 3393 difformi-
1291 3313 1419 3429 ffl,

108 3445 179 3500 tate
196 3434 355 3521 cognitio,
371 3454 447 3519 quae
461 3435 629 3503 hominem
647 3444 894 3522 repraesentaret
913 3446 1084 3520 tamquam
1099 3435 1236 3511 asinum,
1302 3457 1402 3511 mirrea.

5 3624 6 3629 ἵ
107 3544 163 3610 vel
183 3550 354 3627 tamquam
374 3560 440 3611 non
458 3544 620 3611 risibilem.
651 3543 703 3610 Ad
722 3544 881 3611 rationem
906 3562 987 3629 ergo
1005 3542 1154 3610 falsitatis
1173 3560 1240 3622 non

5 3684 7 3689 ·
107 3650 234 3718 sufficit
251 3650 449 3718 difformitas
466 3653 631 3736 negativa.
751 3724 752 3727 ,

5 3750 6 3759 '
178 3760 294 3843 Neque
312 3759 401 3825 enlm
420 3758 595 3843 quisquam
625 3762 739 3827 falsam
759 3760 876 3827 dixerit
898 3760 1122 3845 cognitionem
1141 3777 1240 3824 exeo

108 3869 241 3945 solum,
262 3867 352 3952 quod
372 3885 438 3933 non
457 3866 568 3935 omnia
593 3869 720 3954 objecta
739 3869 834 3934 unico
857 3876 933 3936 actu
951 3868 1106 3951 attingat,
1132 3875 1189 3932 aut
1206 3866 1239 3931 id

107 3978 222 4061 ipsum
237 3972 328 4058 quod
342 3973 488 4057 attingit,
510 3995 585 4053 non¹
596 3976 726 4061 penitus
741 3986 772 4043 et
792 3996 856 4061 qua
876 3977 939 4041 late
953 3985 1044 4059 patet
1057 3975 1129 4059 ejus
1147 3974 1241 4041 intel-

107 4082 294 4169 ligibilitas,
310 4083 576 4167 comprehendit:
603 4102 700 4151 secus
718 4102 837 4151 omnes
861 4086 1014 4151 humanae
1034 4082 1241 4169 cognitiones

106 4190 251 4258 falsitate
270 4190 465 4258 laborarent.
482 4190 530 4258 Ac
545 4192 680 4277 proinde
699 4191 894 4260 difformitas
914 4191 1064 4277 negativa
1087 4192 1242 4275 ignoran-

146 4484 193 4550 (ι)
229 4476 263 4536 S.
281 4477 336 4537 Th.
356 4476 487 4537 r.·Dist.
508 4498 552 4552 19,
571 4498 600 4551 q.
618 4496 648 4553 ς,
664 4499 695 4545 a.
714 4478 803 4549 1;De
821 4479 916 4539 Verit.
933 4498 960 4551 q.
982 4498 1057 4549 r,a.
1074 4498 1136 4550 ω
1155 4492 1188 4538 et
1210 4498 1243 4539 ro

105 4572 140 4631 in
154 4587 240 4641 corp.
255 4581 284 4627 et
298 4567 336 4633 ad
349 4568 476 4642 primum
491 4586 562 4644 ergo
576 4586 674 4629 eorum
686 4588 748 4643 qooe
762 4568 976 4645 objiciebantur
990 4580 1044 4628 ete.
1107 4637 1111 4646 .

145 4663 190 4727 (2)
228 4654 293 4716 clr.
309 4654 343 4716 S.
357 4656 413 4717 Th.
433 4668 471 4715 1.·
485 4656 560 4718 Dist.
578 4658 632 4719 loc.
645 4658 705 4731 cita
718 4671 749 4718 et
761 4658 806 4725 De
824 4656 977 4731 Verit.,q.
997 4679 1029 4729 1,
1043 4671 1101 4718 art.
1116 4680 1143 4735 3.
1161 4733 1163 4736 Ι

144 4754 190 4820 (3)
228 4744 262 4807 S.
277 4746 346 4818 Th,
360 4748 406 4807 De
424 4746 515 4807 Verit.
529 4766 559 4820 q.
579 4769 607 4820 r,
622 4762 681 4809 art.
699 4766 741 4809 ro.
