3492 5525
575 493 635 559 ²40
763 476 890 542 [ocrea
911 477 1163 542 Minoa-Drsn.
1186 489 1231 540 a.·
1253 477 1333 540 Can.
1358 491 1428 542 num

532 657 670 736 minant,
690 663 722 725 et
746 660 815 727 itteo
832 663 899 727 loco
924 659 1086 727 nominum
1099 663 1282 744 ponuntur,·
1298 661 1356 726 suo
1380 661 1474 727 verbo
1495 678 1571 726 nero
1583 667 1663 742 pnr-

533 763 684 846 tr‘cipn'um,
712 770 797 852 quod
820 767 1035 854 consignificat
1059 771 1190 849 empus,
1216 769 1359 853 qrramois
1385 773 1512 834 etcum
1537 767 1662 832 nomine

532 873 780 940 conveniendum
789 875 911 944 tabem.
931 875 1009 941 Alia
1021 893 1095 940 voro
1107 879 1186 940 sunt
1194 873 1291 958 magis
1303 875 1511 960 colligationes
1520 874 1661 956 partium

531 980 696 1058 matonis,
715 981 927 1069 sgnmcanns
944 982 1156 1048 homiminem
1175 981 1273 1048 unius
1294 983 1460 1060 adoliam,
1476 1000 1571 1066 quam
1587 999 1661 1046 ora-

532 1086 627 1150 tionis
645 1093 770 1169 portes,
798 1090 884 1155 snut
908 1089 1008 1166 claui,
1028 1093 1061 1155 et
1085 1089 1152 1155 ntia
1171 1091 1350 1177 hujusmodi
1370 1109 1434 1156 non
1457 1093 1535 1156 sunt
1551 1091 1659 1171 portes

531 1194 640 1272 novis,
660 1197 717 1260 sed
727 1198 868 1278 partium
886 1198 978 1264 nonis
995 1194 1257 1284 conjurationes(
1280 1193 1306 1284 ).

900 1459 1200 1535 ARTICULUS
1223 1461 1296 1539 IV.

934 1630 1005 1695 De
1028 1629 1246 1694 oratione.

381 1879 387 1891 ·
458 1877 489 1922 ὴ,
579 1855 653 1905 roa.
699 1837 812 1906 Oratio
835 1840 990 1908 definitur
1013 1843 1054 1907 ab
1082 1841 1272 1908 Aristotele:
1295 1860 1359 1908 vox
1381 1841 1588 1925 significativa
1609 1844 1655 1905 ad

527 1948 698 2029 placitum,
718 1951 811 2035 nojrtr
822 1949 964 2031 portium
988 1951 1097 2035 atquo
1113 1949 1271 2034 segnificai
1287 1949 1472 2032 separatim,
1492 1952 1531 2014 ni
1542 1949 1653 2026 antro,

529 2073 594 2120 non
612 2057 653 2120 rot
664 2055 832 2138 afflmrot‘o
843 2061 903 2123 ont
917 2057 1039 2142 negotio
1059 2053 1121 2144 (a);
1138 2065 1174 2122 ut
1184 2060 1234 2122 sol
1246 2058 1338 2134 lucet,
1354 2057 1500 2140 princeps
1516 2055 1652 2134 militm,

528 2161 582 2226 vir
594 2162 739 2228 bonosius
756 2172 821 2231 etc.
1443 2189 1450 2198 ·

597 2269 721 2338 Dicitur
736 2289 800 2337 oon
817 2271 850 2338 in
868 2272 1045 2358 singulari,
1073 2290 1276 2356 quamquam
1301 2273 1412 2357 plures
1436 2272 1503 2338 sint
1525 2269 1559 2336 in
1578 2289 1653 2336 ora-

529 2375 620 2442 tione
650 2397 767 2472 nooes,
801 2379 841 2444 ad
869 2379 1070 2446 innuendam
1101 2380 1278 2457 unitatem,
1297 2393 1398 2462 quam
1427 2377 1536 2445 medio
1562 2396 1651 2444 nexu

387 2480 453 2511 ¹⁰⁰³·
529 2487 764 2570 grammaticali
794 2487 935 2552 babeant
962 2505 1076 2564 voces,
1099 2495 1245 2572 oportet,
1266 2495 1303 2552 ut
1320 2485 1449 2572 possint
1468 2483 1652 2552 orationem

528 2591 685 2659 contlare:
706 2609 805 2660 voces
822 2598 946 2678 quippe
964 2593 1145 2661 dissociatae
1158 2593 1339 2661 orationem
1359 2613 1427 2660 non
1446 2593 1579 2659 iaciunt.

596 2699 719 2768 Dicitur
743 2703 836 2789 cujus
863 2703 1005 2785 pardum
1041 2703 1149 2789 olr'qua
1175 2703 1336 2790 significat
1357 2703 1543 2785 separniim,
1572 2702 1651 2784 quia

528 2826 732 2893 quamquam
752 2827 819 2875 non
837 2811 964 2886 obstat,
985 2811 1166 2895 quominus
1179 2829 1298 2877 omnes
1316 2810 1415 2877 etiam
1431 2818 1539 2895 partes
1549 2806 1653 2893 signi-

527 2914 624 2981 ficare
649 2916 776 3000 possint
800 2918 959 2996 seorsim,
979 2928 1016 2983 ut
1034 2936 1121 3003 saepe
1139 2918 1317 3003 contingit,
1338 2912 1371 2984 id
1389 2930 1501 2985 tamen
1517 2936 1651 2983 necesse

529 3040 596 3089 non
610 3032 660 3090 est
674 3025 716 3090 ad
729 3026 936 3092 essentialem
952 3026 1110 3092 rationem
1126 3026 1281 3115 orationis
1294 3026 1475 3110 generatim
1489 3033 1648 3109 sumptae,
1726 3094 1727 3105 .

528 3130 587 3196 sed
613 3129 752 3210 sufficit,
772 3140 809 3198 ut
826 3134 934 3217 aliqua
959 3153 1032 3219 pars
1051 3132 1288 3219 complexionis
1307 3134 1443 3200 seorsim
1470 3132 1649 3219 significet,

528 3237 603 3304 licet
619 3248 744 3305 caeterae
762 3238 829 3306 sint
845 3250 1162 3329 syncategoremata.

594 3346 632 3412 Et
650 3365 707 3431 per
725 3348 808 3414 banc
827 3349 1017 3432 particulam
1036 3350 1144 3416 differt
1161 3348 1264 3415 oratio
1283 3368 1302 3414 a
1321 3346 1455 3416 nomine
1473 3366 1511 3413 ac
1530 3346 1646 3425 verbo,

528 3471 603 3536 quae
621 3462 700 3521 sunt
716 3472 816 3521 voces
833 3454 1018 3542 simplices,
1034 3475 1174 3540 quarum
1194 3458 1282 3523 nulla
1297 3474 1371 3539 pars
1385 3454 1483 3521 babet
1497 3472 1648 3520 seorsum

526 3560 817 3646 significationem
851 3565 954 3631 oratio
986 3583 1063 3631 vero
1095 3571 1146 3631 est
1177 3564 1364 3648 complexio
1395 3562 1647 3639 vocabulorum,

527 3686 670 3752 quorum
688 3671 805 3736 saltem
823 3689 929 3737 unum
948 3672 992 3738 sit
1009 3672 1170 3739 terminus
1186 3671 1493 3757 categorematicus.

593 3775 734 3843 Additur
750 3776 784 3843 in
806 3777 1015 3860 delinitione,
1034 3788 1166 3863 partem
1193 3780 1335 3863 aliquam
1354 3778 1509 3844 orationis
1527 3777 1649 3845 debere

524 3885 693 3967 separatim
704 3883 1122 3970 signitnneutnicrionem
1137 3906 1201 3952 non
1214 3883 1583 3969 veromafflrmotionem
1595 3890 1651 3951 vel
1724 3900 1725 3953 l

525 3992 826 4077 negationemque
843 3994 939 4059 amba
961 3993 996 4058 in
1012 3993 1127 4077 primis
1147 3996 1327 4070 adduntur,
1342 4010 1406 4059 mon
1424 3996 1469 4059 ad
1492 3994 1648 4076 complen-

524 4101 600 4165 dam
613 4097 833 4185 defim'tr'onnrr,
846 4118 917 4185 qnoe
920 4102 993 4186 jam
1001 4100 1263 4167 sot’sconiinetnr
1274 4101 1310 4165 im
1321 4102 1649 4183 pracedentidnsver·
1723 4186 1724 4197 ἵ

525 4206 592 4284 bio,
611 4206 1648 4291 senonennnngisneclorondnn‚nansanrottennanonmd

560 4499 602 4561 (r)
637 4493 1112 4561 S.l·hom.1.·l>ermem.,lecr.
1132 4494 1375 4567 rpostmedium.
1722 4550 1723 4575 ,

579 4582 696 4658 Siquis
717 4584 817 4658 cupiat
835 4584 922 4643 etiam
941 4583 1064 4643 deuiis
1083 4582 1293 4645 minutioribus
1311 4584 1443 4658 partibus
1463 4584 1545 4655 edre.
1565 4586 1645 4659 legat
1722 4580 1723 4591 ¹

525 4672 561 4733 P.
575 4673 696 4734 Petrum
710 4674 850 4744 fonnem,
864 4674 962 4731 laem.
976 4673 1104 4733 Dialect.
1120 4674 1186 4733 libr.
1201 4694 1225 4743 r,
1241 4694 1304 4748 cap.
1323 4692 1365 4748 ις.

560 4768 602 4835 (a)
637 4763 703 4825 Lib.
722 4787 745 4825 r.
761 4765 924 4826 Perillam·
938 4782 1045 4837 eamq.
