3492 5525
425 494 542 557 Anne.
567 507 628 574 μ’
649 491 699 555 Dc
719 490 913 556 Omnona.
1131 511 1187 575 241

110 675 307 756 deceptioms.
330 675 415 757 Quia
432 674 515 740 enim
536 675 668 758 intellegi
685 678 822 757 poterat,
838 678 960 758 partem
977 675 1128 742 orationis
1147 695 1230 742 seor·

109 781 170 845 sim
189 781 428 867 sigmficatiaam
454 783 562 847 debere
585 781 760 868 signficare
777 789 837 864 per
862 785 987 848 modum
1015 783 1230 866 affirmationis

108 892 166 952 aut
181 889 355 972 negationis
367 889 535 971 praeimati
553 892 592 953 rte
615 889 766 976 subjecto,
795 891 957 955 declarare
979 890 1092 966 voluit,
1115 890 1152 954 ia
1166 909 1229 956 aon

5 1056 6 1079 ,
108 1011 173 1059 esse
191 996 330 1061 orationi
347 997 382 1061 in
399 997 557 1062 communi
571 995 744 1062 essentiale.
767 997 830 1061 Hic
852 997 935 1061 enim
958 997 1107 1084 definitur
1129 997 1230 1063 oratio

5 1088 6 1128 ³
109 1101 144 1165 in
160 1103 330 1168 commum.
361 1104 451 1170 Unde
467 1103 558 1170 debet
572 1103 652 1185 pomi
672 1104 708 1168 im
733 1103 912 1190 dainitmne
926 1105 976 1180 iet,
997 1106 1081 1188 quod
1092 1108 1229 1170 estcom-

108 1227 201 1274 mrme
212 1210 300 1275 mani
311 1209 450 1276 oratiam
459 1260 467 1287 ,
483 1210 619 1293 simplici
629 1205 856 1293 etcamposita.
877 1212 999 1277 Habere
1008 1217 1111 1277 auam
1124 1217 1229 1294 partes
1284 1239 1287 1246 ¹

5 1393 6 1397 Ἰ
108 1316 319 1402 signficantes
335 1318 474 1402 alequid,
494 1321 532 1383 ut
545 1317 727 1401 affirmatio,
752 1319 806 1383 boc
822 1320 924 1383 solum
941 1319 1231 1400 cmmpetitarattoni

5 1408 6 1495 i
107 1425 281 1505 composita
286 1446 300 1506 ;
318 1427 374 1490 sed
390 1426 499 1490 labere
520 1429 627 1507 partes
648 1426 863 1512 significantes
888 1427 1011 1510 alequid
1024 1433 1083 1508 per
1104 1429 1229 1492 emaum

106 1531 266 1608 amabam,
281 1536 312 1596 et
326 1551 390 1598 nom
399 1541 457 1615 per
473 1536 599 1598 niodum
610 1532 841 1616 affirmationis,
858 1537 906 1598 est
920 1552 1079 1599 commune
1093 1534 1230 1600 oratiam

5 1660 6 1715 ,
106 1637 244 1720 simplici
265 1643 297 1705 et
319 1640 493 1722 empostae
515 1637 579 1728 (r).
609 1639 672 1706 Sed
699 1658 799 1725 neque
826 1641 916 1705 debet
938 1641 1075 1724 intelligi
1100 1659 1163 1706 esse
1189 1644 1228 1706 de

106 1746 230 1810 ratiom
246 1747 415 1824 orationis,
431 1750 516 1832 quod
527 1755 606 1829 pars
622 1751 691 1835 ejus
707 1767 772 1813 nom
785 1747 830 1812 sit
843 1747 1009 1831 affirmatio
1027 1745 1091 1836 (2).

172 1851 256 1918 Aliis
278 1855 433 1930 vocibus,
452 1855 586 1937 quando
610 1874 630 1919 a
652 1855 821 1920 communi
848 1853 971 1920 ratione
994 1855 1148 1922 orationis
1170 1875 1227 1920 ex-

105 1959 266 2037 cluditur,
285 1962 375 2044 quod
394 1963 458 2027 ulla
477 1979 551 2045 pars
568 1962 671 2046 ipsius
682 1961 843 2047 significat
860 1969 918 2046 per
933 1962 1070 2028 modum
1086 1963 1227 2029 affirma-

106 2067 224 2143 tionis,
258 2068 291 2134 id
323 2069 520 2147 excluditur,
555 2088 620 2135 non
649 2070 741 2153 quasi
769 2069 801 2134 id
828 2071 912 2134 toret
939 2079 1051 2136 contra
1076 2077 1224 2136 naturam

105 2174 278 2251 orationis,
307 2177 366 2242 sed
391 2177 467 2258 quia
496 2177 529 2243 id
555 2185 605 2243 est
628 2181 744 2258 prater
768 2187 917 2244 naturam
939 2177 1055 2261 ipsius,
1080 2195 1139 2243 seu
1159 2195 1225 2243 non

105 2282 326 2348 necessarium
349 2283 390 2349 ad
414 2283 597 2350 orationem
622 2284 820 2350 habendam.
852 2283 945 2350 Sicut
970 2303 1010 2350 ex
1037 2283 1225 2351 definitione

103 2387 257 2454 animalis
274 2391 471 2468 excluditur,
492 2391 583 2474 quod
600 2391 642 2456 sit
660 2391 830 2474 rationale,
848 2409 915 2456 non
931 2392 1007 2474 quia
1027 2392 1225 2457 rationalitas

102 2499 147 2564 sit
165 2499 318 2582 opposita
336 2498 483 2576 animali,
505 2500 564 2565 sed
587 2500 662 2582 quia
685 2508 736 2564 est
753 2503 871 2580 prater
894 2499 1030 2576 animal,
1052 2501 1138 2565 unde
1159 2519 1224 2564 non

102 2604 288 2690 ingreditur
306 2603 463 2671 rationem
483 2605 786 2676 seudefinitionem
806 2607 969 2674 animalis.
1063 2661 1065 2666 .

153 2729 229 2798 ¹03·
275 2717 421 2797 colliges
434 2713 519 2789 hinc,
532 2712 859 2798 orationemlogicam
870 2713 1225 2799 discriminatiagram·
1312 2749 1371 2807 Qffl

101 2819 257 2895 maticali,
283 2820 324 2885 ad
354 2820 491 2905 logicam
515 2820 619 2896 enim,
645 2838 738 2886 secus
757 2829 853 2903 atque
877 2823 917 2887 ad
935 2823 1222 2906 grammaticalem,
1256 2820 1341 2905 illm}
1354 2824 1423 2871 ⁰¹³²³0

101 2946 170 2992 non
197 2926 369 3009 requiritur
394 2928 550 3002 verbum,
572 2946 631 2993 nec
659 2929 775 3012 copula
791 2930 855 3004 est,
877 2928 935 2993 sed
959 2928 1078 2994 sufficit
1101 2929 1225 3012 quaevis
1255 2895 1421 3019 ,nffissq

100 3035 164 3099 alia
189 3032 443 3118 grammaticalis
470 3034 548 3100 unio
575 3036 715 3100 duorum
748 3036 799 3099 vel
827 3036 968 3117 plurium
996 3036 1222 3112 terminorum,

99 3142 171 3207 sive
189 3159 253 3224 ope
270 3141 505 3226 conjunctionis
521 3142 721 3226 aliarumque
740 3142 979 3225 particularum,
997 3144 1064 3209 sive
1079 3163 1136 3228 per
1147 3162 1225 3209 con-

98 3248 302 3313 cordantiam
322 3247 466 3332 adjectivi
485 3266 561 3313 cum
580 3248 796 3324 substantivo,
813 3247 882 3315 sive
898 3268 955 3332 per
968 3268 1080 3317 casum
1100 3258 1222 3316 rectum

98 3364 131 3420 et
150 3355 325 3438 obliquum
344 3355 385 3420 ab
404 3374 444 3420 eo
462 3356 677 3438 pendentem,
698 3357 979 3438 quemadmodum
1008 3376 1142 3441 exprese
1170 3359 1225 3424 do-

99 3470 154 3527 cet
173 3459 350 3546 angelicus
375 3459 429 3547 (3)
455 3462 625 3545 ceterique
652 3461 849 3546 Philosophi.
870 3461 1094 3538 Quamobrem
1114 3466 1223 3532 omnis

97 3568 262 3633 terminus
279 3570 474 3651 complexus
492 3578 542 3635 est
560 3570 657 3635 etiam
676 3571 827 3652 quaedam
847 3570 949 3636 oratio
968 3571 1071 3656 logica
1088 3570 1151 3660 (4).

149 3692 225 3756 ¹⁰4·
273 3674 384 3741 Oratio
402 3675 554 3742 dividitur
571 3677 788 3761 inperfectam
811 3686 846 3742 et
863 3678 1083 3762 imperfectam.
1106 3677 1223 3763 imper·
1273 3714 1398 3772 Q„„,1„

97 3785 182 3847 tecta
207 3792 275 3858 est,
307 3800 380 3865 quae
398 3784 543 3861 continet
569 3785 764 3851 sententiam
787 3785 1008 3869 imperfectam
1038 3794 1070 3852 et
1088 3804 1223 3870 suspen·
1294 3789 1372 3833 ⁰¹²¹¹0·

132 4058 176 4121 (ι)
213 4047 247 4110 S.
262 4048 368 4111 Thom.
383 4048 545 4109 Perilurm.
561 4050 611 4111 lib.
628 4073 654 4123 ι,
668 4050 734 4111 lect.
746 4052 765 4109 6
776 4065 843 4125 post
857 4050 987 4111 initium.

131 4150 175 4209 (a)
213 4140 287 4199 ibid.

129 4235 174 4300 (ς)
210 4228 277 4288 Lib.
295 4229 635 4301 1.⁹Perilrerm.,leet.6,
649 4230 682 4290 in
695 4230 874 4303 expositione
883 4230 1061 4293 delinitionis
1070 4232 1219 4304 orationis3

90 4334 120 4381 ct
133 4319 313 4390 Portam,
326 4318 377 4378 lib.
392 4340 429 4389 1.,
443 4308 508 4378 leet.
522 4320 551 4390 8,
564 4340 679 4394 paragr.
695 4322 723 4380 b.

128 4414 173 4481 (4)
209 4408 303 4468 lmmo
316 4421 397 4480 sunt,
412 4408 464 4482 qui
476 4409 599 4468 doceant
615 4430 701 4469 vooes
717 4409 797 4480 illas,
812 4409 999 4471 materialiter
1016 4410 1134 4484 quidem
1148 4412 1220 4470 eim-

94 4499 194 4571 plieee,
209 4498 374 4571 complexas
386 4510 484 4557 autem
494 4498 591 4571 quoad
601 4498 852 4573 significationem,
865 4514 894 4559 et
903 4500 1036 4573 pluribus
1045 4500 1221 4574 aequivalen-

95 4602 149 4656 ιω,
164 4600 200 4647 ut
210 4607 303 4658 mmo,
317 4588 404 4659 maleit,
427 4588 465 4647 ad
480 4588 645 4648 orationem
655 4588 784 4648 revocari
805 4608 901 4661 posce,
916 4589 1031 4663 dicique
1053 4593 1221 4651 virtualiter

94 4677 251 4738 orationes.
267 4676 311 4736 Ita
329 4697 358 4736 v.
379 4696 424 4752 gr.
446 4676 691 4749 Conimbricens.,
716 4677 837 4738 Dialeet.
861 4679 907 4737 De
926 4681 1122 4757 interprete.
1145 4704 1172 4755 3,
1190 4700 1218 4754 4,

94 4780 198 4839 quaet.
213 4791 241 4843 3,
256 4787 283 4826 a.
303 4788 314 4825 1
331 4766 368 4826 ad
383 4778 444 4840 3³·
458 4768 596 4839 Foneeca,
611 4768 737 4829 Dialect.
754 4768 805 4829 lib.
822 4790 849 4841 3,
861 4790 924 4843 cap.
948 4790 970 4829 r.

1144 4869 1180 4932 ro
