3492 5525
469 448 471 452 ,
548 390 607 477 708
679 391 808 457 Looica
822 386 1050 465 Maron-Lm.
1067 402 1139 467 ψ,
1156 386 1247 454 Disn.
1259 338 1312 453 Ιι.*“
1326 388 1405 459 Cae.
1424 404 1500 472 ψ

508 578 590 655 dua,
611 576 700 645 ilasi
720 576 828 661 plures
843 575 993 641 homines
1013 574 1258 659 apprehendant
1277 573 1443 658 praecisive
1462 583 1644 647 naturam,

509 688 578 753 lraec
599 684 708 751 evadit
722 683 895 769 multiplex
912 701 955 750 ex
969 682 1137 768 multiplici
1163 691 1324 766 conceptu
1345 682 1556 749 diversorum
1578 682 1647 748 ho·

510 792 651 859 minum.

577 900 683 966 Minor
695 898 792 966 etiam
805 907 911 983 patet,
928 896 1002 981 quia
1015 909 1108 974 tunc,
1128 896 1349 981 multiplicatis
1363 896 1545 964 unitatibus
1562 898 1646 963 uni-

510 1007 705 1085 versalibus,
728 1005 985 1090 multiplicantur
999 1005 1125 1088 species
1139 1006 1230 1090 ipsae.
1252 1004 1296 1069 lta
1315 1025 1395 1090 ergo
1409 1013 1506 1070 erunt
1521 1006 1645 1089 plures

510 1117 663 1183 humanae
682 1114 824 1199 species,
845 1113 957 1199 plures
975 1112 1192 1178 animalitates
1211 1122 1304 1181 etc...

575 1230 681 1305 Resp.
700 1240 772 1305 areg.
798 1222 874 1307 Maj.
896 1219 1086 1285 Universale
1103 1204 1192 1286 enim
1210 1229 1260 1286 est
1278 1229 1464 1286 concretum
1484 1219 1647 1287 acciden-

496 1330 584 1403 tale.
609 1330 768 1396 Concreta
787 1347 864 1393 vero
881 1328 1091 1393 accidentalia
1108 1346 1174 1393 non
1190 1326 1448 1411 multiplicantur
1460 1328 1501 1393 ad
1521 1331 1648 1395 multi-

508 1437 715 1524 plicationem
745 1438 941 1523 formarum,
969 1436 996 1501 si
1021 1435 1108 1501 idem
1137 1447 1322 1519 perseveret
1351 1437 1553 1519 subjectum.
1586 1436 1645 1501 Sic

509 1545 629 1631 paries,
651 1543 776 1609 etiamsi
793 1543 904 1629 plures
927 1541 1060 1627 accipiat
1080 1542 1263 1620 albedines,
1286 1561 1352 1608 non
1377 1542 1415 1607 tit
1433 1544 1527 1627 plura
1545 1544 1642 1625 alba;

508 1672 569 1719 nec
588 1654 706 1729 lromo,
728 1649 854 1716 etiamsi
873 1650 987 1718 calleat
1002 1638 1110 1734 plures
1129 1659 1232 1727 artes,
1249 1649 1393 1715 redditur
1407 1652 1520 1734 plures
1534 1650 1645 1717 artifi-

507 1778 579 1841 ces;
610 1778 669 1825 nec
697 1758 880 1844 objectum,
909 1756 1036 1824 etiamsi
1060 1756 1208 1822 videatur
1234 1777 1254 1821 a
1280 1758 1393 1824 multis
1423 1758 1640 1833 hominibus,

508 1875 615 1952 potest
634 1864 836 1932 denominari
857 1865 1045 1949 multiplex;
1068 1884 1126 1930 nec
1145 1863 1251 1939 Deus,
1273 1864 1362 1929 mille
1385 1864 1641 1949 cognitionibus

507 1975 745 2060 apprehensus,
763 1982 813 2039 est
833 1971 1022 2056 multiplex,
1038 1973 1097 2038 sed
1116 1990 1202 2038 unus
1224 1971 1341 2037 millies
1359 1973 1525 2057 cognitus.
1542 1972 1640 2039 ldem

507 2082 558 2148 dic
576 2082 616 2147 de
636 2080 826 2147 universali:
847 2080 908 2145 erit
927 2079 1081 2145 nimirum
1097 2080 1241 2145 amultls
1257 2080 1451 2157 formatum,
1470 2097 1537 2146 non
1551 2100 1640 2147 vero

508 2189 693 2272 multiplex.

574 2293 801 2362 Probationem
821 2293 951 2379 Majoris
969 2294 1065 2359 simili
1085 2294 1186 2359 modo
1202 2294 1367 2378 distinguo
1373 2312 1387 2375 ;
1410 2294 1438 2360 si
1457 2296 1562 2361 forma
1583 2296 1638 2362 rlla

506 2404 548 2470 sit
566 2401 728 2469 intrinsica
747 2402 895 2487 subjecto
911 2400 989 2485 ipsi,
1010 2420 1110 2477 conc„
1133 2399 1160 2468 si
1180 2399 1222 2466 sit
1239 2403 1439 2480 extrinseca,
1454 2421 1528 2486 neg.

573 2512 610 2577 Et
628 2528 697 2593 neg.
720 2508 887 2594 paritatem
913 2508 1156 2591 consequentis.
1182 2508 1265 2573 Nam
1290 2508 1399 2575 unitas
1422 2509 1639 2577 individualis

505 2616 678 2685 intrinseca
698 2625 747 2682 est
765 2616 910 2701 subjecto
928 2614 988 2699 ipsi
1008 2634 1044 2681 ac
1063 2616 1302 2699 substantialis:
1320 2616 1393 2682 ideo
1413 2617 1493 2682 nihil
1510 2619 1636 2684 mirum

507 2726 533 2793 si
552 2726 605 2792 illa
624 2722 852 2809 multiplicata,
875 2722 1130 2808 multiplicentur
1145 2741 1280 2808 quoque
1296 2724 1365 2809 ipsa
1384 2724 1552 2792 individua
1567 2724 1636 2816 (r).

572 2839 735 2903 lactabis.
758 2831 946 2898 Universale
962 2841 1012 2898 est
1026 2831 1240 2899 essentialiter
1255 2850 1378 2909 unum,
1400 2851 1480 2902 cum
1499 2834 1637 2901 definia-

505 2953 558 3008 tur
588 2959 691 3007 unum
718 2949 830 3023 aptum
856 2940 963 3006 inesse
986 2939 1147 3023 pluribus.
1170 2939 1254 3024 Ergo
1281 2939 1400 3023 nequit
1424 2959 1499 3006 esse
1527 2959 1635 3007 unum

506 3049 685 3116 extrinseca
704 3047 840 3114 unitate.

572 3164 677 3239 Resp.
692 3155 769 3222 dist.
785 3164 906 3236 antec.;
924 3121 1105 3220 universale
1120 3155 1283 3237 adaquata
1298 3173 1335 3219 ac
1344 3154 1529 3240 formaliter
1547 3173 1636 3222 sum·

506 3271 617 3350 ptum,
637 3282 738 3338 conc„
764 3261 962 3346 inadequate
980 3269 1013 3325 et
1037 3260 1325 3328 fundamentaliter
1342 3264 1394 3326 vel
1413 3262 1634 3345 specificatlve

435 3371 438 3379 '
505 3379 698 3456 sumptum,
720 3387 792 3454 neg.

572 3479 655 3545 nist.
677 3493 827 3560 conseq.;
843 3475 957 3559 nequit
970 3491 1043 3540 esse
1058 3493 1161 3541 unum
1171 3476 1308 3554 unitate,
1320 3494 1395 3559 quae
1410 3476 1454 3542 sit
1467 3477 1633 3545 extrinsea

505 3583 674 3653 universali
705 3587 868 3668 adaquata
892 3592 1044 3667 sumpto,
1072 3601 1174 3658 conc„
1211 3584 1510 3650 fundamentaliter
1540 3603 1634 3654 sum·

504 3703 578 3779 pto,
598 3711 670 3776 neg.

572 3801 759 3868 Universale
774 3799 943 3882 adaequate
959 3807 992 3864 et
1006 3798 1184 3863 formaliter
1198 3799 1444 3865 consideratum
1457 3809 1508 3866 est
1522 3809 1630 3868 totum

502 3899 690 3977 concretum
728 3926 768 3973 ex
806 3915 920 3974 natura
955 3915 988 3972 et
1026 3907 1129 3970 forma
1161 3905 1431 3972 universalitatis.
1470 3906 1509 3973 Et
1547 3929 1631 3993 quo

504 4017 589 4084 niam
611 4012 685 4082 huic
704 4023 875 4089 concreto,
896 4020 994 4097 prout
1011 4013 1084 4089 tali,
1105 4013 1285 4079 essentialis
1305 4022 1355 4079 est
1373 4015 1478 4079 forma
1497 4015 1629 4081 univer-

502 4123 653 4199 salitatis,
670 4123 743 4188 ideo
757 4129 808 4187 est
823 4121 921 4186 etiam
936 4119 980 4185 illi
999 4119 1179 4186 essentialis
1197 4119 1251 4185 illa
1269 4120 1378 4187 unitas
1392 4121 1629 4190 intentionalis.

503 4229 571 4298 Hoc
589 4239 700 4297 tamen
721 4248 787 4296 non
807 4238 912 4307 vetat,
938 4228 1118 4312 quominus
1137 4246 1175 4293 ea
1194 4225 1303 4294 unitas
1321 4247 1357 4295 ac
1376 4231 1480 4294 forma
1498 4231 1632 4297 univer·

502 4339 636 4405 salitatis
662 4339 843 4405 extrinseca
870 4336 913 4403 sit
940 4351 1073 4419 prorsus
1100 4343 1133 4401 et
1161 4335 1365 4403 accidentalis
1398 4345 1522 4404 naturae
1555 4337 1629 4423 ipsi,

537 4606 578 4678 (r)
614 4605 690 4665 Vide
709 4605 787 4679 apud
810 4601 910 4675 Suam,
925 4603 1003 4677 disp.
1022 4603 1051 4662 6.
1077 4604 1205 4680 Metapl.
1220 4618 1290 4665 sect.
1304 4625 1331 4679 3,
1346 4625 1419 4678 ruo,
1439 4627 1486 4676 rr,
1505 4606 1631 4678 123Co-

503 4693 635 4758 nimbric.
646 4695 700 4758 loc.
711 4691 761 4756 cit.
775 4714 805 4768 q.
821 4711 850 4770 4,
866 4707 922 4756 art.
940 4712 966 4768 ς.
1052 4719 1056 4724 ·
