3492 5525
210 465 328 530 Anno.
349 479 405 528 υ·
417 463 470 528 An
487 481 690 528 nnuunrarro
705 483 756 528 sir
770 475 1030 530 assanruursn
1042 483 1133 529 verta
1151 483 1207 548 44¹

175 659 277 721 Prob.
301 668 346 720 aa·
391 651 625 736 supponamus
647 669 758 718 veram
783 654 866 718 lianc
889 652 1166 738 propositionem:
1192 653 1252 718 Pe-

8 775 9 786 *
130 766 199 828 trus
215 759 358 826 ambulat
370 776 456 824 nuno
473 758 509 830 ia
518 757 611 843 foro,
640 777 740 843 quam
765 779 873 827 assero
896 780 938 827 ex
961 760 1086 826 motivo
1113 757 1247 841 iallibili;

130 879 210 954 puta
225 868 301 952 quia
319 867 351 932 id
370 865 449 932 mihi
464 867 628 932 renuntiat
641 867 781 945 amicus,
798 865 855 952 qui
869 867 959 934 venit
974 887 1015 934 ex
1029 867 1146 933 eodem
1161 869 1244 942 foro,

130 977 183 1043 vel
203 977 278 1060 quia
297 976 373 1041 novi
396 975 527 1040 Petrum
548 975 607 1040 bac
626 975 740 1041 eadem
761 975 838 1041 bora
858 974 1004 1059 quotidie
1021 975 1156 1042 solitum
1175 994 1250 1042 esse
1293 1037 1297 1046 .

129 1084 173 1150 ibi
201 1083 378 1150 ambulare.
408 1081 484 1147 llaec
506 1081 620 1148 eadem
651 1100 789 1148 numero
818 1082 997 1168 propositio
1026 1083 1132 1166 potuit
1164 1082 1246 1158 elici,

130 1194 225 1257 Petro
251 1208 316 1256 non
342 1191 544 1256 ambulante.
572 1189 672 1272 Atqui
697 1197 776 1256 tunc
803 1191 883 1256 ialsa
905 1198 1006 1256 esset.
1026 1190 1109 1274 Ergo
1133 1190 1247 1256 eadem

129 1317 270 1364 numero
288 1297 467 1382 propositio
484 1305 593 1380 potest
611 1314 683 1363 esse
701 1315 777 1362 vera
800 1299 852 1363 vel
877 1299 973 1373 ialsa,
994 1307 1026 1364 et
1044 1316 1249 1381 consequen·

129 1417 180 1472 ter
197 1423 263 1472 non
282 1415 331 1470 est
347 1405 528 1471 necessario
547 1421 640 1481 vera,
656 1403 715 1470 sed
733 1411 784 1471 est
802 1404 989 1471 indifferens
1003 1424 1044 1470 ex
1061 1423 1121 1472 sua
1135 1403 1249 1472 intrin-

127 1533 201 1580 seca
219 1503 333 1579 natura
351 1514 403 1578 vel
418 1511 459 1578 ad
472 1509 641 1580 veritatem
656 1513 708 1579 vel
723 1513 763 1578 ad
782 1513 969 1580 falsitatem.

173 1627 275 1690 Prob.
296 1626 420 1704 Major.
469 1621 563 1686 Petro
583 1637 649 1686 non
669 1620 873 1698 ambulante,
895 1627 1035 1705 possunt
1056 1618 1194 1687 existere
1213 1621 1248 1687 in

127 1747 204 1795 casu
231 1729 345 1794 eadem
374 1725 527 1812 principia
560 1729 751 1812 eaedemque
783 1747 888 1794 causae
919 1730 952 1796 in
989 1728 1246 1813 propositionem
1353 1797 1356 1807 ,

126 1835 320 1912 influentes,
340 1854 415 1919 quae
432 1852 535 1912 nunc,
556 1837 704 1902 currente
719 1838 831 1914 Petro,
847 1835 1009 1912 existunt,
1023 1855 1143 1920 nempe
1158 1836 1245 1902 idem

125 1944 328 2021 intellectus,
353 1935 480 2008 'eaedem
518 1943 643 2028 species
675 1943 908 2029 intelligibiles,
946 1943 1034 2009 idem
1068 1945 1243 2012 motivum.

127 2050 269 2118 Aliunde
289 2068 365 2118 vero
384 2050 453 2134 ipsa
473 2050 567 2116 realis
585 2049 762 2118 ambulatio
780 2051 882 2128 Petri,
902 2051 1035 2135 quando
1054 2053 1191 2128 existat,
1211 2050 1245 2118 in

127 2159 218 2226 nullo
236 2177 357 2244 genere
376 2175 483 2224 causae
506 2157 611 2227 intluit
634 2159 666 2225 in
693 2167 801 2224 actum
822 2157 935 2237 illum,
956 2159 1032 2242 quia
1049 2159 1246 2244 supponitur

126 2266 246 2332 absens
260 2285 296 2332 ac
311 2265 448 2332 distans.
465 2264 565 2349 Atqui
581 2264 790 2331 manentibus
803 2264 918 2331 iisdem
934 2285 1068 2352 prorsus
1082 2266 1245 2352 principiis

126 2383 159 2440 et
178 2373 302 2450 causis,
324 2390 388 2438 non
414 2381 479 2450 est,
500 2391 559 2438 cur
576 2371 664 2439 idem
685 2361 823 2438 nur'nero
842 2384 933 2440 actus
951 2374 1020 2439 elici
1040 2392 1106 2440 non
1126 2372 1242 2458 possit,

125 2500 203 2547 nam
223 2481 305 2546 idem
324 2498 453 2547 manens
470 2481 552 2546 idem
568 2487 686 2564 semper
702 2483 750 2546 est
764 2483 873 2547 natum
882 2481 993 2566 facere
1009 2482 1108 2559 ideam
1128 2490 1165 2547 ut
1184 2484 1244 2549 lert

124 2588 352 2674 proverbium
366 2587 451 2674 Ergo
469 2596 533 2655 stat
552 2589 655 2674 Major
668 2588 816 2654 adductae
831 2586 1057 2676 probationis(
1082 2585 1108 2677 ).

169 2701 403 2765 confirmatur
425 2704 471 2765 ιθ
515 2693 600 2773 Quia
614 2707 705 2765 actus
719 2713 869 2763 asserens
882 2715 923 2763 ex
939 2697 1099 2781 praedictis
1112 2696 1244 2765 motivis

125 2804 334 2871 existentiam
364 2803 594 2871 ambulationis
618 2803 720 2882 Petri,
742 2805 832 2883 nullo
850 2824 892 2871 ex
916 2805 1022 2890 capite
1039 2806 1244 2871 connectitur

4 2934 5 2937 ¹
124 2932 203 2980 cum
219 2913 347 2978 eadem.
367 2914 441 2979 Non
461 2912 557 2979 titulo
570 2912 707 2997 alicuius
725 2911 886 2988 influxus,
907 2931 1008 2996 quem
1028 2921 1186 2989 exerceat,
1206 2922 1243 2980 ut

127 3038 186 3105 per
200 3038 235 3087 se
248 3028 353 3105 patet;
369 3032 476 3104 neque
488 3019 585 3085 etiam
601 3020 696 3085 titulo
711 3018 1021 3103 repraesentationis,
1037 3019 1113 3103 quia
1128 3020 1242 3086 eadem

125 3127 367 3213 repraesentatio
385 3126 452 3193 dari
465 3135 590 3212 potest,
608 3128 703 3193 Petro
717 3146 783 3193 non
798 3126 1005 3210 ambulante;
1022 3146 1081 3193 nec
1099 3127 1243 3212 denique

124 3235 220 3303 titulo
237 3234 373 3319 alicujus
391 3234 536 3320 principii
554 3234 684 3302 falsitati
703 3234 931 3319 repugnantis,
952 3235 1057 3319 qualis
1070 3236 1240 3320 reperitur,

123 3363 156 3407 v.
178 3362 213 3428 g.
234 3342 266 3408 in
283 3350 357 3409 actu
376 3342 482 3407 elicito
502 3359 558 3426 per
576 3342 721 3408 habitum
747 3340 832 3408 Fidei
851 3342 1121 3426 supernaturalis,
1141 3341 1243 3427 siqui·

122 3450 200 3515 dem
221 3468 281 3517 nec
299 3449 480 3517 intellectus
498 3451 681 3526 humanus,
703 3468 761 3515 nec
780 3450 905 3534 species
926 3448 1160 3535 intelligibiles,
1181 3468 1242 3518 nec

123 3558 305 3635 motivum,
336 3576 377 3625 ex
410 3574 478 3640 quo
509 3557 705 3642 supponitur
732 3556 800 3623 elici
828 3557 880 3623 bic
903 3566 937 3622 et
958 3575 1047 3624 nunc
1070 3567 1164 3625 actus
1189 3559 1241 3625 ille

122 3666 297 3732 enuntians
315 3662 398 3731 Petn'
417 3664 676 3731 ambulationem
695 3666 729 3732 in
749 3664 835 3741 loro,
861 3683 903 3731 ex
926 3683 963 3731 se
982 3674 1166 3751 repugnant
1184 3667 1242 3731 ial-

119 3771 207 3839 sitati
221 3768 285 3861 (2).

165 3887 399 3949 confirmatur
418 3890 469 3948 2.⁰
496 3880 667 3965 exemplis.
701 3878 813 3948 Potest
842 3880 930 3947 enim
957 3881 1073 3947 eadem
1102 3898 1240 3949 numero

120 3990 232 4074 imago
260 4006 335 4055 esse
363 4005 451 4055 nunc
476 3988 653 4055 conformis
679 4006 767 4055 nunc
792 3988 954 4055 difformis
983 3996 1161 4077 prototypo
1183 4008 1242 4074 per

118 4096 223 4163 solam
245 4096 331 4162 illius
355 4094 591 4179 mutationem
614 4105 724 4182 potest
745 4095 894 4163 similiter
916 4097 1031 4162 eadem
1060 4096 1241 4163 enuntiatio

118 4202 241 4270 vocalis
260 4204 312 4270 vel
327 4205 446 4289 scripta
460 4222 535 4269 vera
553 4204 606 4271 vel
624 4206 703 4271 salsa
721 4222 794 4271 esse
808 4222 865 4289 per
879 4205 984 4270 solam
999 4203 1116 4289 obiecti
1132 4212 1240 4271 muta·

117 4302 256 4379 tionem.
286 4312 370 4397 Ergo
398 4310 485 4378 idem
513 4312 686 4379 dicendum
713 4321 763 4381 est
789 4312 831 4379 de
858 4310 1058 4396 quibusdam
1091 4310 1240 4399 proposi·

115 4419 275 4488 tionibus.

150 4678 194 4741 (a)
228 4670 298 4731 vid.
315 4670 445 4731 Loeaada
459 4672 513 4733 loe.
528 4672 578 4732 eit.
594 4692 625 4732 n.
643 4693 685 4732 ιι.

149 4767 191 4832 (a)
226 4760 297 4821 Vid.
313 4761 457 4834 Loasada‚
471 4760 524 4833 ita,
539 4782 569 4823 n.
588 4782 619 4821 aa
634 4782 727 4837 seqq„
742 4762 794 4823 ubi
807 4761 901 4836 plura.
