3492 5525
427 703 445 809 i

295 989 386 1036 Triaim
356 995 458 1044 imponar

328 1077 364 1108 222
341 1062 419 1108 erurbn

531 459 588 523 23²
723 437 851 504 Locren
872 437 1120 504 Minoa-ursa.
1144 451 1188 502 2.·
1209 437 1289 504 Cae.
1316 453 1383 502 ram

488 642 560 690 cnm
576 624 706 692 aerium
722 624 877 711 signfficet
886 623 1042 690 actionem
1054 631 1114 706 per
1139 623 1264 690 madum
1287 621 1432 688 neporus
1425 613 1502 700 ctae
1518 625 1612 710 cujus

487 732 611 805 renone
636 735 693 808 est,
722 735 760 798 ut
786 697 952 811 22212222Β
970 729 1237 813 semperpanitur
1262 749 1303 796 cx
1320 733 1412 813 parte
1428 728 1608 812 manum,

487 842 915 924 nunquamautenrcxparte
932 837 1072 925 subjecti,
1087 837 1385 920 nisiponaturinai
1396 832 1574 924 nominis(1
1583 833 1608 924 ).

533 948 589 1032 98.
636 945 765 1024 Quare,
792 944 821 1014 si
840 947 925 1013 bene
944 964 996 1012 res
1014 945 1253 1021 consideretur,
1277 945 1338 1010 tria
1360 945 1515 1029 importat
1538 961 1611 1010 ver·

488 1055 589 1122 bum:
615 1051 651 1142 α)
677 1056 817 1120 sormam
845 1052 987 1137 aliquam
1015 1052 1176 1138 significat
1203 1071 1243 1118 ex
1275 1053 1448 1119 hominurn
1477 1049 1607 1135 placito,

487 1183 521 1230 v.
538 1181 574 1248 g,
594 1163 693 1228 exista
710 1161 872 1246 significat
898 1160 1122 1238 existentiam,
1142 1179 1237 1227 curro
1254 1179 1403 1238 cursum,
1427 1179 1497 1226 amo
1519 1177 1611 1226 amo-

488 1287 574 1345 rem,
594 1287 650 1353 ago
665 1267 840 1335 actionem.
860 1269 922 1336 Et'
915 1287 948 1333 rn
962 1269 1024 1334 hoc
1041 1267 1178 1334 verbum
1198 1269 1351 1334 convenit
1365 1285 1443 1334 cum
1462 1267 1608 1341 nomine,

487 1377 635 1461 itemque
652 1396 729 1443 cum
748 1376 935 1461 participio,
957 1395 1034 1442 nam
1051 1376 1183 1442 easdem
1202 1375 1273 1441 illas
1291 1377 1412 1442 formas
1425 1374 1611 1460 significant

487 1485 622 1550 nomina
637 1486 725 1560 haec,
741 1484 926 1562 existentia,
947 1503 1077 1560 cursans,
1097 1501 1201 1559 amor,
1221 1483 1313 1548 actio

553 1588 589 1679 β)
608 1591 839 1678 Consignisiaat
858 1592 997 1658 verbum
1016 1591 1134 1658 deinde
1162 1594 1295 1673 tempus,
1316 1599 1350 1654 et
1374 1589 1407 1656 in
1426 1591 1487 1654 hoc
1505 1589 1610 1654 differt

486 1700 660 1766 anomine.
676 1699 804 1764 Etenim
819 1717 943 1764 nornen
956 1697 1118 1783 signifieat
1131 1699 1269 1765 sormam
1284 1715 1342 1764 seu
1358 1715 1427 1763 rem
1440 1705 1608 1779 tamquam

484 1807 804 1890 perseuerantem
828 1807 968 1874 verbum
988 1814 1097 1874 autem
1117 1805 1204 1872 iliam
1224 1804 1384 1890 signiticat
1406 1811 1463 1886 pcc
1486 1805 1611 1872 modum

486 1913 619 1982 22202222
643 1924 677 1980 22
697 1913 868 1997 passionis.
899 1912 998 1989 Quod
1021 1913 1123 1997 probe
1143 1921 1235 1990 nota,
1257 1903 1431 1978 nonenim
1453 1919 1503 1978 est
1522 1912 1609 1978 idem

486 2021 666 2106 signficare
688 2021 841 2088 canonem
862 2030 895 2086 et
923 2019 1116 2102 passionem,
1138 2027 1170 2086 et
1199 2019 1381 2104 significare
1400 2025 1460 2102 per
1485 2022 1610 2087 modum

485 2128 628 2196 actioms.
663 2129 766 2196 Multa
784 2138 864 2194 sunt
893 2128 1043 2204 nomina,
1072 2146 1147 2211 quae
1171 2127 1334 2194 actionem
1358 2135 1391 2192 et
1422 2128 1608 2211 passionem

485 2233 688 2320 significant,
708 2243 743 2300 at
760 2233 792 2299 in
812 2236 996 2312 abstracto,
1017 2243 1050 2302 et
1069 2252 1135 2302 non
1152 2253 1207 2319 per
1226 2234 1364 2300 modum
1379 2233 1531 2310 aetionis,
1552 2235 1610 2300 sed

485 2343 586 2410 instar
613 2343 658 2409 rei
683 2343 855 2430 cujusdam
883 2360 999 2426 perse
1030 2341 1210 2410 existentis.
1243 2342 1280 2408 Et
1309 2360 1507 2408 econverso
1532 2349 1611 2408 sunt

485 2450 584 2517 etiam
600 2449 718 2528 verba,
734 2469 811 2535 quae
829 2469 890 2516 nec
903 2448 1064 2516 actionem
1085 2469 1145 2516 nec
1164 2447 1349 2534 passionem
1369 2450 1496 2534 proprie
1510 2448 1610 2534 signi-

484 2556 586 2624 ticant
612 2578 647 2623 v.
667 2577 704 2643 Ε.
732 2558 850 2635 exuto,
876 2558 1016 2643 quiesco,
1042 2558 1136 2634 suto,
1156 2559 1269 2633 ardeo,
1294 2557 1415 2624 aibesco
1441 2563 1517 2634 etc.,
1551 2557 1610 2624 sed
1725 2613 1726 2616 ,

485 2672 598 2730 tamen
622 2683 751 2749 semper
771 2665 957 2751 significant
975 2667 1114 2731 sormam
1140 2682 1233 2730 suam
1253 2671 1312 2746 per
1332 2666 1458 2730 modum
1475 2663 1610 2730 actionis

485 2779 519 2838 et
533 2772 710 2856 passionis,
727 2774 883 2839 nimirum
899 2772 1085 2858 significant
1101 2774 1257 2849 sormam,
1271 2782 1309 2841 ut
1323 2770 1561 2857 egredientem,
1578 2782 1610 2839 et

486 2890 674 2946 manantem
685 2899 705 2945 a
718 2881 885 2963 subjecto,
902 2889 935 2946 et
955 2880 1061 2946 eidem
1078 2881 1301 2947 inhaerentem.
1318 2882 1360 2947 Et
1373 2880 1447 2965 quaa
1461 2882 1612 2966 manaa

479 2987 586 3069 primo
613 2992 646 3053 et
662 2987 886 3070 principaliter
906 2992 1039 3070 tempore
1075 2992 1276 3055 mensuratur
1297 2993 1346 3055 est
1359 2990 1476 3064 motus,
1498 2987 1531 3055 in
1549 3007 1610 3073 quo

484 3094 627 3161 consistat
640 3096 724 3161 actio
739 3098 772 3161 et
788 3094 913 3178 passm,
934 3095 1002 3161 ideo
1019 3096 1164 3173 nmium,
1183 3099 1269 3181 quad
1284 3096 1444 3183 signficat
1458 3096 1610 3163 aetianam

368 3308 372 3313 .
484 3201 704 3285 etpassionem
720 3202 882 3290 significat
896 3220 967 3269 cum
981 3206 1113 3285 ternpore
1130 3200 1194 3291 (a).

430 3437 435 3452 ·
485 3416 548 3482 alio
572 3416 801 3502 masticantur,
822 3421 889 3484 tum
906 3418 981 3503 quin
995 3418 1124 3486 verbum
1149 3426 1268 3500 semper
1281 3418 1443 3503 signficari
1456 3418 1506 3495 ici,
1526 3421 1611 3503 quod
1709 3460 1719 3477 ·

551 3305 588 3401 γ)
612 3308 754 3377 Domum
773 3310 913 3376 verbum
932 3318 982 3376 est
997 3320 1075 3378 nota
1092 3329 1150 3377 seu
1170 3311 1302 3396 signum
1322 3328 1454 3386 eorum,
1474 3328 1550 3393 quae
1568 3310 1610 3375 de

479 3524 690 3606 predicatur,
712 3525 862 3610 tempure
879 3526 914 3591 in
930 3527 1018 3593 omni
1028 3526 1250 3609 maneamne
1267 3530 1386 3609 oportet
1403 3545 1467 3593 esse
1482 3526 1608 3592 0221222222

484 3645 555 3710 eat,
577 3634 663 3717 pared
687 3633 815 3699 veram
842 3634 995 3716 importat
1019 3633 1284 3717 compositionem,
1310 3652 1372 3719 qaeu
1402 3633 1609 3715 meduanam

483 3738 680 3821 componitur
701 3739 840 3827 subjecta
857 3738 922 3829 (3).
946 3741 1110 3808 Nimirum
1130 3741 1267 3808 verbum
1287 3740 1439 3826 exprimit
1456 3742 1608 3826 copulam
1722 3818 1723 3821 Ἴ

517 4006 559 4076 (2)
596 4005 629 4064 S.
644 4006 751 4064 Thom.
767 4004 849 4074 ibid,
867 3990 1023 4081 paragrse.

517 4096 560 4166 (2)
596 4094 629 4155 S.
644 4097 715 4166 rh,
730 4098 893 4155 Periierm.
904 4096 969 4157 leet.
988 4116 1013 4170 ς,
1029 4118 1145 4173 paragr.
1162 4100 1189 4157 Β.

517 4191 558 4257 (3)
595 4184 637 4244 Id.
660 4184 742 4256 ibid,
770 4206 887 4260 paragr.
916 4187 943 4245 Β
972 4186 1141 4247 Aristoteles
1167 4186 1249 4246 addit
1271 4186 1392 4246 verbum
1419 4206 1484 4247 esee
1508 4202 1609 4248 notam

480 4294 592 4344 eorum,
608 4294 675 4346 quae
685 4276 722 4333 de
736 4275 827 4334 altero
842 4275 1057 4347 praedicantur,
1073 4291 1221 4350 umquam
1236 4298 1334 4336 eorum
1352 4298 1414 4352 quae
1429 4279 1464 4336 de
1477 4278 1608 4354 subjecto

479 4366 681 4423 dicunturaut
703 4365 877 4441 insubjecto
901 4376 977 4424 sunt.
994 4366 1108 4437 Quod'
1101 4380 1142 4426 rte
1161 4366 1301 4427 declarari
1324 4380 1438 4455 potest,
1455 4380 1489 4425 ut
1502 4368 1608 4428 innuat

482 4453 682 4525 Philosophus
700 4453 759 4512 duo
782 4454 1007 4525 praedicatorum
1020 4476 1129 4530 genera
1151 4456 1299 4517 enuntiari
1322 4458 1427 4515 verbo.
1453 4456 1549 4517 aliud
1563 4478 1609 4517 es·

478 4542 613 4612 scotiale,
629 4555 663 4600 ut
675 4563 795 4603 enarrans
811 4554 958 4617 mouetur,
974 4560 1020 4605 est
1042 4546 1119 4605 enim
1142 4566 1245 4605 cursus
1268 4544 1377 4620 species
1397 4556 1506 4615 metum
1526 4546 1607 4606 eliud
1720 4602 1721 4617 ,

478 4631 669 4703 accidentale,
690 4645 725 4691 ut
744 4633 881 4693 Socrates
904 4637 1004 4693 currit.
1031 4634 1161 4695 Primum
1182 4656 1277 4709 genus
1296 4636 1423 4709 appellat
1435 4636 1608 4697 Aristoteles

478 4722 559 4792 juxta
571 4722 706 4783 Boetium
720 4735 749 4781 et
760 4723 951 4783 Ammonium
962 4744 1007 4793 ea,
1018 4745 1079 4799 quoe
1092 4728 1228 4785 dicuntur
1236 4730 1271 4785 de
1279 4727 1420 4821 subjecto,
1431 4726 1603 4791 secundum.
