3492 5525
536 382 610 446 toda
702 341 705 352 ¹
730 385 856 449 Loorca
877 376 1110 459 Maron-Lis.
1129 394 1198 456 aaa,
1223 380 1312 445 orsu.
1333 393 1375 461 5.·

496 566 706 641 facultatum,
726 583 803 648 quae
819 566 925 631 adhuc
944 566 1070 631 fallaces
1090 573 1333 648 supponuntur.
1359 562 1443 648 Ergo
1456 562 1615 646 quamdiu

496 674 629 739 fallaces
642 681 699 739 aut
716 672 825 739 dubiae
842 672 919 738 fidei
945 681 1177 760 supponuntur
1196 672 1364 738 facultates
1391 677 1527 743 nostrae,
1554 669 1617 734 im·

496 779 649 864 possibile
673 790 724 846 est
749 779 1008 865 philosophicam
1028 780 1255 854 certitudinem
1275 780 1371 845 ullius
1391 776 1434 843 rei
1454 777 1614 843 obtinere.

540 893 642 955 Prob.
664 897 714 955 3.⁰
760 888 872 954 Oratio
891 888 960 955 illa:
990 888 1115 972 Cogito:
1141 904 1211 970 ergo
1227 906 1314 963 sum,
1342 888 1394 951 vel
1417 888 1560 953 sumitur
1578 896 1617 951 ut

496 1014 561 1063 una
578 994 749 1063 dumtaxat
768 996 963 1079 propositio,
985 997 1035 1060 vel
1056 994 1294 1079 argumentatio
1309 994 1372 1061 sub
1386 994 1619 1079 enthymema-

495 1105 536 1170 tis
554 1106 658 1171 forma
674 1103 849 1187 proposita.
870 1104 905 1169 Si
921 1104 1082 1188 primum,
1104 1122 1235 1168 necesse
1257 1101 1334 1177 erit,
1356 1110 1392 1167 ut
1411 1104 1526 1169 saltem
1554 1102 1620 1167 im-

495 1210 602 1295 plicite
617 1222 820 1295 supponatur
834 1220 1004 1293 tamquam
1028 1210 1244 1277 certissimum
1268 1209 1461 1295 principium
1486 1222 1619 1276 contra-

493 1319 659 1394 dictionis,
689 1319 780 1401 quod
806 1320 970 1397 est,basis
1000 1330 1032 1385 et
1060 1320 1313 1385 fundamentum
1343 1318 1453 1383 omnis
1482 1336 1618 1401 prorsus

493 1427 661 1512 objectivae
677 1427 877 1494 necessitatis
889 1447 925 1493 ac
940 1426 1152 1493 certitudinis.
1165 1426 1337 1493 Enimvero
1351 1426 1432 1508 quid
1445 1437 1507 1503 est,
1525 1428 1619 1507 quod

367 1528 372 1537 '
492 1542 582 1599 certo
604 1553 642 1599 ac
667 1534 846 1599 necessario
870 1553 986 1600 verum
1017 1534 1234 1618 reputandum
1262 1534 1319 1609 sit,
1350 1536 1376 1599 si
1402 1533 1488 1599 idem
1512 1534 1617 1601 simul

494 1642 598 1725 possit
619 1661 692 1707 esse
718 1651 751 1706 et
770 1662 835 1707 non
860 1640 953 1708 esse?
977 1642 1009 1707 Si
1028 1662 1105 1707 vero
1129 1644 1209 1708 velis
1235 1642 1414 1707 orationem
1435 1644 1520 1709 illam
1542 1662 1618 1709 esse

493 1751 724 1837 enthymema,
746 1769 812 1816 non
827 1751 936 1817 solum
957 1770 1031 1816 vera
1047 1750 1269 1816 subaudienda
1291 1758 1369 1815 sunt
1388 1748 1544 1834 principia
1562 1751 1618 1817 illa

492 1857 620 1934 omnia,
650 1857 779 1941 quibus
800 1857 1040 1941 argumentatio
1069 1858 1232 1932 innititur,
1262 1858 1320 1922 sed
1343 1858 1439 1922 etiam
1460 1868 1618 1941 praeterea

493 1967 561 2031 haec
581 1964 658 2039 alia,
679 1983 753 2047 quae
772 1975 821 2030 est
844 1966 948 2049 Major
966 1965 998 2031 in
1022 1967 1267 2051 enthymemate
1289 1965 1427 2031 omissa:
1450 1964 1619 2049 Quidquid

491 2072 626 2156 cogitat,
653 2077 708 2138 est.
738 2072 774 2138 Et
803 2071 864 2137 nisi
890 2074 959 2139 haec
977 2074 1087 2137 omnia
1106 2072 1273 2137 verissima
1291 2072 1537 2155 certissimaque
1556 2094 1618 2156 po

494 2189 629 2256 nantur,
651 2181 768 2246 veritas
798 2180 954 2245 orationis
974 2179 1059 2247 illius
1079 2189 1164 2245 stare
1187 2180 1313 2262 nequit.
1335 2179 1515 2265 Pugnantia
1535 2200 1618 2265 ergo

493 2288 635 2370 loquitur
655 2286 837 2364 Cartesius,
858 2306 936 2354 cum
957 2287 1080 2353 caeteris
1094 2287 1248 2353 omnibus
1263 2288 1475 2353 veritatibus
1467 2288 1617 2355 indubio

493 2394 628 2470 relictis,
658 2396 741 2461 hanc
774 2394 913 2478 primam
951 2395 1080 2460 hrmam
1111 2394 1360 2477 indubitamque
1393 2396 1614 2479 amplectitur:

494 2503 620 2586 Cogito:
633 2521 707 2587 ergo
723 2521 804 2569 sum.
1401 2562 1406 2572 .

537 2615 638 2677 Proh.
660 2616 711 2692 4.⁰
756 2608 946 2677 Cartesius
938 2630 971 2677 tn
990 2630 1051 2679 suo
1070 2628 1224 2694 processu
1243 2610 1376 2677 incurrit
1399 2610 1432 2675 in
1451 2594 1618 2677 contradi-

492 2716 635 2783 ctionem
655 2725 687 2784 et
707 2716 898 2801 petitionem
921 2717 1079 2803 principii.
1105 2719 1139 2784 ln
1154 2718 1441 2784 contradictionem
1462 2716 1615 2802 quidem,

492 2825 568 2908 quia
595 2823 674 2891 dum
695 2826 822 2891 fallaces
840 2827 996 2910 supponit
1024 2827 1191 2892 facultates
1215 2827 1469 2912 cognoscitivas,
1495 2827 1615 2893 iisdem

493 2932 671 3000 certissime
689 2923 777 3008 fidit,
798 2952 834 2998 ac
849 2934 984 3016 proinde
999 2953 1131 3000 veraces
1149 2934 1326 3002 existimat.
1341 2933 1427 3000 Sane
1445 2933 1616 3000 Cartesius

493 3041 574 3106 dum
594 3037 817 3112 facultatibus
824 3040 892 3106 suis
914 3041 1014 3106 fidem
1042 3061 1114 3107 esse
1138 3043 1379 3110 detrectandam
1408 3042 1523 3118 docet,
1546 3045 1616 3108 sive

493 3149 570 3231 quia
589 3167 676 3230 saepe
697 3167 756 3213 nos
776 3148 973 3226 fefellerunt,
993 3149 1063 3214 sive
1086 3149 1162 3232 quia
1184 3151 1266 3214 forte
1286 3148 1372 3216 Deus
1389 3151 1534 3214 condere
1555 3170 1616 3216 nos

491 3255 597 3340 potuit
611 3255 643 3320 io
664 3255 817 3322 omnibus
834 3256 1015 3338 deceptioni
1031 3257 1205 3332 obnoxios,
1223 3257 1291 3322 sive
1304 3266 1390 3323 certe
1402 3255 1480 3339 quia
1493 3259 1616 3342 genius
1715 3225 1716 3264 ¹

490 3364 609 3446 aliquis
636 3363 799 3447 malignus
833 3380 894 3428 nos
928 3374 1087 3448 perpetuo
1118 3365 1272 3430 deludere
1302 3367 1382 3430 forte
1418 3366 1614 3457 delectatur;

490 3471 716 3537 testimonium
746 3469 953 3537 conscientiae
981 3473 1021 3536 de
1055 3471 1182 3555 propria
1210 3472 1406 3558 cogitatione
1438 3484 1614 3560 tamquam

489 3577 660 3645 indubium
691 3577 932 3643 admittendum
963 3578 1023 3643 sibi
1050 3597 1122 3645 esse
1147 3580 1308 3655 decernit,
1336 3580 1501 3648 criterium
1531 3585 1616 3652 ideae

488 3688 583 3752 clarae
601 3704 637 3750 ac
651 3683 810 3751 distincta
823 3685 953 3760 statuit,
969 3685 1141 3768 eidemque
1156 3706 1249 3783 suam
1271 3689 1402 3754 tandem
1419 3688 1627 3758 firmitatem

488 3793 636 3859 adsciscit
655 3811 696 3857 ex
715 3791 888 3859 veracitate
908 3792 981 3868 Dei,
997 3795 1089 3875 cujus
1105 3777 1313 3861 existentiam
1330 3789 1500 3881 multiplici
1516 3819 1617 3886 argu-

489 3899 689 3968 mentatione
706 3899 881 3968 concludit.

556 4006 701 4074 Stabilita
720 4017 830 4073 autem
858 4010 1030 4080 veracitate
1050 4009 1125 4087 Dei,
1147 4012 1294 4096 agnoscit
1313 4011 1345 4075 in
1365 4013 1478 4079 multis
1497 4015 1618 4082 infalli-

487 4115 643 4180 bilitatem
663 4115 862 4189 intellectus,
885 4125 916 4181 et
943 4114 1084 4184 admittit
1104 4126 1271 4200 tamquam
1292 4137 1383 4184 veras
1401 4139 1521 4187 omnes
1542 4143 1618 4207 per-

486 4223 652 4306 ceptiones
667 4223 858 4288 facultatum
877 4229 1061 4289 nostrarum
1074 4225 1175 4290 claras
1187 4245 1223 4291 ac
1238 4225 1416 4302 distinctas,
1433 4231 1619 4315 omniaque

482 4329 619 4414 judicia,
640 4348 715 4413 quae
743 4341 917 4396 versantur
934 4331 1018 4396 circa
1036 4332 1119 4396 clare
1146 4341 1179 4396 et
1200 4332 1347 4399 distincte
1375 4337 1605 4427 percepta(1)

1715 4471 1716 4522 l

521 4661 561 4720 (t)
599 4655 703 4726 Relege
718 4673 783 4724 quae
797 4672 885 4724 supra
901 4652 1056 4712 retulimus
1070 4673 1106 4711 ex
1119 4653 1272 4713 doctrina
1265 4653 1357 4728 ipsius
1372 4653 1509 4715 Cartesii
