3492 5525
254 458 369 523 Anne.
387 474 446 539 μ’
461 460 511 524 De
525 459 668 525 Vnone
682 458 834 543 Traron„
851 460 1027 529 ilrsr'oru'a
1044 464 1118 530 er'c.
1155 466 1216 547 bar)

203 640 256 708 «Si
278 644 365 717 nulla
387 662 429 711 ex
455 644 504 711 bis
528 645 767 731 hypothesibus
791 646 918 713 admitti
940 649 1060 733 possit,
1082 650 1256 735 multoque

134 752 241 836 magis
252 750 285 817 si
303 752 461 818 contraria
475 750 587 819 omnia
606 750 791 833 obtineant,
813 763 885 821 tum
908 773 987 822 sane
1009 757 1176 823 silentium
1200 775 1258 821 ne-

132 858 274 943 gationis
304 859 405 925 instar
434 856 727 929 erit'habendum.
761 860 1000 948 Comparandae
1031 863 1130 949 igitur
1160 871 1256 929 erunt

133 967 357 1045 auctoritates,
370 966 407 1033 ut
419 966 456 1032 nt
467 967 500 1033 in
518 966 671 1035 conflictu
686 969 838 1047 testium,
857 979 956 1054 atque
970 970 1168 1057 hincjudicii
1183 988 1259 1037 nor·

135 1092 198 1139 mae
217 1074 441 1139 desumenda.
462 1072 625 1142 Caeterum
645 1076 672 1141 si
690 1076 859 1161 utriusque
878 1077 987 1163 gravis
1003 1086 1053 1143 est
1071 1077 1256 1161 auctoritas,

134 1182 240 1247 multo
258 1180 317 1248 erit
336 1182 476 1264 aquius,
497 1184 613 1248 saltem
639 1184 890 1269 utplurimum,
911 1204 985 1260 eos,
1006 1184 1070 1269 qui
1084 1184 1255 1259 siluerunt,

135 1288 308 1355 oblivionis
332 1290 505 1357 autetiam
529 1292 733 1379 negligentiae
762 1290 969 1369 insimulare,
999 1312 1099 1378 quarn
1122 1311 1180 1359 eos
1203 1292 1258 1378 qui

135 1398 256 1463 lactum
277 1405 421 1473 narrant,
439 1398 617 1465 mendacii:
635 1418 711 1465 cum
730 1397 764 1464 in
782 1400 873 1484 gravi
893 1400 979 1475 viro,
1004 1399 1168 1472 difficilius
1181 1401 1257 1476 boc,

134 1522 236 1588 quam
256 1504 309 1569 illa
326 1514 566 1590 supponatur.»
1169 1515 1172 1520 “

204 1611 257 1677 «ln
277 1614 376 1679 altero
402 1632 480 1679 casu
500 1633 659 1699 magnum
679 1623 765 1681 certe
790 1624 904 1683 contra
922 1623 1091 1681 narrantes
1118 1615 1258 1700 insurgit
1315 1622 1329 1645 ‘

135 1718 374 1805 praejudicium.
400 1722 493 1787 Unde
511 1722 598 1787 enim
627 1741 812 1809 cognovere
839 1721 1032 1789 recentiores
1059 1722 1110 1799 id,
1131 1723 1259 1807 dequo

135 1837 263 1893 veteres
283 1846 399 1894 omnes
418 1828 495 1895 nihil
515 1829 738 1896 tradiderunt?
751 1830 820 1896 Nisi
839 1830 969 1897 aliunde
992 1830 1121 1897 ostendi
1140 1832 1256 1914 possit,

133 1942 237 2001 testes
256 1935 333 2002 orali
352 1937 523 2004 traditione
543 1936 686 2023 legitima
707 1956 784 2004 usos
801 1956 890 2015 esse,
912 1939 1178 2022 praesumendum
1199 1938 1260 2003 erit

135 2061 203 2109 non
219 2044 348 2109 aliunde
367 2044 398 2109 id
417 2046 612 2129 cognovisse
632 2045 846 2122 recentiores,
868 2064 968 2129 quam
988 2064 1029 2111 ex
1048 2046 1194 2131 populari
1213 2048 1258 2112 ta·

135 2171 207 2228 ma,
228 2152 278 2217 cui
298 2150 380 2219 ndes
395 2160 489 2219 caute
507 2172 668 2239 parceque
683 2152 861 2219 admodum
883 2153 1125 2239 adjungenda.»

204 2258 442 2327 «Nihilominus
462 2271 497 2327 ut
516 2258 548 2327 in
569 2263 774 2344 hocquoque
786 2280 863 2327 casu
880 2270 1113 2346 argumentum
1126 2263 1258 2327 conclu·

133 2368 207 2443 dat,
220 2367 287 2433 duo
297 2368 500 2435 innotescere
509 2370 647 2438 debent:
666 2379 708 2436 r.⁰
717 2368 896 2455 Scriptores
907 2369 992 2437 illius
1006 2369 1113 2435 atatis,
1125 2377 1255 2445 ornnes,

133 2476 251 2541 saltem
278 2473 506 2561 nobilissimos.
521 2484 553 2541 et
576 2476 837 2544 accuratissimos
861 2478 901 2542 ad
927 2496 988 2542 nos
1016 2484 1121 2561 usque
1145 2495 1258 2561 perve-

134 2586 240 2659 nisse,
270 2601 453 2667 eorumque
481 2584 600 2669 scripta
623 2584 747 2670 integra
774 2602 863 2650 esse:
895 2599 948 2649 2.⁰
970 2585 1092 2649 nullam
1118 2582 1258 2649 solidam

133 2692 295 2757 rationem
312 2690 401 2757 reddi
421 2710 519 2776 posse
538 2690 673 2768 silentii,
695 2692 785 2777 quod
804 2693 890 2776 apud
909 2696 1037 2757 veteres
1051 2691 1207 2759 obtinuit.
1223 2691 1256 2757 Si

132 2801 225 2866 enim
245 2801 313 2866 haec
332 2799 412 2866 ratio
431 2800 520 2867 reddi
540 2809 664 2884 potest,
681 2803 799 2867 horum
819 2801 985 2868 silentium
1006 2820 1065 2867 nec
1085 2800 1256 2867 scientiam

132 2908 568 2993 posteriorum-scriptorum
589 2927 649 2974 nec
668 2909 877 2974 veracitatem
896 2917 1114 2994 oppugnant»
1134 2905 1199 2996 (ι).
1244 2963 1248 2970 .

187 3034 196 3079 ι
205 3033 257 3102 37.
306 3023 357 3082 De
378 3021 614 3083 monumentis
633 3034 691 3082 scu
718 3015 871 3098 operibus
899 3018 992 3092 artis,
1019 3035 1094 3099 quae
1122 3015 1258 3082 adtacti

133 3120 270 3208 alicujus
290 3122 482 3188 memoriam
502 3115 758 3188 conservandam
781 3123 978 3199 excitantur,
1004 3125 1082 3190 nihil
1101 3135 1150 3190 est
1169 3124 1258 3207 quod

132 3231 304 3314 speciatim
326 3231 560 3316 adjungamus:
583 3231 751 3297 habebunt
777 3238 898 3315 nempe
924 3233 990 3296 vim
1018 3231 1188 3316 probandi,
1211 3232 1258 3297 nsi

133 3338 271 3404 tuerint:
297 3335 339 3426 α)
357 3338 553 3404 authentica:
577 3335 616 3425 β)
626 3337 726 3423 sactis
750 3336 1075 3430 contemporanearp)
1097 3327 1263 3404 traditioni

132 3444 282 3528 legitimo
299 3449 332 3510 et
347 3444 538 3510 documentis
555 3444 682 3510 minime
705 3445 921 3510 adversantia.
946 3444 992 3510 De
1012 3445 1132 3528 quibus
1155 3445 1262 3511 omni-

132 3555 218 3628 bus,
238 3560 275 3617 ut
293 3563 418 3619 rectum
434 3552 592 3638 judicium
607 3554 743 3627 feratur,
760 3552 884 3619 varium
905 3571 941 3618 ac
961 3553 1131 3636 multiplex
1153 3551 1261 3618 erudi-

132 3659 235 3725 tionis
254 3661 508 3726 instrumentum
529 3660 716 3744 requiritur,
734 3659 861 3725 tislorid
875 3658 990 3736 civilis,
1006 3658 1137 3741 politica
1154 3663 1186 3725 ct
1207 3677 1262 3724 ar-

132 3766 1260 3852 tium,clronotogn,numismatica,pantegrapltapnttologidquibus

132 3878 203 3941 iere
221 3874 397 3958 disciplinis
416 3873 621 3959 archaeotogia
638 3884 778 3944 constat.
804 3874 869 3943 Sed
888 3875 940 3941 hic
962 3891 1097 3960 quoque
1115 3873 1276 3940 animad-⁴

135 3983 331 4048 vertendum
348 3992 408 4057 est,
426 3993 616 4067 apparatum
633 3985 719 4049 hunc
739 4001 873 4048 omnem
898 3999 1013 4068 parum
1036 3983 1258 4066 profuturum,

132 4089 165 4158 si
184 4088 256 4173 quis
276 4091 413 4156 naturali
422 4090 597 4174 sagacitate
611 4110 648 4156 ac
659 4099 743 4155 recte
759 4090 968 4156 ratiocinandi
980 4106 1042 4156 usu
1052 4089 1259 4165 destituatur,

130 4206 195 4264 aut
208 4197 233 4264 si
249 4195 381 4282 ingenio
396 4199 570 4281 praevaleat
582 4197 789 4282 imaginatio»
810 4195 873 4286 (2)·.

173 4469 214 4531 (1)
249 4463 344 4536 Tong.
370 4464 423 4522 loc.
448 4465 495 4522 cit.
526 4484 555 4523 n.
578 4464 711 4538 656-659,
737 4463 800 4523 Cir.
824 4464 951 4524 Liberat.
977 4466 1031 4523 loc.
1059 4463 1108 4523 cit.
1138 4483 1168 4522 ιι.
1202 4484 1259 4537 193,

131 4573 358 4718 pagiu'itong..
377 4641 441 4713 ibi,
458 4663 487 4702 n.
502 4643 565 4716 652.
583 4641 645 4704 Csr.
660 4643 800 4716 Liberat,
817 4665 847 4704 n.
866 4664 926 4720 194,
942 4665 970 4719 p.
986 4663 1049 4719 241.
