3492 5525
553 433 614 497 444
676 413 802 478 Loorcx
818 411 1047 486 lranon—Lra.
1067 427 1134 489 ψ,
1150 411 1241 476 Drsn.
1259 425 1301 476 t.·
1316 413 1395 476 Cla.
1412 428 1482 495 3³¹⁰

543 623 545 628 ’
580 606 684 683 Reap.
705 619 778 684 neg.
804 598 884 666 Ant.
905 597 989 665 Nam
1013 597 1093 664 illud
1113 597 1272 684 judicium
1294 599 1402 666 solum
1422 608 1636 683 representat

514 709 646 774 Petrum
665 725 736 773 esse
759 707 947 781 hominem,
967 713 1067 790 atque
1085 706 1166 772 adeo
1184 705 1247 772 hoc
1265 707 1374 773 solum
1390 716 1440 772 est
1458 707 1502 772 illi
1521 725 1636 775 essen-

513 813 605 890 tiale,
631 823 863 898 repraesentare
881 813 1030 881 videlieet
1048 815 1178 880 Petrum
1198 814 1385 896 hominem3
1405 815 1498 897 quod
1520 823 1634 882 autern

513 922 627 990 Petrus
650 921 830 998 sithonio,
860 941 927 987 non
955 932 1005 988 est
1033 922 1204 988 essentiale
1223 923 1363 1008 judicio,
1391 921 1451 988 sed
1468 921 1576 989 Petro.
1601 922 1637 990 ld

512 1029 602 1114 quod
621 1029 737 1098 clarius
757 1029 882 1096 videbis
899 1030 932 1095 in
949 1030 1013 1095 hoc
1027 1030 1090 1096 alio
1108 1031 1279 1114 exemplo:
1294 1030 1418 1095 Pilatus
1434 1031 1636 1096 esrsancats:

513 1139 611 1223 hujus
635 1135 866 1222 propositionis
889 1137 1030 1202 essentia
1048 1145 1099 1201 est
1116 1125 1288 1206 dumtaxat
1308 1147 1539 1220 representare
1553 1136 1639 1204 Pila·

512 1253 584 1311 tum
604 1254 642 1311 ut
660 1253 831 1320 sanetum,
853 1262 920 1310 non
935 1252 986 1309 est
999 1252 1109 1309 autern
1124 1245 1166 1310 de
1177 1243 1263 1310 illius
1276 1244 1430 1319 essentia,
1445 1243 1536 1327 quod
1555 1244 1640 1312 Pila-

511 1361 585 1418 tum
601 1353 660 1428 sit,
682 1362 738 1419 aut
757 1369 824 1418 non
842 1351 885 1417 sit
901 1358 1034 1417 sanctus
1052 1347 1066 1439 (
1091 1347 1117 1438 ).

888 1559 1188 1636 ARTICULUS
1210 1561 1259 1635 Π.

597 1713 765 1780 Utrum
783 1714 954 1779 veritas
972 1712 1123 1775 omnis
1141 1713 1468 1792 propositionis
1486 1713 1548 1776 sit

514 1821 822 1896 immutabilis,
831 1838 917 1885 ssu
929 1824 1089 1884 utrum
1097 1819 1350 1900 propositio
1363 1821 1508 1886 semel
1517 1837 1633 1888 vera

749 1930 897 2012 possit
918 1928 967 1992 in
989 1925 1156 1992 salsam
1178 1929 1390 1992 transire.

423 2143 434 2173 ι
558 2125 613 2193 25.
660 2105 807 2183 Quaestio
836 2106 906 2172 haec
934 2103 1043 2172 solum
1074 2103 1254 2172 instituitur
1281 2105 1364 2170 circa
1393 2106 1636 2190 propositiones

338 2285 351 2315 e
367 2199 462 2317 ”3:⁵ss
513 2215 674 2281 naturales
687 2213 728 2280 de
742 2213 876 2280 materia
888 2212 1104 2298 contingenti,
1120 2213 1278 2279 habentes
1291 2231 1350 2297 pro
1369 2213 1497 2298 objecto
1512 2215 1636 2297 aliquid

512 2321 614 2404 quod,
636 2339 702 2387 non
720 2319 889 2399 intuitive,
910 2321 968 2387 sed
990 2318 1184 2386 abstractive
1211 2328 1438 2404 cognoscatur.
1466 2321 1552 2385 Nam
1573 2339 1636 2387 nec

512 2430 774 2514 supernaturales
785 2447 844 2494 nec
855 2426 1095 2512 propositiones
1106 2426 1147 2492 de
1157 2425 1291 2491 materia
1299 2425 1481 2492 necessaria
1493 2437 1637 2510 possunt

512 2556 530 2601 a
545 2556 620 2603 vera
639 2537 671 2602 in
689 2537 817 2612 lalsam,
835 2536 886 2600 vel
905 2554 924 2599 e
941 2551 1119 2610 converso,
1136 2533 1267 2599 mutari.
1287 2533 1441 2617 ldentque
1455 2532 1633 2602 dicendum

513 2656 563 2714 est
586 2644 626 2709 de
645 2643 770 2710 actibus
788 2641 963 2717 intuitivis,
984 2639 1089 2724 qualis
1106 2646 1158 2706 est
1174 2659 1209 2707 v.
1228 2659 1263 2724 g.
1284 2651 1391 2716 actus,
1420 2658 1488 2724 quo
1517 2640 1635 2708 videns

513 2757 644 2823 Petrum
664 2757 866 2828 currentem,
882 2748 992 2836 judico
1015 2747 1107 2815 illurn
1131 2766 1270 2814 currere.
1292 2748 1394 2815 Actus
1408 2750 1496 2814 enim
1520 2749 1638 2836 hujus·

514 2860 619 2954 modi,
650 2867 687 2927 ut
714 2858 792 2924 alias
820 2857 1023 2934 notavimus,
1055 2855 1259 2923 existentiam
1288 2856 1407 2921 realem
1437 2856 1487 2923 sui
1516 2858 1637 2944 objecti

514 2968 692 3051 requirunt.
728 2964 838 3036 Quare
868 2977 960 3031 actus
986 2958 1172 3041 intuitivus,
1203 2964 1260 3047 qui
1288 2963 1420 3029 Petrum
1448 2973 1637 3032 currentem

514 3073 677 3150 enuntiat,
693 3072 720 3140 si
734 3090 849 3139 cursus
868 3072 951 3138 Petri
970 3070 1110 3147 deficiat,
1128 3090 1168 3137 eo
1186 3071 1258 3155 ipso
1272 3068 1380 3137 delicit
1394 3072 1491 3138 etiarn
1505 3072 1588 3156 ipse.

581 3182 703 3248 Deinde
713 3179 968 3265 supponendum
984 3187 1034 3244 est
1049 3178 1306 3263 propositionem
1318 3179 1506 3265 hujusmodi
1517 3180 1639 3246 durare

513 3290 637 3373 aliquot
659 3286 823 3364 instantia,
854 3287 970 3353 saltem
999 3287 1080 3369 duo;
1105 3284 1130 3351 si
1158 3286 1245 3351 enim
1267 3304 1370 3351 unum
1392 3287 1564 3354 dumtaxat
1586 3289 1643 3355 in·

514 3408 604 3465 stans
627 3397 733 3472 duret,
759 3393 960 3479 impossibile
982 3402 1032 3461 est
1050 3392 1206 3460 transitus
1223 3392 1276 3459 ille
1290 3392 1533 3478 propositionis,
1558 3414 1639 3467 nam

514 3507 679 3592 objectum
706 3504 739 3569 in
759 3503 876 3569 eodem
903 3503 1036 3568 instanti
1060 3502 1174 3586 nequit
1201 3502 1299 3568 simul
1318 3520 1404 3579 esse,
1423 3522 1461 3569 ae
1480 3502 1635 3572 deficere.

513 3615 587 3680 Non
606 3620 717 3677 tamen
738 3617 886 3676 nostrum
907 3618 957 3675 est
976 3627 1063 3675 nunc
1079 3610 1257 3694 disputare,
1285 3628 1365 3675 num
1389 3611 1538 3677 mentalis
1560 3629 1641 3694 pro-

516 3719 632 3806 positio
643 3737 710 3785 uno
722 3718 906 3792 dumtaxat,
922 3736 964 3782 an
980 3735 1058 3782 vero
1076 3716 1223 3801 pluribus
1236 3715 1333 3781 etiam
1348 3717 1559 3795 instantibus,
1574 3718 1642 3784 du·

516 3846 585 3893 rare
598 3825 714 3911 possit;
733 3825 792 3893 sed
811 3823 957 3908 procedit
971 3823 1108 3908 quaestio
1126 3824 1159 3889 in
1173 3821 1412 3907 suppositione,
1429 3824 1521 3906 quod
1538 3824 1640 3893 duret

516 3936 640 4019 aliquot
654 3934 806 4001 instantia
825 3930 996 4016 temporis.
1243 3994 1249 4007 ,

582 4042 699 4125 Neque
717 4060 794 4107 vero
815 4050 912 4124 putes
940 4038 1157 4122 questionem
1186 4039 1269 4105 hanc
1291 4037 1434 4104 decisam
1451 4038 1517 4122 jam
1536 4040 1640 4106 fuisse

516 4152 549 4218 in
565 4148 757 4235 precedenti
776 4148 924 4223 articulo,
943 4147 977 4211 in
997 4165 1064 4231 quo
1083 4146 1289 4213 ostendimus
1303 4165 1370 4212 non
1385 4164 1503 4212 omnes
1518 4164 1642 4231 propo-

517 4256 652 4324 sitiones
666 4274 738 4322 esse
753 4273 845 4321 veras
861 4255 1042 4321 necessario
1057 4263 1155 4337 atque
1163 4252 1391 4330 essentialiter,
1404 4254 1466 4321 sed
1476 4254 1640 4339 quasdam

518 4381 592 4431 esse
611 4363 838 4449 contingenter
864 4379 970 4443 veras;
1002 4361 1174 4427 nonenim
1193 4360 1280 4426 idem
1294 4370 1355 4473 est
1379 4360 1640 4447 propositionem

525 4538 790 4551 ffl-

555 4618 596 4681 (ι)
634 4612 710 4671 Vide
734 4613 838 4671 Frane.
864 4610 973 4671 Soarez
997 4607 1132 4679 insitam,
1159 4608 1214 4667 loc.
1237 4608 1287 4671 cit.
1308 4608 1355 4669 De
1376 4610 1496 4679 Anime,
1514 4623 1599 4672 tract.
1615 4634 1642 4688 3,

523 4702 598 4777 disp.
615 4723 653 4769 a..
668 4716 737 4763 acet.
752 4722 780 4776 4,
795 4723 824 4760 n.
839 4722 890 4776 94,
903 4700 954 4760 ubi
969 4700 1055 4774 plura
1068 4697 1209 4757 invenies.
