3492 5525
351 8 402 55 he.
422 4 492 54 hum
512 0 596 53 Outu
609 8 652 53 ET
665 6 866 65 Quorueuux
880 8 1059 57 trutannus
1135 2 1207 73 1051

126 170 184 255 qni
199 172 381 257 suntsortis
394 170 642 254 imaginationis,
658 190 722 235 non
747 172 888 237 hahmtes
909 170 1097 237 intellectum
1118 174 1250 239 multum

126 280 281 345 elevatum
301 276 367 367 (r),
389 281 530 345 multum
555 278 642 345 enihr
660 280 699 345 ab
719 278 950 364 imaginatione
975 278 1162 365 dependent
1182 268 1250 345 Ma·

127 387 328 462 thematIcae,
349 392 557 472 utpote'quae
571 395 648 452 totae
666 395 746 453 sunt
764 387 804 452 de
824 385 1105 471 magnitudinibus
1132 400 1165 453 et
1189 406 1250 457 nu-

126 495 242 571 meris,
263 514 337 579 quae
356 493 423 559 vim
443 493 684 579 imaginationis
699 512 765 559 non
784 494 958 563 excedunt.
974 494 1068 561 Ratio
1084 514 1174 569 vero,
1190 514 1248 561 cur

127 622 194 669 non
213 601 323 669 omnia
355 602 523 668 tractanda
545 603 610 669 sint
639 588 796 668 methodo
827 602 1071 678 mathematica,
1103 621 1169 668 non
1198 611 1248 677 est

125 710 202 793 quia
221 729 289 776 non
308 711 487 776 debeamus
514 710 641 786 omnia,
671 720 833 793 quantum
862 708 931 777 heri
961 710 1080 794 possit,
1111 711 1249 777 demon-

124 828 243 893 strare,
263 819 322 885 sed
340 818 418 903 quia
437 837 504 884 non
522 819 633 883 omnia
651 836 726 883 curn
755 817 950 917 certitudine
968 828 1066 901 atque
1085 816 1248 886 evidentia

123 927 279 1011 cognosci
299 946 317 991 a
337 926 432 993 nobis
451 927 484 993 in
499 927 559 991 hac
577 924 643 991 vita
662 940 819 1010 possunt,
836 925 920 993 sicut
936 944 986 993 res
998 926 1246 993 Mathematicae.

125 1033 200 1100 Ideo
219 1033 411 1101 Aristoteles
429 1031 476 1099 sic
495 1034 662 1118 pracepit:
682 1033 885 1118 Acrihologia
904 1030 952 1121 (id
974 1041 1024 1099 est
1046 1032 1186 1119 diligens
1212 1053 1249 1100 ac

124 1151 210 1207 certa
230 1138 326 1229 ratio)
339 1140 553 1215 mathematica
568 1159 632 1206 non
650 1140 685 1205 in
707 1141 849 1207 omnihus
866 1144 915 1207 est
929 1140 1113 1223 expetenda,
1132 1142 1187 1205 sed
1214 1142 1249 1205 iu

123 1268 188 1314 non
206 1249 389 1315 hahentihns
402 1248 565 1314 amieriam
582 1244 645 1335 (a).
666 1248 921 1331 Quaquamvis
935 1246 1163 1315 mathematica
1178 1268 1248 1314 me·

122 1354 246 1421 rhodus
265 1356 390 1440 optima
402 1355 467 1445 sit,
488 1374 628 1440 eamque
651 1356 759 1438 quoad
784 1353 952 1431 ordinem,
984 1355 1245 1439 perspicuitatem

124 1462 354 1529 definitionum
374 1483 411 1529 ac
429 1462 628 1529 divisionum
644 1472 676 1527 et
690 1471 836 1529 exactam
853 1464 980 1539 omnia,
1000 1473 1162 1547 quantum
1179 1462 1246 1528 sreri

124 1578 249 1654 potest,
283 1572 441 1655 probandi
471 1569 689 1647 severitatem,
719 1569 908 1637 scholastica
937 1571 1112 1637 methodus
1139 1570 1246 1637 imite-
1314 1608 1317 1615 ι

125 1688 179 1743 tur
196 1675 260 1765 (3),
280 1679 424 1744 adhiberi
442 1688 554 1744 tamen
574 1677 686 1763 nequit
705 1677 738 1742 in
757 1678 873 1761 quavis
892 1678 1038 1744 materia.

192 1787 243 1852 Ad
258 1806 327 1852 rem
343 1784 377 1851 S.
393 1785 551 1851 Thomas:
568 1784 715 1852 Ostendit
726 1783 944 1873 (Aristoteles)
960 1788 1044 1871 quod
1056 1786 1109 1851 ille
1122 1788 1242 1863 nudus,

120 1895 177 1980 qui
188 1899 237 1962 est
246 1894 429 1978 simpliciter
441 1894 589 1975 optimres,
610 1912 673 1958 uon
686 1894 776 1959 dehet
792 1892 826 1957 in
843 1892 985 1959 omnihus
1002 1894 1119 1978 quari,
1138 1894 1245 1959 dicens

120 2004 206 2088 quad
220 2002 430 2086 aeriholagia,
459 2001 494 2066 id
514 2004 563 2065 est
576 2000 712 2083 diligens
738 2019 776 2066 aa
799 2004 886 2065 certa
913 2002 1010 2077 ratio,
1034 2000 1119 2067 sicut
1140 2005 1189 2067 est
1212 2002 1245 2065 iu

120 2109 362 2185 anathematicis,
388 2128 451 2175 non
477 2109 565 2173 dehet
579 2103 701 2191 requiri
716 2108 751 2173 in
772 2108 914 2175 omnihus
939 2109 1045 2185 rebus,
1072 2110 1246 2193 dequibus

119 2222 199 2284 sunt
211 2217 367 2298 scientiam·
385 2218 440 2281 sed
456 2216 545 2281 dehet
559 2218 660 2283 solum
677 2215 798 2301 requiri
819 2216 855 2280 tn
879 2216 941 2292 his,
962 2235 1031 2300 qua
1052 2236 1116 2282 non
1134 2217 1248 2283 hahent

120 2326 297 2392 nuteriam.
317 2326 361 2393 Ea
379 2325 474 2399 enim,
490 2342 559 2408 qua
576 2324 688 2389 hahent
703 2324 881 2399 materiam,
911 2326 1046 2411 subjecta
1059 2328 1134 2391 sunt
1150 2324 1248 2391 motui

120 2440 152 2501 et
166 2433 357 2513 variationi,·
369 2436 402 2497 et
416 2432 485 2497 ideo
503 2450 565 2496 non
575 2435 677 2512 potest
691 2432 725 2495 in
743 2431 787 2497 eis
801 2432 942 2498 omnihus
959 2432 1134 2498 omnimoda
1152 2433 1246 2499 cerli-

120 2546 196 2607 tudo
210 2541 326 2607 haheri.
349 2540 512 2623 Quaeritur
524 2539 607 2604 enim
621 2538 655 2603 in
673 2538 718 2603 eis
731 2557 794 2605 non
808 2540 887 2623 quid
898 2547 1017 2622 semper
1028 2541 1081 2616 sit,
1101 2543 1157 2606 sed
1168 2541 1246 2625 quid

118 2650 164 2715 sit
175 2653 213 2715 ut
227 2647 431 2731 inplurihus.
451 2646 672 2713 lmmaterialia
689 2664 764 2712 aero
780 2648 950 2711 suundum
966 2647 1067 2729 serhsa
1085 2652 1164 2713 sunt
1177 2668 1247 2713 cer-

119 2757 256 2836 lissima,
278 2756 352 2842 quia
370 2759 445 2822 sunt
461 2753 642 2823 immobilia.
661 2755 726 2822 Sed
741 2753 815 2830 illa,
835 2773 905 2839 qua
919 2754 953 2820 in
970 2756 1022 2821 sui
1038 2758 1248 2823 maturarunt

119 2865 356 2942 immaterialia,
376 2883 439 2929 uon
456 2865 533 2928 suut
546 2866 632 2928 certa
650 2863 739 2928 nohis
751 2866 881 2945 propter
895 2863 1047 2947 dejectum
1074 2864 1245 2931 intellectas

119 2975 236 3050 nostri,
255 2971 487 3055 utpraatetnm
502 2974 559 3036 est.
580 2970 771 3058 Huiusmodi
786 2973 889 3036 autem
906 2974 984 3036 sunt
999 2971 1181 3038 substantia
1197 2991 1244 3038 se·

114 3086 249 3164 parata.
277 3079 341 3146 Sed
357 3077 571 3167 mathematica
594 3082 670 3143 stent
694 3078 851 3143 abstracta
878 3096 899 3142 a
923 3077 1056 3144 materia
1085 3075 1243 3166 (intellige

118 3186 283 3277 sensibili)
300 3192 332 3253 et
344 3191 445 3252 tanum
463 3205 526 3250 non
543 3188 620 3251 sunt
634 3185 812 3251 excedentia
829 3186 1019 3252 intellectum
1036 3190 1195 3268 nostrum·
1212 3191 1247 3252 el

117 3300 187 3364 ideo
205 3297 238 3362 in
259 3297 303 3362 eis
316 3299 365 3361 est
378 3294 566 3379 requirenda
582 3293 753 3358 certissima
773 3294 866 3360 ratio.
887 3295 928 3360 Et
944 3295 1019 3380 quia
1039 3298 1103 3361 tota
1125 3299 1243 3362 natura

116 3411 167 3473 est
180 3406 265 3471 eirca
279 3402 462 3478 materiam,
482 3402 551 3466 adeo
564 3401 623 3466 iste
634 3404 743 3466 modus
755 3402 935 3468 certissima
948 3401 1080 3467 ratrbnis
1093 3421 1156 3466 non
1169 3409 1244 3485 per·

117 3515 199 3582 tinet
212 3513 256 3579 ad
272 3513 449 3578 naturalem
466 3509 683 3591 Philosophum
700 3506 764 3597 (4).

154 3845 195 3906 (ι)
232 3837 266 3896 8.
280 3837 385 3896 Thom.
402 3833 451 3894 lib.
468 3855 495 3902 a,
512 3833 656 3908 Meropis,
672 3832 735 3890 lect.
753 3849 778 3903 5,
795 3851 910 3904 paragr.
930 3849 955 3888 c.

153 3931 196 4000 (a)
231 3927 335 3996 Arist„
348 3929 403 3984 loc.
417 3924 469 3983 eit.
483 3944 546 3995 cap.
563 3921 659 3981 ultim.
676 3923 705 3980 in
721 3921 787 3980 fine.
807 3957 812 3967 .

153 4025 195 4091 (3)
232 4019 298 4090 Qua
312 4017 343 4075 in
358 4037 389 4074 re
402 4034 549 4074 summam
563 4012 678 4071 laudem
689 4010 796 4069 meruit
805 4009 839 4068 S.
854 4009 993 4077 Thomas,
1010 4021 1043 4068 ut
1054 4009 1176 4083 ipsemet
1187 4004 1250 4063 Ge-

34 4100 35 4171 ἶ
117 4108 239 4173 nuenais
253 4105 373 4183 agnovit
389 4104 418 4163 in
435 4103 540 4177 Lagina
555 4102 648 4161 italice
661 4099 823 4172 conscripta
838 4099 887 4157 lib.
906 4115 931 4171 ς,
947 4117 1009 4168 eep.
1035 4119 1061 4171 3,
1084 4114 1201 4170 paragr.
1215 4111 1249 4163 4.

36 4269 37 4275 g
115 4200 196 4273 apud
212 4197 319 4258 Roaelli
334 4195 391 4268 Op.
407 4209 435 4252 et
451 4195 503 4252 loc.
524 4193 571 4251 cit.
588 4212 617 4249 n.
636 4191 713 4262 1256,
728 4189 758 4246 in
773 4201 842 4246 nota
858 4210 883 4260 3.

36 4312 38 4387 ἶ
153 4291 195 4362 (ah
231 4287 264 4348 S.
279 4287 398 4356 Thom,
412 4284 463 4342 lib.
479 4305 510 4355 a,
527 4280 668 4355 Meropia,
681 4279 745 4337 lect.
758 4295 784 4349 ς,
797 4277 848 4336 fin.
