3492 5525
252 351 369 414 Anne.
393 362 453 414 aa·
472 348 525 412 Dr:
545 349 862 412 Anauni-:urimonte
880 364 1056 410 enonnnrnr
1111 343 1169 426 383

87 551 125 596 ca
144 529 197 618 (r)
215 539 248 594 et
266 529 396 596 Cardin.
413 525 565 596 Toletum
584 524 648 614 (2),
669 527 756 610 apud
775 545 860 612 quos
879 527 950 594 tuse
968 525 1147 611 explicatos
1164 529 1213 594 vi·

87 639 181 704 debis
199 639 291 704 locos
302 635 508 723 definitionis,
528 633 760 716 descriptiones,
781 633 950 700 notnbbnis
966 635 1120 712 nominis,
1138 653 1213 701 con-

79 747 278 830 jugatorum,
295 745 437 827 partium
448 745 492 810 ad
504 746 616 818 totum,
640 741 733 806 nnus
750 743 794 806 ad
806 746 931 823 partes,
949 761 1130 818 causam,
1148 742 1214 808 sive

87 853 278 929 munaus,
293 851 358 918 sive
366 849 531 938 smntalis,
546 849 705 933 officioram
715 853 747 914 et
754 848 885 932 sinalr's,
902 851 1080 932 effectuum,
1092 854 1214 916 anuce-

87 960 228 1024 dentium
241 963 273 1026 et
282 959 548 1044 consequentium,
564 959 799 1042 emunctorum,
815 956 983 1034 similium,
997 956 1210 1032 dissimilium,

88 1070 260 1154 majorum,
289 1065 444 1132 minorum
471 1069 502 1130 et
528 1063 673 1146 parium,
707 1063 928 1146 oppositorum,
957 1064 1209 1148 repugnantium,

88 1173 301 1240 autoritatis:
320 1173 495 1256 dequibus
513 1172 610 1238 etiam
626 1157 785 1237 Rhetore's
803 1190 899 1256 agere
915 1172 1036 1238 solent.

159 1283 271 1348 Posset
289 1281 340 1346 hic
353 1298 488 1364 quoque
502 1279 624 1363 aliquid
639 1278 712 1343 addi
726 1279 767 1344 de
782 1287 849 1343 arte
864 1278 1047 1346 inveniendi
1064 1279 1211 1346 medium
1226 1287 1286 1334 Pons
1296 1291 1419 1337 eborum

91 1389 288 1464 terminum,
308 1406 409 1472 quam
433 1387 556 1470 antiqui
573 1391 696 1469 pontem
717 1387 880 1452 asinorum
897 1387 1023 1463 dixere,
1044 1396 1214 1472 propterea

92 1495 183 1580 quod
201 1495 389 1562 bominibus
402 1494 533 1562 tardiori
550 1493 671 1578 ingenii
691 1511 742 1559 ars
761 1496 830 1558 baec
856 1492 1099 1579 inintelligibilis
1127 1495 1217 1560 vide·

93 1617 193 1670 retur.
214 1603 336 1668 Verum
357 1601 413 1686 qui
442 1604 509 1668 nac
540 1620 671 1667 noscere
700 1602 776 1667 velit
804 1602 899 1668 adeat
925 1602 1048 1687 priscos
1069 1604 1216 1670 Philoso-
1315 1643 1318 1646 -

92 1713 177 1794 phos
206 1709 276 1798 (3),
304 1730 341 1778 ac
370 1709 564 1776 nominatim
589 1708 624 1778 Ρ.
651 1709 832 1778 Antonium
858 1711 1051 1777 bernaldum
1079 1709 1212 1788 Qubus,

92 1819 150 1901 qui
176 1819 248 1884 iuse
260 1817 391 1883 Pontem
408 1817 582 1882 Asinorum
599 1815 752 1882 describit
770 1813 835 1904 (4).
916 1863 920 1872 .

161 1923 214 1992 Ad
227 1924 542 2009 argumentationem
562 1923 762 2007 probabilem
782 1925 924 1990 revocari
939 1935 1078 2009 possunt
1095 1929 1216 1994 Anato-

87 2033 143 2116 gia
161 2043 195 2098 et
213 2031 409 2114 Exemplum,
434 2031 475 2095 de
500 2029 620 2114 quibus
637 2031 787 2115 superius
810 2032 934 2098 dictum
961 2043 1028 2110 est,
1048 2033 1125 2118 quia
1149 2036 1215 2101 tere

93 2139 225 2205 nonnisi
252 2137 458 2224 probabiliter
482 2138 694 2218 concludant,
725 2139 942 2223 eamdemque
969 2142 1092 2224 praebet
1118 2143 1215 2208 etiarn

92 2247 292 2328 Hyantiae,
308 2263 366 2312 seu
380 2246 565 2328 suppositio,
581 2263 655 2329 quae
669 2245 793 2312 definiri
805 2258 913 2330 potest
929 2249 1106 2333 propositio
1124 2251 1216 2334 cujus

92 2356 214 2420 veritas
231 2353 377 2420 nondum
393 2353 615 2420 demonstrata
628 2364 696 2430 est,
712 2371 787 2436 quae
805 2364 918 2420 tamen
937 2341 1117 2422 assumitur
1131 2368 1219 2422 tam·
1239 2350 1315 2382 ”¹¹⁵⁰
1372 2339 1419 2386 ⁵⁵⁰·

92 2480 298 2545 quarnvera‚
318 2462 394 2544 quia
415 2459 522 2544 aliqua
540 2460 621 2526 iacta
639 2461 815 2526 commode
828 2463 965 2546 explicat
977 2461 1041 2551 (5).
1062 2464 1217 2549 Exempla

93 2569 216 2654 passim
243 2577 419 2634 occurrunt
437 2566 471 2633 in
489 2567 632 2634 scientiis
648 2568 858 2651 potissimum
873 2571 1090 2648 naturalibus,
1110 2572 1217 2655 qualis

93 2688 144 2744 est
156 2676 340 2762 suppositio
352 2675 479 2742 aetheris
492 2675 694 2742 subtilissimi
706 2693 952 2760 quaquaversus
977 2677 1102 2755 diffusi,
1116 2699 1217 2764 quam

92 2785 253 2852 adhibent
283 2784 487 2851 scientiarum
520 2784 729 2871 physicarum
757 2785 913 2862 cultores,
940 2787 981 2853 ad
1000 2788 1219 2870 phaenomena

95 2893 181 2961 lucis
198 2889 402 2976 explicanda.

165 2999 363 3084 liujusmodi
381 3006 491 3065 autem
510 2998 750 3084 argumentatio
760 3002 940 3084 generatim
959 3002 1126 3087 loquendo
1145 3022 1220 3088 pro-

95 3107 273 3175 babilitatis
292 3106 410 3173 limites
430 3124 496 3172 non
510 3108 722 3173 transcendit.
743 3106 972 3193 «Argumenta
989 3112 1076 3177 enim
1095 3114 1219 3189 omnia,

95 3217 221 3301 quibus
257 3215 456 3300 hypotheses
488 3216 683 3299 probamus,
715 3215 766 3281 his
799 3216 975 3301 praemissis
1002 3229 1165 3288 constant.
1184 3221 1223 3288 Si

94 3324 244 3391 existeret
267 3322 330 3387 brec
351 3340 464 3400 causa,
490 3322 567 3387 talia
580 3322 671 3409 sacto
695 3322 784 3387 nobis
807 3323 1036 3397 exhiberentur.
1063 3329 1127 3395 Seri
1143 3329 1222 3394 taire
1248 3354 1255 3367 ·

88 3434 185 3515 facta
206 3430 295 3495 nobr's
321 3429 513 3495 exhibentur.
547 3428 649 3513 Ergo?
666 3431 718 3495 An
746 3430 888 3496 deduces
909 3430 1047 3518 abrupte
1073 3452 1220 3510 eausam,

96 3556 202 3623 quarn
221 3536 370 3623 assignas
387 3534 546 3603 existere?
565 3535 609 3601 At
627 3536 659 3602 id
678 3546 768 3603 vetat
794 3538 1020 3607 conditionalis
1037 3541 1223 3628 syllogismi

98 3656 239 3713 naturae.
267 3642 355 3721 Quid
379 3642 477 3729 igitur
500 3643 575 3708 inde
600 3644 793 3710 concludere
819 3644 943 3712 licebit?
964 3648 1034 3713 Hoc
1061 3648 1221 3732 proiecto,

96 3768 131 3823 et
150 3752 231 3821 nihil
249 3752 354 3829 aliud,
373 3750 535 3817 videlicet:
550 3750 638 3817 Fieri
649 3755 763 3834 potest,
774 3755 812 3819 ut
823 3753 887 3821 brec
902 3772 999 3822 cama
1012 3755 1146 3821 existam
1157 3750 1224 3841 (6).

134 4102 178 4165 (ι)
215 4095 315 4153 instit.
331 4092 449 4151 atatecr.
465 4090 515 4148 lib.
531 4112 563 4165 7,
580 4112 603 4149 c.
624 4109 656 4149 ro
669 4110 750 4163 seqq.

134 4186 179 4257 (a)
216 4184 370 4243 Introduct.
386 4182 417 4237 in
432 4180 569 4250 Dialeon,
585 4180 635 4237 lib.
652 4199 679 4253 ς,
693 4201 757 4253 cap.
774 4202 849 4253 3·rr.

134 4282 179 4349 (3)
216 4272 294 4330 Vide
317 4269 350 4329 S.
365 4270 472 4329 Thom.
487 4268 629 4341 Opuscul.
649 4272 685 4327 de
703 4270 871 4329 inventione
889 4270 994 4328 medii.-
1017 4268 1112 4328 Card.
1137 4266 1231 4324 Tolet.

98 4365 264 4425 introduct.
278 4361 327 4421 lib.
342 4381 370 4433 4,
385 4379 449 4431 cap.
468 4378 509 4429 ra,
526 4380 568 4431 ¹33
584 4358 785 4431 Complutens.
801 4358 1004 4427 Dialect.‚lib.
1018 4379 1045 4430 3,
1057 4377 1125 4428 cap.
1136 4354 1232 4413 ultim.

134 4456 179 4527 (4)
217 4450 306 4513 Curs.
321 4449 448 4518 Philas..
465 4461 549 4507 treet.
563 4468 591 4518 a,
609 4462 684 4521 part.
700 4448 751 4519 Vl,
767 4446 845 4520 disp.
861 4470 906 4521 33,
922 4460 992 4507 sect.
1008 4464 1037 4521 4.

135 4545 181 4618 (ς)
216 4538 394 4614 Tongiorgi,
408 4536 502 4597 instit.
515 4536 629 4597 dialect.
645 4558 675 4597 n.
691 4558 754 4612 327.

135 4636 180 4701 (6)
216 4627 389 4705 Tongiorgi.
403 4626 456 4687 lec.
471 4627 512 4688 eit
527 4648 557 4689 n.
573 4647 635 4703 327.
