<?xml version="1.0" encoding="UTF-8"?>
<!DOCTYPE html PUBLIC "-//W3C//DTD XHTML 1.0 Transitional//EN"
    "http://www.w3.org/TR/xhtml1/DTD/xhtml1-transitional.dtd">
<html xmlns="http://www.w3.org/1999/xhtml" xml:lang="en" lang="en">
 <head>
  <title>
</title>
<meta http-equiv="Content-Type" content="text/html;charset=utf-8" />
  <meta name='ocr-system' content='tesseract 3.04.00' />
  <meta name='ocr-capabilities' content='ocr_page ocr_carea ocr_par ocr_line ocrx_word'/>
</head>
<body>
  <div class='ocr_page' id='page_1' title='image "./institutionesph00urrgoog/institutionesph00urrgoog_0027.png"; bbox 0 0 3492 5525; ppageno 0'>
   <div class='ocr_carea' id='block_1_1' title="bbox 421 484 1220 572">
    <p class='ocr_par' dir='ltr' id='par_1_1' title="bbox 421 484 1220 572">
     <span class='ocr_line' id='line_1_1' title="bbox 421 484 1220 572; baseline 0.001 -23"><span class='ocrx_word' id='word_1_1' title='bbox 421 484 471 567; x_wconf 79' lang='lat'>§1</span> <span class='ocrx_word' id='word_1_2' title='bbox 494 484 545 549; x_wconf 82' lang='lat' dir='ltr'>Dc</span> <span class='ocrx_word' id='word_1_3' title='bbox 565 484 719 550; x_wconf 82' lang='lat' dir='ltr'>Norroxe</span> <span class='ocrx_word' id='word_1_4' title='bbox 740 484 981 550; x_wconf 77' lang='lat' dir='ltr'>eruosoeura:</span> <span class='ocrx_word' id='word_1_5' title='bbox 1206 504 1220 572; x_wconf 75' lang='grc' dir='ltr'>ς</span> 
     </span>
    </p>
   </div>
   <div class='ocr_carea' id='block_1_2' title="bbox 135 669 1374 4522">
    <p class='ocr_par' dir='ltr' id='par_1_2' title="bbox 144 669 1374 953">
     <span class='ocr_line' id='line_1_2' title="bbox 207 669 1268 761; baseline 0.002 -24"><span class='ocrx_word' id='word_1_6' title='bbox 207 671 313 739; x_wconf 91' lang='lat' dir='ltr'>Prima</span> <span class='ocrx_word' id='word_1_7' title='bbox 325 670 425 737; x_wconf 86' lang='lat' dir='ltr'>etiarn</span> <span class='ocrx_word' id='word_1_8' title='bbox 440 669 596 755; x_wconf 90' lang='lat' dir='ltr'>acceptio,</span> <span class='ocrx_word' id='word_1_9' title='bbox 621 679 737 755; x_wconf 84' lang='lat' dir='ltr'>utpote</span> <span class='ocrx_word' id='word_1_10' title='bbox 762 690 836 755; x_wconf 90' lang='lat' dir='ltr'>quae</span> <span class='ocrx_word' id='word_1_11' title='bbox 851 672 907 737; x_wconf 89' lang='lat' dir='ltr'>uni</span> <span class='ocrx_word' id='word_1_12' title='bbox 922 672 1076 738; x_wconf 87' lang='lat' dir='ltr'>convenit</span> <span class='ocrx_word' id='word_1_13' title='bbox 1094 674 1268 761; x_wconf 87' lang='lat' dir='ltr'>Metaphy·</span> 
     </span>
     <span class='ocr_line' id='line_1_3' title="bbox 144 777 1268 854; baseline 0.002 -9"><span class='ocrx_word' id='word_1_14' title='bbox 144 780 216 845; x_wconf 83' lang='lat' dir='ltr'>sicae</span> <span class='ocrx_word' id='word_1_15' title='bbox 238 780 324 845; x_wconf 90' lang='lat' dir='ltr'>inter</span> <span class='ocrx_word' id='word_1_16' title='bbox 350 778 513 845; x_wconf 91' lang='lat' dir='ltr'>humanas</span> <span class='ocrx_word' id='word_1_17' title='bbox 531 777 698 854; x_wconf 84' lang='lat' dir='ltr'>scientias,</span> <span class='ocrx_word' id='word_1_18' title='bbox 724 778 767 843; x_wconf 94' lang='lat' dir='ltr'>ob</span> <span class='ocrx_word' id='word_1_19' title='bbox 786 778 939 844; x_wconf 89' lang='lat' dir='ltr'>eamdem</span> <span class='ocrx_word' id='word_1_20' title='bbox 957 798 1090 847; x_wconf 91' lang='lat' dir='ltr'>causam</span> <span class='ocrx_word' id='word_1_21' title='bbox 1110 781 1268 847; x_wconf 89' lang='lat' dir='ltr'>omitten-</span> 
     </span>
     <span class='ocr_line' id='line_1_4' title="bbox 144 878 1374 953; baseline -0.005 0"><span class='ocrx_word' id='word_1_22' title='bbox 144 886 185 953; x_wconf 87' lang='lat' dir='ltr'>da</span> <span class='ocrx_word' id='word_1_23' title='bbox 201 896 264 952; x_wconf 89' lang='lat' dir='ltr'>est.</span> <span class='ocrx_word' id='word_1_24' title='bbox 1366 878 1374 889; x_wconf 85' lang='lat'><em>&#39;</em></span> 
     </span>
    </p>

    <p class='ocr_par' dir='ltr' id='par_1_3' title="bbox 140 992 1267 1945">
     <span class='ocr_line' id='line_1_5' title="bbox 206 992 1266 1079; baseline 0.002 -18"><span class='ocrx_word' id='word_1_25' title='bbox 206 992 315 1063; x_wconf 89' lang='lat' dir='ltr'>Tertia</span> <span class='ocrx_word' id='word_1_26' title='bbox 332 993 480 1077; x_wconf 89' lang='lat' dir='ltr'>acceptio</span> <span class='ocrx_word' id='word_1_27' title='bbox 494 1012 512 1058; x_wconf 89' lang='lat' dir='ltr'>a</span> <span class='ocrx_word' id='word_1_28' title='bbox 527 992 725 1076; x_wconf 91' lang='lat' dir='ltr'>quibusdam</span> <span class='ocrx_word' id='word_1_29' title='bbox 748 992 890 1079; x_wconf 83' lang='lat' dir='ltr'>rejicitur</span> <span class='ocrx_word' id='word_1_30' title='bbox 909 1013 950 1060; x_wconf 92' lang='lat' dir='ltr'>ex</span> <span class='ocrx_word' id='word_1_31' title='bbox 971 1013 1011 1060; x_wconf 93' lang='lat' dir='ltr'>eo</span> <span class='ocrx_word' id='word_1_32' title='bbox 1028 994 1152 1079; x_wconf 92' lang='lat' dir='ltr'>capite,</span> <span class='ocrx_word' id='word_1_33' title='bbox 1176 998 1266 1079; x_wconf 93' lang='lat' dir='ltr'>quod</span> 
     </span>
     <span class='ocr_line' id='line_1_6' title="bbox 144 1098 1266 1171; baseline -0.001 -1"><span class='ocrx_word' id='word_1_34' title='bbox 144 1102 324 1170; x_wconf 90' lang='lat' dir='ltr'>secundum</span> <span class='ocrx_word' id='word_1_35' title='bbox 340 1120 413 1167; x_wconf 89' lang='lat' dir='ltr'>eam</span> <span class='ocrx_word' id='word_1_36' title='bbox 432 1099 579 1166; x_wconf 88' lang='lat' dir='ltr'>definitio</span> <span class='ocrx_word' id='word_1_37' title='bbox 599 1101 653 1165; x_wconf 92' lang='lat' dir='ltr'>illa</span> <span class='ocrx_word' id='word_1_38' title='bbox 675 1098 859 1167; x_wconf 91' lang='lat' dir='ltr'>Stoicorum</span> <span class='ocrx_word' id='word_1_39' title='bbox 875 1110 908 1166; x_wconf 94' lang='grc'>11</span> <span class='ocrx_word' id='word_1_40' title='bbox 921 1100 1086 1169; x_wconf 83' lang='lat' dir='ltr'>Ciceronis</span> <span class='ocrx_word' id='word_1_41' title='bbox 1106 1122 1172 1168; x_wconf 94' lang='lat' dir='ltr'>non</span> <span class='ocrx_word' id='word_1_42' title='bbox 1186 1124 1266 1171; x_wconf 90' lang='lat' dir='ltr'>con-</span> 
     </span>
     <span class='ocr_line' id='line_1_7' title="bbox 144 1207 1267 1294; baseline 0.001 -19"><span class='ocrx_word' id='word_1_43' title='bbox 144 1212 266 1277; x_wconf 89' lang='lat' dir='ltr'>veniret</span> <span class='ocrx_word' id='word_1_44' title='bbox 295 1210 433 1294; x_wconf 85' lang='lat' dir='ltr'>singuiis</span> <span class='ocrx_word' id='word_1_45' title='bbox 460 1208 605 1292; x_wconf 89' lang='lat' dir='ltr'>partibus</span> <span class='ocrx_word' id='word_1_46' title='bbox 631 1207 864 1291; x_wconf 71' lang='lat' dir='ltr'>Philosophiae,</span> <span class='ocrx_word' id='word_1_47' title='bbox 890 1210 950 1274; x_wconf 92' lang='lat' dir='ltr'>sed</span> <span class='ocrx_word' id='word_1_48' title='bbox 973 1211 1082 1275; x_wconf 92' lang='lat' dir='ltr'>solum</span> <span class='ocrx_word' id='word_1_49' title='bbox 1111 1211 1267 1277; x_wconf 89' lang='lat' dir='ltr'>omnibus</span> 
     </span>
     <span class='ocr_line' id='line_1_8' title="bbox 143 1314 1267 1401; baseline -0.001 -16"><span class='ocrx_word' id='word_1_50' title='bbox 143 1318 239 1385; x_wconf 90' lang='lat' dir='ltr'>simul</span> <span class='ocrx_word' id='word_1_51' title='bbox 263 1318 422 1400; x_wconf 89' lang='lat' dir='ltr'>sumptis;</span> <span class='ocrx_word' id='word_1_52' title='bbox 448 1334 514 1381; x_wconf 94' lang='lat' dir='ltr'>non</span> <span class='ocrx_word' id='word_1_53' title='bbox 538 1314 627 1381; x_wconf 88' lang='lat' dir='ltr'>enirn</span> <span class='ocrx_word' id='word_1_54' title='bbox 648 1315 707 1381; x_wconf 92' lang='lat' dir='ltr'>soli</span> <span class='ocrx_word' id='word_1_55' title='bbox 725 1316 871 1401; x_wconf 89' lang='lat' dir='ltr'>Physicae</span> <span class='ocrx_word' id='word_1_56' title='bbox 887 1324 944 1381; x_wconf 92' lang='lat' dir='ltr'>aut</span> <span class='ocrx_word' id='word_1_57' title='bbox 957 1316 1094 1384; x_wconf 88' lang='lat' dir='ltr'>Mathesi</span> <span class='ocrx_word' id='word_1_58' title='bbox 1109 1329 1173 1385; x_wconf 87' lang='lat' dir='ltr'>etc.</span> <span class='ocrx_word' id='word_1_59' title='bbox 1188 1337 1267 1384; x_wconf 92' lang='lat' dir='ltr'>con·</span> 
     </span>
     <span class='ocr_line' id='line_1_9' title="bbox 144 1422 1265 1509; baseline 0 -18"><span class='ocrx_word' id='word_1_60' title='bbox 144 1427 230 1494; x_wconf 90' lang='lat' dir='ltr'>venit</span> <span class='ocrx_word' id='word_1_61' title='bbox 255 1444 327 1491; x_wconf 91' lang='lat' dir='ltr'>esse</span> <span class='ocrx_word' id='word_1_62' title='bbox 348 1424 571 1509; x_wconf 81' lang='lat' dir='ltr'>cognitionem</span> <span class='ocrx_word' id='word_1_63' title='bbox 594 1422 781 1489; x_wconf 89' lang='lat' dir='ltr'>divinarum</span> <span class='ocrx_word' id='word_1_64' title='bbox 800 1434 898 1505; x_wconf 93' lang='lat' dir='ltr'>atque</span> <span class='ocrx_word' id='word_1_65' title='bbox 921 1425 1138 1491; x_wconf 90' lang='lat' dir='ltr'>humanarum</span> <span class='ocrx_word' id='word_1_66' title='bbox 1158 1445 1265 1491; x_wconf 90' lang='lat' dir='ltr'>rerum</span> 
     </span>
     <span class='ocr_line' id='line_1_10' title="bbox 142 1530 1265 1617; baseline -0.004 -16"><span class='ocrx_word' id='word_1_67' title='bbox 142 1552 400 1616; x_wconf 83' lang='lat' dir='ltr'>causarumque,</span> <span class='ocrx_word' id='word_1_68' title='bbox 430 1530 551 1614; x_wconf 92' lang='lat' dir='ltr'>quibus</span> <span class='ocrx_word' id='word_1_69' title='bbox 579 1531 630 1595; x_wconf 87' lang='lat' dir='ltr'>hae</span> <span class='ocrx_word' id='word_1_70' title='bbox 660 1548 710 1597; x_wconf 90' lang='lat' dir='ltr'>res</span> <span class='ocrx_word' id='word_1_71' title='bbox 739 1532 960 1600; x_wconf 88' lang='lat' dir='ltr'>continentur.</span> <span class='ocrx_word' id='word_1_72' title='bbox 991 1532 1027 1597; x_wconf 86' lang='lat' dir='ltr'>Et</span> <span class='ocrx_word' id='word_1_73' title='bbox 1055 1532 1101 1597; x_wconf 91' lang='lat' dir='ltr'>sic</span> <span class='ocrx_word' id='word_1_74' title='bbox 1129 1534 1265 1617; x_wconf 83' lang='lat' dir='ltr'>singulae</span> 
     </span>
     <span class='ocr_line' id='line_1_11' title="bbox 141 1638 1266 1725; baseline -0.002 -16"><span class='ocrx_word' id='word_1_75' title='bbox 141 1642 296 1717; x_wconf 71' lang='lat' dir='ltr'>scientiae,</span> <span class='ocrx_word' id='word_1_76' title='bbox 314 1659 389 1725; x_wconf 87' lang='lat' dir='ltr'>quae</span> <span class='ocrx_word' id='word_1_77' title='bbox 409 1640 471 1705; x_wconf 91' lang='lat' dir='ltr'>sub</span> <span class='ocrx_word' id='word_1_78' title='bbox 491 1640 625 1703; x_wconf 90' lang='lat' dir='ltr'>nomine</span> <span class='ocrx_word' id='word_1_79' title='bbox 641 1638 856 1722; x_wconf 78' lang='lat' dir='ltr'>Philosophia</span> <span class='ocrx_word' id='word_1_80' title='bbox 871 1639 1062 1714; x_wconf 89' lang='lat' dir='ltr'>traduntur,</span> <span class='ocrx_word' id='word_1_81' title='bbox 1079 1658 1145 1705; x_wconf 93' lang='lat' dir='ltr'>non</span> <span class='ocrx_word' id='word_1_82' title='bbox 1160 1641 1266 1707; x_wconf 91' lang='lat' dir='ltr'>forent</span> 
     </span>
     <span class='ocr_line' id='line_1_12' title="bbox 142 1744 1267 1833; baseline -0.002 -20"><span class='ocrx_word' id='word_1_83' title='bbox 142 1750 236 1815; x_wconf 88' lang='lat' dir='ltr'>variae</span> <span class='ocrx_word' id='word_1_84' title='bbox 265 1748 391 1833; x_wconf 85' lang='lat' dir='ltr'>species</span> <span class='ocrx_word' id='word_1_85' title='bbox 415 1746 649 1830; x_wconf 79' lang='lat' dir='ltr'>Philosophia,</span> <span class='ocrx_word' id='word_1_86' title='bbox 674 1744 733 1811; x_wconf 92' lang='lat' dir='ltr'>sed</span> <span class='ocrx_word' id='word_1_87' title='bbox 759 1748 867 1811; x_wconf 92' lang='lat' dir='ltr'>solum</span> <span class='ocrx_word' id='word_1_88' title='bbox 891 1748 1028 1812; x_wconf 88' lang='lat' dir='ltr'>diversae</span> <span class='ocrx_word' id='word_1_89' title='bbox 1053 1758 1161 1831; x_wconf 86' lang='lat' dir='ltr'>partes</span> <span class='ocrx_word' id='word_1_90' title='bbox 1184 1748 1267 1813; x_wconf 90' lang='lat' dir='ltr'>inte-</span> 
     </span>
     <span class='ocr_line' id='line_1_13' title="bbox 140 1855 563 1945; baseline -0.019 -20"><span class='ocrx_word' id='word_1_91' title='bbox 140 1868 273 1945; x_wconf 90' lang='lat' dir='ltr'>grantes</span> <span class='ocrx_word' id='word_1_92' title='bbox 291 1856 389 1922; x_wconf 92' lang='lat' dir='ltr'>unius</span> <span class='ocrx_word' id='word_1_93' title='bbox 408 1855 563 1921; x_wconf 88' lang='lat' dir='ltr'>scientiae.</span> 
     </span>
    </p>

    <p class='ocr_par' dir='ltr' id='par_1_4' title="bbox 135 1961 1281 3125">
     <span class='ocr_line' id='line_1_14' title="bbox 210 1961 1265 2065; baseline -0.002 -34"><span class='ocrx_word' id='word_1_94' title='bbox 210 1964 348 2031; x_wconf 82' lang='lat' dir='ltr'>Gravior</span> <span class='ocrx_word' id='word_1_95' title='bbox 363 1961 442 2065; x_wconf 76' lang='lat' dir='ltr'>mihi</span> <span class='ocrx_word' id='word_1_96' title='bbox 459 1962 587 2029; x_wconf 91' lang='lat' dir='ltr'>videtur</span> <span class='ocrx_word' id='word_1_97' title='bbox 607 1963 763 2027; x_wconf 86' lang='lat' dir='ltr'>adversus</span> <span class='ocrx_word' id='word_1_98' title='bbox 778 1962 864 2027; x_wconf 91' lang='lat' dir='ltr'>illam</span> <span class='ocrx_word' id='word_1_99' title='bbox 881 1961 1104 2045; x_wconf 89' lang='lat' dir='ltr'>acceptionem</span> <span class='ocrx_word' id='word_1_100' title='bbox 1120 1983 1158 2028; x_wconf 89' lang='lat' dir='ltr'>ea</span> <span class='ocrx_word' id='word_1_101' title='bbox 1172 1962 1265 2041; x_wconf 86' lang='lat' dir='ltr'>ratio,</span> 
     </span>
     <span class='ocr_line' id='line_1_15' title="bbox 140 2070 1268 2159; baseline -0.004 -18"><span class='ocrx_word' id='word_1_102' title='bbox 140 2075 231 2159; x_wconf 92' lang='lat' dir='ltr'>quod</span> <span class='ocrx_word' id='word_1_103' title='bbox 252 2074 313 2139; x_wconf 91' lang='lat' dir='ltr'>nisi</span> <span class='ocrx_word' id='word_1_104' title='bbox 328 2089 447 2138; x_wconf 88' lang='lat' dir='ltr'>sensus</span> <span class='ocrx_word' id='word_1_105' title='bbox 463 2070 636 2137; x_wconf 86' lang='lat' dir='ltr'>verborum</span> <span class='ocrx_word' id='word_1_106' title='bbox 658 2070 826 2154; x_wconf 90' lang='lat' dir='ltr'>paululum</span> <span class='ocrx_word' id='word_1_107' title='bbox 845 2071 1071 2147; x_wconf 87' lang='lat' dir='ltr'>contrahatur,</span> <span class='ocrx_word' id='word_1_108' title='bbox 1089 2070 1186 2138; x_wconf 89' lang='lat' dir='ltr'>nimis</span> <span class='ocrx_word' id='word_1_109' title='bbox 1205 2074 1268 2137; x_wconf 88' lang='lat' dir='ltr'>lata</span> 
     </span>
     <span class='ocr_line' id='line_1_16' title="bbox 139 2176 1265 2263; baseline -0.002 -16"><span class='ocrx_word' id='word_1_110' title='bbox 139 2187 249 2249; x_wconf 90' lang='lat' dir='ltr'>futura</span> <span class='ocrx_word' id='word_1_111' title='bbox 275 2182 318 2246; x_wconf 91' lang='lat' dir='ltr'>sit</span> <span class='ocrx_word' id='word_1_112' title='bbox 342 2188 441 2263; x_wconf 89' lang='lat' dir='ltr'>atque</span> <span class='ocrx_word' id='word_1_113' title='bbox 465 2177 595 2244; x_wconf 85' lang='lat' dir='ltr'>diffusa.</span> <span class='ocrx_word' id='word_1_114' title='bbox 621 2180 704 2243; x_wconf 90' lang='lat' dir='ltr'>Nam</span> <span class='ocrx_word' id='word_1_115' title='bbox 731 2176 878 2243; x_wconf 88' lang='lat' dir='ltr'>dehnitio</span> <span class='ocrx_word' id='word_1_116' title='bbox 902 2178 972 2253; x_wconf 88' lang='lat' dir='ltr'>illa,</span> <span class='ocrx_word' id='word_1_117' title='bbox 997 2180 1023 2245; x_wconf 92' lang='lat' dir='ltr'>si</span> <span class='ocrx_word' id='word_1_118' title='bbox 1047 2189 1144 2263; x_wconf 90' lang='lat' dir='ltr'>prout</span> <span class='ocrx_word' id='word_1_119' title='bbox 1168 2181 1265 2263; x_wconf 91' lang='lat' dir='ltr'>jacet,</span> 
     </span>
     <span class='ocr_line' id='line_1_17' title="bbox 139 2284 1269 2375; baseline -0.004 -19"><span class='ocrx_word' id='word_1_120' title='bbox 139 2288 358 2375; x_wconf 83' lang='lat' dir='ltr'>intelligatur,</span> <span class='ocrx_word' id='word_1_121' title='bbox 387 2288 474 2353; x_wconf 91' lang='lat' dir='ltr'>nulla</span> <span class='ocrx_word' id='word_1_122' title='bbox 496 2285 555 2351; x_wconf 94' lang='lat' dir='ltr'>erit</span> <span class='ocrx_word' id='word_1_123' title='bbox 576 2284 726 2362; x_wconf 89' lang='lat' dir='ltr'>scientia,</span> <span class='ocrx_word' id='word_1_124' title='bbox 748 2304 847 2368; x_wconf 89' lang='lat' dir='ltr'>quam</span> <span class='ocrx_word' id='word_1_125' title='bbox 870 2295 1011 2368; x_wconf 85' lang='lat' dir='ltr'>nequeat</span> <span class='ocrx_word' id='word_1_126' title='bbox 1032 2287 1095 2353; x_wconf 92' lang='lat' dir='ltr'>sub</span> <span class='ocrx_word' id='word_1_127' title='bbox 1117 2304 1154 2352; x_wconf 88' lang='lat' dir='ltr'>se</span> <span class='ocrx_word' id='word_1_128' title='bbox 1176 2306 1269 2352; x_wconf 90' lang='lat' dir='ltr'>corn-</span> 
     </span>
     <span class='ocr_line' id='line_1_18' title="bbox 139 2392 1268 2484; baseline -0.003 -21"><span class='ocrx_word' id='word_1_129' title='bbox 139 2396 361 2484; x_wconf 82' lang='lat' dir='ltr'>prehendere3</span> <span class='ocrx_word' id='word_1_130' title='bbox 383 2412 457 2460; x_wconf 90' lang='lat' dir='ltr'>cum</span> <span class='ocrx_word' id='word_1_131' title='bbox 478 2402 590 2458; x_wconf 89' lang='lat' dir='ltr'>tamen</span> <span class='ocrx_word' id='word_1_132' title='bbox 613 2412 671 2459; x_wconf 89' lang='lat' dir='ltr'>nec</span> <span class='ocrx_word' id='word_1_133' title='bbox 691 2392 865 2459; x_wconf 91' lang='lat' dir='ltr'>divisiones</span> <span class='ocrx_word' id='word_1_134' title='bbox 880 2412 920 2458; x_wconf 88' lang='lat' dir='ltr'>ex</span> <span class='ocrx_word' id='word_1_135' title='bbox 939 2394 1108 2459; x_wconf 91' lang='lat' dir='ltr'>communi</span> <span class='ocrx_word' id='word_1_136' title='bbox 1123 2393 1268 2460; x_wconf 91' lang='lat' dir='ltr'>Philoso-</span> 
     </span>
     <span class='ocr_line' id='line_1_19' title="bbox 138 2500 1267 2591; baseline -0.004 -19"><span class='ocrx_word' id='word_1_137' title='bbox 138 2508 284 2591; x_wconf 88' lang='lat' dir='ltr'>phorum</span> <span class='ocrx_word' id='word_1_138' title='bbox 313 2520 413 2570; x_wconf 90' lang='lat' dir='ltr'>sensu</span> <span class='ocrx_word' id='word_1_139' title='bbox 437 2504 547 2577; x_wconf 83' lang='lat' dir='ltr'>factae,</span> <span class='ocrx_word' id='word_1_140' title='bbox 569 2519 628 2566; x_wconf 86' lang='lat' dir='ltr'>nec</span> <span class='ocrx_word' id='word_1_141' title='bbox 652 2500 722 2565; x_wconf 92' lang='lat' dir='ltr'>libri</span> <span class='ocrx_word' id='word_1_142' title='bbox 741 2500 903 2567; x_wconf 89' lang='lat' dir='ltr'>innumeri</span> <span class='ocrx_word' id='word_1_143' title='bbox 925 2500 967 2566; x_wconf 95' lang='grc'>11</span> <span class='ocrx_word' id='word_1_144' title='bbox 990 2520 1023 2566; x_wconf 88' lang='grc'>11</span> <span class='ocrx_word' id='word_1_145' title='bbox 1045 2500 1267 2591; x_wconf 89' lang='lat' dir='ltr'>philosophica</span> 
     </span>
     <span class='ocr_line' id='line_1_20' title="bbox 135 2607 1281 2696; baseline -0.003 -17"><span class='ocrx_word' id='word_1_146' title='bbox 135 2611 327 2696; x_wconf 87' lang='lat' dir='ltr'>conscripti,</span> <span class='ocrx_word' id='word_1_147' title='bbox 339 2609 480 2675; x_wconf 91' lang='lat' dir='ltr'>scientiis</span> <span class='ocrx_word' id='word_1_148' title='bbox 494 2620 525 2674; x_wconf 91' lang='lat' dir='ltr'>et</span> <span class='ocrx_word' id='word_1_149' title='bbox 541 2609 663 2675; x_wconf 91' lang='lat' dir='ltr'>artibus</span> <span class='ocrx_word' id='word_1_150' title='bbox 677 2608 859 2691; x_wconf 87' lang='lat' dir='ltr'>quibusvis,</span> <span class='ocrx_word' id='word_1_151' title='bbox 874 2607 932 2673; x_wconf 88' lang='lat' dir='ltr'>sed</span> <span class='ocrx_word' id='word_1_152' title='bbox 947 2609 1057 2692; x_wconf 90' lang='lat' dir='ltr'>paucis</span> <span class='ocrx_word' id='word_1_153' title='bbox 1069 2608 1265 2691; x_wconf 89' lang='lat' dir='ltr'>quibusdam</span> <span class='ocrx_word' id='word_1_154' title='bbox 1279 2647 1281 2650; x_wconf 95' lang='lat'>-</span> 
     </span>
     <span class='ocr_line' id='line_1_21' title="bbox 135 2715 1268 2802; baseline -0.005 -14"><span class='ocrx_word' id='word_1_155' title='bbox 135 2723 223 2790; x_wconf 88' lang='lat' dir='ltr'>inter</span> <span class='ocrx_word' id='word_1_156' title='bbox 245 2729 381 2786; x_wconf 90' lang='lat' dir='ltr'>caeteros</span> <span class='ocrx_word' id='word_1_157' title='bbox 402 2717 695 2802; x_wconf 83' lang='lat' dir='ltr'>praestantioribus,</span> <span class='ocrx_word' id='word_1_158' title='bbox 714 2734 835 2783; x_wconf 88' lang='lat' dir='ltr'>nomen</span> <span class='ocrx_word' id='word_1_159' title='bbox 851 2735 888 2782; x_wconf 89' lang='lat' dir='ltr'>ac</span> <span class='ocrx_word' id='word_1_160' title='bbox 909 2715 1102 2802; x_wconf 90' lang='lat' dir='ltr'>dignitatem</span> <span class='ocrx_word' id='word_1_161' title='bbox 1122 2717 1268 2785; x_wconf 89' lang='lat' dir='ltr'>Philoso-</span> 
     </span>
     <span class='ocr_line' id='line_1_22' title="bbox 136 2824 1265 2916; baseline -0.004 -22"><span class='ocrx_word' id='word_1_162' title='bbox 136 2830 226 2916; x_wconf 86' lang='lat' dir='ltr'>phiae</span> <span class='ocrx_word' id='word_1_163' title='bbox 246 2825 454 2894; x_wconf 87' lang='lat' dir='ltr'>asseruerint.</span> <span class='ocrx_word' id='word_1_164' title='bbox 477 2825 641 2891; x_wconf 86' lang='lat' dir='ltr'>Caeterum</span> <span class='ocrx_word' id='word_1_165' title='bbox 662 2824 688 2890; x_wconf 90' lang='lat' dir='ltr'>si</span> <span class='ocrx_word' id='word_1_166' title='bbox 714 2842 831 2890; x_wconf 90' lang='lat' dir='ltr'>sensus</span> <span class='ocrx_word' id='word_1_167' title='bbox 851 2826 953 2890; x_wconf 84' lang='lat' dir='ltr'>tertiae</span> <span class='ocrx_word' id='word_1_168' title='bbox 972 2825 1172 2908; x_wconf 89' lang='lat' dir='ltr'>acceptionis</span> <span class='ocrx_word' id='word_1_169' title='bbox 1190 2836 1265 2910; x_wconf 88' lang='lat' dir='ltr'>apte</span> 
     </span>
     <span class='ocr_line' id='line_1_23' title="bbox 135 2930 1264 3017; baseline -0.005 -13"><span class='ocrx_word' id='word_1_170' title='bbox 135 2944 344 3012; x_wconf 73' lang='lat' dir='ltr'>coerceatur,</span> <span class='ocrx_word' id='word_1_171' title='bbox 361 2933 452 2998; x_wconf 89' lang='lat' dir='ltr'>facile</span> <span class='ocrx_word' id='word_1_172' title='bbox 464 2930 604 2998; x_wconf 90' lang='lat' dir='ltr'>revocari</span> <span class='ocrx_word' id='word_1_173' title='bbox 619 2933 738 3017; x_wconf 88' lang='lat' dir='ltr'>poterit</span> <span class='ocrx_word' id='word_1_174' title='bbox 750 2932 790 2998; x_wconf 90' lang='lat' dir='ltr'>ad</span> <span class='ocrx_word' id='word_1_175' title='bbox 802 2952 913 2998; x_wconf 90' lang='lat' dir='ltr'>veram</span> <span class='ocrx_word' id='word_1_176' title='bbox 928 2933 1100 3017; x_wconf 82' lang='lat' dir='ltr'>magisque</span> <span class='ocrx_word' id='word_1_177' title='bbox 1113 2932 1264 3000; x_wconf 91' lang='lat' dir='ltr'>usitatam</span> 
     </span>
     <span class='ocr_line' id='line_1_24' title="bbox 137 3041 613 3125; baseline -0.019 -13"><span class='ocrx_word' id='word_1_178' title='bbox 137 3041 285 3112; x_wconf 91' lang='lat' dir='ltr'>nominis</span> <span class='ocrx_word' id='word_1_179' title='bbox 301 3041 613 3125; x_wconf 89' lang='lat' dir='ltr'>interpretationem.</span> 
     </span>
    </p>

    <p class='ocr_par' dir='ltr' id='par_1_5' title="bbox 136 3145 1266 3775">
     <span class='ocr_line' id='line_1_25' title="bbox 206 3145 1266 3234; baseline -0.005 -17"><span class='ocrx_word' id='word_1_180' title='bbox 206 3149 366 3217; x_wconf 87' lang='lat' dir='ltr'>Existimo</span> <span class='ocrx_word' id='word_1_181' title='bbox 390 3167 475 3234; x_wconf 84' lang='lat' dir='ltr'>ergo.</span> <span class='ocrx_word' id='word_1_182' title='bbox 492 3147 672 3214; x_wconf 89' lang='lat' dir='ltr'>secundam</span> <span class='ocrx_word' id='word_1_183' title='bbox 697 3165 738 3212; x_wconf 88' lang='lat' dir='ltr'>ex</span> <span class='ocrx_word' id='word_1_184' title='bbox 763 3145 925 3230; x_wconf 88' lang='lat' dir='ltr'>praedictis</span> <span class='ocrx_word' id='word_1_185' title='bbox 949 3147 1191 3230; x_wconf 89' lang='lat' dir='ltr'>acceptionibus</span> <span class='ocrx_word' id='word_1_186' title='bbox 1215 3166 1266 3213; x_wconf 90' lang='lat' dir='ltr'>sa-</span> 
     </span>
     <span class='ocr_line' id='line_1_26' title="bbox 137 3254 1266 3347; baseline -0.005 -21"><span class='ocrx_word' id='word_1_187' title='bbox 137 3260 273 3347; x_wconf 88' lang='lat' dir='ltr'>pientiae</span> <span class='ocrx_word' id='word_1_188' title='bbox 286 3277 358 3325; x_wconf 89' lang='lat' dir='ltr'>esse</span> <span class='ocrx_word' id='word_1_189' title='bbox 370 3276 442 3322; x_wconf 90' lang='lat' dir='ltr'>eam</span> <span class='ocrx_word' id='word_1_190' title='bbox 454 3307 461 3333; x_wconf 92' lang='lat'>,</span> <span class='ocrx_word' id='word_1_191' title='bbox 474 3273 548 3339; x_wconf 90' lang='lat' dir='ltr'>quae</span> <span class='ocrx_word' id='word_1_192' title='bbox 559 3254 728 3321; x_wconf 92' lang='lat' dir='ltr'>communi</span> <span class='ocrx_word' id='word_1_193' title='bbox 739 3255 934 3339; x_wconf 92' lang='lat' dir='ltr'>scriptorum</span> <span class='ocrx_word' id='word_1_194' title='bbox 946 3255 986 3320; x_wconf 90' lang='lat' dir='ltr'>de</span> <span class='ocrx_word' id='word_1_195' title='bbox 998 3273 1032 3320; x_wconf 91' lang='lat' dir='ltr'>re</span> <span class='ocrx_word' id='word_1_196' title='bbox 1042 3255 1266 3340; x_wconf 88' lang='lat' dir='ltr'>philosophica</span> 
     </span>
     <span class='ocr_line' id='line_1_27' title="bbox 136 3362 1264 3448; baseline -0.006 -12"><span class='ocrx_word' id='word_1_197' title='bbox 136 3369 252 3436; x_wconf 88' lang='lat' dir='ltr'>sensui</span> <span class='ocrx_word' id='word_1_198' title='bbox 272 3365 416 3432; x_wconf 86' lang='lat' dir='ltr'>maxime</span> <span class='ocrx_word' id='word_1_199' title='bbox 431 3364 618 3448; x_wconf 89' lang='lat' dir='ltr'>respondet.</span> <span class='ocrx_word' id='word_1_200' title='bbox 633 3365 692 3428; x_wconf 91' lang='lat' dir='ltr'>Per</span> <span class='ocrx_word' id='word_1_201' title='bbox 707 3381 779 3428; x_wconf 90' lang='lat' dir='ltr'>eam</span> <span class='ocrx_word' id='word_1_202' title='bbox 797 3363 885 3428; x_wconf 89' lang='lat' dir='ltr'>enim</span> <span class='ocrx_word' id='word_1_203' title='bbox 902 3362 1039 3447; x_wconf 91' lang='lat' dir='ltr'>intelligi</span> <span class='ocrx_word' id='word_1_204' title='bbox 1056 3373 1181 3447; x_wconf 87' lang='lat' dir='ltr'>potest,</span> <span class='ocrx_word' id='word_1_205' title='bbox 1199 3383 1264 3429; x_wconf 92' lang='lat' dir='ltr'>non</span> 
     </span>
     <span class='ocr_line' id='line_1_28' title="bbox 136 3464 1266 3555; baseline -0.004 -12"><span class='ocrx_word' id='word_1_206' title='bbox 136 3479 278 3544; x_wconf 85' lang='lat' dir='ltr'>omnem</span> <span class='ocrx_word' id='word_1_207' title='bbox 304 3473 473 3539; x_wconf 91' lang='lat' dir='ltr'>scientiam</span> <span class='ocrx_word' id='word_1_208' title='bbox 498 3472 739 3555; x_wconf 84' lang='lat' dir='ltr'>Philosophiam</span> <span class='ocrx_word' id='word_1_209' title='bbox 767 3489 855 3553; x_wconf 91' lang='lat' dir='ltr'>esse;</span> <span class='ocrx_word' id='word_1_210' title='bbox 877 3472 1061 3554; x_wconf 88' lang='lat' dir='ltr'>eademque</span> <span class='ocrx_word' id='word_1_211' title='bbox 1079 3464 1266 3538; x_wconf 85' lang='lat' dir='ltr'>accommo-</span> 
     </span>
     <span class='ocr_line' id='line_1_29' title="bbox 136 3578 1265 3663; baseline -0.004 -13"><span class='ocrx_word' id='word_1_212' title='bbox 136 3588 237 3652; x_wconf 89' lang='lat' dir='ltr'>datur</span> <span class='ocrx_word' id='word_1_213' title='bbox 250 3581 407 3648; x_wconf 92' lang='lat' dir='ltr'>omnibus</span> <span class='ocrx_word' id='word_1_214' title='bbox 419 3578 681 3656; x_wconf 91' lang='lat' dir='ltr'>tractationibus,</span> <span class='ocrx_word' id='word_1_215' title='bbox 696 3598 771 3662; x_wconf 89' lang='lat' dir='ltr'>quae</span> <span class='ocrx_word' id='word_1_216' title='bbox 784 3580 847 3645; x_wconf 89' lang='lat' dir='ltr'>sub</span> <span class='ocrx_word' id='word_1_217' title='bbox 860 3579 993 3645; x_wconf 89' lang='lat' dir='ltr'>nomine</span> <span class='ocrx_word' id='word_1_218' title='bbox 1004 3590 1037 3646; x_wconf 91' lang='lat' dir='ltr'>et</span> <span class='ocrx_word' id='word_1_219' title='bbox 1049 3579 1265 3663; x_wconf 91' lang='lat' dir='ltr'>amplitudine</span> 
     </span>
     <span class='ocr_line' id='line_1_30' title="bbox 137 3685 1168 3775; baseline -0.005 -18"><span class='ocrx_word' id='word_1_220' title='bbox 137 3690 360 3775; x_wconf 85' lang='lat' dir='ltr'>Philosophiae</span> <span class='ocrx_word' id='word_1_221' title='bbox 374 3707 392 3753; x_wconf 89' lang='lat' dir='ltr'>a</span> <span class='ocrx_word' id='word_1_222' title='bbox 407 3686 590 3754; x_wconf 90' lang='lat' dir='ltr'>sanioribus</span> <span class='ocrx_word' id='word_1_223' title='bbox 603 3687 718 3752; x_wconf 89' lang='lat' dir='ltr'>saltem</span> <span class='ocrx_word' id='word_1_224' title='bbox 734 3685 924 3752; x_wconf 90' lang='lat' dir='ltr'>auctoribus</span> <span class='ocrx_word' id='word_1_225' title='bbox 937 3686 1168 3753; x_wconf 83' lang='lat' dir='ltr'>conficiuntur.</span> 
     </span>
    </p>

    <p class='ocr_par' dir='ltr' id='par_1_6' title="bbox 137 3791 1264 4522">
     <span class='ocr_line' id='line_1_31' title="bbox 208 3791 1264 3881; baseline -0.004 -17"><span class='ocrx_word' id='word_1_226' title='bbox 208 3796 419 3881; x_wconf 88' lang='lat' dir='ltr'>Philosophia</span> <span class='ocrx_word' id='word_1_227' title='bbox 434 3797 543 3878; x_wconf 90' lang='lat' dir='ltr'>itaque</span> <span class='ocrx_word' id='word_1_228' title='bbox 562 3795 595 3860; x_wconf 93' lang='lat' dir='ltr'>in</span> <span class='ocrx_word' id='word_1_229' title='bbox 616 3794 739 3879; x_wconf 89' lang='lat' dir='ltr'>vulgari</span> <span class='ocrx_word' id='word_1_230' title='bbox 759 3791 1037 3878; x_wconf 84' lang='lat' dir='ltr'>frequentiorique</span> <span class='ocrx_word' id='word_1_231' title='bbox 1052 3793 1264 3878; x_wconf 88' lang='lat' dir='ltr'>usurpatione</span> 
     </span>
     <span class='ocr_line' id='line_1_32' title="bbox 137 3901 1263 3990; baseline -0.007 -17"><span class='ocrx_word' id='word_1_232' title='bbox 137 3904 334 3990; x_wconf 88' lang='lat' dir='ltr'>sapientiam</span> <span class='ocrx_word' id='word_1_233' title='bbox 346 3902 500 3987; x_wconf 86' lang='lat' dir='ltr'>importat</span> <span class='ocrx_word' id='word_1_234' title='bbox 511 3903 543 3968; x_wconf 93' lang='lat' dir='ltr'>in</span> <span class='ocrx_word' id='word_1_235' title='bbox 555 3901 697 3967; x_wconf 87' lang='lat' dir='ltr'>secunda</span> <span class='ocrx_word' id='word_1_236' title='bbox 707 3919 748 3967; x_wconf 92' lang='lat' dir='ltr'>ex</span> <span class='ocrx_word' id='word_1_237' title='bbox 759 3901 861 3966; x_wconf 92' lang='lat' dir='ltr'>allatis</span> <span class='ocrx_word' id='word_1_238' title='bbox 871 3901 1131 3985; x_wconf 87' lang='lat' dir='ltr'>acceptionibus,</span> <span class='ocrx_word' id='word_1_239' title='bbox 1144 3920 1263 3985; x_wconf 90' lang='lat' dir='ltr'>nempe</span> 
     </span>
     <span class='ocr_line' id='line_1_33' title="bbox 140 4007 1263 4096; baseline -0.004 -16"><span class='ocrx_word' id='word_1_240' title='bbox 140 4033 209 4080; x_wconf 91' lang='lat' dir='ltr'>non</span> <span class='ocrx_word' id='word_1_241' title='bbox 224 4007 378 4096; x_wconf 91' lang='lat' dir='ltr'>quamvis</span> <span class='ocrx_word' id='word_1_242' title='bbox 392 4009 561 4076; x_wconf 89' lang='lat' dir='ltr'>scientiam</span> <span class='ocrx_word' id='word_1_243' title='bbox 578 4010 629 4074; x_wconf 92' lang='lat' dir='ltr'>vel</span> <span class='ocrx_word' id='word_1_244' title='bbox 644 4017 765 4085; x_wconf 90' lang='lat' dir='ltr'>artem,</span> <span class='ocrx_word' id='word_1_245' title='bbox 790 4007 849 4074; x_wconf 91' lang='lat' dir='ltr'>sed</span> <span class='ocrx_word' id='word_1_246' title='bbox 864 4009 1077 4074; x_wconf 88' lang='lat' dir='ltr'>excellentem</span> <span class='ocrx_word' id='word_1_247' title='bbox 1094 4008 1263 4075; x_wconf 89' lang='lat' dir='ltr'>dumtaxat</span> 
     </span>
     <span class='ocr_line' id='line_1_34' title="bbox 139 4113 1264 4205; baseline -0.005 -19"><span class='ocrx_word' id='word_1_248' title='bbox 139 4143 179 4186; x_wconf 86' lang='lat' dir='ltr'>ac</span> <span class='ocrx_word' id='word_1_249' title='bbox 200 4122 376 4205; x_wconf 88' lang='lat' dir='ltr'>perfectam</span> <span class='ocrx_word' id='word_1_250' title='bbox 397 4117 439 4182; x_wconf 88' lang='lat' dir='ltr'>rei</span> <span class='ocrx_word' id='word_1_251' title='bbox 459 4115 605 4182; x_wconf 87' lang='lat' dir='ltr'>notitiam</span> <span class='ocrx_word' id='word_1_252' title='bbox 626 4115 695 4181; x_wconf 88' lang='lat' dir='ltr'>sive</span> <span class='ocrx_word' id='word_1_253' title='bbox 717 4113 899 4181; x_wconf 88' lang='lat' dir='ltr'>scientiam.</span> <span class='ocrx_word' id='word_1_254' title='bbox 919 4114 1012 4180; x_wconf 91' lang='lat' dir='ltr'>Unde</span> <span class='ocrx_word' id='word_1_255' title='bbox 1032 4115 1129 4180; x_wconf 89' lang='lat' dir='ltr'>etiam</span> <span class='ocrx_word' id='word_1_256' title='bbox 1155 4116 1264 4184; x_wconf 89' lang='lat' dir='ltr'>Patres</span> 
     </span>
     <span class='ocr_line' id='line_1_35' title="bbox 139 4221 1263 4307; baseline -0.005 -13"><span class='ocrx_word' id='word_1_257' title='bbox 139 4228 293 4294; x_wconf 83' lang='lat' dir='ltr'>Ecclesiae</span> <span class='ocrx_word' id='word_1_258' title='bbox 307 4243 432 4291; x_wconf 90' lang='lat' dir='ltr'>sacram</span> <span class='ocrx_word' id='word_1_259' title='bbox 447 4223 629 4289; x_wconf 83' lang='lat' dir='ltr'>doctrinam</span> <span class='ocrx_word' id='word_1_260' title='bbox 644 4221 893 4305; x_wconf 90' lang='lat' dir='ltr'>christianaeque</span> <span class='ocrx_word' id='word_1_261' title='bbox 909 4222 1038 4306; x_wconf 88' lang='lat' dir='ltr'>pietatis</span> <span class='ocrx_word' id='word_1_262' title='bbox 1053 4231 1085 4288; x_wconf 90' lang='lat' dir='ltr'>et</span> <span class='ocrx_word' id='word_1_263' title='bbox 1101 4221 1263 4307; x_wconf 81' lang='lat' dir='ltr'>religionis</span> 
     </span>
     <span class='ocr_line' id='line_1_36' title="bbox 141 4327 1264 4420; baseline -0.004 -20"><span class='ocrx_word' id='word_1_264' title='bbox 141 4335 379 4420; x_wconf 77' lang='lat' dir='ltr'>professionem</span> <span class='ocrx_word' id='word_1_265' title='bbox 405 4331 646 4414; x_wconf 88' lang='lat' dir='ltr'>Philosophiam</span> <span class='ocrx_word' id='word_1_266' title='bbox 669 4329 797 4406; x_wconf 89' lang='lat' dir='ltr'>dixere,</span> <span class='ocrx_word' id='word_1_267' title='bbox 822 4329 915 4412; x_wconf 90' lang='lat' dir='ltr'>quasi</span> <span class='ocrx_word' id='word_1_268' title='bbox 938 4327 1171 4395; x_wconf 89' lang='lat' dir='ltr'>nobilissimam</span> <span class='ocrx_word' id='word_1_269' title='bbox 1192 4348 1264 4395; x_wconf 92' lang='lat' dir='ltr'>om·</span> 
     </span>
     <span class='ocr_line' id='line_1_37' title="bbox 143 4435 1203 4522; baseline -0.006 -14"><span class='ocrx_word' id='word_1_270' title='bbox 143 4441 237 4508; x_wconf 90' lang='lat' dir='ltr'>nium</span> <span class='ocrx_word' id='word_1_271' title='bbox 254 4440 461 4508; x_wconf 88' lang='lat' dir='ltr'>scientiarum</span> <span class='ocrx_word' id='word_1_272' title='bbox 478 4438 688 4521; x_wconf 88' lang='lat' dir='ltr'>maximeque</span> <span class='ocrx_word' id='word_1_273' title='bbox 702 4439 834 4522; x_wconf 84' lang='lat' dir='ltr'>dignam</span> <span class='ocrx_word' id='word_1_274' title='bbox 850 4436 984 4502; x_wconf 88' lang='lat' dir='ltr'>homine</span> <span class='ocrx_word' id='word_1_275' title='bbox 998 4435 1203 4520; x_wconf 90' lang='lat' dir='ltr'>sapientiam.</span> 
     </span>
    </p>
   </div>
   <div class='ocr_carea' id='block_1_3' title="bbox 195 4541 1465 4634">
    <p class='ocr_par' dir='ltr' id='par_1_7' title="bbox 195 4541 1465 4634">
     <span class='ocr_line' id='line_1_38' title="bbox 195 4541 1465 4634; baseline -0.01 -16"><span class='ocrx_word' id='word_1_276' title='bbox 195 4567 226 4634; x_wconf 74' lang='lat'>3.</span> <span class='ocrx_word' id='word_1_277' title='bbox 272 4549 314 4616; x_wconf 90' lang='lat' dir='ltr'>Ut</span> <span class='ocrx_word' id='word_1_278' title='bbox 333 4565 412 4612; x_wconf 89' lang='lat' dir='ltr'>vero</span> <span class='ocrx_word' id='word_1_279' title='bbox 437 4564 477 4611; x_wconf 91' lang='lat' dir='ltr'>ex</span> <span class='ocrx_word' id='word_1_280' title='bbox 500 4546 560 4610; x_wconf 92' lang='lat' dir='ltr'>hac</span> <span class='ocrx_word' id='word_1_281' title='bbox 586 4543 741 4610; x_wconf 92' lang='lat' dir='ltr'>nominali</span> <span class='ocrx_word' id='word_1_282' title='bbox 765 4541 981 4627; x_wconf 79' lang='lat' dir='ltr'>Philosophiae</span> <span class='ocrx_word' id='word_1_283' title='bbox 1001 4545 1264 4628; x_wconf 89' lang='lat' dir='ltr'>interpretatione</span> <span class='ocrx_word' id='word_1_284' title='bbox 1292 4541 1465 4588; x_wconf 64' lang='lat' dir='ltr'>noeaoeane.</span> 
     </span>
    </p>
   </div>
   <div class='ocr_carea' id='block_1_4' title="bbox 145 4611 1453 4740">
    <p class='ocr_par' dir='ltr' id='par_1_8' title="bbox 145 4611 1453 4740">
     <span class='ocr_line' id='line_1_39' title="bbox 145 4611 1453 4740; baseline -0.011 -19"><span class='ocrx_word' id='word_1_285' title='bbox 145 4659 267 4722; x_wconf 88' lang='lat' dir='ltr'>realem</span> <span class='ocrx_word' id='word_1_286' title='bbox 282 4655 416 4740; x_wconf 91' lang='lat' dir='ltr'>colligas</span> <span class='ocrx_word' id='word_1_287' title='bbox 430 4651 673 4728; x_wconf 79' lang='lat' dir='ltr'>definitionem,</span> <span class='ocrx_word' id='word_1_288' title='bbox 691 4661 768 4716; x_wconf 93' lang='lat' dir='ltr'>nota</span> <span class='ocrx_word' id='word_1_289' title='bbox 784 4669 851 4715; x_wconf 89' lang='lat' dir='ltr'>rem</span> <span class='ocrx_word' id='word_1_290' title='bbox 864 4660 943 4717; x_wconf 89' lang='lat' dir='ltr'>tunc</span> <span class='ocrx_word' id='word_1_291' title='bbox 957 4652 1097 4734; x_wconf 81' lang='lat' dir='ltr'>perfecte</span> <span class='ocrx_word' id='word_1_292' title='bbox 1111 4670 1266 4718; x_wconf 91' lang='lat' dir='ltr'>consum·</span> <span class='ocrx_word' id='word_1_293' title='bbox 1299 4611 1453 4668; x_wconf 63' lang='lat' dir='ltr'>Ph¹¹⁰’⁰¹’¹¹&#39;²‘</span> 
     </span>
    </p>
   </div>
   <div class='ocr_carea' id='block_1_5' title="bbox 147 4758 1263 4846">
    <p class='ocr_par' dir='ltr' id='par_1_9' title="bbox 147 4758 1263 4846">
     <span class='ocr_line' id='line_1_40' title="bbox 147 4758 1263 4846; baseline -0.004 -18"><span class='ocrx_word' id='word_1_294' title='bbox 147 4775 302 4846; x_wconf 80' lang='lat' dir='ltr'>mareque</span> <span class='ocrx_word' id='word_1_295' title='bbox 328 4761 499 4846; x_wconf 84' lang='lat' dir='ltr'>cognosci,</span> <span class='ocrx_word' id='word_1_296' title='bbox 527 4778 605 4826; x_wconf 89' lang='lat' dir='ltr'>curn</span> <span class='ocrx_word' id='word_1_297' title='bbox 634 4758 843 4844; x_wconf 91' lang='lat' dir='ltr'>cognoscitur</span> <span class='ocrx_word' id='word_1_298' title='bbox 869 4769 966 4842; x_wconf 93' lang='lat' dir='ltr'>prout</span> <span class='ocrx_word' id='word_1_299' title='bbox 992 4771 1057 4826; x_wconf 88' lang='lat' dir='ltr'>est.</span> <span class='ocrx_word' id='word_1_300' title='bbox 1075 4759 1130 4823; x_wconf 86' lang='lat' dir='ltr'>Est</span> <span class='ocrx_word' id='word_1_301' title='bbox 1153 4769 1263 4827; x_wconf 91' lang='lat' dir='ltr'>autem</span> 
     </span>
    </p>
   </div>
   <div class='ocr_carea' id='block_1_6' title="bbox 0 0 1754 5525">
    <p class='ocr_par' dir='ltr' id='par_1_10' title="bbox 0 0 1754 5525">
     <span class='ocr_line' id='line_1_41' title="bbox 0 0 1754 5525; baseline 0 0"><span class='ocrx_word' id='word_1_302' title='bbox 0 0 1754 5525; x_wconf 95' lang='lat' dir='ltr'> </span> 
     </span>
    </p>
   </div>
  </div>
 </body>
</html>
