3492 5525
143 485 148 494 ⁴
197 437 313 523 Anum.
331 472 390 523 2¹¹·
405 457 526 525 Urauu
542 476 642 522 narro
653 476 787 522 numana
801 478 897 523 sciar:
910 478 1015 525 onum
1029 480 1100 527 uos.
1121 460 1180 546 965

92 652 156 711 aut
164 646 249 732 fines
261 642 406 727 proprus
431 646 651 741 transgressa,
671 664 708 710 ea
731 662 801 729 qua
817 647 895 711 sunt
912 645 1014 724 Fidei,
1033 650 1181 729 occupent
1194 650 1226 712 et

87 750 307 839 perturbent(
331 750 356 839 ).
1264 746 1265 751 ’

165 863 273 944 Atque
292 861 373 926 adeo
387 860 460 945 jure
489 859 606 925 merito
630 861 807 946 proscripta
827 869 878 927 est
897 864 967 927 haec
992 860 1170 947 propositio
1188 862 1220 928 in

93 970 243 1058 Syllabo,
265 976 375 1034 notata
392 968 455 1033 sub
474 986 613 1034 numero
631 968 688 1035 Xl:
706 968 841 1035 Ecclesia
858 988 922 1034 non
941 971 1041 1035 solum
1054 989 1117 1038 nou
1135 969 1225 1035 debet
1264 972 1268 979 '

92 1066 131 1143 iu
150 1077 379 1157 Philosophiam
393 1076 657 1159 animadvertero,
674 1077 890 1142 verumetiam
904 1076 992 1143 debet
1003 1076 1103 1159 ipsius
1115 1077 1222 1142 Philo-

92 1186 210 1269 saphra
226 1188 357 1250 tolerare
371 1203 509 1259 errores,
524 1183 613 1268 eique
626 1185 801 1280 relinquero
818 1188 857 1249 ut
867 1184 936 1266 apsa
954 1204 986 1251 sa
1003 1182 1168 1269 corrigat(
1193 1180 1218 1272 ).

142 1350 219 1414 280.
267 1346 532 1426 Pn0r0s1r104.⁸
549 1350 641 1412 Hinc
654 1350 806 1413 officium
829 1360 884 1413 est
907 1351 1105 1429 Philosophi
1123 1350 1222 1415 chri·

93 1460 217 1531 atiani,
233 1467 272 1521 ut
289 1476 354 1520 nec
376 1459 541 1520 veritates
560 1459 730 1520 revelatas
754 1458 792 1519 in
813 1458 1088 1521 controversiam
1108 1469 1218 1532 vocet,

93 1586 161 1629 nec
179 1568 222 1628 ab
239 1566 314 1627 iliis'
325 1568 362 1627 in
380 1565 568 1626 tractandis
585 1565 832 1643 philosophicis
856 1563 1110 1643 quaestionibus
1127 1567 1221 1644 peni·

92 1686 153 1737 tus
166 1673 391 1752 praescindat,
408 1673 517 1734 imino
530 1689 615 1733 vero
628 1671 894 1749 diligentissime
907 1682 1042 1744 caveat,
1056 1672 1220 1751 quidquid

94 1783 229 1846 eisdem
247 1781 357 1860 possit
369 1781 440 1841 ullo
458 1779 561 1840 modo
579 1797 782 1857 repugnare.

163 1939 218 2003 Est
245 1936 450 2002 corollarium
479 1935 690 2018 praecedentis
723 1934 967 2020 propositionis.
997 1941 1114 2003 Prima
1140 1958 1220 2018 pars
1283 1958 1386 2005 officium

96 2053 198 2129 patet.
220 2043 304 2119 Quia
324 2045 350 2110 si
370 2041 522 2109 veritates
538 2042 727 2127 hujusmodi
741 2050 897 2126 superant
912 2042 1088 2119 rationem,
1107 2044 1220 2126 nequit
1233 2029 1346 2114 ‘h's⁸¹¹{⁰³
1358 2032 1433 2078 ¹³¹¹⁵¹⁰”

97 2153 178 2218 ratio
197 2154 324 2218 illarum
349 2151 452 2237 judex
471 2149 637 2217 constitui.
660 2149 922 2216 constitueretur
939 2158 1049 2216 autem
1075 2169 1114 2215 eo
1133 2152 1216 2234 ipso,
1259 2104 1407 2219 {iiiiii}

96 2260 187 2343 quod
215 2259 285 2325 illas
315 2259 347 2323 in
375 2257 630 2340 controversiam
660 2265 837 2323 revocaret.
873 2257 1020 2341 itemque
1051 2258 1078 2323 si
1110 2257 1218 2323 omnis
1278 2246 1392 2359 ¹}'⁶¹⁸·.'fl'²

97 2372 217 2443 homo,
248 2366 299 2432 cui
327 2364 525 2432 sufficienter
553 2365 718 2449 proposita
757 2366 911 2431 revelatio
941 2364 1055 2439 suerit,
1088 2328 1431 2433 teneturhiiniiieriiem

96 2494 169 2539 earn
198 2474 385 2540 firmissime
413 2473 580 2556 amplecti,
611 2470 857 2555 certissimaque
884 2472 947 2538 fide
971 2473 1112 2538 credere.
1134 2472 1217 2557 Ergo
1297 2467 1366 2512 '⁰²⁶¹’

96 2602 163 2648 non
182 2584 289 2648 solum
310 2600 376 2646 non
397 2588 504 2664 potest
525 2581 698 2645 revelatam
718 2580 898 2645 doctrinam
926 2570 1138 2667 impugnare,
1159 2580 1217 2646 sed

97 2708 204 2774 neque
232 2690 329 2755 etiam
357 2690 398 2753 de
422 2686 507 2753 illius
533 2688 668 2752 veritate
693 2687 870 2773 disputare.
896 2670 980 2753 Nam
1002 2688 1217 2773 Philosophus
1295 2757 1299 2764 ,

96 2801 259 2882 prolecto,
279 2798 360 2863 dum
377 2795 537 2880 disputat,
559 2815 624 2861 non
644 2795 763 2862 desinit
782 2814 854 2862 esse
876 2798 995 2874 homo,
1017 2806 1116 2881 atque
1135 2797 1218 2863 adeo
1263 2833 1264 2836 =

95 2905 197 2972 teneri
216 2903 331 2974 officiis
350 2905 586 2990 cujuscumque
605 2904 762 2970 hominis.
788 2904 1006 2988 Philosophus
1025 2922 1104 2989 ergo
1130 2903 1218 2970 Chri·

95 3014 220 3079 stianus
239 3031 343 3078 unum
363 3009 526 3096 inquirere
536 3011 650 3088 debet,
665 3020 775 3076 utrum
790 3011 940 3077 videlicet
960 3010 1081 3094 aliquid
1096 3013 1218 3077 revela·

94 3132 165 3186 tum
191 3121 249 3201 sit;
270 3120 359 3203 quod
378 3119 432 3184 ubi
460 3117 641 3195 resciverit,
663 3118 740 3183 nihil
763 3119 831 3203 jarn
851 3119 992 3202 amplius
1012 3127 1129 3195 restat,
1155 3119 1216 3186 nisi

96 3239 133 3295 ut
149 3226 292 3296 demisso
309 3227 501 3310 sinceroque
521 3225 631 3292 animo
650 3227 878 3311 amplectatur.
989 3230 993 3239 ’

161 3333 385 3413 Quamobrem
407 3335 584 3400 rectissime
599 3335 752 3399 damnata
770 3341 820 3400 est
838 3333 871 3398 in
893 3333 1021 3415 Syllaba
1039 3333 1218 3418 propositio

96 3447 175 3518 haec,
191 3443 302 3508 ordine
318 3441 404 3508 lV.·:
428 3441 544 3507 Omnes
557 3440 715 3524 religionis
732 3441 879 3506 ueritates
897 3439 1059 3506 exactiva
1076 3442 1219 3508 bumana

96 3550 225 3616 rahonis
252 3550 288 3614 ui
312 3548 478 3630 clarebant·
503 3547 576 3613 binc
604 3554 689 3615 ratio
716 3563 770 3615 est
795 3554 955 3632 princeps
978 3571 1117 3628 norma,
1150 3571 1218 3633 qua

95 3668 198 3725 homo
224 3661 455 3740 cognitionem
478 3661 636 3723 omnium
660 3661 909 3738 cujuscumque
932 3660 1069 3738 generis
1092 3661 1217 3724 verita·

94 3780 174 3840 tum,
186 3770 325 3847 assequi
342 3769 505 3846 possitae
523 3767 655 3829 debeat.
677 3760 822 3844 itemque
840 3762 910 3827 haec
928 3762 1000 3838 alia,
1023 3763 1135 3829 ordine
1154 3763 1216 3828 X?

97 3873 176 3936 Cum
195 3873 286 3937 aliud
303 3871 350 3936 sit
367 3870 587 3951 Philosophus,
602 3869 694 3935 aliud
709 3868 928 3952 Philosophia,
948 3870 1002 3934 illo
1011 3871 1071 3957 jus
1097 3873 1130 3936 rt
1151 3871 1218 3954 offl-

95 3981 176 4044 cium
194 3980 283 4044 babet
302 3997 334 4043 se
351 3977 554 4042 submittendi
568 3977 765 4052 auctoritati,
785 3995 878 4061 quam
896 3995 1003 4042 aarum
1026 3977 1091 4058 ipse
1103 3979 1217 4060 proba-

95 4088 189 4167 uerit·
202 4089 238 4151 at
249 4085 444 4167 Pbilosopbrb
458 4103 555 4169 neque
567 4088 681 4167 polest,
701 4103 799 4169 neque
815 4084 904 4149 debet
920 4083 981 4149 ulli
992 4102 1025 4148 se
1043 4084 1218 4150 submittere

96 4193 285 4270 austeritati.
301 4194 369 4260 Nec
385 4192 497 4258 minus

131 4575 170 4636 (ι)
207 4569 320 4628 Concil.
337 4567 444 4635 Vatia,
459 4568 511 4626 loc.
526 4566 575 4626 cit.

131 4665 169 4725 (2)
206 4659 282 4716 Vide
295 4657 380 4730 epist.
398 4656 443 4714 Pii
454 4657 493 4714 IX
508 4655 719 4725 Grauissimas,
730 4654 767 4712 ed
778 4655 912 4727 Episcop.
926 4653 1104 4728 Frisingens.
1117 4655 1215 4713 datam

98 4750 143 4807 die
162 4771 190 4806 rr
207 4749 358 4807 Decembr.
378 4747 456 4804 1862.
