3492 5525
304 840 363 895 Quid
373 855 438 886 senen

303 1053 478 1109 utrumnum
555 1044 627 1093 101.
675 1026 851 1111 Obiectum
869 1046 986 1095 sensus
1000 1026 1230 1096 denominatur
1247 1026 1403 1103 sensibile,
1419 1047 1457 1093 ac
1474 1026 1631 1095 dividitur
1731 1027 1732 1070 ³

330 1153 450 1207 proprium,
506 1132 537 1198 in
547 1134 727 1216 proprium,
748 1154 907 1201 commune
919 1140 953 1202 ct
959 1144 1019 1219 per
1031 1136 1187 1203 accidens.
1203 1133 1362 1201 Sensibile
1378 1134 1544 1220 proprium
1564 1146 1629 1211 est,
1731 1149 1732 1210 ξ

441 841 477 885 rio.

549 403 603 497 562
673 408 798 479 Locren
812 404 1042 488 utnon-tn.
1063 427 1132 491 ψ,
1148 406 1239 477 Drsn.
1255 426 1301 497 4·
1315 408 1393 478 Cra.
1415 425 1486 479 ψ

513 596 571 663 sed
591 596 687 665 etiam
710 598 751 664 ad
770 597 945 684 spiritualia
964 616 1000 663 se
1014 598 1164 683 porrigit,
1182 616 1324 682 perquae
1341 610 1464 675 totam,
1483 617 1548 683 qua
1568 601 1635 666 late

506 713 609 790 patet,
625 704 710 773 entis
729 705 934 772 latitudinem
953 704 1200 789 quodammodo
1215 704 1384 790 spatiatur.

574 812 728 896 Operatio
747 830 865 881 sensus
884 822 1022 893 vocatur
1038 813 1185 888 emutio,
1205 830 1280 897 quae
1299 809 1434 898 proinde
1447 812 1632 898 generatim

511 919 664 987 delinitur
676 921 830 1004 perceptio
843 922 1006 1005 organica.

504 1244 588 1325 guod
599 1242 645 1307 ila
662 1242 796 1307 sentitur
806 1261 870 1308 uno
882 1262 986 1317 semu,
1002 1245 1086 1329 quod
1102 1262 1167 1308 mou
1175 1245 1281 1324 potest
1291 1231 1355 1307 a'lio
1369 1260 1462 1308 sensu
1474 1242 1627 1309 sentiri...

503 1348 587 1414 sicut
603 1349 690 1414 visus
704 1350 829 1431 proprie
846 1353 896 1415 est
910 1350 1139 1435 cognoscitivus
1156 1350 1284 1425 coloris,
1305 1349 1480 1415 claudius
1496 1348 1582 1423 soni,
1598 1354 1634 1413 ct

501 1460 615 1540 grestru
631 1456 787 1533 humoris,
803 1457 898 1523 idest
911 1458 1033 1540 saporis
1051 1455 1064 1545 (
1090 1455 1115 1545 ).

356 1596 400 1627 mn
419 1594 454 1633 ne,
572 1563 730 1630 Sensibile
743 1582 921 1631 commune
933 1576 984 1631 est
996 1564 1040 1640 id,
1052 1565 1143 1648 quod
1156 1583 1221 1629 non
1234 1564 1274 1629 ab
1288 1581 1367 1639 uno,
1382 1564 1470 1630 seda
1483 1562 1630 1649 pluribus

504 1672 655 1737 sensibus
682 1671 866 1756 percipitur.
895 1670 1080 1738 Communia
1103 1671 1263 1737 sensibilia
1288 1674 1367 1737 sunt
1389 1671 1451 1736 ista
1477 1672 1628 1756 quinque:

503 1783 620 1855 motus,
646 1779 749 1862 quies,
779 1796 944 1855 numerus,
960 1778 1071 1864 figura
1093 1782 1124 1845 et
1147 1778 1328 1863 magnitudo
1350 1775 1413 1865 (2).
1443 1778 1518 1844 Huc
1544 1778 1629 1843 enim

503 1886 624 1951 nullius
641 1904 750 1951 sensus
769 1886 865 1951 unius
877 1890 953 1951 sunt
963 1886 1183 1968 propium
1195 1890 1269 1951 sunt
1280 1885 1457 1974 communia
1470 1885 1625 1951 omuibus.
1731 1945 1732 1972 ,

503 1993 597 2075 Qeod
613 2012 675 2058 non
693 1996 741 2058 est
755 1993 800 2058 sic
824 1994 1071 2077 intelligendum,
1091 1996 1174 2077 guod
1190 1992 1295 2058 omnic
1313 1994 1373 2057 ista
1398 1993 1464 2058 sint
1485 1993 1629 2058 omnibus
1731 1981 1732 2064 J

502 2099 698 2177 communic,
719 2102 774 2165 sed
794 2103 938 2186 quartem
955 2101 1081 2182 borum
1101 2100 1221 2165 scilicet
1240 2122 1423 2179 numerus,
1445 2115 1579 2179 motus,
1599 2107 1633 2163 rt
1731 2123 1732 2178 f

503 2213 601 2291 quies
624 2211 699 2273 sunt
722 2209 898 2274 communia
923 2209 1064 2273 omnibus
1089 2208 1247 2289 sensibus,·
1275 2210 1375 2273 tactus
1397 2226 1471 2274 vero
1489 2210 1522 2273 ct
1540 2208 1630 2272 visus

498 2314 677 2397 percipiunt
694 2316 798 2381 omnia
816 2316 954 2401 quinque
970 2314 1036 2402 (3).

572 2422 754 2505 Utrumque
778 2424 839 2488 boc
865 2421 1033 2498 sensibile,
1054 2422 1221 2507 proprium
1248 2430 1281 2487 et
1297 2440 1475 2487 commune
1495 2423 1628 2507 pulchre

504 2538 537 2593 et
564 2530 728 2614 eleganter
757 2530 896 2596 illustrat
923 2530 959 2598 S.
989 2529 1194 2614 Augustinus
1214 2529 1246 2594 in
1273 2548 1369 2614 opere
1391 2533 1431 2594 dc
1447 2530 1557 2595 Libero
1573 2549 1629 2593 ar·

504 2635 630 2724 utra(
656 2635 680 2724 ).

311 2773 466 2830 parrana...
570 2744 716 2811 Tandem
737 2744 888 2812 sensibile
908 2764 965 2826 per
983 2746 1130 2811 accidens
1149 2752 1214 2821 est,
1235 2744 1325 2827 quod
1345 2765 1401 2830 per
1419 2763 1455 2810 se
1475 2764 1540 2810 non
1559 2763 1628 2809 mo

421 2903 422 2906 ,
505 2861 557 2918 vet
581 2871 733 2929 sensum,
765 2872 824 2918 nec
852 2852 943 2918 aliter
969 2853 1122 2928 sentitur,
1155 2853 1214 2918 nisi
1240 2854 1316 2936 quia
1340 2862 1389 2919 est
1412 2854 1627 2938 conjunctum

503 2978 578 3025 cum
598 2979 654 3035 eo,
679 2962 768 3045 quod
788 2977 846 3044 per
871 2979 906 3025 se
932 2961 1017 3028 cadit
1035 2960 1098 3026 sub
1116 2977 1269 3040 sensum;
1297 2971 1332 3028 ut
1351 2961 1377 3025 si
1398 2960 1472 3043 quis
1491 2959 1576 3025 dicat
1592 2979 1628 3024 se

503 3066 611 3133 videre
619 3067 728 3154 filium
746 3066 852 3142 Petri,
874 3079 931 3132 aut
948 3068 1055 3144 dulce,
1073 3067 1161 3132 videt
1180 3067 1267 3132 enim
1288 3066 1319 3130 id
1333 3068 1422 3149 quod
1446 3077 1497 3132 est
1515 3067 1623 3142 dulce,
1731 3134 1733 3155 ‚

454 3254 455 3257 Ἴ
503 3189 535 3242 et
554 3175 643 3258 quod
657 3183 707 3242 est
715 3175 810 3261 filius
821 3174 911 3241 Petri
914 3194 928 3255 ;
946 3174 1086 3241 sednon
1107 3181 1271 3268 quatenus
1284 3176 1375 3239 dulce
1390 3175 1441 3240 vel
1460 3182 1626 3257 quatenus

492 3282 603 3370 filium
619 3281 724 3362 Petri,·
743 3281 801 3347 sed
820 3289 983 3364 quatenus
1000 3282 1106 3346 elbum
1124 3282 1174 3346 vel
1193 3283 1375 3350 coloratum.
1393 3281 1553 3348 Sensibile
1569 3301 1628 3364 per
1731 3282 1732 3363 f

502 3389 669 3466 accidens,
691 3396 741 3454 est
759 3389 791 3453 in
810 3385 930 3470 duplici
948 3405 1084 3473 genere;
1099 3389 1237 3454 alterum
1254 3388 1342 3453 enim
1357 3397 1407 3454 est
1420 3389 1484 3453 tale
1503 3389 1536 3454 in
1551 3407 1627 3472 par-

503 3495 625 3562 ticulari
645 3505 679 3560 et
698 3499 845 3579 r'espectu
865 3495 963 3561 unius
987 3496 1158 3561 dumtaxat
1176 3513 1309 3571 sensus,
1332 3494 1550 3579 puta'visilrilc
1569 3515 1627 3579 per

500 3603 666 3679 accidens,
696 3601 836 3669 credibile
864 3621 921 3686 per
948 3602 1113 3678 accidens,
1130 3602 1285 3686 gustabile
1303 3611 1365 3667 etc.
1387 3613 1444 3686 per
1462 3600 1624 3669 accidens.

501 3712 651 3776 Alterum
666 3719 717 3776 est
735 3709 889 3776 sensibile
909 3727 967 3794 per
985 3709 1132 3775 accidens
1150 3708 1373 3776 universaliter
1391 3717 1539 3792 respectu
1551 3727 1629 3775 sen·

533 3982 573 4044 (r)
611 3977 644 4035 S.
659 3975 763 4034 Thom.
782 3975 847 4033 Lib.
863 3986 905 4031 2.⁰
918 3977 953 4032 de
966 3974 1088 4044 Animo,
1105 3975 1169 4033 lect.
1188 3995 1219 4045 ¹3
1232 4016 1240 4044 ‚
1253 3995 1367 4056 paragr.
1382 3974 1411 4032 l.

495 4157 532 4216 ud
546 4155 791 4230 magnitudinem,
809 4167 842 4213 ut
852 4153 984 4225 explieat.
996 4152 1154 4211 Suarezius
1167 4153 1229 4220 (lib.
1243 4175 1258 4226 3
1272 4155 1307 4211 tle
1320 4156 1392 4223 Am,
1408 4173 1471 4225 cap.
1485 4154 1569 4221 8,'n.
1581 4155 1623 4219 81:

496 4246 629 4318 idemque
643 4244 798 4304 dicendum
812 4244 849 4301 dc
861 4243 926 4302 aliis
939 4242 1124 4302 sensibilibus
1140 4241 1359 4313 communibus,
1374 4262 1441 4314 quae
1453 4244 1554 4302 solent
1575 4245 1626 4302 sd·

443 4093 445 4100 ⁸
531 4068 574 4140 (a)
609 4066 736 4125 Additur
750 4063 796 4123 his
813 4064 1020 4135 equibusdem
1034 4064 1189 4130 distortae,-
1210 4065 1261 4121 sed
1282 4065 1343 4122 haec
1364 4062 1446 4122 facile
1472 4079 1627 4123 revocatur
1731 4082 1732 4089 ¹

495 4336 587 4410 jungi,
604 4336 744 4396 utvidere
758 4347 802 4394 est
820 4333 898 4406 apud
912 4333 1047 4390 cumdem
1064 4331 1209 4390 Eximium
1221 4333 1390 4400 Doctorem,
1402 4331 1626 4393 Conimbricen-
1731 4376 1733 4415 ἰ

495 4446 541 4485 ses
552 4427 615 4497 (De
630 4427 743 4491 Aelim„
761 4423 809 4482 lib.
827 4445 852 4496 3,
868 4442 930 4493 cap.
946 4443 974 4496 9,
990 4435 1094 4494 quaest.
1108 4422 1149 4497 4),
1166 4436 1195 4481 et
1208 4422 1290 4480 elios.

1731 4468 1733 4521 l

530 4523 570 4588 (3)
608 4514 641 4572 S.
658 4515 727 4584 Th,
742 4513 793 4570 lib.
807 4524 847 4570 2.⁰
860 4515 895 4569 cie
914 4511 1028 4580 Aelim..
1043 4511 1109 4570 leet.
1128 4532 1169 4585 13,
1186 4531 1302 4584 paragr.
1316 4531 1342 4569 e.
1358 4509 1423 4570 Cir.
1441 4509 1543 4584 Suam,
1567 4513 1625 4596 loc,
1731 4546 1733 4599 ᾖ

494 4604 543 4664 cit.
559 4625 590 4663 n.
602 4605 630 4674 8,
646 4617 676 4662 et
689 4601 881 4673 Conimbric.,
897 4601 948 4660 lib.
964 4613 1006 4659 a.·
1016 4602 1051 4659 ale
1064 4601 1176 4672 Aelim„
1190 4621 1253 4672 cup.
1273 4601 1302 4670 6,
1316 4618 1346 4672 q.
1361 4619 1389 4675 4

531 4695 572 4770 (4)
609 4693 797 4768 libaru-
813 4707 838 4765 r·
