3492 5525
580 454 639 544 368
759 445 885 526 Loorcn
904 457 1157 528 Minore-Drso.
1182 474 1226 539 p·
1248 460 1330 526 Cro.
1350 475 1424 544 (ω

461 710 465 724 ,
539 643 720 713 Aristotelis
734 645 767 710 in
782 643 943 729 praedictis
958 643 1049 719 locis,
1064 643 1206 710 sufficiat
1221 644 1300 712 mihi
1315 646 1349 711 in
1364 646 1578 730 patrocinium
1596 667 1660 714 no

538 758 596 816 trae
607 751 763 818 doctrinae
771 751 901 818 laudare
915 750 1107 818 Severinum
1118 751 1268 822 Boetium
1281 749 1346 840 (r),
1359 753 1395 820 S.
1412 752 1573 820 Thomam
1589 752 1657 843 (2),

539 859 670 924 Petrum
698 858 900 944 llispanum,
928 859 1135 926 Dominicum
1165 859 1283 927 Sotum
1308 856 1360 948 (3)
1384 861 1513 926 Petrum
1537 862 1661 928 Fonse-

536 984 575 1030 ca
601 961 665 1053 (4),
687 966 839 1034 Toletum
853 963 918 1055 (5),
938 966 1222 1034 Conimbricenses
1244 964 1313 1055 (6),
1327 966 1660 1056 Complutenseslp),

534 1071 692 1152 joannem
724 1094 743 1139 a
776 1073 810 1140 S.
849 1073 978 1142 Thoana
1005 1070 1056 1162 (8)
1079 1073 1226 1158 itemque
1253 1076 1436 1161 Arriagam,
1457 1075 1656 1153 Hurtadum,

537 1180 721 1266 compton,
738 1181 960 1268 lzquierdum,
974 1181 1021 1247 De
1040 1183 1235 1260 Benedictis,
1250 1181 1456 1252 Franciscum
1473 1182 1591 1249 Soarez
1606 1185 1659 1248 lu-

533 1287 674 1354 sitanum
694 1286 758 1378 (9),
782 1290 913 1356 Cardin.
932 1289 1091 1370 loannem
1107 1291 1200 1375 Bapt,
1222 1292 1448 1366 Ptolomeum,
1469 1291 1658 1358 Antonium
1732 1288 1733 1297 ’

534 1397 641 1482 Mayr,
664 1397 864 1464 ludovicum
885 1398 1042 1474 Lossada,
1068 1398 1249 1464 Antonium
1269 1397 1421 1475 Goudin,
1449 1398 1656 1464 Salvatorem

422 1577 426 1586 ,
532 1500 664 1581 Roselli,
675 1505 862 1586 Mestrium,
878 1503 1045 1580 Pontium,
1059 1504 1288 1572 Sebastianum
1303 1505 1521 1591 Dupasquier,
1537 1507 1655 1584 verbu,

424 1682 427 1688 ,
531 1620 697 1696 quotquot
720 1631 782 1697 ego
808 1613 917 1678 videre
941 1613 1048 1697 potui;
1069 1613 1126 1697 qui
1150 1632 1267 1680 omnes
1291 1633 1358 1681 uno
1383 1633 1457 1690 ore,
1481 1623 1656 1698 tamquam

531 1739 600 1785 rem
625 1720 779 1786 omnibus
797 1729 1018 1805 compertam,
1043 1722 1162 1787 docent
1185 1724 1400 1809 enthymema
1418 1739 1490 1788 esse
1517 1723 1658 1808 syllogi-

530 1845 642 1894 smum
660 1828 888 1911 imperlectum
907 1847 943 1893 ac
960 1837 1168 1903 truncatum,
1190 1836 1279 1894 etex
1295 1847 1359 1893 una
1378 1829 1549 1896 dumtaxat
1569 1849 1657 1913 prae.-
1732 1888 1733 1897 ,

531 1935 630 2000 missa
648 1920 893 2002 conclusionem
913 1936 1039 2002 elicere.
1059 1937 1130 2020 lpse
1148 1935 1246 2001 etiam
1266 1936 1419 2003 Silvester
1437 1936 1559 2012 Mauri,
1576 1936 1657 2002 licet
1732 1930 1733 1935 ’

529 2045 665 2109 fateatur
683 2043 724 2108 ab
744 2042 918 2111 Aristotele
936 2044 970 2109 in
988 2043 1046 2110 lib.
1072 2041 1122 2110 1.⁰
1141 2043 1333 2111 Rhetoricor.
1348 2063 1420 2128 cap.
1439 2062 1459 2108 2
1478 2045 1659 2130 enthyme-

530 2170 584 2216 ma
610 2170 669 2235 pro
700 2149 894 2239 syllogismo
921 2150 1098 2228 rhetorico,
1131 2171 1171 2217 ex
1201 2150 1430 2218 verisimilibus
1461 2171 1581 2236 nempe
1617 2174 1658 2219 ac

529 2259 631 2343 signis
650 2278 717 2325 non
736 2259 935 2336 necessario,
956 2260 1015 2325 sed
1034 2259 1198 2326 moraliter
1214 2261 1387 2326 dumtaxat
1405 2262 1457 2326 vel
1478 2261 1658 2345 probabili·

529 2376 578 2433 ter
603 2368 837 2446 eoncludente,
859 2377 1029 2451 acceptum
1049 2367 1166 2448 tuisse3
1188 2368 1278 2434 addit
1296 2368 1512 2434 nihilominus
1533 2366 1566 2433 in
1585 2369 1656 2434 alio

529 2483 681 2558 praeterea
703 2493 801 2540 sensu
831 2475 948 2559 accipi,
978 2474 1133 2540 nim'uum
1165 2494 1223 2561 pro
1254 2474 1450 2563 syllogismo
1478 2485 1650 2555 truncato,
1732 2486 1733 2563 ξ

528 2601 658 2668 unaque
676 2589 847 2648 constante
866 2582 1045 2667 praemissa.
1062 2581 1146 2658 Qus
1161 2601 1258 2667 porro
1272 2583 1453 2649 doctrinam
1471 2591 1523 2649 tot
1539 2591 1656 2651 tanto·
1732 2606 1734 2669 ᾗ

528 2706 665 2774 rumque
698 2689 892 2775 scriptorum
924 2690 1098 2756 absurdam
1128 2698 1185 2756 aut
1215 2710 1334 2756 novam
1359 2692 1432 2777 jure
1462 2692 1654 2760 arbitretur?
1732 2678 1734 2747 ἑ

528 2799 637 2882 ltaque
655 2798 813 2883 quidquid
832 2798 873 2864 de
892 2798 953 2864 hac
972 2798 1057 2865 rein
1076 2798 1172 2866 variis
1187 2800 1266 2866 locis
1283 2801 1422 2866 senserit
1441 2799 1651 2881 Aristoteles,

526 2907 614 2990 quod
635 2922 720 2972 nunc
741 2926 806 2972 non
823 2915 933 2982 vacat,
949 2925 1009 2973 nec
1023 2908 1164 2973 multum
1180 2909 1277 2974 refert
1289 2908 1503 2993 investigare,
1520 2919 1656 2975 constat
1732 2915 1733 2918 ’

525 3013 721 3090 doctrinam,
744 3034 843 3098 quarn
863 3014 1075 3099 exposuimus
1093 3016 1263 3081 denatura
1278 3016 1556 3107 enthymematis,
1573 3034 1654 3084 esse

525 3121 830 3187 communissimam
861 3141 898 3187 ac
929 3141 1005 3187 vere
1032 3122 1270 3192 traditionalem
1300 3122 1385 3187 ihter
1414 3122 1651 3192 Scholasticos.

524 3227 593 3309 Jam
625 3230 665 3294 de
693 3228 878 3295 reductione
906 3229 1162 3317 enthymematis
1192 3230 1232 3295 ad
1259 3230 1487 3316 syllogismum
1516 3231 1651 3299 nullum
1732 3223 1734 3252 ³

525 3338 662 3403 occurrit
680 3337 833 3413 dubium,
853 3357 930 3403 cum
951 3346 1057 3422 pateat
1070 3357 1144 3403 eam
1159 3338 1270 3423 peragi
1288 3357 1453 3422 expressa,
1474 3357 1550 3422 quae
1571 3342 1653 3408 reti-

524 3444 673 3521 cebatur,
694 3444 873 3530 praemissa.

559 3658 600 3730 (r)
637 3657 705 3717 Loc.
722 3678 788 3730 sup.
803 3656 851 3716 cit.

558 3749 600 3821 (a)
637 3748 668 3806 ln
684 3749 735 3807 lib.
754 3759 798 3807 ιβ
811 3749 974 3807 Posterior.
989 3747 1188 3823 Αηαὶγτίεοη,
1202 3748 1267 3807 lect.
1285 3769 1308 3817 r,
1325 3748 1376 3808 fin.

558 3845 598 3911 (ς)
635 3838 667 3896 ln
680 3837 730 3896 lib.
748 3850 793 3896 r.¹²
806 3838 966 3909 Posterior,
982 3838 1014 3896 in
1024 3852 1188 3897 commento
1201 3851 1298 3897 textus
1311 3836 1410 3911 primi.

557 3933 598 4001 (4)
634 3928 864 4000 Loc.aupr.cit.
972 3988 977 3997 ‚

557 4023 598 4087 (5)
633 4016 775 4077 Summut.
798 4017 848 4077 lib.
863 4037 892 4090 4,
907 4037 970 4089 cap.
988 4017 1028 4075 18.
1046 4016 1152 4077 Cloio
1167 4018 1233 4077 libr.
1251 4029 1295 4077 r.¹
1308 4018 1469 4078 Posterior.
1484 4040 1551 4092 cap.
1570 4041 1597 4093 r,
1615 4022 1651 4084 in

521 4120 677 4167 comment.

455 4240 457 4243 -
557 4198 597 4266 (6)
634 4197 702 4257 Loc.
718 4216 789 4269 nup.
805 4195 953 4277 oit.,etiu
965 4196 1015 4254 lib.
1034 4207 1093 4255 ιθ·
1107 4199 1207 4257 Prior.
1222 4218 1283 4270 eap.
1303 4219 1328 4269 r,
1344 4211 1448 4273 quaest.
1460 4219 1487 4269 a,
1500 4210 1557 4259 art
1571 4222 1602 4274 3;
1618 4218 1651 4265 et

521 4286 552 4347 iu
564 4288 614 4345 lib.
629 4288 743 4345 Poster.
759 4309 785 4347 c.
798 4307 825 4357 a,
840 4306 870 4358 q.
887 4305 915 4357 a,
927 4300 985 4346 arn
1001 4308 1026 4357 r,
1042 4288 1127 4368 Quod
1141 4289 1257 4347 attinet.

556 4376 599 4450 (7)
632 4376 775 4435 Summut.
791 4376 842 4435 lib.
859 4398 886 4450 3,
901 4396 964 4449 cop.
981 4397 1008 4435 r.

557 4466 598 4534 (8)
632 4466 777 4525 Sirmmot.
799 4466 849 4526 lib.
870 4486 900 4549 ρ,
921 4486 985 4539 cap.
1002 4484 1029 4539 53
1039 4480 1070 4526 et
1087 4476 1127 4551 ²5¹
1146 4480 1220 4541 part.
1236 4467 1343 4545 Logic.
1351 4487 1383 4540 q.
1397 4486 1481 4541 πμ.
1500 4488 1526 4539 ι,
1540 4464 1648 4533 initio.

556 4556 599 4631 (9)
632 4556 750 4631 Logia,
766 4568 852 4617 tract.
865 4556 902 4630 8,
917 4555 996 4631 disp.
1012 4569 1128 4636 mouet.
1143 4578 1158 4629 3
1176 4572 1206 4616 et
1218 4576 1247 4630 4.
