3492 5525
466 431 581 493 Anne.
607 443 666 512 μ’
688 430 781 509 Qum
802 448 863 495 rins
1128 426 1189 511 899
1328 377 1332 391 Ι

106 610 187 677 adeo
201 610 343 696 cognitio
358 613 426 677 haec
440 612 577 696 practica
591 613 666 689 erit,
689 612 740 677 illa
756 590 969 696 speculativa;
986 599 1077 694 quod
1093 608 1226 704 quidem

106 736 148 783 ex
167 717 232 784 fine
261 718 391 785 scientis
417 730 527 785 ortum
556 717 686 797 habuit,
714 719 956 786 occasionaliter
983 726 1093 784 tamen
1112 716 1144 783 id
1171 719 1228 783 ha-

106 826 185 891 bent
204 845 244 893 ex
267 826 441 893 intrinseco
460 826 560 892 modo
579 826 788 910 procedendi.
808 826 846 891 Et
864 826 909 892 ita
927 834 978 892 est
995 824 1227 911 intelligendus

106 930 144 999 S.
163 930 307 999 Thomas
325 930 388 1022 (t).
419 932 451 999 Si
470 942 581 999 tamen
610 934 684 1017 quis
704 952 769 1001 non
788 934 924 1003 variaret
953 932 1091 999 modum
1118 932 1229 1016 acqui·

107 1039 198 1105 rendi
231 1040 419 1119 scientiam,
458 1032 611 1124 quamvis
647 1040 784 1109 variaret
819 1040 1024 1126 propositum
1057 1048 1091 1105 et
1125 1037 1227 1107 finem

106 1163 223 1224 suum,
245 1147 325 1214 ratio
344 1148 487 1215 scientiae
506 1167 572 1215 non
592 1146 784 1214 mutaretur.
805 1150 843 1215 Et
861 1148 904 1213 ita
928 1167 986 1233 per
1008 1166 1044 1214 se
1062 1147 1229 1232 loquendo

105 1252 182 1321 linis
200 1253 330 1321 scientis
349 1274 416 1323 non
434 1256 536 1322 variat
555 1256 711 1323 rationem
740 1256 868 1339 habjtus
888 1254 1017 1340 practici
1042 1257 1094 1321 vel
1113 1271 1230 1339 specu-

106 1360 195 1427 lativi
214 1358 279 1450 (2).
334 1384 342 1395 “

174 1464 209 1557 β)
234 1469 279 1534 Ex
306 1469 365 1535 hac
397 1469 577 1538 differentia
608 1471 771 1557 colligitur
798 1472 908 1538 altera.
936 1472 1064 1555 Nempe
1095 1467 1230 1535 scientia
1331 1500 1345 1529 n
1362 1500 1399 1530 aa

24 1628 26 1633 .
106 1576 244 1661 practica
263 1577 391 1661 respicit
410 1596 478 1645 rem
508 1579 705 1662 operabilem
725 1586 758 1644 et
776 1580 877 1645 modo
895 1577 1066 1662 operabili;
1087 1564 1229 1661 specula·
1277 1573 1355 1675 ῐζ..
1401 1628 1408 1672 ἰ

105 1682 173 1750 tiva
190 1702 268 1751 vero
287 1694 344 1751 aut
362 1703 428 1750 non
457 1685 586 1771 respicit
614 1704 681 1750 rem
710 1685 926 1770 operabilem,
955 1694 1011 1752 aut
1039 1685 1065 1751 si
1093 1683 1226 1768 quidem

106 1792 223 1858 habeat
241 1809 299 1875 pro
316 1792 446 1878 objecto
463 1811 533 1857 rem
553 1793 767 1877 operabilem,
789 1810 855 1859 non
874 1792 961 1858 illam
978 1792 1108 1877 respicit
1127 1790 1228 1857 modo
1328 1858 1381 1889 m,

106 1898 274 1983 operabili.

174 2005 317 2071 Primum
338 2013 445 2091 patet,
465 2005 542 2091 quia
560 2008 731 2092 quomodo
750 2016 859 2092 potest
877 2006 1012 2075 scientia
1030 2006 1151 2073 habere
1170 2024 1229 2091 pro

106 2112 174 2178 tine
192 2112 317 2198 praxim
348 2132 405 2180 scu
425 2114 666 2199 operationem,
695 2115 754 2181 nisi
784 2115 976 2182 terminetur
995 2116 1036 2184 ad
1063 2116 1228 2202 objectum

108 2220 290 2305 operabile?
308 2229 365 2287 aut
382 2222 550 2305 quomodo
568 2223 700 2288 scientia
720 2233 827 2307 potest
848 2242 921 2289 esse
940 2222 1029 2289 utilis
1048 2233 1081 2289 et
1099 2222 1230 2289 condu-

107 2348 186 2394 cens
205 2329 245 2393 ad
264 2329 485 2413 operationem
505 2332 556 2395 vel
577 2331 752 2415 regulatrix
771 2330 984 2415 operationiS,
1002 2330 1062 2397 nisi
1082 2329 1230 2414 respiciat

108 2435 275 2523 objectum
304 2436 468 2520 operabile
502 2438 602 2503 modo
635 2438 809 2522 operabili?

175 2542 268 2609 Unde
290 2554 532 2637 consequenter
554 2545 728 2613 innotescit
747 2547 944 2613 secundum.
966 2546 1036 2611 lloc
1053 2551 1120 2621 est,
1139 2546 1230 2629 quod

108 2651 169 2717 alii'
179 2652 298 2718 docent
313 2650 545 2736 speculativam
564 2662 599 2718 et
612 2655 787 2739 practicam
803 2653 971 2721 scientiam
986 2653 1165 2739 discrepare
1178 2653 1231 2719 ob'-

100 2762 183 2846 jecto
199 2758 345 2845 formali.
379 2758 461 2826 Nam
491 2763 565 2828 licet
590 2775 727 2846 utraque
756 2760 860 2847 possit
885 2763 1045 2830 idemmet
1064 2762 1229 2846 objectum

110 2867 274 2932 materiale
291 2866 464 2952 respicere,
487 2880 518 2937 al
545 2889 609 2935 non
631 2871 781 2945 formale,
804 2889 925 2955 nempe
942 2869 1018 2953 quia
1037 2869 1117 2934 illud
1135 2870 1232 2954 respi·

108 2974 200 3041 ciunt
219 2974 347 3042 diverso
366 2976 485 3055 modo,
506 2978 603 3044 altera
623 2979 724 3044 modo
743 2977 913 3062 operabili,
934 2979 1034 3042 altera
1049 2977 1149 3043 modo
1164 2994 1232 3043 non

108 3079 276 3167 operabili.

178 3186 238 3256 Ubi
269 3189 370 3274 probe
398 3198 492 3269 nota,
524 3189 694 3258 scientiam
728 3191 900 3276 practicam
928 3191 1046 3258 debere
1075 3191 1232 3276 respicere

111 3315 198 3372 rem,
219 3313 285 3362 non
309 3298 622 3382 quomodocumque
650 3298 864 3384 operabilem,
886 3299 946 3365 sed
969 3297 1172 3384 operabilem
1191 3298 1233 3364 ab

109 3406 182 3489 ipso
209 3404 333 3470 sciente
350 3401 413 3492 (3).
445 3405 647 3490 impossibile
671 3415 720 3472 est
744 3406 831 3472 enim
852 3405 1019 3473 scientiam
1040 3425 1111 3473 esse
1140 3422 1235 3490 regu-

111 3511 241 3578 lativam
256 3511 381 3595 operis,
399 3511 460 3577 nisi
479 3531 563 3598 opus
582 3513 624 3579 sit
642 3512 779 3580 factibile
798 3513 839 3578 ab
857 3513 942 3598 ipso,
963 3514 1020 3598 qui
1035 3513 1168 3580 scientia
1181 3513 1235 3578 illa

109 3627 254 3686 ornatur.
274 3617 356 3685 Tota
375 3619 444 3685 haec
472 3619 617 3686 doctrina
636 3629 686 3687 est
709 3620 745 3687 S.
765 3620 922 3687 Thomae:
952 3621 1072 3706 Aliqua
1097 3619 1234 3705 cognitio

105 3725 250 3811 practica
266 3726 387 3797 dicitur
402 3745 442 3794 ex
458 3727 568 3794 ordine
586 3729 629 3794 ad
646 3735 743 3812 opus:
761 3730 846 3814 quod
861 3722 986 3813 quidem
1002 3728 1158 3813 contingit
1175 3728 1236 3794 du·

149 3995 190 4067 (ι)
226 3993 437 4066 1u1.pert.q.
454 4013 495 4066 14,
510 4013 538 4054 a.
557 3994 599 4064 163
614 4013 644 4067 q.
660 4014 706 4070 79,
722 4007 778 4054 art.
800 4015 841 4054 ιι.
858 3992 921 4054 Cir.
942 3996 978 4054 de
996 3993 1138 4063 Veritate·
1161 4013 1191 4067 q.
1207 4013 1234 4068 3,

112 4107 139 4144 a.
157 4106 183 4158 33
198 4098 228 4144 et
243 4104 273 4156 q.
289 4105 317 4154 a,
333 4103 359 4142 a.
374 4083 402 4142 8.

147 4175 188 4246 (2)
227 4171 347 4243 Suaree,
357 4174 392 4231 de
404 4172 518 4244 natm,
533 4173 598 4234 libr.
608 4192 637 4248 4,
652 4193 715 4247 cap.
726 4195 754 4247 9.
768 4194 798 4234 n.
816 4196 840 4248 3.
854 4173 918 4236 etr.
929 4173 1094 4245 Conimbr.,
1108 4174 1235 4234 ubter.

110 4277 216 4337 quaest.
230 4283 248 4336 4
257 4273 375 4338 procem.
391 4273 446 4322 ert.
462 4281 487 4330 2,
505 4262 536 4324 iu
550 4263 638 4332 meda
654 4275 682 4324 et
696 4262 814 4324 DomIn.
826 4263 926 4334 Sotus,
948 4265 1073 4342 Logica,
1090 4277 1236 4339 queseq,

109 4363 242 4428 prooem.‚·
253 4353 360 4421 Joann.
376 4372 393 4410 a
408 4350 440 4409 S.
456 4349 575 4424 Thom,
593 4355 680 4428 Log.,
696 4366 737 4411 a·
752 4366 827 4426 part.
844 4374 874 4426 q.
893 4375 917 4412 r.

149 4443 191 4514 (3)
229 4442 361 4514 intellige
379 4439 440 4500 sive
458 4441 588 4513 proxime
608 4443 668 4502 sive
680 4457 804 4511 remote,
816 4457 846 4502 et
856 4443 959 4502 saltem
973 4452 1027 4519 per
1038 4461 1085 4512 se,
1107 4442 1173 4502 licet
1184 4450 1239 4518 per

114 4534 264 4603 accidens,
279 4532 316 4590 ob
327 4529 446 4603 aliquod
461 4529 722 4604 impedimentum,
737 4553 797 4592 non
811 4533 904 4606 possit
921 4531 1071 4592 scientium
1085 4544 1153 4592 ectu
1166 4531 1239 4593 diei·

113 4641 182 4696 gere
203 4621 240 4681 ed
262 4641 346 4694 opue.
375 4619 461 4679 Sicut
483 4620 561 4680 enirn
584 4620 677 4694 pictor
703 4621 818 4682 emittet
840 4623 939 4684 oeulos
960 4635 1012 4684 aut
1026 4641 1164 4696 menum,
1180 4643 1240 4684 nou

114 4725 266 4788 propterea
280 4708 387 4771 desinit
397 4703 459 4783 eius
470 4709 598 4785 cognitio
612 4731 675 4772 esee
689 4712 823 4784 practica.
