3492 5525
56 1005 293 1228 spodi

128 1252 133 1262 ,
176 1161 239 1249 ol

570 447 630 529 386
757 446 888 512 Lootcn
909 447 1160 512 Micon-Diae.
1183 458 1232 552 3.·
1252 445 1332 512 Che.
1360 459 1430 531 5³³⁰

527 652 594 718 que
612 633 743 700 extendi
762 631 804 698 ad
821 631 1036 720 syllogismos
1055 633 1178 698 ratione
1192 634 1337 700 marenae
1351 640 1544 716 peccantes,
1561 639 1600 697 ut
1616 628 1661 695 vi·

526 742 604 808 dere
622 749 674 806 est
697 740 786 824 apud
804 739 912 824 ipsum
937 739 1148 806 Aristotelem
1173 736 1238 828 (r).
1264 740 1311 804 De
1335 736 1525 824 hujusmodi
1550 739 1660 822 sophi-

454 865 511 955 ,μ
527 848 642 914 smatis
657 847 734 914 nihil
750 855 850 916 restat
859 848 929 933 jam
939 846 1135 929 dicendum3
1151 845 1300 932 dignosci
1313 847 1401 913 enirn
1412 847 1505 913 facile
1518 855 1659 932 possunt

295 943 403 1051 „tal”
415 903 496 1036 ily,
528 975 569 1022 ex
588 955 709 1040 regulis
726 955 1054 1039 consequentiarum,
1075 967 1108 1022 et
1127 955 1309 1042 syllogismi
1328 955 1536 1038 aliarumque
1564 971 1661 1038 argu-

306 1015 512 1205 stiffi&
530 1063 785 1130 mentationum.
914 1115 916 1120 .
1044 1084 1045 1087 =

320 1203 484 1261 ..mgnum
595 1170 772 1254 Sophisma
790 1169 887 1254 primi
904 1173 1053 1256 generis,
1073 1172 1100 1238 si
1119 1179 1267 1240 versetur
1289 1171 1372 1237 circa
1392 1169 1566 1240 materiam
1587 1187 1660 1253 pro

36 1267 140 1350 ΙΨ
151 1230 510 1511 'ffiv‘ff'ffytvffl
531 1276 633 1362 priam
647 1287 704 1343 aut
718 1276 913 1362 peculiarem
930 1277 1066 1360 alicuius
1080 1278 1240 1353 scientiae,
1257 1288 1392 1346 vocatur
1406 1277 1659 1363 pseudographus

40 1327 278 1580 &VM
298 1389 446 1603 'ss'

35 1564 171 1692 ἤματ’
249 1581 303 1661 ,p

35 1639 245 1844 {siff

529 1384 758 1470 syllogismus,
778 1383 872 1468 quasi
892 1385 980 1452 lalsae
998 1385 1226 1468 descriptionis.
1247 1385 1306 1452 Ex.
1326 1404 1377 1471 gr.
1399 1385 1453 1451 «si
1472 1385 1550 1468 quis
1569 1401 1658 1451 assu·

530 1501 617 1568 mat,
648 1493 738 1575 quod
770 1492 797 1558 si
830 1492 990 1560 diameter
1021 1493 1119 1561 unius
1149 1493 1273 1568 circuli,
1303 1502 1355 1560 est
1383 1494 1485 1576 dupla
1509 1491 1657 1558 diametri

529 1601 679 1678 alterius,
699 1601 798 1666 etiam
811 1600 950 1668 circulus
968 1610 1019 1668 est
1037 1601 1159 1686 duplex
1177 1599 1303 1676 circuli,
1319 1612 1351 1666 et
1367 1619 1408 1666 ex
1424 1602 1486 1665 hoc
1502 1596 1657 1683 principio
1709 1655 1710 1666 .

529 1716 801 1792 argumentetur,
834 1718 1005 1775 construet
1036 1708 1267 1795 syllogismum
1302 1709 1595 1793 pseudographum
1628 1705 1657 1770 in

530 1814 664 1883 materia
684 1815 899 1902 geometrica,
921 1818 997 1900 qula
1016 1816 1163 1901 procedit
1178 1835 1218 1882 ex
1237 1815 1377 1900 propriis
1397 1813 1613 1889 Geometriae,
1627 1823 1657 1877 et

530 1921 670 1990 assumit
689 1923 948 2008 propositionem
964 1943 1024 1990 nec
1038 1943 1149 1990 veram
1167 1943 1226 1990 nec
1243 1922 1462 2008 probabilem,
1478 1922 1537 1988 sed
1551 1921 1657 1986 solum

530 2030 707 2097 habentem
728 2032 906 2115 quamdam
926 2032 1068 2116 speciem
1088 2030 1334 2116 probabilitatis.
1364 2029 1525 2097 Dicuntur
1548 2038 1655 2094 autem
1709 2055 1710 2096 t

530 2137 563 2205 hi
585 2136 767 2224 syllogismi
781 2139 1025 2223 pseudographi,
1045 2140 1124 2224 quia
1142 2138 1272 2215 accidit,
1294 2137 1366 2204 illos
1391 2137 1461 2204 steri
1478 2135 1655 2221 praesertim

529 2243 564 2310 in
582 2244 792 2329 geometricis
809 2264 851 2311 ex
872 2264 931 2322 eo,
954 2247 1044 2328 quod
1063 2245 1263 2312 semicirculi·
1279 2245 1371 2311 lineae
1389 2253 1422 2312 et
1441 2245 1558 2330 ligurae
1577 2245 1657 2310 male

530 2351 778 2420 describantur»
798 2351 863 2441 (a).
886 2354 1082 2437 llujusmodi
1101 2355 1198 2419 etiam
1219 2351 1438 2438 sophismata,
1453 2371 1531 2437 quae
1550 2371 1656 2418 occur·

479 2526 485 2536 ,
531 2477 600 2525 rere
626 2460 658 2525 in
684 2459 801 2543 quavis
826 2461 961 2528 scientia
988 2471 1145 2546 possunt,
1171 2479 1237 2527 non
1261 2469 1410 2546 spectant
1433 2460 1474 2525 ad
1496 2459 1655 2526 Dialectici

531 2566 838 2634 considerationem.
855 2567 944 2644 Quid
963 2569 1050 2635 enim
1067 2589 1181 2635 verum
1197 2577 1230 2634 et
1245 2569 1427 2652 probabile,
1444 2567 1525 2651 quid
1540 2569 1653 2633 salsum

531 2680 565 2742 el
583 2693 743 2759 apparens
761 2675 804 2742 sit
822 2675 855 2742 in
876 2677 1010 2742 materia
1028 2677 1173 2758 cujusvis
1191 2675 1347 2752 scientiae,
1368 2676 1506 2762 ipsamet
1526 2673 1656 2742 scientia

527 2782 672 2869 judicare
693 2784 805 2860 debet,
831 2804 868 2851 ac
892 2804 989 2869 porro
1004 2786 1143 2869 judicat,
1163 2804 1239 2853 cum
1259 2802 1412 2851 erroneas
1436 2784 1651 2851 sententiasa

531 2891 618 2957 veris
634 2893 787 2969 secernit,
808 2912 845 2958 ac
865 2892 1028 2979 profligat.

599 2998 651 3066 Ad
670 2999 878 3067 Dialecticum
898 2994 1136 3085 ergo-pertinet
1158 3002 1331 3067 dumtaxat
1354 2998 1543 3085 expendere
1560 2999 1655 3086 syllo

530 3106 657 3192 gismos
675 3116 847 3191 peccantes
865 3108 898 3174 in
918 3109 1052 3174 materia
1076 3109 1224 3193 pluribus
1253 3108 1304 3174 vel
1330 3108 1487 3174 omnibus
1514 3106 1654 3174 scientiis

530 3214 718 3293 communi,
739 3215 815 3298 quia
835 3233 953 3299 nempe
968 3225 1142 3282 assumunt
1159 3216 1326 3301 principia,
1347 3234 1422 3299 quae
1437 3216 1546 3281 valere
1564 3233 1653 3297 aeque

532 3331 671 3406 possunt
690 3323 723 3387 in
742 3322 876 3390 materia
892 3322 1033 3406 plurium
1054 3324 1280 3399 scientiarum,
1302 3323 1406 3406 qualis
1429 3334 1479 3389 cst
1499 3324 1571 3397 ille,
1591 3338 1652 3404 quo

532 3429 631 3515 Bryso
645 3438 784 3497 conatus
798 3440 848 3497 est
861 3426 916 3517 (y)
933 3432 1158 3497 demonstrare
1172 3432 1402 3515 quadraturam
1417 3430 1546 3498 circuli:
1566 3430 1653 3513 Qud

525 3540 626 3620 potest
640 3554 705 3603 esse
721 3540 826 3625 majus
842 3542 874 3603 et
890 3538 995 3604 minus
1011 3539 1134 3624 aliquo,
1150 3543 1253 3622 potest
1266 3539 1360 3605 ettam
1376 3540 1440 3605 asse
1457 3540 1577 3623 equale
1593 3535 1649 3602 iili.

530 3642 595 3711 Sed
612 3648 716 3725 potest
733 3664 799 3711 esse
816 3645 955 3711 circulus
972 3648 1072 3733 aaajor
1088 3649 1259 3731 praeacuto,
1278 3650 1379 3729 utpote
1397 3646 1565 3711 includens
1581 3660 1652 3729 qua·

528 3754 673 3826 drotum,
684 3756 717 3818 et
726 3752 864 3819 circulus
877 3753 982 3819 minor
993 3756 1163 3838 quadrato,
1174 3758 1275 3837 utpote
1289 3753 1477 3819 metastasin
1490 3754 1648 3837 meato.

397 3886 401 3891 ·
530 3860 609 3945 Ergo
622 3863 725 3941 polest
738 3860 814 3927 dari
828 3860 968 3927 circulus
985 3862 1117 3947 equalis
1129 3865 1296 3946 quadrato.
1314 3861 1422 3928 clllud
1436 3864 1524 3929 enim
1542 3857 1652 3947 princi·

531 3964 639 4050 pium:
660 3966 697 4035 ln
713 3985 775 4052 qao
795 3970 895 4035 caan
916 3971 1024 4057 majus
1041 3972 1072 4033 et
1086 3968 1206 4061 mimo,
1226 3971 1325 4039 datur
1340 3971 1477 4054 equale,
1497 3980 1550 4038 est
1566 3984 1648 4033 com·

532 4091 633 4141 mune
652 4074 751 4143 etiam
776 4074 920 4141 materiae
947 4094 1014 4141 non
1041 4076 1265 4160 geometricae,
1286 4086 1319 4143 et
1346 4085 1397 4143 est
1424 4078 1562 4165 falsum,
1580 4070 1648 4158 quia

531 4182 672 4265 angulus
702 4181 898 4249 semicirculi
926 4191 1142 4268 potestesse
1174 4186 1277 4271 major
1309 4186 1361 4251 vel
1392 4182 1501 4253 minor
1534 4180 1648 4266 angulo

565 4476 606 4535 (r)
643 4469 719 4544 Vide
732 4490 762 4528 v.
781 4491 812 4543 g.
838 4469 987 4545 Topicor„
1002 4471 1053 4531 lib.
1072 4492 1112 4541 1.,
1128 4490 1154 4529 c.
1177 4492 1206 4543 ις
1220 4472 1431 4542 efficaciter„
1454 4470 1506 4531 lib.
1525 4492 1549 4541 ι,
1563 4492 1586 4528 c.
1609 4482 1645 4525 ιο.

530 4558 593 4619 Cir.
609 4557 729 4629 Mauri..
747 4558 894 4633 Topicor.,
906 4560 956 4619 lib.
976 4581 1034 4629 με.
1046 4581 1070 4631 1,
1087 4580 1116 4620 u.
1131 4560 1160 4630 ὓς
1171 4560 1385 4623 Eleutetis
1398 4583 1423 4633 ι,
1432 4582 1458 4623 c.
1472 4582 1515 4630 ιο,
1527 4582 1556 4622 u.
1567 4570 1645 4634 aetat.

566 4654 607 4715 (a)
643 4646 773 4721 Sylvcst.
788 4647 894 4717 Mauri,
914 4648 947 4707 ln
960 4648 1012 4711 lib.
1029 4662 1098 4707 ιω
1117 4650 1264 4725 Topicor„
1280 4672 1343 4724 cap.
1362 4672 1386 4711 ι.

564 4737 606 4811 (q)
640 4738 799 4797 Eleaclror.
814 4736 866 4798 lib.
885 4758 914 4810 ι,
929 4758 993 4813 cap.
1011 4758 1053 4798 ro.
