3492 5525
278 479 397 546 Anne.
411 480 475 543 on·
486 479 1101 552 Paomsnronnsneamoomosrm
1151 479 1208 564 265

124 671 243 729 caetera
266 661 332 750 (r).
361 663 396 730 si
422 664 556 748 quando
577 656 699 731 autem'
712 663 849 731 dubium
873 675 1036 743 occurrat,
1061 685 1129 751 quo
1153 675 1248 752 pacto

3 855 4 858 Ἴ
124 772 297 838 sumendae
319 771 387 838 sint
415 773 580 839 nonnullae
602 772 840 857 propositiones
863 772 1085 858 disjunctim,
1111 775 1249 841 exclusi-

3 916 4 933 ,
125 897 210 944 vene
238 898 280 944 an
299 878 507 963 permissive,
526 898 569 945 ex
587 887 745 945 contextu
772 889 805 945 et
822 881 982 965 adjunctis
1006 883 1047 948 de
1067 881 1246 948 intentione
1299 867 1302 872 ⁵

123 986 290 1068 loquentis
304 985 518 1072 judicandum
537 995 600 1054 est.

186 1087 276 1160 'ltine
293 1095 384 1161 facile
402 1104 507 1179 patet:
533 1102 580 1160 1.⁰
603 1094 862 1180 propositionem
883 1115 1018 1162 omnem
1038 1097 1165 1182 proprie
1185 1096 1248 1162 dis·
1267 1123 1453 1182 nagnam„

119 1203 305 1286 junctivam
316 1221 387 1286 esse
403 1200 636 1276 necessariam,
650 1203 826 1288 improprie
838 1223 916 1270 vero
929 1204 1157 1290 disjunctivam
1173 1221 1245 1270 esse
1310 1197 1426 1274 ¹⁰³¹⁰¹³³n

123 1309 392 1395 contingentem,
411 1311 439 1378 si
457 1312 591 1377 veritate
614 1312 772 1404 gaudeat3
800 1311 1055 1397 impossibilem,
1076 1313 1103 1379 si
1122 1313 1246 1378 laboret

122 1417 275 1488 falsitate.

168 1526 224 1592 2.⁰
270 1523 494 1602 Quantitatem
510 1529 625 1593 harum
641 1524 921 1611 propositionum,
937 1525 1156 1593 definiendam
1172 1546 1245 1594 esse
1298 1535 1418 1594 rmum,
1503 1517 1508 1524 ’

121 1652 191 1700 non
208 1652 252 1700 ex
268 1633 451 1717 quantitate
468 1633 667 1719 partialium,
683 1635 805 1718 quibus
817 1643 948 1702 constat
965 1632 1241 1710 enuntiationum,

120 1741 243 1807 sodex
260 1741 451 1807 earumdem
475 1743 601 1826 copulae
624 1740 766 1824 ratione,;
786 1752 818 1807 et
841 1741 889 1808 sic
913 1742 1117 1810 existimatur
1136 1743 1245 1827 potius

120 1846 325 1934 particularis
350 1867 392 1914 ex
419 1849 569 1934 peculiari
597 1850 746 1936 ejusdem
774 1849 900 1926 indole,
930 1851 1114 1918 secundum
1143 1870 1242 1935 quam

119 1975 224 2022 unam
258 1965 389 2022 tantum
423 1955 566 2041 partium
598 1959 650 2023 vel
682 1957 909 2023 membrorum
942 1957 1058 2023 inferre
1091 1957 1241 2035 intendit,

119 2063 287 2148 uniusque
305 2066 476 2132 dumtaxat
495 2065 630 2132 veritate
649 2072 803 2131 contenta
821 2074 885 2131 est.
1180 2049 1189 2056 ¹

167 2179 223 2258 3.⁰
267 2171 415 2257 Denique
433 2173 516 2238 circa
532 2173 723 2255 qualitatem
746 2170 844 2238 simili
871 2173 972 2238 modo
991 2173 1243 2258 praecipiendum
1307 2197 1410 2258 quarta.
1472 2187 1484 2199 “

121 2289 193 2355 est,
214 2299 252 2346 ac
270 2279 353 2348 circa
374 2281 639 2365 copulativamm·
658 2281 867 2364 qualitatem:
895 2280 1049 2346 nimirum
1069 2300 1141 2347 earn
1157 2281 1244 2366 judi-

119 2389 263 2454 candam
283 2405 373 2464 esse,
394 2406 460 2453 non
479 2407 520 2453 ex
538 2388 722 2472 partialium
742 2387 959 2454 affirmatione
979 2398 1035 2455 aut
1054 2389 1241 2474 negatione,

118 2496 181 2562 sed
199 2514 242 2560 ex
266 2493 480 2562 affirmatione
503 2507 559 2563 aut
583 2494 757 2581 negatione
781 2497 908 2580 copulae
933 2495 1129 2581 principalis.
1150 2495 1243 2562 Unde

118 2603 305 2690 generatim
324 2621 441 2668 omnes
460 2611 639 2669 censentur
663 2602 884 2680 affirmativae,
907 2601 966 2669 nisi
987 2605 1118 2689 negatio
1137 2603 1245 2688 praelr-

117 2721 219 2798 gatur
236 2710 298 2777 toti
322 2709 554 2787 enuntiationi,
580 2719 659 2778 tunc
677 2711 765 2777 enim
789 2711 953 2797 negative
977 2710 1083 2789 frunt,
1104 2722 1141 2778 ut
1159 2714 1240 2779 haec:
1275 2697 1278 2703 ’
1359 2699 1364 2710 '

117 2824 192 2887 Non
214 2822 277 2884 out
293 2819 406 2885 Petrus
427 2818 568 2903 loquitur
588 2823 647 2885 aut
670 2822 758 2886 tacet.
788 2819 951 2885 Caeterum
977 2820 1156 2905 propositio
1179 2820 1245 2887 dis-

112 2927 268 3014 junctiva
285 2925 376 2993 facile
390 2935 560 2993 revocatur
574 2929 615 2992 ad
630 2926 903 3003 conditionalem,
920 2935 969 2993 ut:
985 2928 1099 2993 Petrus
1110 2931 1170 2993 aul
1179 2946 1245 2993 mo-
1370 2911 1372 2915 Α

115 3042 230 3113 vetur,
249 3039 310 3101 aut
323 3034 468 3119 quaerat,
486 3035 649 3102 reducitur
667 3036 709 3101 ad
729 3037 826 3100 hanc:
846 3034 885 3101 Si
901 3040 1055 3112 movetur,
1075 3055 1139 3101 non
1157 3036 1245 3121 quie·

113 3146 193 3222 scit,
215 3143 285 3209 vel:
304 3143 344 3209 Si
358 3161 422 3208 non
435 3146 594 3219 monetam
608 3141 751 3227 qur‘escil.
850 3183 854 3192 -

458 3371 652 3462 §lli-Dr
669 3390 903 3443 conumomu.
995 3410 999 3416 ·

165 3577 245 3642 118.
292 3571 370 3639 Haec
382 3580 445 3649 est,
459 3590 535 3656 quae
549 3572 676 3657 proprie
686 3573 870 3640 secundum
886 3574 975 3641 vocis
986 3545 1121 3662 etymon
1137 3576 1246 3661 appel·
1330 3596 1389 3651 outa

1274 3668 1442 3731 conditionalis:

114 3685 214 3752 landa
233 3690 321 3747 esset
338 3680 541 3761 hypothetica,
561 3679 778 3764 deliniturque
792 3683 968 3765 propositio
983 3685 1093 3778 plures
1107 3685 1243 3769 conjun-

113 3810 202 3879 gens
239 3786 479 3854 enuntiationes
516 3807 579 3872 ope
613 3788 776 3873 particulae
812 3789 1040 3857 conditionalis
1077 3792 1123 3869 si,
1164 3792 1241 3860 nisi.

114 3900 157 3967 V.
178 3920 216 3984 g.
240 3894 318 3963 Nisi
331 3892 510 3978 efficiamini
525 3894 609 3961 sicul
622 3897 756 3978 paruuli
777 3896 848 3974 isti,
876 3916 939 3963 non
959 3898 1117 3966 intrabitis
1134 3899 1168 3965 in
1192 3918 1243 3965 re·

109 4026 215 4093 gnum
232 4006 395 4070 mlomm:
410 4001 449 4068 Si
463 4006 607 4091 Lazarus
621 4004 753 4088 dotarii,
771 4004 864 4071 umus
881 4008 938 4075 est.

183 4112 325 4180 Duobus
337 4118 466 4177 constat
483 4111 640 4178 membris
657 4111 883 4180 conditionalis
905 4114 1099 4199 propositio,
1121 4118 1244 4181 anuce-
1293 4134 1425 4181 anteana·

110 4223 204 4290 denti
221 4238 344 4304 nempe
363 4220 414 4286 vel
436 4219 613 4285 conditam
630 4238 689 4286 seu
708 4220 899 4307 hypothesi,
925 4231 958 4309 et
974 4223 1173 4308 consequenti
1189 4225 1240 4290 vel
1264 4215 1286 4252 ‘¹
1302 4221 1448 4266 ‘⁰¹¹⁸‘q¹¹0¹¹⁸·

110 4328 341 4398 conditionate.
369 4326 577 4393 Anteoedens
598 4336 650 4393 est
675 4326 729 4393 illa
756 4327 952 4414 propositio,
981 4332 1033 4396 cui
1062 4328 1242 4417 prefigitur

119 4572 125 4583 '
145 4604 191 4665 (r)
227 4594 300 4653 vid.
316 4594 446 4653 Fonsoca
456 4594 545 4667 Oper.
556 4594 618 4665 oit.,
633 4595 684 4654 lib.
699 4618 726 4670 3,
740 4618 803 4671 cap.
823 4618 865 4671 ¹7³
884 4596 1088 4669 Complutens.
1100 4598 1238 4672 Dialect,

108 4688 259 4749 Summi.
276 4684 329 4743 lib.
345 4704 374 4754 2,
388 4705 452 4757 cap.
467 4706 496 4758 43
511 4683 655 4756 Lossada,
666 4688 738 4745 last.
754 4688 893 4755 Dialect„
907 4687 981 4761 disp.
991 4708 1018 4761 7,
1034 4708 1098 4761 cap.
1116 4706 1141 4763 5,
1157 4710 1186 4749 n.
1208 4712 1237 4750 rr

109 4798 208 4853 seqq.;
221 4774 311 4850 Sylv.
328 4773 444 4843 Mauri,
462 4773 608 4835 Summani.
622 4796 686 4849 cop.
700 4795 746 4850 4²·
