3492 5525
350 505 351 508 =
412 469 529 550 Anno,
555 466 1034 536 1.⁸¹·Pmncnucoomnonts
1183 481 1242 556 757

156 658 220 730 cst,
239 605 426 722 cm'slimctio
447 655 590 740 αααααω
611 654 801 722 immediata-
810 655 1032 738 propositionis
1048 659 1082 722 et
1098 674 1164 722 non
1180 673 1283 724 neccs-

156 762 252 830 sorice
276 759 341 850 (ι).
363 762 458 844 Quod
474 765 580 846 potest
594 762 714 870 duatus
734 763 836 830 molis
853 761 1008 848 intelligi:
1029 781 1093 829 uno
1113 767 1204 831 modo
1222 765 1281 841 sic,

156 868 232 955 quia
244 869 416 954 propositio
432 869 611 958 immediata
627 870 662 936 in
687 888 721 948 sc
745 869 870 956 pelidem
886 869 929 937 sit
949 870 1144 947 necmsaria,
1168 871 1223 938 sut
1242 873 1283 938 ab

156 977 301 1060 opinante
318 977 493 1061 accipiatur
513 980 553 1045 ut
566 977 630 1044 non
648 977 841 1058 neccssaria.
865 978 943 1044 Am
960 980 1072 1057 modo:
1086 982 1125 1046 ut
1137 979 1185 1044 sit
1198 971 1233 1046 in
1250 997 1283 1049 sc

156 1085 347 1170 contingens.
379 1085 510 1152 Dicitur
524 1073 526 1076 ’
542 1073 640 1152 ααὶαα
654 1085 831 1152 immediata
861 1085 1051 1169 propositio,
1084 1105 1282 1174 quacumque

151 1199 212 1278 per
228 1191 358 1278 aliquod
373 1193 509 1260 mnium
522 1193 654 1277 probari
669 1213 733 1260 non
741 1197 859 1276 potest,
875 1193 942 1260 sinc
953 1193 997 1260 sit
1008 1194 1200 1271 neccssaria,
1215 1194 1281 1266 siue

156 1319 221 1366 non
234 1288 421 1370 necessoria.
438 1301 606 1368 ostensum
618 1287 674 1366 ⁴est
692 1301 775 1368 enim
791 1307 908 1385 supra,
927 1303 1012 1388 quod
1026 1319 1091 1367 non
1099 1301 1283 1384 proceditur
1391 1324 1394 1331 ·

156 1408 192 1474 in
223 1407 379 1492 infinitum
404 1409 440 1473 in
460 1393 754 1490 praedicationibus,
789 1427 889 1494 neque
919 1411 1072 1494 quantum
1092 1409 1138 1476 ad
1159 1410 1274 1487 mia,

156 1533 253 1601 nuque
278 1519 429 1602 quantem
455 1501 500 1582 ad
522 1520 677 1592 autema,
711 1519 744 1581 et
767 1513 821 1582 boc
845 1535 911 1581 non
936 1519 1037 1583 solum
1061 1517 1219 1598 analytice
1244 1517 1280 1583 in

156 1623 489 1702 demonstrationum,
504 1624 560 1690 scd
571 1609 665 1689 etiam
678 1623 775 1708 logice
786 1623 998 1689 communitur
1008 1628 1157 1710 qnantum
1168 1626 1214 1690 ad
1221 1627 1281 1707 syl·

157 1730 313 1816 logismos.
333 1731 373 1798 Si
386 1749 460 1815 ergo
473 1731 638 1816 sitalroua
648 1715 825 1815 propositio
829 1730 1010 1816 contingens
1023 1731 1170 1808 nuliam,
1189 1739 1281 1815 opor·

156 1841 201 1903 tet
207 1841 290 1924 quod
306 1839 472 1905 rcducatur
485 1839 529 1904 ad
540 1838 665 1923 aliqum
682 1833 888 1936 immediatas.
908 1837 982 1906 Non
998 1842 1101 1905 ouum
1118 1839 1281 1905 reducitur

155 1949 200 2010 acl
215 1935 409 2014 immediatas
432 1945 640 2022 necessarios,
660 1945 734 2031 quio
751 1927 925 2012 mccssaria
950 1965 1014 2011 non
1030 1950 1108 2012 sunt
1119 1931 1279 2031 principia

156 2053 421 2138 contingentium,
443 2071 540 2139 nequa
557 2071 597 2120 cx
614 2050 797 2119 necessariis
812 2057 914 2138 potest
927 2053 1074 2119 concludi
1089 2054 1278 2150 contingens.

161 2161 251 2227 Unde
272 2160 465 2246 relinquitur
486 2163 569 2247 quod
589 2161 636 2227 sit
654 2161 762 2246 alr'qna
774 2160 944 2244 propositio
962 2161 1141 2228 immediata
1160 2163 1281 2229 contin·

154 2287 249 2354 gens,
269 2271 304 2336 et
317 2268 424 2354 oligua
439 2268 587 2334 mediata.
603 2268 708 2335 Sicut:
722 2275 838 2337 Homo
851 2290 922 2337 non
935 2275 1059 2346 currit,
1075 2272 1122 2335 cst
1132 2269 1278 2348 marala,

150 2379 254 2460 potcst
279 2375 362 2445 enirn
379 2375 511 2458 probari
526 2383 587 2459 per
613 2375 667 2442 loc
693 2375 844 2444 melium:
872 2383 988 2446 Homo
1009 2399 1079 2444 non
1106 2393 1278 2459 movetur,

156 2503 226 2570 gua
237 2483 332 2550 ctiam
344 2484 596 2568 estcontingens,
606 2485 663 2549 sed
673 2483 862 2549 immutilato.
877 2483 1157 2569 Exmimauoergo
1170 2485 1281 2552 talium

152 2591 397 2674 propositionum
414 2589 661 2676 contingentium
678 2591 928 2657 immediatorum
947 2595 995 2658 est
1013 2592 1131 2674 opinio.
1148 2593 1211 2660 Sui
1221 2601 1282 2676 per

157 2699 213 2766 hoc
242 2691 305 2765 non
330 2686 529 2776 excluditur,
554 2699 631 2783 quin
655 2697 747 2766 ettam
771 2697 907 2783 acceptio
919 2699 1141 2785 propositionis
1156 2701 1280 2768 contin

154 2809 260 2895 gentis
277 2796 676 2896 maturescentium).

225 2916 271 2982 Ex
298 2916 375 2981 data
401 2913 632 2998 principiorum
662 2914 794 2981 notione
821 2915 987 2999 concludit
1013 2914 1204 2983 Aristoteles
1225 2914 1279 3005 (3)
1337 2943 1409 2989 mm
1374 2944 1447 2999 mu„

158 3022 312 3107 principia
328 3041 394 3088 non
408 3022 516 3089 solum
535 3040 608 3088 esse
627 3022 744 3105 priora,
758 3021 816 3087 sed
835 3022 933 3087 etiam
954 3024 1080 3089 notiora
1097 3022 1322 3089 conclusio-¹
1324 3017 1445 3073 mult·
1431 3024 1476 3062 ”t

158 3131 256 3197 nibus
273 3130 359 3197 scitis
382 3138 415 3195 et
433 3127 673 3195 demonstratis.
695 3128 819 3207 Primo,
836 3130 1052 3213 quiapropter
1065 3134 1149 3216 quod
1164 3150 1277 3216 ununu·
1299 3090 1486 3208 usn.

156 3240 298 3339 quodque
316 3240 392 3314 tale,
409 3237 538 3303 utillud
554 3237 709 3321 magis,u
689 3239 804 3303 uttert
822 3238 957 3303 silatum
975 3235 1040 3326 (4).
1057 3238 1122 3303 Sed
1140 3240 1278 3306 demon-

157 3353 265 3412 straus
283 3344 451 3431 cognoscit
468 3343 711 3411 conclusionem
731 3340 805 3410 esse
824 3363 934 3410 veram
958 3354 1091 3429 propter
1108 3344 1276 3432 principia,

157 3453 235 3537 quie
254 3471 372 3537 nempe
391 3450 561 3537 principia,
577 3451 671 3518 unde
689 3450 742 3517 illa
761 3451 965 3530 derivantur,
985 3471 1060 3520 vera
1083 3461 1174 3522 sunt.
1195 3453 1299 3540 Ergo·

156 3561 256 3627 debet
275 3559 379 3645 magis
397 3572 595 3647 cognoscere
613 3559 683 3643 ipsa
700 3578 773 3626 esse
792 3578 880 3625 vera.
901 3559 991 3628 Sicut
1009 3559 1067 3644 qui
1085 3560 1190 3647 diligit
1209 3580 1279 3627 me·

157 3668 250 3735 dium
266 3678 397 3753 propter
414 3664 533 3743 linem,
555 3666 660 3753 magis
678 3664 782 3752 diligit
795 3667 905 3753 ipsum
924 3666 1024 3734 linem
1043 3663 1108 3755 (5).

160 3908 440 3928 ...ι-...ιώ-

195 4048 236 4109 (ι)
271 4042 346 4102 Note
357 4042 430 4101 beno
441 4043 516 4101 hene
530 4040 729 4099 definitionem
743 4039 889 4114 opinionis
909 4061 970 4101 non
985 4062 1049 4102 cese
1061 4044 1277 4123 'universalem

157 4152 220 4192 non
234 4131 312 4192 euim
327 4130 461 4191 convenit
474 4130 707 4189 conclusionibus
721 4129 896 4203 opinetivis,
913 4146 946 4191 ut
959 4152 1011 4205 per
1024 4152 1055 4193 eo
1070 4146 1162 4206 petet,
1180 4147 1211 4194 et
1222 4135 1279 4195 ob-

157 4234 259 4282 servet
270 4216 429 4296 Angelicus
443 4218 578 4280 inferius.

196 4312 237 4383 (α)
272 4309 306 4371 S.
318 4309 388 4382 Th„
399 4308 449 4369 lib.
464 4317 501 4369 ι.·
514 4310 641 4381 Foster„
654 4308 709 4369 leet
719 4329 769 4383 44,
785 4328 902 4385 peregr.
914 4331 941 4368 c.

196 4404 238 4474 (3)
275 4400 342 4459 Lib.
359 4402 658 4472 1.·Postarior.,osp.
674 4418 702 4470 2,
718 4400 769 4479 lin..
785 4398 847 4459 Cir.
863 4399 902 4461 ib.
919 4398 952 4459 S.
967 4400 1036 4472 Th„
1046 4402 1111 4462 lect.
1125 4402 1154 4463 6.

197 4494 239 4564 (4)
274 4489 318 4549 De
331 4509 419 4551 ceusu
431 4510 465 4549 uc
477 4488 598 4550 venitote
613 4489 702 4561 hujus
713 4487 791 4549 effeti
805 4488 875 4549 olibi
889 4491 1036 4565 egendum
1049 4506 1104 4551 oct.

196 4580 238 4653 (5)
274 4578 350 4638 Vide
362 4579 450 4639 etiam
464 4578 542 4652 opud
556 4576 741 4638 Aristotelem
759 4578 845 4638 elium
864 4578 1006 4639 rationem
1022 4582 1059 4641 ed
1069 4581 1145 4641 idem
1155 4584 1281 4656 proben-

158 4669 244 4729 dum.
260 4667 323 4728 Cl'r.
338 4667 371 4728 S.
381 4668 498 4740 Thom,
518 4668 572 4728 loo.
590 4688 662 4742 nup.
678 4666 737 4738 eit„
750 4687 865 4743 peregr.
883 4689 916 4737 c,·
930 4684 959 4729 et
977 4663 1112 4743 Tolctus,
1131 4670 1236 4733 Mauri
1250 4688 1280 4735 et

158 4758 267 4832 reliqui
281 4758 532 4819 commentatores
546 4757 578 4817 in
591 4758 640 4817 lib.
659 4768 716 4817 st·
733 4760 905 4830 Posterior,
919 4779 982 4833 eep.
998 4781 1025 4820 n.
