3492 5525
281 447 395 512 Anne.
412 462 470 512 ιι*
480 438 572 526 Qum
586 462 813 515 smoorsnus
827 465 1055 515 carnoonrcus
1130 463 1195 532 319.

1017 552 1229 569 a*

524 836 724 925 CAPUT
745 837 807 926 ll.

158 1056 264 1119 DE
287 1055 779 1122 SYLLOGISMO
804 1056 1142 1123 GOMMUN
1148 1060 1170 1122 1

440 1186 507 1253 ET
540 1187 897 1256 CATEGORICO.

487 1502 787 1579 ARTICULUS
810 1503 841 1576 Ι.

251 1688 378 1765 Quid
396 1688 456 1753 sit
472 1688 769 1771 syllogismus
788 1690 1083 1768 categoricus.

150 1923 225 2002 tall.
274 1919 511 2006 syllogismus,
531 1937 573 1985 ex
588 1918 701 1985 fusiori
715 1918 955 2005 significatione
974 1921 1227 1989 ratiocinationis
1289 1958 1392 2007 Μή,

99 2028 133 2094 in
152 2026 377 2113 angustiorem
393 2047 412 2094 a
430 2026 633 2111 Philosophis
647 2034 847 2104 contractus,
863 2030 1037 2112 specialem
1053 2048 1226 2114 argumen·
1273 2028 1399 2089 Srlloclmi

99 2134 236 2204 tationis
254 2137 393 2201 formam
410 2133 581 2219 exprimit,
602 2146 756 2218 recteque
778 2135 905 2202 definiri
925 2145 1035 2222 potest
1056 2150 1140 2205 cum·
1153 2138 1227 2204 Ari·

99 2246 232 2311 stotele:
252 2244 354 2312 aratro
375 2244 411 2308 in
432 2261 510 2327 qua,
526 2243 640 2325 positis
656 2244 861 2328 quidusdam
880 2245 972 2310 aliud
988 2244 1066 2330 quid
1081 2246 1225 2328 opositis

97 2352 273 2418 necessario
284 2353 440 2438 sequitur,
453 2370 487 2417 eo
500 2354 584 2437 quod
595 2352 654 2417 iila
665 2348 814 2439 sunto).
830 2373 861 2423 v.
880 2371 930 2437 gs
945 2352 1058 2419 Omnis
1069 2354 1171 2419 virtus
1181 2357 1237 2419 est

95 2460 256 2527 amabilis.
271 2460 336 2527 Sed
347 2459 454 2546 religio
466 2464 513 2525 est
523 2460 637 2526 virtus.
651 2458 730 2543 Ergo
739 2460 884 2525 ambitis
897 2465 953 2527 est.
970 2461 1009 2527 Et
1021 2480 1224 2546 quamquam

97 2570 169 2634 baec
186 2566 335 2633 definitio
353 2568 511 2653 quadrare
534 2569 642 2634 valeat
665 2566 699 2632 in
726 2586 862 2633 omnem
887 2569 1066 2654 generatim
1092 2571 1225 2657 syllogi-

96 2694 225 2751 smum,
247 2674 460 2741 nihilominus
473 2676 514 2741 de
528 2674 699 2741 communi
712 2676 894 2762 categorico
908 2679 992 2743 solet
1010 2679 1050 2743 ab
1069 2678 1225 2764 interpre-

10 2770 11 2777 '
95 2786 187 2851 tibus
206 2782 368 2869 Stagirites
390 2784 663 2851 communissime
686 2784 838 2851 declarari
861 2781 925 2874 (2),
946 2786 1040 2852 aede
1059 2785 1114 2852 illo
1137 2805 1225 2854 nunc

10 2952 11 2955 ,
97 2889 269 2976 speciatim
287 2891 503 2958 declarabitur
532 2911 552 2955 a
576 2891 682 2967 nobis,
704 2892 859 2975 facileque
877 2893 995 2978 poterit
1013 2894 1164 2979 deinceps
1182 2895 1225 2961 ad

10 3068 11 3075 χ
96 3001 180 3064 alios
198 3015 426 3083 quoscumque
444 2998 655 3086 syllogismos
674 2999 818 3067 extendi.

166 3106 289 3173 Dicitur
305 3107 419 3186 matio,
439 3106 516 3191 quia
536 3114 586 3173 est
604 3106 788 3190 complexio
806 3107 1065 3192 propositionum
1085 3108 1168 3176 inter
1187 3129 1223 3178 se

10 3266 11 3270 ι
98 3231 337 3296 connexarum
366 3223 400 3279 et
428 3214 462 3279 in
481 3216 542 3280 boc
571 3214 860 3308 convenitgenere
887 3234 963 3281 cum
987 3219 1220 3286 enuntiatione.

98 3321 238 3405 Reliqua
256 3321 354 3388 verba
384 3321 580 3388 delinitionis
599 3323 767 3389 continent
791 3323 973 3406 specificam
992 3326 1219 3393 differentiam.

94 3431 153 3497 Est
178 3432 269 3497 enim
297 3431 509 3516 syllogismus
539 3430 799 3516 propositionum
819 3430 893 3497 talis
919 3435 1144 3518 conglobatio,
1171 3445 1218 3502 ut:

93 3535 130 3626 α)
147 3537 336 3623 quibusdam
347 3538 474 3621 positis,
494 3538 527 3604 id
546 3547 608 3614 est,
628 3538 756 3604 duabus
775 3538 1050 3623 propositionibus
1069 3543 1224 3627 simplici·

93 3647 159 3711 bus
177 3664 236 3711 seu
254 3646 454 3732 categoricis,
475 3643 510 3734 β)
527 3647 621 3712 aliud
636 3646 801 3731 quiddam,
827 3665 946 3731 nempe
964 3649 1056 3714 tertia
1075 3669 1093 3714 a
1111 3650 1221 3734 priori·

91 3755 159 3818 bus
170 3751 323 3819 distincta
340 3753 530 3838 propositio,
542 3750 579 3842 γ)
596 3771 632 3818 eo
644 3754 729 3840 quod
740 3753 799 3819 illa
815 3758 902 3832 sunt,
924 3754 956 3821 id
975 3765 1024 3822 est
1042 3757 1073 3824 vi
1093 3760 1218 3836 lormae,

10 3880 11 3883 ¹
92 3861 138 3926 ita
156 3859 247 3926 utin
266 3879 472 3945 quacumque
502 3861 636 3927 materia
654 3861 741 3927 binae
759 3860 997 3944 propositiones
1024 3884 1061 3930 ea
1082 3866 1218 3950 disposi-

91 3969 183 4034 tione
211 3967 409 4052 artificioque
437 3970 651 4044 collocentur,
680 3967 774 4033 tertia
801 3968 985 4054 colligatur,
1020 3980 1053 4037 et
1079 3973 1214 4057 quidem

91 4071 124 4162 ὃ)
143 4075 324 4142 massario
345 4094 405 4142 seu
431 4075 648 4142 infallibiliter.
670 4074 774 4141 Tanta
800 4075 921 4161 quippe
938 4086 989 4143 est
1010 4080 1218 4166 syllogistice

92 4185 208 4249 forme
231 4181 421 4259 efficacitas,
450 4193 489 4250 ut
512 4182 640 4249 etiamsi
663 4183 798 4248 materia
820 4183 1014 4270 contingens
1036 4189 1087 4254 vel
1107 4189 1220 4273 proba·

89 4290 166 4357 bilis
183 4291 314 4368 elostat,
334 4291 439 4359 immo
456 4301 489 4358 et
508 4293 588 4359 falsa
605 4300 639 4359 et
656 4289 880 4376 impossibilis,
901 4295 1063 4362 concessis
1090 4297 1219 4366 duabus

125 4562 169 4633 (ι)
203 4559 298 4620 Arist.
317 4564 355 4619 l.·
364 4559 453 4622 Prior
466 4561 622 4635 analytic,
637 4576 700 4631 cap.
719 4579 743 4616 r.

124 4651 168 4723 (2)
203 4649 282 4709 Vide
293 4649 432 4718 Fontem,
441 4649 606 4726 Metopfrys.
615 4649 667 4710 lib.
677 4651 777 4726 6,oap.
788 4651 818 4724 83
828 4652 1078 4724 Conimbric.,lib.
1093 4657 1216 4719 rPrior.

88 4741 276 4814 mbrncor„
290 4759 353 4814 esp.
371 4761 397 4810 r,
412 4752 518 4814 quaest.
535 4759 562 4810 a,
578 4760 605 4800 a.
621 4760 650 4800 a.
