3492 5525
257 483 261 492 .
341 437 459 500 Anne.
473 449 534 518 μ’
547 430 642 500 Aram
656 449 841 500 orvrsronns
855 451 1077 498 rnnrrrnonun
1163 444 1219 513 157

130 629 241 678 unum
260 612 582 680 contradictoriomm
602 612 756 697 importet
774 612 935 696 quidquid
949 614 1089 678 alterum
1111 631 1176 678 non
1197 621 1259 690 est,

129 728 165 783 et
181 718 260 785 nihil
275 721 366 804 quod
384 722 521 788 alterum
545 729 612 802 est;
638 722 726 788 nulla
748 721 885 787 omnino
908 721 1151 797 communitas,
1173 721 1262 786 nulla

129 827 358 930 convenientia
374 845 434 895 nec
448 829 594 896 medium
609 828 692 895 inter
711 829 763 894 illa
777 837 887 913 potest
900 829 1110 898 intercedere.
1123 827 1261 912 Ideoque
1287 805 1466 933 mm

131 935 196 999 dici
209 937 309 1013 solet,
321 935 567 1004 contradictoria
587 936 727 1004 invicem
743 936 884 1021 opponi,
906 937 1055 1004 sicutens
1070 945 1103 1002 et
1113 954 1175 1001 non
1191 953 1258 1004 ens.
1274 962 1315 994 ene
1329 960 1350 996 et
1365 967 1409 997 non
1426 969 1474 999 em.

179 1168 238 1232 40.
284 1150 514 1222 Qnottanrun
530 1161 592 1218 r.¹¹·
606 1151 780 1237 Oppositio
790 1151 1040 1220 contradictoria
1051 1160 1100 1218 est
1110 1151 1260 1218 omniurn
1321 1163 1457 1220 onomiu-

133 1257 293 1326 maxima.
314 1258 398 1324 Nam
417 1279 458 1326 eo
478 1255 582 1346 major
600 1269 650 1328 est
669 1259 851 1346 oppositio,
879 1278 947 1343 quo
972 1259 1083 1326 minus
1116 1269 1165 1326 est
1193 1277 1264 1324 me-
1293 1240 1459 1358 {ffi‘ff

131 1365 229 1432 dium
262 1365 435 1448 etminor
466 1366 696 1434 convenientia
729 1369 814 1434 inter
846 1368 1009 1452 opposita.
1043 1367 1146 1450 Atqui
1178 1365 1263 1432 inter
1343 1384 1410 1429 nm..

132 1475 289 1558 opposita
309 1473 572 1552 contradictorie,
592 1493 687 1542 secus
711 1455 810 1558 atoue
832 1475 864 1540 in
891 1475 1040 1558 reliquis,
1064 1475 1191 1542 nullum
1212 1481 1264 1540 est

134 1581 298 1660 medium,
315 1583 405 1648 nulla
421 1583 582 1667 possibilis
598 1584 841 1650 convenientia.
857 1584 953 1669 Ergo.

203 1692 306 1778 Major
319 1691 500 1778 propositio
517 1693 688 1760 manifesta
703 1704 772 1773 est;
791 1700 823 1757 et
838 1693 949 1758 minor
963 1690 1098 1777 qdoque
1114 1698 1203 1775 patet
1222 1709 1264 1755 ex

132 1799 246 1868 dictis.
260 1799 345 1866 Nam
370 1801 402 1866 in
418 1799 677 1868 contradictoriis
698 1819 805 1884 neque
825 1808 876 1867 est
895 1800 1043 1866 medium
1064 1807 1187 1864 naturae
1205 1788 1265 1862 nec

132 1907 281 1993 generiS,
292 1927 400 1992 neque
410 1907 545 1994 subjecti
556 1909 759 1985 communis,
770 1927 879 1993 neque
890 1909 988 1974 etiam
998 1906 1145 1974 medium
1160 1906 1266 1991 priva·

133 2016 243 2082 tivum
258 2033 318 2082 seu
346 2015 534 2101 negativum
554 2013 624 2103 (1);
650 2016 691 2081 de
716 2015 837 2099 quibus
857 2034 955 2101 supra
976 2015 1099 2082 suimus
1114 2012 1265 2080 locuti.E
1390 2087 1396 2094 ,

133 2141 297 2190 converso
310 2123 549 2191 contrariorum
569 2124 662 2208 plura
681 2123 803 2190 habent
821 2115 969 2191 me'dium
990 2133 1133 2199 naturae;
1154 2119 1265 2187 omnia
1307 2103 1458 2219 πμῑιῑν
1472 2106 1542 2202 σθί-
1567 2123 1600 2160 '¹‘
1621 2091 1651 2186 ri
1670 2102 1730 2151 asp

135 2249 216 2297 vero
231 2231 352 2296 habent
364 2207 705 2322 mediumgeneris)c
716 2231 868 2317 subjecti,
882 2223 960 2297 cum
971 2233 1085 2298 formae
1095 2227 1265 2297 contrariae
1295 2241 1366 2296 aa..
1388 2255 1451 2288 ιο·
1475 2231 1588 2310 &⁰¹⁴³
1613 2206 1734 2256 'w‘

133 2337 199 2404 sub
220 2338 337 2404 eodem
357 2337 423 2404 sint
442 2357 580 2424 genere,
602 2339 681 2405 etin
705 2340 821 2405 eodem
842 2340 992 2420 subiecto
1012 2336 1157 2404 vicissim
1172 2355 1264 2420 repe-
1285 2335 1456 2406 ,affl-»0
1480 2336 1643 2387 ΜΝ*
1661 2299 1724 2363 μ

135 2445 275 2512 riantur.
301 2445 429 2512 Habent
453 2446 553 2512 etiam
577 2447 737 2514 contraria
763 2445 912 2512 medium
941 2428 1156 2530 privativum
1186 2451 1265 2510 sunt
1285 2484 1315 2533 „-
1357 2453 1540 2553 cupam&
1582 2433 1685 2495 ‘’⁴⁶‘'
1701 2432 1737 2455 'W

133 2553 227 2619 enirn
251 2555 356 2620 multa
373 2554 537 2639 subjecta,
559 2555 679 2639 quibus
699 2549 813 2621 neutra
828 2573 869 2620 ex
891 2556 1005 2620 formis
1020 2560 1203 2638 competat,
1224 2571 1264 2618 eo
1290 2573 1398 2642 aare(
1422 2568 1475 2624 ru
1511 2526 1724 2605 wfflffl'⁶

133 2661 229 2746 quod
254 2680 320 2729 non
339 2661 406 2729 sint
423 2661 551 2729 illarum
570 2663 709 2747 capacia:
739 2662 792 2730 Sic
811 2665 941 2747 angelus
969 2681 1076 2746 neque
1101 2660 1265 2728 estoldus
1284 2654 1342 2745 μ
1366 2682 1387 2775 7
1420 2661 1560 2742 aqam?

134 2786 246 2854 neque
258 2770 365 2854 niger,
381 2778 414 2835 et
431 2770 513 2852 rapis
527 2790 634 2854 neque
649 2770 749 2837 bonus
764 2790 872 2855 neque
886 2773 990 2838 nulus
1005 2769 1182 2837 moraliter.

182 2877 340 2943 Privativa
359 2896 425 2943 non
441 2878 561 2944 habent
582 2878 715 2962 quidem
738 2878 885 2945 medium
906 2878 1035 2964 generis
1052 2897 1111 2944 nec
1126 2885 1263 2955 naturae,

134 2986 195 3053 sed
210 3002 318 3051 carere
333 3002 399 3050 non
419 2994 558 3069 possunt
574 2986 682 3053 medio
696 2986 832 3072 subjecti
855 2996 889 3051 et
904 2988 1054 3073 negativo
1069 2994 1201 3070 propter
1217 3002 1266 3051 ra·

134 3094 262 3159 tionem
279 3092 379 3158 modo
393 3094 599 3177 explicatam.

205 3200 353 3284 Denique
376 3200 507 3267 relativa
529 3210 614 3266 certe
629 3219 696 3268 non
719 3202 923 3269 conveniunt
950 3200 983 3267 in
1002 3196 1168 3286 subjecto,
1184 3199 1266 3265 idem

133 3309 221 3375 enim
238 3326 302 3373 non
319 3311 368 3373 est
377 3312 516 3391 parton
526 3307 638 3394 filius,
661 3310 830 3374 secundum
850 3311 934 3393 quod
949 3312 1042 3390 pater
1066 3306 1203 3393 refertur
1223 3307 1268 3371 ad

122 3416 251 3502 filium.
272 3415 337 3482 Nec
359 3416 552 3481 conveniunt
571 3414 606 3481 in
629 3414 730 3482 aredio
751 3416 805 3483 sui
816 3416 941 3501 generis
963 3411 1032 3503 (2),
1056 3434 1119 3479 cun
1143 3414 1269 3480 nonsit

133 3525 171 3589 in
198 3522 341 3589 relativis
359 3522 456 3607 magri
478 3527 511 3589 et
531 3522 653 3606 minus,·
672 3524 785 3591 labent
801 3528 903 3589 tamen
920 3524 1084 3609 quenrdam
1105 3521 1266 3605 speculem

170 3757 217 3827 (r)
254 3754 380 3815 Proferri
394 3768 515 3828 possent
528 3754 559 3814 in
572 3749 753 3814 contrarium
769 3756 901 3828 exempla
922 3754 1058 3826 quiedam
1073 3751 1267 3813 terminorum

133 3848 166 3903 in
187 3848 317 3921 specie-m
335 3844 642 3915 contradictoriorum‚
663 3846 713 3904 sed
733 3844 785 3918 qui
805 3865 863 3903 non
884 3858 955 3903 sunt
976 3863 1049 3916 pure
1067 3842 1269 3903 contradicto·

133 3936 172 3995 rii
187 3956 218 3993 v.
233 3956 264 4009 g.
281 3936 363 3993 ltomo
377 3935 461 3993 albus
475 3948 504 3993 et
517 3935 599 3993 homo
613 3954 669 3993 noar
679 3934 775 3993 albus.
790 3934 826 3992 Hi
836 3955 908 4007 ergo
920 3955 955 3993 ex
968 3954 1002 3993 eo
1015 3934 1097 4006 quod·
1108 3932 1267 3992 admixtam

134 4028 250 4085 habent
271 4023 400 4097 aliquam
421 4024 673 4095 contrarietatem,
690 4026 801 4085 hebent
821 4044 941 4097 quoque
961 4044 1021 4084 non
1036 4022 1124 4084 modu
1138 4023 1268 4083 medium

131 4113 279 4187 subjecti,
293 4114 344 4173 red
359 4113 447 4173 etiam
462 4113 632 4193 negativum
650 4135 700 4188 per
714 4114 939 4189 abnegationem
954 4114 1123 4186 utriusque:
1144 4115 1269 4189 angelus

133 4206 230 4275 enim,
246 4204 353 4273 ardor,
370 4204 452 4279 lepis
465 4217 520 4285 etc.
532 4224 628 4277 neque
637 4218 684 4265 eet
693 4206 777 4264 homo
789 4206 893 4277 albus,
904 4224 1001 4278 neqrm
1010 4206 1094 4264 luero
1103 4225 1161 4264 noe
1171 4205 1267 4263 oldus.

135 4294 209 4355 V'rd.
227 4292 264 4353 S.
278 4294 335 4354 Th.
350 4292 462 4367 Opuee.
475 4292 514 4353 'de
529 4292 665 4376 Quotrter
675 4295 835 4371 oppositis,
850 4316 876 4353 e.
893 4314 921 4357 a.

126 4400 147 4463 ᾗ
170 4390 216 4452 (a)
254 4382 286 4442 td
298 4382 431 4458 intellige
444 4382 481 4443 de
497 4386 587 4459 puris
601 4382 744 4443 relativis:
768 4404 826 4443 non
842 4383 923 4443 enim
936 4384 1046 4455 desunt
1066 4382 1190 4445 relativa
1202 4403 1270 4457 quae

131 4475 298 4536 admixtam
317 4474 429 4533 habent
456 4470 707 4543 contrarietatem,
728 4475 852 4548 ideoque
871 4475 1002 4534 medium
1022 4474 1140 4551 generis
1163 4475 1270 4535 habere

130 4578 284 4640 possunt,
308 4578 456 4637 quatenus
474 4556 620 4624 contraria
635 4578 716 4625 eunt.
738 4564 787 4623 Sic
808 4564 885 4624 inter
903 4566 1000 4641 majus
1020 4566 1162 4625 erminus
1181 4564 1271 4624 datur

132 4655 269 4715 medium
281 4654 412 4727 ejusdem
420 4654 537 4729 generis
547 4652 678 4726 unicum,
689 4657 810 4730 oequele.
821 4654 893 4713 Vid.
905 4656 939 4714 P.
952 4654 1080 4715 Fonseen
1088 4656 1269 4731 (Meraprye.

132 4746 185 4809 lib.
208 4765 250 4813 ro.
268 4764 332 4817 cap.
351 4748 408 4812 ro.)
422 4742 485 4804 cfr.
503 4742 536 4803 S.
551 4744 656 4807 Thom.
674 4745 707 4807 in
722 4744 774 4805 lib.
792 4762 825 4805 ro
840 4745 982 4821 Metopon
997 4746 1062 4807 lect.
1074 4768 1102 4820 9.
1120 4795 1124 4803 .
