3492 5525
230 438 344 503 Anne.
360 452 421 501 aa·
431 438 483 501 Au
499 454 750 501 denotassent-10
770 456 823 501 erc
837 456 884 501 ex
903 454 1018 501 neces.
1034 454 1108 501 erc.
1130 433 1189 518 865

108 619 214 687 bitum
234 621 266 687 in
293 621 401 705 aliqua
428 628 518 705 parte
548 620 710 686 essentiali
729 616 793 708 (1).
821 621 862 688 Ut
881 620 908 687 si
927 620 1032 687 dicas:
1060 620 1160 687 Homo
1185 622 1233 683 est

105 728 229 793 animai
245 728 415 804 rationale,
436 728 486 793 vel
505 726 688 804 rahonaiis,
710 727 760 793 vel
788 727 912 794 arrimai
934 727 1062 805 vivens,
1084 726 1231 793 substan·

108 834 172 910 tie,
191 854 260 901 ans.

177 942 348 1008 Secundus
364 942 628 1029 modusdicendi
644 960 700 1025 per
712 960 747 1009 se
762 950 812 1009 est
829 941 900 1019 ilie,
917 942 950 1009 in
964 961 1031 1026 quo
1042 942 1228 1026 subjectum
1283 968 1350 997 secun
1368 969 1393 997 aa

109 1049 240 1131 ponitur
257 1049 290 1113 in
309 1048 499 1149 definitione
517 1048 695 1133 predicati,
716 1056 830 1133 utpote
848 1050 974 1114 habens
990 1064 1077 1115 cum.
1092 1050 1155 1113 hoc
1177 1066 1230 1112 ne·

108 1156 279 1221 cessariam
293 1156 550 1232 connexionem,
565 1163 601 1220 ut
620 1155 646 1222 si
666 1154 712 1221 sic
726 1154 893 1221 enunties:
909 1155 1009 1222 Homo
1022 1158 1069 1222 esi
1084 1153 1246 1234 risibilis;·

110 1282 185 1328 nam
208 1263 325 1337 risibile
344 1264 371 1327 si
396 1260 529 1328 desinire
549 1262 646 1339 velis,
666 1262 753 1328 dices
778 1280 848 1329 esse
864 1262 1033 1327 hominem
1056 1270 1170 1345 aptum
1189 1260 1230 1324 ad

109 1371 299 1453 ridendum;
320 1371 370 1435 vel
385 1370 413 1435 si
428 1370 549 1445 mavis,
565 1369 730 1436 secundus
749 1370 869 1437 modus
883 1369 1009 1436 dicendi
1025 1388 1083 1453 per
1096 1388 1132 1435 se
1146 1368 1230 1435 obti-

109 1487 182 1559 net,
197 1480 324 1561 quondo
336 1478 544 1560 praeeram
567 1480 613 1543 esi
633 1477 765 1559 propria
785 1478 894 1559 passio
914 1477 1047 1565 subjecti
1071 1473 1134 1565 (2);
1156 1494 1230 1560 pro-

108 1586 226 1667 prietas
250 1584 352 1661 enim,
375 1585 447 1650 licet
460 1586 502 1651 sit
521 1594 612 1651 extra
625 1584 801 1650 essentiam
822 1584 976 1669 subjecti,
999 1604 1040 1649 ex
1060 1603 1098 1647 ea
1118 1591 1229 1649 tamen

109 1693 289 1759 necessario
307 1692 470 1775 sequitur,
491 1694 663 1773 tanquam
677 1691 726 1767 id,
746 1692 816 1759 sine
839 1710 910 1775 quo
934 1691 1049 1756 saltem
1078 1690 1231 1757 naturali·

109 1808 159 1863 ter
176 1798 316 1865 essentia
334 1798 470 1884 subjecti
489 1816 560 1865 esse
580 1798 709 1881 nequit,
726 1798 776 1865 cui
792 1799 927 1883 proinde
942 1817 1048 1883 perse
1062 1796 1229 1863 convenit.

174 1906 302 1973 Tertius
322 1907 440 1971 modus
452 1906 579 1971 dicendi
595 1924 652 1989 per
666 1924 702 1971 se
716 1904 903 1991 assignatus
916 1926 935 1971 a
949 1905 1147 1988 Philosopho
1163 1921 1229 1969 non
1346 1918 1351 1928 ·

108 2012 235 2098 respicit
254 2013 534 2105 pradicationem,
551 2014 609 2078 sed
623 2012 829 2079 existentiam
843 2013 1092 2088 tantummodo,
1110 2029 1229 2094 nempe
1248 2088 1253 2095 ,

107 2140 175 2187 non
194 2129 244 2187 est
259 2120 379 2187 modus
396 2118 512 2204 aliquis
525 2127 584 2201 prr
600 2139 632 2185 se
645 2120 861 2203 predicandi,
887 2121 945 2186 sed
967 2129 1018 2187 est
1037 2119 1156 2185 modus
1169 2124 1232 2199 par

105 2246 140 2293 se
156 2228 289 2295 esseidi.
309 2226 437 2295 Tertius
455 2244 533 2311 ergo
557 2228 682 2293 modus
695 2226 821 2295 dicendi
846 2246 903 2313 per
921 2246 957 2293 se
978 2227 1133 2293 convenit
1151 2225 1232 2291 sub·

107 2334 254 2411 stantiae,
274 2342 379 2418 prout,
389 2333 599 2419 distinguitur
611 2333 652 2399 ab
666 2333 840 2410 accidenti,
857 2343 891 2399 et
909 2334 997 2401 idem
1016 2336 1101 2401 valet
1115 2352 1152 2398 ac
1166 2351 1230 2398 non

106 2460 172 2507 esse
190 2442 226 2507 in
240 2442 316 2507 alio.

174 2550 318 2627 Quartus
329 2549 470 2633 denique
485 2548 605 2615 modus
615 2548 740 2616 dicendi
752 2568 809 2633 per
823 2568 858 2615 se
872 2557 935 2625 est,
951 2568 1028 2615 cum
1042 2549 1228 2634 subjectum

106 2668 157 2756 est
175 2674 272 2722 causa
290 2674 347 2739 per
374 2674 410 2721 se
428 2655 608 2739 praedicati,
630 2667 666 2721 ut
688 2656 715 2721 si
735 2656 876 2723 dicatur:
891 2656 1063 2740 sagulatis
1080 2656 1229 2723 mahar:

104 2765 242 2832 naham
268 2766 423 2831 medetur:
453 2763 649 2830 citharedus
670 2767 780 2846 pulsat
805 2776 868 2832 etc.
890 2767 972 2833 Nam
994 2766 1158 2852 jugulatio
1180 2772 1232 2830 est
1340 2809 1352 2834 .

105 2891 205 2938 causa
225 2873 356 2948 mortis,
378 2880 409 2936 et
424 2871 560 2937 medicus
574 2871 814 2949 medicationis,
827 2881 860 2937 et
873 2873 1061 2938 citharedus
1074 2872 1231 2956 pulsatio·

108 2982 159 3046 nis
178 2979 256 3045 scite
282 2981 385 3045 iactae.
408 2978 430 3042 E
455 2997 614 3044 converso
638 2987 725 3044 esset
739 2980 924 3063 praedicatio
944 2999 1001 3063 per
1019 2981 1185 3054 accidens,
1201 2980 1228 3044 si

105 3087 283 3153 diceretur:
304 3085 446 3152 Medicus
472 3085 655 3171 citharizat,
685 3095 741 3153 aut
767 3087 955 3152 citharedus
978 3090 1134 3164 nudatur,
1154 3105 1229 3151 nam

107 3213 166 3280 per
183 3193 332 3260 accidens
350 3201 475 3276 spectat
493 3193 533 3258 ad
552 3193 703 3259 medicum
720 3193 928 3280 citharizare,
943 3213 1022 3261 cum
1041 3213 1108 3260 non
1127 3194 1231 3279 possit

106 3301 294 3368 citharizare
313 3318 380 3382 qua
397 3299 551 3377 audictis,
567 3300 626 3365 sed
640 3319 705 3383 qua
721 3301 922 3368 citharedus.

175 3409 284 3486 Quare
303 3427 344 3473 ex
362 3416 503 3490 quatuor
520 3407 591 3474 istis
606 3407 712 3474 modis
731 3427 788 3492 per
801 3427 854 3484 se,
875 3409 942 3474 duo
961 3408 1083 3492 priores
1102 3408 1233 3475 dumta-

106 3525 164 3582 xat
182 3514 369 3599 exprimunt
388 3515 595 3598 perseitatem
609 3515 862 3599 praedicationis;
879 3516 997 3583 tertius
1016 3535 1094 3583 vero
1113 3518 1234 3606 persei·¹

108 3633 211 3690 tatem
231 3621 378 3698 essendi,
398 3632 432 3687 et
449 3631 585 3706 quartus
605 3623 810 3705 perseitatem
829 3625 998 3690 causandi.
1093 3668 1098 3676 -

177 3737 298 3798 Unum
318 3737 405 3797 forte
423 3753 579 3814 quaeres,
605 3738 715 3796 utrum
737 3749 855 3816 nempe
874 3731 1020 3798 dicendae
1037 3731 1103 3798 sint
1120 3738 1181 3815 per
1200 3750 1234 3797 se

108 3839 350 3923 propositiones
368 3837 530 3904 indirecte
539 3833 550 3914 ,'
570 3849 622 3905 ut:
645 3838 746 3904 Omne
769 3817 889 3904 risibile
907 3842 955 3904 est
971 3839 1073 3916 homo,
1094 3847 1128 3904 et
1145 3839 1234 3905 simi-

108 3949 173 4026 les3
201 3965 276 4011 nam
297 3945 426 4010 videtur
449 3944 499 4010 his
517 3963 650 4028 quoque
668 3945 842 4012 convenire
861 3945 1008 4012 definitio
1027 3945 1123 4031 primi
1144 3947 1231 4012 modi

107 4053 235 4121 dicendi
252 4071 308 4137 per
323 4071 375 4128 se,
391 4051 551 4136 siquidem
568 4052 776 4136 praedicatum
789 4053 875 4118 homo
888 4064 939 4120 est
953 4071 1027 4139 pars
1037 4052 1234 4120 definitionis

108 4158 248 4246 subjecti
273 4157 404 4226 risibile.
431 4157 605 4244 Cajetanus
629 4159 716 4244 apud
739 4157 884 4226 Rubium
911 4159 966 4248 (3)
992 4159 1145 4228 affirmat.
1170 4160 1234 4226 Atii

148 4452 188 4514 (r)
224 4444 300 4503 Vide
315 4443 456 4514 Lossade,
472 4443 525 4501 loc.
539 4443 588 4502 cit.
606 4465 635 4504 n.
650 4465 678 4518 9,
693 4459 722 4504 et
736 4446 898 4518 generatim
912 4448 975 4505 ΑΑ.
995 4446 1144 4521 antiquos.

148 4537 188 4608 (2)
225 4533 303 4592 Vide
315 4534 435 4592 Auctor.
457 4533 566 4592 Summ.
591 4536 680 4592 totius
698 4535 815 4612 Logia„
831 4535 956 4595 Aristot.
973 4549 1055 4596 tract.
1075 4559 1104 4611 9,
1119 4557 1183 4612 cap.
1207 4559 1234 4598 a.

111 4623 173 4683 cir.
191 4625 230 4684 ib.
247 4635 330 4683 tract.
350 4645 373 4692 1,
389 4642 451 4695 cap.
467 4623 495 4692 63
511 4635 540 4682 et
558 4624 699 4684 Auctores
713 4625 853 4697 antiquos
867 4627 989 4698 passim.

148 4719 188 4786 (ς)
224 4712 301 4772 Vide
313 4712 456 4783 Rubium,
471 4711 521 4776 lib.
541 4734 551 4770 ι
568 4714 738 4784 Posterior„
758 4735 822 4788 cap.
835 4721 913 4788 4,‘q.
929 4736 956 4774 a.

1247 4833 1282 4907 55
