3492 5525
563 382 638 449 1108
693 386 818 452 Locren
833 386 1065 462 Maron-Lae.
1083 403 1154 467 ιω,
1176 390 1269 454 Drse.
1283 392 1330 454 6.·
1350 390 1431 455 Can.
1454 398 1523 453 nul

519 582 656 650 quame
683 586 859 648 converso,
890 578 927 637 ut
953 572 1084 655 aliquod
1113 582 1381 659 syncategorema
1407 572 1556 639 detrahat
1583 569 1629 633 vel

519 676 616 742 addat
630 685 707 745 etc:
723 696 824 763 quam
839 678 1088 746 indifferentiam
1099 680 1295 747 determinat
1309 681 1461 749 voluntas
1474 686 1631 763 praerenta

520 783 676 867 regulisnt
1045 844 1048 847 ,

588 892 761 959 Conclusio
779 894 877 961 etiam
897 895 1006 979 aliquo
1026 896 1126 963 modo
1141 896 1282 981 pendere
1302 890 1410 981 potest
1424 912 1444 959 a
1458 894 1631 960 voluntate.

519 1000 637 1065 saltem
657 1008 693 1065 ut
710 1002 830 1069 directa
849 1002 891 1069 sit
910 1005 960 1068 vel
979 1004 1147 1072 indirecta.
1170 1006 1261 1071 «Nec
1274 1014 1312 1070 ut
1329 1005 1521 1088 imperetur,
1541 1001 1633 1067 debet

520 1106 676 1190 praenosci
689 1108 880 1194 judicative,
901 1111 960 1177 sed
979 1113 1232 1197 apprehensive3
1254 1130 1295 1178 ex
1312 1130 1380 1195 quo
1400 1128 1468 1176 non
1491 1108 1633 1193 sequitur

519 1215 609 1297 quod
625 1216 808 1301 praeexistat
830 1226 906 1284 ante
925 1220 1110 1303 imperium.
1142 1222 1261 1298 lmmo,
1283 1218 1342 1286 etsi
1367 1236 1501 1303 prorsus
1528 1234 1634 1282 neces-

518 1322 601 1387 sario
628 1326 764 1390 resultet
789 1326 957 1392 conclusio
976 1346 1017 1393 ex
1042 1328 1234 1411 praemissis,
1253 1346 1329 1393 curn
1348 1336 1461 1392 tamen
1486 1327 1536 1389 lrae
1562 1342 1633 1406 pen-

517 1427 615 1497 deant
634 1432 851 1509 avoluntate,
871 1434 1038 1500 conclusio
1057 1436 1174 1501 evadet
1193 1434 1373 1501 voluntaria
1393 1431 1533 1499 mediate
1552 1432 1630 1495 etin

516 1555 628 1613 causa,
654 1540 744 1622 quod
771 1538 893 1606 sufficit
919 1542 960 1606 ad
988 1542 1147 1607 rationem
1178 1560 1326 1626 praxeos,
1355 1541 1409 1607 Sic
1439 1538 1562 1606 sanitas
1587 1551 1632 1603 est

516 1644 623 1728 praxis
642 1646 826 1724 Medicinae,
848 1649 920 1713 licet
934 1649 1091 1733 applicata
1107 1650 1224 1716 virtute
1245 1649 1561 1714 medicamentorum
1580 1664 1629 1709 ne·

516 1752 655 1818 cessario
675 1756 819 1820 resultet.
852 1754 1028 1822 Conclusio
1055 1766 1183 1833 tamen,
1218 1764 1254 1821 ut
1281 1758 1344 1822 hoc
1372 1756 1479 1821 obiter
1509 1761 1628 1823 notem,

517 1860 624 1944 praxis
642 1869 693 1926 est
712 1870 859 1945 respectu
879 1864 1062 1949 regularum
1079 1863 1216 1949 logicae,
1239 1882 1305 1929 non
1325 1872 1474 1947 respectu
1490 1860 1631 1945 praemis

515 1984 640 2049 sarum;
662 1969 712 2033 hae
728 1971 848 2053 quippe
863 1980 1011 2047 movent,
1024 1973 1080 2037 sed
1096 1989 1161 2037 non
1176 1970 1321 2055 dirigunt
1333 1970 1374 2035 ad
1388 1969 1627 2035 conclusionem

517 2076 707 2152 formalem,
728 2094 803 2143 cum
825 2096 891 2143 non
913 2079 1018 2155 illam,
1038 2079 1097 2143 sed
1115 2079 1186 2159 eius
1204 2077 1388 2163 objectum,
1405 2076 1561 2162 implicite
1577 2094 1629 2139 co
1711 2157 1712 2160 Ἴ

518 2192 704 2265 gnoscant»
724 2182 788 2271 (r).

583 2288 746 2355 Caeterum
774 2300 1008 2375 argumentum
1024 2293 1156 2360 allatum
1176 2294 1290 2358 saltem
1308 2311 1373 2358 non
1394 2292 1525 2375 prodest
1546 2291 1629 2357 Tho·
1711 2337 1713 2380 Γ

514 2396 617 2463 mistis
637 2404 670 2461 et
689 2397 852 2481 Scotlstis,
874 2399 1064 2465 adversariis
1078 2400 1212 2475 nostris,
1237 2400 1358 2483 quippe
1377 2398 1433 2482 qui
1448 2409 1629 2483 agnoscunt
1711 2385 1712 2416 ¹

511 2505 722 2571 directionem
748 2506 873 2591 Loglcae
895 2506 1084 2592 simpliciter
1103 2509 1333 2583 necessariam,
1355 2517 1411 2572 aut
1429 2516 1517 2572 certe
1536 2507 1628 2570 valde

513 2611 639 2688 utilem,
661 2612 701 2677 ad
721 2613 1029 2681 demonstrandum.

555 2724 661 2802 objic.
684 2720 737 2787 6.⁰
785 2720 899 2806 logica
927 2721 1070 2807 procedit
1102 2722 1201 2788 modo
1229 2722 1420 2788 resolutorio
1440 2740 1497 2806 per
1514 2722 1628 2786 desmi-

511 2825 632 2902 tiones,
653 2826 829 2894 divisiones
848 2849 886 2895 ac
912 2830 1220 2897 demonstrationes.
1249 2829 1348 2913 Atqui
1369 2830 1546 2914 procedere
1566 2831 1627 2894 lroc

511 2935 610 3000 modo
624 2944 673 3001 est
690 2935 855 3020 proprium
877 2937 1017 3002 scientiae
1036 2938 1254 3022 speculativae.
1277 2937 1403 3021 Ergo...
1710 3018 1711 3033 χ

579 3049 683 3126 Resp.
714 3043 790 3112 disi.
812 3042 928 3109 Minor.
959 3045 1015 3110 Est
1034 3045 1137 3109 solius
1163 3044 1308 3110 scientiae
1325 3044 1537 3128 speculativa»
1554 3063 1626 3128 neg,
1710 3036 1711 3051 ¹

512 3157 544 3214 et
559 3161 608 3216 est
623 3151 789 3234 proprium
810 3151 1019 3234 speculativae
1039 3152 1137 3216 etiam
1159 3152 1322 3235 practicae,
1342 3170 1430 3216 conc.
1710 3128 1711 3149 ¹

574 3255 657 3321 Nam
677 3258 774 3324 etiarn
794 3257 924 3323 Moralis
943 3279 976 3322 v.
997 3278 1032 3342 g.
1052 3267 1086 3322 et
1102 3257 1274 3332 Medicina,
1296 3275 1370 3340 quae
1388 3259 1534 3324 scientiae
1555 3277 1627 3341 pra·
1710 3260 1711 3263 ’

507 3363 597 3428 cticae
617 3373 711 3440 sunt,
729 3363 889 3430 deliniunt
907 3383 944 3429 ac
961 3366 1126 3441 dividunt,
1144 3366 1435 3448 demonstrantque
1449 3383 1508 3449 per
1524 3366 1628 3449 prima
1710 3414 1712 3417 -

509 3469 675 3555 principia.

550 3584 658 3661 objic.
675 3588 723 3663 7.⁰
769 3579 938 3662 Proprium
954 3588 1004 3645 est
1016 3580 1221 3663 speculativae
1236 3579 1392 3656 scientiae,
1408 3589 1445 3644 ut
1459 3580 1626 3666 objectum
1710 3560 1712 3583 '

506 3683 686 3751 universale
705 3687 958 3771 contempletur.
980 3687 1080 3769 Atqui
1100 3686 1269 3752 universali
1290 3686 1389 3752 modo
1403 3704 1508 3753 suurn
1536 3687 1628 3772 obje-

506 3800 596 3858 ctum
616 3795 858 3879 contemplatur
877 3793 1004 3880 logica.
1026 3794 1151 3878 Ergo...

561 3902 676 3983 Resp.
706 3903 821 3967 eodem
850 3902 961 3967 modo.
983 3899 1014 3965 Si
1039 3901 1171 3985 quando
1192 3900 1397 3985 cognitiones
1419 3901 1625 3985 objectorum

505 4012 536 4073 ln
558 4008 730 4074 universali
751 4018 907 4074 vocantur
920 4008 1126 4091 speculativae
1140 4009 1226 4091 apud
1242 4008 1281 4074 D.
1299 4006 1460 4073 Thomam
1481 4018 1513 4073 et
1528 4009 1623 4079 alios.
1709 4018 1710 4087 ᾗ

504 4134 612 4181 sermo
632 4126 680 4182 est
699 4117 739 4180 de
766 4116 967 4199 speculativo
985 4116 1178 4200 improprio,
1199 4125 1363 4199 quatenus
1375 4116 1626 4199 contraponitur

503 4224 641 4307 practico
669 4224 794 4310 vulgari
821 4231 853 4288 et
880 4223 1122 4307 experimentali
1152 4223 1339 4289 consistenti
1370 4224 1403 4288 in
1433 4211 1625 4308 cognitione
1709 4216 1711 4249 ⁵

501 4331 715 4415 singularium
748 4339 781 4397 et
814 4349 901 4396 nunc
927 4332 1106 4415 agibilium.
1137 4330 1183 4394 De
1213 4343 1327 4396 caetero
1358 4332 1446 4396 nulla
1476 4340 1527 4396 est
1555 4349 1623 4402 ars,
1709 4350 1711 4439 p

502 4438 598 4503 etiam
633 4438 834 4514 mechanica,
870 4456 944 4520 quae
983 4439 1109 4524 regulas
1140 4437 1292 4521 practicas
1324 4439 1525 4504 universales
1554 4457 1623 4502 non

534 4675 575 4738 (r)
611 4669 754 4746 Lossada,
767 4669 819 4730 loc.
830 4668 893 4740 cit.¹
906 4687 936 4728 n.
955 4669 997 4726 16.
