3492 5525
264 488 379 554 Attrtc.
399 504 458 556 λυ·
470 488 660 556 Vealcrrns
676 508 895 557 recurrerunt
909 510 1137 559 coenosctrrv.
1172 492 1227 578 583

144 691 219 755 quae
234 692 274 739 ex
289 672 359 757 ipso
375 680 498 739 naturae
509 672 660 740 instituto
677 674 810 758 perinde
829 692 865 741 se
878 675 996 743 lrabeat
1015 687 1163 761 respectu
1178 696 1280 746 com-.

146 781 296 849 munium
316 780 535 859 sensibilium,
556 780 641 851 sicut
659 801 694 851 se
714 782 835 851 habent
853 783 974 868 singuli
992 786 1131 853 seorsim
1150 804 1269 854 sensus

145 896 292 975 respectu
312 889 541 974 propriorum·

211 996 322 1081 ltaque
341 997 451 1082 potius
468 997 642 1091 dicendqm
663 1007 728 1075 est,
749 1016 875 1067 errores
893 1020 1011 1069 sensus
1029 1002 1112 1069 circa
1130 1001 1268 1069 sensibi-

145 1104 185 1169 lia
204 1104 410 1181 cornrnunia,
430 1103 514 1171 sicut
534 1112 566 1172 et
584 1106 665 1172 circa
688 1106 767 1185 alia,
788 1109 900 1194 detegi
918 1110 1150 1193 emendarique
1170 1128 1269 1194 posse

145 1230 207 1294 ope
225 1212 358 1279 aliarum
378 1214 586 1291 facultatum,
607 1234 643 1281 ac
658 1216 852 1283 nominatim
875 1217 1075 1294 intellectus,
1092 1219 1187 1303 cuius
1209 1217 1269 1283 erit

145 1318 313 1402 aptissima
331 1338 471 1405 quaeque
490 1320 529 1389 ad
549 1322 581 1388 id
599 1323 815 1390 obtinendum
832 1326 980 1409 praesidia
998 1326 1152 1412 seligere,
1173 1332 1270 1411 prout

147 1428 262 1494 rerum
275 1429 428 1514 adjuncta
445 1430 643 1497 suadebunt.

196 1606 269 1656 111.
317 1592 513 1657 Pnoeostrlo
537 1606 584 1676 3.·
629 1588 833 1676 tmaginetio'
854 1608 890 1661 et
907 1599 1092 1672 memoria,
1117 1599 1196 1663 licet
1212 1600 1271 1661 ab·

50 1684 58 1696 ⁸
145 1705 257 1765 solute
273 1711 377 1782 atque
398 1704 435 1765 in
458 1721 497 1767 se
522 1704 751 1767 consideratae
777 1706 869 1768 circa
897 1706 1075 1785 proprium
1096 1715 1212 1769 ectum
1236 1715 1271 1769 et

145 1812 316 1888 obiectum
335 1808 476 1873 'veraces
494 1812 576 1881 sint,
591 1820 738 1889 possunt
755 1820 872 1903 tamen
883 1814 1070 1875 intellectui
1081 1814 1270 1877 multorum

144 1919 302 1998 praebere
320 1918 536 1981 occasionem
553 1935 724 1981 errorum.

213 2074 246 2139 ln
260 2092 300 2145 ¹se
319 2063 454 2157 quidem
474 2083 506 2140 et
524 2073 673 2140 absolute
692 2076 905 2144 consideratae
925 2095 1058 2144 veraces
1079 2086 1169 2145 sunt.
1184 2076 1269 2143 Nam

147 2188 237 2248 actus
256 2182 405 2266 proprius
418 2180 659 2267 imaginationis
670 2190 721 2249 est
731 2184 946 2267 reproducere
958 2185 1095 2260 aliorum
1109 2202 1269 2251 sensuum

147 2289 465 2373 repraesentationes,
486 2297 584 2373 atque
603 2289 778 2357 intellectui
793 2292 925 2357 easdem
935 2293 1088 2359 exhibere
1098 2302 1269 2376 tamquam

148 2397 334 2474 materiam,
355 2396 437 2463 circa
456 2416 557 2481 quam
578 2397 628 2465 hic
647 2416 742 2463 suam
763 2408 912 2465 exerceat
936 2400 1148 2466 activitatem.
1172 2400 1210 2467 ttt
1228 2400 1272 2465 si·

146 2505 212 2571 mili
234 2504 333 2571 modo
353 2504 393 2570 ad
413 2506 606 2571 memoriam
627 2513 751 2589 spectat
766 2505 946 2572 recordatio
960 2526 996 2572 ac
1008 2505 1272 2593 recognitiosen-

146 2611 309 2678 sationum
329 2612 408 2677 olim
429 2612 708 2694 habitarumlam
729 2621 839 2679 autem
859 2614 969 2691 vides,
989 2615 1217 2699 deceptionem
1236 2614 1270 2679 in

146 2720 306 2806 ejusmodi
321 2728 394 2786 actu
413 2720 601 2806 contingere
620 2721 712 2787 aliter
731 2738 797 2787 non
811 2723 936 2800 valere,
956 2725 1119 2806 quamvel
1131 2741 1173 2789 ex
1187 2740 1271 2788 erro

43 2897 47 2902 ,
146 2847 179 2893 re
207 2827 344 2894 aliorum
368 2846 547 2904 sensuum,
568 2828 710 2911 quorum
737 2831 1058 2913 repraesentationem
1082 2831 1270 2916 imaginatio

147 2936 347 3021 reproducit,
369 2937 419 3001 vel
437 2956 477 3002 ex
493 2936 571 3001 vitio
586 2936 682 3022 hujus
692 2937 794 3021 ipsius
805 2938 980 3020 facultatis3
1002 2938 1146 3023 primum
1159 2948 1269 3004 autem

146 3047 261 3109 horum
274 3044 424 3127 praecedit
433 3055 543 3109 actum
555 3045 813 3129 imaginationis,
833 3063 893 3110 nec
906 3045 1042 3129 proinde
1057 3046 1269 3113 tribuendum

147 3151 190 3216 illi
210 3160 276 3226 est,
297 3153 434 3216 alterum
455 3171 532 3228 vero
559 3152 747 3219 contradicit
774 3152 997 3236 experientiae,
1028 3171 1103 3237 quae
1131 3163 1270 3220 testatur

146 3257 412 3342 imaginationem
434 3258 569 3324 minime
584 3277 792 3343 corrumpere
803 3267 859 3324 aut
873 3258 1048 3326 infideliter
1060 3263 1176 3328 referre
1196 3280 1271 3329 scn-

145 3365 288 3432 sationes
305 3360 516 3432 externorum
536 3384 712 3444 sensuum,
736 3367 793 3432 sed
813 3366 944 3432 easdem
965 3369 1199 3436 tantummodo
1221 3367 1270 3434 in-

146 3473 313 3558 geminare
332 3473 469 3540 variatas
488 3475 669 3541 secundum
683 3473 905 3569 intensitatem
919 3475 1176 3560 claritatemque.

214 3581 323 3664 Atque
341 3581 428 3647 idem
444 3583 508 3648 sere
523 3582 697 3648 dicendum
717 3591 766 3648 est
784 3581 825 3646 de
847 3582 1018 3648 memoria.

213 3687 434 3755 Nihilominus
456 3701 529 3758 tum
549 3688 758 3776 imaginatio,
778 3696 850 3754 turn
871 3690 1029 3756 rnetnoria
1048 3691 1206 3774 proclives
1229 3689 1269 3754 ad

146 3814 290 3861 errorem
319 3797 489 3874 dicuntur,
521 3797 597 3881 quia
627 3798 770 3882 ipsarum
800 3805 892 3863 actus
919 3799 1045 3865 occasio
1078 3817 1167 3884 saepe
1192 3807 1270 3864 sunt

147 3903 392 3988 deceptionum.
420 3907 503 3972 Nam
531 3906 686 3988 quoniam
711 3905 900 3991 imaginatio
924 3905 1057 3991 percipit
1075 3907 1202 3994 objecta
1235 3905 1268 3972 in

147 4031 262 4078 eorum
281 4012 426 4079 absentia
447 4013 662 4097 exprimendo
685 4013 844 4100 imagines
867 4032 983 4079 eorum
998 4023 1042 4079 ac
1058 4022 1271 4099 repraesenta·

145 4119 252 4186 tiones
265 4118 389 4185 similes
404 4120 549 4197 illarum,
571 4139 645 4202 quae
664 4139 720 4206 per
738 4140 855 4188 sensus
872 4132 1024 4188 externos
1040 4122 1156 4189 habitae
1174 4128 1266 4199 sunt,

147 4227 361 4311 praesentibus
376 4227 455 4312 ipsis
469 4228 620 4313 objectis,
640 4227 729 4294 facile
744 4229 811 4294 lieri
828 4237 952 4314 potest,
974 4229 1034 4296 nisi
1050 4229 1131 4296 ratio
1144 4229 1266 4315 vigilet,

147 4343 183 4400 ut
202 4334 345 4421 objecta,
366 4354 440 4419 quae
460 4336 596 4412 absunt,
617 4336 786 4419 praesentia
801 4334 1028 4403 existimentur
1042 4337 1085 4403 ob
1104 4337 1264 4423 imagina-

146 4440 245 4510 tionis
273 4441 481 4519 relationem,
511 4442 721 4527 potissimum
746 4444 772 4510 si
792 4443 930 4510 vividior
951 4443 1054 4513 steret.
1077 4445 1147 4511 lloc
1166 4446 1268 4510 modo

146 4549 179 4616 in
199 4550 340 4624 morbis,
361 4549 557 4628 insomnis,
578 4551 610 4617 in
627 4550 743 4617 mediis
762 4551 921 4628 tenebris,
943 4553 975 4617 in
999 4553 1106 4630 silvis,
1123 4552 1268 4635 locisque

146 4656 297 4724 solitariis
316 4656 406 4722 facile
424 4657 584 4726 excitatur
601 4657 788 4742 phantasia,
805 4667 841 4724 ut
855 4658 959 4744 lingat
973 4659 1134 4747 imagines
1149 4662 1270 4726 multa-

148 4784 221 4832 rum
238 4783 365 4841 rerum,
382 4783 455 4848 quae
475 4785 541 4832 non
560 4775 654 4844 sunt,
672 4765 764 4849 quasi
780 4775 890 4834 essent
909 4785 1032 4852 reapse.
