3492 5525
508 487 567 553 108
895 489 1021 555 Lootca
1041 486 1163 551 Muros

465 671 569 739 habeo
593 672 775 758 simplicem
800 671 1108 758 apprehensionem.
1134 669 1273 736 Affirmo
1291 677 1421 752 corpora
1444 669 1586 746 existere,

463 782 526 846 duo
539 799 577 846 uc
596 780 659 848 trra
671 799 736 845 essa
750 780 899 870 quinqua:
913 790 1024 848 actum
1039 778 1132 845 elicio
1148 776 1273 864 judicii.
1291 777 1452 856 Demum,
1469 777 1496 843 si
1515 786 1591 862 post

463 886 631 973 cognitam
646 885 852 956 existentiam
873 887 1006 972 mundi,
1027 887 1147 972 colligo
1166 877 1284 951 exinde
1302 885 1449 971 supremi
1467 883 1591 951 Condi·

463 995 543 1062 toris
557 994 781 1076 existentiam;
799 994 894 1079 posui
909 1004 1019 1061 actum
1036 991 1191 1059 ratiocinii
1210 989 1224 1080 (
1249 988 1275 1080 ).

530 1103 681 1168 «Harum
698 1106 799 1168 autem
813 1103 1023 1185 operationum
1032 1101 1137 1184 prima
1156 1098 1325 1165 ordinatur
1341 1101 1386 1164 ad
1401 1099 1584 1176 smundmn,

462 1209 614 1294 quianon
627 1214 802 1294 potestesse
815 1211 991 1293 compositio
1003 1213 1035 1276 et
1049 1206 1164 1274 divisio
1176 1204 1365 1295 (judicium)
1388 1206 1454 1272 nisi
1468 1206 1590 1288 simpli-

462 1317 546 1383 cium
562 1318 833 1400 apprehensurum.
853 1319 999 1385 Secunda
1018 1336 1092 1382 varo
1110 1316 1279 1381 ordinatur
1296 1316 1340 1380 ad
1356 1314 1496 1394 tertiam;
1513 1313 1588 1397 quia

461 1423 608 1490 auertat
615 1429 741 1509 oportet,
754 1428 839 1510 quad
844 1445 886 1492 rx
893 1425 999 1511 alr'quo
1006 1443 1080 1490 vero
1086 1423 1229 1508 cognitio,
1239 1421 1294 1488 cui
1301 1423 1475 1487 intellectus
1482 1440 1588 1486 assen-

462 1530 530 1608 tar,
552 1535 704 1615 procedat
722 1535 767 1599 ad
786 1533 1003 1600 certitudinem
1024 1530 1238 1615 accipiendam
1261 1533 1300 1595 de
1321 1529 1480 1614 aliquidem
1501 1529 1589 1612 gno-

465 1631 560 1726 iisa(
584 1638 612 1726 )
956 1634 960 1640 ’
1172 1663 1177 1674 ’

527 1744 753 1822 Quamobrem
789 1749 858 1829 haec
888 1735 984 1815 nobis
1010 1746 1113 1815 totius
1138 1747 1237 1832 hujus
1266 1742 1484 1822 tractationis,
1520 1763 1586 1808 non

461 1852 572 1920 minus
588 1853 728 1938 simplex
742 1872 843 1940 quam
858 1849 908 1921 'rei
931 1853 1133 1921 conveniens
1152 1852 1287 1930 divisio,
1312 1872 1347 1917 ac
1371 1869 1480 1918 rerum
1503 1853 1585 1917 ordo

459 1960 623 2028 tenendus
637 1969 703 2038 est,
723 1969 759 2028 ut
779 1961 924 2048 primum
942 1961 983 2028 de
1003 1962 1059 2038 iis,
1080 1979 1150 2045 pure
1167 1962 1212 2025 ad
1227 1958 1398 2042 simplicem
1417 1959 1585 2042 appenten-

458 2065 591 2144 sionem,
607 2075 681 2132 tum
700 2066 742 2133 de
761 2069 815 2145 iis,
834 2086 910 2152 quae
924 2070 964 2135 ad
979 2068 1158 2156 judiacum,
1178 2087 1215 2133 ac
1231 2067 1365 2133 tandem
1381 2066 1422 2131 de
1437 2065 1493 2143 iis,
1509 2085 1584 2150 quae

454 2174 500 2268 ad
514 2174 692 2240 discursum
709 2193 747 2240 aa
766 2176 969 2242 ratiocinium
979 2183 1148 2264 spectant,
1164 2174 1374 2260 disputemus
1388 2170 1453 2262 (3).

526 2279 609 2376 Sunt
623 2283 674 2372 alii
688 2290 818 2362 tamen,
837 2284 894 2368 qui
917 2282 1111 2368 diuisionem
1134 2281 1315 2350 Dialecticae
1335 2301 1376 2348 ex
1395 2281 1461 2347 fine
1480 2281 1583 2365 ipsius

458 2389 644 2458 ducendam
665 2407 736 2456 esse
757 2388 997 2459 existimarunt.
1018 2391 1130 2474 ltaque
1151 2398 1202 2456 tot
1221 2389 1250 2456 ei
1273 2399 1381 2475 partes
1399 2389 1581 2474 assignant,

428 2679 432 2688 ,
494 2625 535 2688 (r)
572 2600 684 2680 Passim
701 2619 804 2678 audies
817 2619 937 2678 nomina
951 2620 1136 2689 attentionis,
1151 2617 1342 2690 reflexionis,
1363 2620 1582 2688 abstractionis,

458 2711 625 2786 synthesis,
645 2712 876 2786 comparationis
892 2723 947 2769 etc.
971 2709 1011 2768 Hi
1035 2723 1132 2769 tamea
1151 2722 1236 2768 aetus
1254 2707 1336 2769 facile
1355 2724 1527 2769 revocantur
1545 2710 1582 2767 ad

457 2799 584 2872 aliquem
599 2820 634 2859 ex
648 2800 743 2861 tribus
756 2799 919 2874 praedictis,
934 2814 986 2859 aut
999 2800 1168 2859 eorumdem
1182 2798 1395 2871 suntquaedam
1405 2798 1582 2858 affectiones.

513 2890 645 2951 Attentio
662 2889 739 2949 enim
760 2904 805 2950 est
823 2910 857 2948 ea
881 2889 1025 2962 operatio,
1045 2908 1104 2961 qua
1125 2908 1257 2948 mens-ex
1271 2889 1406 2960 pluribus
1419 2888 1583 2947 rationibus

456 2992 509 3037 aut
530 2978 663 3051 objectis,
683 2999 750 3051 quae
772 2980 862 3040 simul
884 2992 1056 3049 occurrunt,
1079 2998 1172 3037 tinum
1195 2998 1256 3051 prae
1273 2978 1332 3037 alio
1352 2977 1533 3049 considerat,
1549 2978 1582 3037 in

457 3066 530 3126 illud
548 3068 701 3127 dumtaxat
720 3072 856 3127 obtutum
878 3067 1041 3142 defigendo.
1057 3066 1184 3126 Ressexio
1197 3082 1242 3127 est
1258 3064 1410 3126 conversio
1428 3068 1535 3127 mentis
1549 3062 1589 3127 in

457 3156 589 3230 proprios
598 3170 680 3217 actus
690 3158 940 3230 contemplandos.
953 3158 1118 3216 Abstractio
1127 3149 1172 3216 est'
1182 3157 1304 3216 attentio
1318 3158 1465 3229 quaedam,
1477 3177 1536 3229 qua
1545 3178 1582 3216 ex

458 3246 591 3319 pluribus
604 3258 710 3306 natura
723 3247 888 3320 coniunctis
899 3267 991 3306 unum
1001 3247 1064 3307 sine
1074 3248 1166 3306 altero
1175 3246 1422 3320 apprehenditur,
1433 3260 1467 3306 ut
1480 3246 1505 3306 si
1518 3247 1582 3305 ani·

457 3356 512 3396 mae
525 3336 760 3409 spiritualitatem
774 3336 894 3411 cogites,
905 3358 965 3396 non
979 3337 1105 3410 cogitata
1117 3336 1248 3408 eiusdem
1262 3336 1490 3397 immortalitate.
1503 3336 1581 3410 Syn-

457 3426 549 3485 thesis
561 3439 606 3485 est
618 3425 785 3496 conjunctio
800 3426 928 3499 plurium
943 3426 1074 3485 idearum
1086 3426 1118 3485 in
1132 3446 1241 3495 unum,
1256 3440 1290 3485 ut
1298 3426 1325 3484 si
1337 3427 1469 3485 chartam
1483 3426 1580 3485 albam

456 3512 619 3589 intelligas,
638 3515 684 3574 vel
705 3514 730 3574 si
748 3516 860 3587 judices
877 3516 975 3588 ignem
996 3517 1175 3574 comburere.
1195 3515 1328 3573 Tandem
1343 3515 1522 3588 comparatio
1534 3530 1582 3575 eat

454 3619 552 3676 actus,
568 3623 724 3677 quomens
740 3605 839 3677 plures
858 3604 937 3664 ideas
956 3605 1034 3663 inter
1049 3624 1081 3663 se
1095 3604 1261 3676 conserens,
1277 3604 1364 3664 modo
1383 3604 1477 3675 hane,
1492 3605 1582 3665 modo

454 3694 534 3754 iliam
546 3708 717 3765 contuetur,
733 3706 767 3755 ut
782 3708 901 3755 mutuas
914 3694 1082 3753 earumdem
1096 3694 1254 3754 relationes
1268 3693 1433 3769 investiget.
1539 3698 1546 3712 ⁴

507 3786 604 3857 Atque
625 3784 701 3844 idem
720 3784 767 3844 dic
785 3784 823 3843 de
840 3785 1011 3860 suspicione
1032 3797 1065 3843 et
1083 3776 1275 3844 admirdtione
1294 3804 1361 3856 quae
1376 3782 1470 3856 prima
1484 3783 1583 3845 fronte

455 3888 572 3946 possent
594 3874 802 3947 incipientibus
824 3873 917 3933 videri
935 3874 1059 3933 diversae
1080 3895 1098 3931 a
1117 3874 1213 3933 tribus
1233 3873 1455 3945 operationibus
1472 3872 1582 3935 mentis

453 3984 543 4036 supra
556 3962 715 4026 recensitis.
737 3962 875 4036 Suspicio
889 3962 967 4021 enim
986 3975 1031 4022 est
1047 3961 1169 4036 simplex
1185 3963 1318 4034 quaedam
1335 3960 1529 4035 apprehensio
1546 3963 1580 4022 in

453 4052 594 4125 judicium
617 4051 776 4112 inclinans:
800 4052 955 4111 admiratio
976 4072 1045 4111 vero
1069 4065 1114 4111 est
1133 4052 1247 4111 affectio
1263 4052 1357 4111 animi
1375 4052 1523 4112 resultans
1542 4074 1581 4111 ex

452 4140 696 4216 contemplatione
705 4138 830 4215 alieuius
843 4142 977 4210 effectus,
993 4142 1079 4214 cujus
1092 4161 1180 4201 eausa
1194 4141 1357 4215 ignoratur.

489 4237 531 4298 (a)
567 4232 602 4291 S.
617 4232 723 4291 Thom.
740 4233 903 4291 Periherm.
920 4231 972 4293 lib.
990 4252 1002 4289 r
1017 4231 1084 4290 lect.
1101 4252 1126 4291 r.

488 4326 529 4394 (3)
566 4320 706 4380 Eamdern
720 4320 909 4395 partitionem
932 4320 1119 4394 amplectitur
1140 4320 1174 4379 S.
1192 4320 1323 4380 Thomas
1341 4333 1371 4380 et
1387 4319 1509 4393 plurimi
1527 4318 1581 4380 alii

453 4424 566 4470 veteres
579 4410 727 4470 Doctores.
736 4410 807 4470 Vid.
818 4410 851 4470 S.
867 4412 924 4471 Th.
936 4412 1098 4470 Peritrerrn.
1111 4410 1162 4476 lib.
1176 4430 1201 4481 ις
1212 4412 1279 4469 lect.
1292 4430 1318 4479 ις
1333 4410 1483 4469 Posterior
1491 4411 1580 4469 Ana·

454 4500 570 4575 tyticor'.
597 4500 617 4560 l.
644 4522 672 4571 r,
695 4500 759 4559 lect.
788 4522 816 4572 ις
840 4500 952 4559 Suram.
977 4502 1067 4559 totius
1087 4500 1211 4577 Logicoe
1230 4500 1360 4559 Aristar.
1383 4499 1415 4559 in
1435 4500 1578 4558 Promea..-

452 4589 584 4662 sliosque
607 4590 716 4662 passim
740 4604 853 4649 veteres
870 4590 1041 4664 scriptores,
1060 4603 1091 4649 et
1113 4588 1287 4649 nominatim
1308 4588 1401 4649 Card.
1422 4589 1515 4649 Tolet.
1543 4592 1579 4649 in

457 4682 594 4741 Univers.
617 4681 713 4739 Arist.
735 4680 888 4757 Logicam,
911 4681 1039 4741 Prooem.
1062 4692 1168 4752 quaest.
1187 4681 1216 4740 ⁶.
1232 4678 1295 4741 Cir.
1307 4678 1347 4739 ib.
1367 4679 1412 4739 De
1426 4680 1580 4741 Praedica-

452 4771 566 4839 mentis,
583 4768 678 4831 initio.
