3492 5525
250 503 368 566 Anrrc.
385 517 444 564 nn·
460 503 510 566 Au
526 518 620 564 onon.
638 520 687 564 sn
701 517 965 565 rnuurssrunen
978 519 1076 564 vens.
1129 513 1189 584 445

108 699 183 748 esse
207 681 416 766 contingenter
438 699 548 748 veram
568 699 604 746 ac
622 680 814 746 mutabiliter
836 699 960 748 veram.
995 679 1232 766 Contingenter

109 807 192 876 esse,
203 807 315 856 veram
335 789 507 874 importat,
527 789 617 872 quod
635 789 778 872 potuerit
793 807 860 854 non
874 806 947 854 esse
966 807 1055 855 vera.
1075 787 1119 852 At
1137 788 1234 854 dubi·

108 895 169 963 tari
189 905 309 981 potest,
332 904 444 963 utrum
468 893 658 980 propositio,
679 913 754 980 quae
773 895 805 962 in
826 895 930 980 prima
948 895 999 962 sui
1018 895 1233 978 productione

110 1003 252 1089 potuerit
269 1022 335 1069 non
349 1021 420 1070 esse
436 1022 528 1080 vera,
546 1002 648 1087 possit
668 1021 769 1068 necne
785 1003 954 1068 veritatem
969 1004 1072 1068 semel
1088 1000 1232 1068 habitam

110 1111 274 1177 amittere.
305 1112 343 1176 Et
369 1111 410 1176 ad
438 1111 664 1178 resolvendam
701 1111 784 1176 hanc
813 1109 1052 1176 dubitationem
1090 1127 1234 1195 praesens
1275 1127 1346 1174 varta
1363 1129 1422 1174 cua

110 1217 292 1284 instituitur
314 1219 545 1300 controversia;
575 1219 608 1284 in
636 1237 701 1302 qua
725 1237 791 1285 non
807 1218 900 1301 pauci
915 1219 1100 1302 negativam
1119 1225 1234 1284 tenent
1247 1201 1447 1329 qufflfflp(

109 1326 308 1392 sententinm
332 1344 409 1392 cum
437 1328 532 1393 Petro
560 1323 704 1392 Hurtado
732 1322 794 1413 (t),
816 1323 985 1392 Francisco
1008 1323 1126 1391 Soarez
1156 1323 1235 1390 lusi·
1307 1344 1385 1388 uuna

110 1443 192 1500 tano
206 1429 270 1522 (2),
293 1433 406 1499 Pontio
423 1429 488 1520 (3),
506 1431 638 1516 Arriaga
656 1429 721 1519 (4),
736 1431 888 1516 aliisque.

180 1540 223 1606 m
242 1559 320 1606 vero
341 1541 547 1606 communior
569 1539 680 1623 opinio
699 1548 749 1606 est
766 1558 895 1617 eorum,
923 1539 980 1622 qui
998 1539 1120 1606 docent
1137 1556 1234 1623 posse

111 1647 371 1732 propositionem
390 1665 500 1713 veram
527 1647 791 1732 contingentem,
818 1649 997 1714 naturalem
1017 1655 1050 1712 et
1067 1647 1236 1712 ineviden-

110 1765 195 1832 tem,
216 1755 305 1821 abire
322 1755 355 1821 in
375 1757 501 1822 falsam.
526 1757 570 1823 lta
586 1754 621 1822 S.
641 1755 785 1822 Thomas
802 1737 869 1843 (5),'
885 1773 961 1822 cum
979 1755 1153 1822 Aristotele
1166 1749 1233 1841 (6),

111 1871 145 1928 et
177 1872 292 1929 auctor
317 1863 453 1930 Summo
475 1862 568 1930 totius
585 1862 701 1946 Logr'eoe
717 1862 898 1930 Aristrtetis
923 1859 989 1950 (7),
1010 1861 1143 1938 Sootus,
1167 1857 1233 1948 (8),

112 1967 233 2036 Suarez
251 1966 316 2057 (9),
336 1969 461 2038 Rubius
476 1966 561 2058 (to),
578 1968 726 2036 Valentia
740 1967 826 2058 (11),
842 1967 1008 2056 sylvester
1025 1970 1128 2036 Mauri
1145 1964 1233 2056 (12),

112 2076 251 2164 Semery
274 2073 360 2165 (13),
381 2077 474 2164 Mayr
491 2073 576 2165 (14),
599 2077 730 2144 Rhodes
757 2074 844 2166 (15),
869 2077 915 2142 De
944 2076 1123 2144 Benedictis
1144 2072 1233 2163 (16),

112 2185 257 2251 Lossada
281 2182 368 2272 (17),
399 2183 520 2256 Quiros
545 2183 633 2272 (18),
652 2183 794 2264 (oannes
813 2203 831 2250 a
850 2184 887 2251 S.
908 2185 1035 2252 Thoma
1058 2181 1146 2272 (19),
1167 2185 1237 2250 lla·
1284 2237 1290 2248 .

113 2291 216 2358 strius
229 2289 315 2380 (20),
336 2301 369 2357 et
387 2291 452 2360 alii.

159 2450 214 2520 26.
265 2454 467 2520 Prooosmo.
480 2459 598 2520 Potest
606 2457 793 2537 propositio
803 2458 1042 2536 contingenter
1052 2463 1237 2520 νει-11111111·

113 2567 187 2628 sire
207 2566 244 2627 in
259 2566 396 2628 taleam.

184 2727 287 2790 Prob.
300 2719 533 2806 Supponamus
547 2724 630 2788 hanc
644 2721 918 2807 propositionem:
935 2722 1047 2789 Petnes
1057 2723 1154 2799 sedet,
1169 2721 1237 2789 duo

2 2874 4 2943 Ξ
112 2828 270 2897 instantia
298 2829 430 2895 durare:
451 2810 529 2897 nihil
557 2831 701 2915 protecto
729 2838 832 2905 vetat,
854 2829 1034 2914 quominus
1061 2831 1176 2897 Petrus
1202 2829 1237 2895 in

150 3085 194 3145 (1)
229 3082 275 3138 De
287 3080 413 3148 Animo,
429 3078 505 3151 disp.
517 3100 544 3152 9,
556 3091 625 3138 sect.
639 3099 668 3152 4.

149 3172 193 3235 (a)
229 3170 274 3227 De
288 3168 415 3235 Anime,
436 3180 520 3227 treet.
537 3190 562 3242 3,
578 3168 653 3241 disp.
670 3186 696 3238 a,
708 3180 776 3229 sect.
792 3186 821 3242 4,
837 3185 954 3242 perege.
969 3186 997 3243 4.

150 3264 194 3328 (3)
230 3258 345 3335 noge,
361 3258 435 3330 disn-
457 3278 498 3332 ¹9.
514 3278 543 3329 q·
561 3280 586 3331 s·

150 3348 195 3421 (4)
229 3348 345 3421 Logia,
360 3347 436 3419 disp.
454 3366 494 3420 14,
511 3359 580 3407 sect.
596 3366 623 3405 a.

149 3439 195 3508 (5)
235 3457 246 3493 1
263 3456 292 3509 p.
303 3456 333 3508 q.
352 3455 392 3511 14,
409 3450 465 3495 ort.
485 3455 526 3511 15,
541 3438 587 3495 ad.
606 3447 669 3511 3.¹'¹
683 3440 717 3497 de
731 3438 821 3497 Venit.
838 3458 868 3509 q.
887 3460 911 3509 1,
929 3450 985 3497 art.
1000 3438 1028 3497 6.

149 3528 195 3593 (6)
230 3528 275 3584 De
289 3524 442 3603 Cougion,
457 3546 518 3599 esp.
537 3545 563 3599 5,
578 3528 612 3584 de
625 3526 799 3587 Substantia
811 3546 914 3586 versus
928 3527 979 3587 fin.

149 3620 194 3689 (7)
230 3614 357 3675 Tractat.
374 3635 405 3686 a,
415 3615 451 3674 de
464 3618 710 3688 Praedieomentis,
725 3637 788 3690 esp.
803 3636 832 3690 4,
848 3618 899 3676 fin.

152 3706 197 3774 (8)
233 3705 356 3779 4·dist.
370 3704 399 3774 8,
414 3726 443 3779 q.
460 3704 538 3776 n,V.

150 3798 195 3868 (9)
233 3794 352 3867 Disput.
368 3794 498 3869 Menapi.
511 3794 540 3865 8,
554 3811 622 3857 sect.
638 3817 666 3869 a,
682 3816 712 3857 n.
728 3816 770 3856 10.

149 3884 213 3957 (xo)
249 3882 358 3957 Logia,
375 3887 419 3944 De
431 3886 663 3960 interpretation.
678 3906 730 3945 seu
744 3887 941 3945 Penibermen.
952 3908 978 3947 e.
990 3906 1018 3960 4,
1033 3908 1064 3960 q.
1084 3906 1109 3961 5.

150 3973 213 4046 (11)
251 3973 450 4035 Commentsr.
467 3974 498 4033 in
512 3997 521 4033 1
539 3996 567 4048 p.
580 3974 654 4049 disp.
674 3998 697 4047 1,
711 3996 739 4048 q.
757 3977 799 4047 16,
811 3989 911 4049 punct.
928 3999 955 4051 3,
969 3978 1021 4037 lin.

150 4064 215 4135 (ta)
251 4062 409 4145 Quoestinn.
422 4064 599 4140 philosoph„
613 4079 682 4125 tom.
698 4088 721 4134 1,
738 4086 767 4139 q.
783 4066 829 4135 60,
845 4068 921 4127 Dico
933 4074 976 4126 a.·

149 4158 213 4226 (13)
252 4154 371 4213 Trienn.
386 4155 509 4230 philos,
524 4168 546 4213 t.
567 4176 590 4225 1,
605 4154 682 4228 disp.
698 4174 722 4229 5,
739 4176 769 4228 q.
788 4174 813 4227 5.

150 4246 214 4317 (14)
250 4242 362 4303 Phitos.
378 4246 489 4320 perite„
505 4262 582 4317 pers.
601 4264 626 4315 1,
637 4246 715 4319 disp.
729 4264 754 4319 ς,
768 4266 798 4319 q.
809 4265 837 4318 a,
852 4258 908 4305 stt.
920 4246 950 4307 6.

148 4334 212 4407 (15)
248 4333 468 4409 Ρὴίὶοερινίφ.,
484 4334 534 4393 lib.
550 4354 573 4403 1,
588 4334 665 4408 disp.
683 4356 709 4409 3.
725 4356 754 4408 q.
770 4356 798 4407 a,
813 4347 883 4396 sect.
901 4358 926 4408 1,
945 4344 1069 4413 panope.
1085 4358 1112 4412 3.

149 4425 214 4495 (16)
248 4422 367 4499 Logia,
382 4423 432 4483 lib.
449 4446 475 4496 3,
487 4444 515 4496 q.
533 4446 559 4499 3,
575 4445 640 4497 esp.
657 4440 682 4499 5.
698 4444 815 4500 paragr.
835 4436 873 4484 1.·

150 4519 213 4586 (17)
250 4513 373 4589 bonico,
392 4512 446 4571 loc.
463 4512 511 4571 cit.
526 4534 588 4586 esp.
606 4533 632 4587 3.

153 4602 217 4669 (18)
254 4604 300 4661 De
312 4602 427 4672 Animo,
442 4602 517 4675 disp.
533 4624 579 4677 99,
595 4616 663 4663 sect.
681 4624 709 4663 a.

150 4696 213 4765 (19)
252 4690 364 4765 Logic,
379 4693 611 4765 illustrationes,
627 4713 656 4767 q.
675 4712 700 4767 ς,
716 4706 772 4754 art.
792 4716 816 4754 1.

154 4782 219 4855 (so)
255 4782 370 4857 Logia,
385 4782 462 4857 disp.
482 4802 523 4856 10,
539 4804 568 4856 q.
584 4804 613 4856 a,
628 4796 684 4845 art.
698 4804 725 4844 a.
