3492 5525
546 416 608 482 866
655 418 780 484 Locren
801 419 1030 497 blason-Lm.
1053 422 1224 487 a.⁸·D1sr¹.
1248 436 1292 506 3.·
1312 425 1391 487 Gne.
1415 420 1509 487 ψ’

506 618 585 667 vero
599 610 721 687 negant
739 602 839 669 ullam
852 602 1109 688 propositionem
1123 603 1315 672 indirectam
1333 622 1406 671 esse
1423 620 1553 688 perse,
1571 610 1634 667 aut

506 726 547 773 ex
564 718 602 773 e'a
623 709 692 775 fieri
712 728 808 795 posse
827 710 1157 789 demonstrationem,
1176 730 1253 779 curn
1271 724 1380 780 careat
1403 711 1504 777 modo
1529 718 1634 775 natu·

507 814 561 881 tali
581 816 858 901 propositionum,
878 817 1050 903 inquibus
1074 820 1285 905 praedicatum
1308 818 1463 903 exprimit
1488 817 1636 884 modurn

506 923 633 999 rome,
645 923 831 1009 subiectum
846 944 925 1013 vero
936 927 1073 993 modum
1086 927 1241 1004 materiae,
1250 926 1466 1013 subjectantis
1476 926 1636 991 formam.

574 1029 725 1097 Definitio
743 1052 821 1118 ergo
836 1032 1039 1100 aristotelica
1052 1034 1229 1101 modorum
1245 1033 1372 1100 dicendi
1386 1051 1443 1118 per
1457 1050 1494 1099 se
1507 1050 1641 1115 suppo-

507 1134 554 1203 nit
567 1138 806 1221 propositiones
824 1158 898 1207 esse
916 1141 1055 1209 directas
1068 1150 1340 1225 constructisque
1358 1141 1459 1206 modo
1478 1138 1635 1213 naturali,

506 1262 543 1309 ac
570 1244 705 1329 proinde
728 1247 906 1324 indirectae,
926 1256 1107 1333 utcumque
1125 1248 1374 1315 similitudinem
1397 1246 1540 1312 habeant
1556 1264 1639 1310 cum

507 1352 781 1435 propositionibus
806 1355 847 1420 de
872 1356 1046 1439 predicato
1065 1374 1123 1440 per
1144 1374 1198 1434 se,
1220 1372 1286 1421 non
1309 1366 1420 1427 tamen
1439 1362 1521 1419 sunt
1539 1352 1638 1419 tales.

365 1486 425 1541 ona
571 1458 610 1550 γ)
645 1460 787 1545 Denique
812 1462 1020 1544 praedkatum
1049 1468 1263 1543 universale,
1297 1480 1357 1529 seu
1387 1466 1641 1529 universaliter

292 1556 492 1675 'nimmia-⁶
505 1568 652 1646 dictum,
688 1577 785 1651 prout
818 1568 869 1635 hic
900 1570 1059 1647 sumitur,
1091 1580 1143 1636 est
1171 1570 1222 1647 id,
1253 1569 1344 1653 quod
1375 1568 1567 1654 praedicatur
1596 1566 1639 1631 de

302 1644 317 1685 ,
351 1700 437 1753 remo,
506 1674 614 1749 omni,
632 1692 690 1757 per
709 1694 744 1741 se
764 1684 797 1741 et
814 1682 1008 1745 seeundum
1024 1682 1117 1763 quod
1134 1684 1261 1761 ipsum.
1278 1677 1312 1741 ln
1332 1694 1398 1761 qua
1415 1673 1638 1759 descriptione

505 1789 618 1863 patent
635 1799 677 1846 ex
695 1782 789 1849 dictu
808 1784 882 1849 duae
901 1784 1025 1867 priores
1044 1785 1222 1868 particulae3
1238 1785 1297 1849 sed
1314 1783 1398 1849 circa
1417 1782 1521 1849 tertiae
1534 1782 1641 1847 inter·

319 1914 463 1959 estora...
505 1886 720 1971 pretationem
737 1907 803 1955 non
816 1908 882 1957 una
897 1898 948 1956 est
961 1899 1132 1958 auctorum
1147 1889 1321 1957 sententia.
1334 1888 1417 1955 Nam
1431 1887 1640 1955 themistius

318 1984 375 2041 ⁴⁸⁰³
384 1983 464 2041 ''1²¹¹‘'·
505 2002 538 2059 et
551 1993 675 2063 Aversa
693 2014 730 2062 ac
749 1996 959 2064 Ferrariensis
973 1994 1040 2087 (ι),
1056 1999 1144 2083 apud
1165 1998 1450 2065 conimbricenses
1468 1993 1534 2085 (2),
1551 1997 1641 2063 arbi-

504 2108 631 2168 trantur
652 2102 713 2169 dici
736 2106 789 2170 vel
812 2106 976 2189 predicari
1003 2106 1228 2173 universaliter
1254 2123 1312 2172 seu
1340 2104 1523 2171 secundum
1543 2106 1639 2188 quod
1731 2141 1732 2152 .

505 2207 632 2292 ipsum,
653 2210 788 2294 perinde
805 2230 879 2278 esse
896 2232 935 2278 ac
952 2212 1127 2279 convenire
1145 2213 1293 2297 subjecto
1317 2230 1375 2297 per
1396 2230 1445 2277 se.
1467 2211 1530 2277 Alii
1555 2230 1640 2277 vero

504 2334 581 2381 curn
600 2315 637 2387 S.
657 2316 784 2384 Thoma
801 2314 866 2407 (3),
891 2320 1021 2397 boetio,
1043 2318 1177 2386 Alberto
1204 2330 1238 2384 et
1266 2319 1424 2403 cajetano
1446 2316 1511 2405 (4),
1536 2318 1639 2384 Tole·
1731 2371 1732 2400 3

503 2432 540 2489 to
557 2418 622 2511 (5),
641 2424 820 2515 ltominico¹
832 2425 914 2492 Soto
930 2423 996 2515 (6),
1014 2426 1336 2493 Conimbrioensibus
1353 2422 1418 2514 (7),
1438 2424 1579 2511 Rubio(
1606 2426 1636 2513 ),

503 2528 795 2615 complutensibus
813 2528 878 2621 (9),
898 2534 1033 2617 aliisque
1051 2538 1186 2601 censent
1202 2534 1425 2600 unionsatiter
1447 2534 1498 2599 vel
1520 2551 1638 2598 sacren-

502 2638 579 2703 dum
596 2639 680 2723 quod
696 2639 798 2721 ipsum
814 2640 882 2705 did
897 2630 1019 2724 aliquid
1037 2641 1156 2707 addere
1170 2659 1268 2727 supra
1280 2640 1348 2706 diri
1361 2642 1402 2705 de
1418 2639 1505 2705 omni
1520 2658 1560 2705 ac
1571 2647 1637 2721 per

391 2769 402 2790 ¹
502 2763 551 2823 se,
571 2744 727 2831 idemque
750 2748 858 2814 valere
880 2767 918 2815 ac
941 2748 1105 2834 praedicari
1126 2750 1246 2832 primo,
1265 2758 1303 2816 ut
1326 2748 1372 2814 ait
1394 2746 1632 2832 Philosophus,

503 2851 534 2917 id
558 2861 624 2930 est,
644 2855 902 2932 convertibiliter,
922 2858 1205 2940 quemadmodum
1229 2857 1459 2942 interpretatur
1482 2854 1633 2930 Boetius,

503 2967 536 3024 et
567 2970 749 3044 sequuntur
780 2962 913 3046 plurimi
946 2964 1013 3040 alii,
1048 2965 1246 3048 quibusdam
1278 2973 1391 3030 tamen
1423 2962 1636 3030 reclamanti·

502 3065 565 3133 bus
582 3063 669 3156 (ιο).
690 3070 801 3153 ltaque
828 3070 1012 3136 secundum
1040 3072 1123 3138 hanc
1151 3071 1452 3157 interpretationem
1476 3071 1636 3155 praedica-

502 3183 574 3240 tum
593 3176 774 3244 secundum
799 3179 889 3260 quod
912 3179 1021 3262 ipsum
1044 3197 1102 3246 seu
1126 3179 1325 3256 universale,
1347 3187 1397 3244 est
1416 3178 1634 3261 predicatum

501 3283 542 3346 de
559 3283 650 3348 omni
675 3292 708 3350 et
733 3304 787 3370 per
812 3303 863 3362 se,
890 3287 981 3370 quod
1003 3288 1158 3355 convenit
1176 3289 1343 3373 subjecto,
1365 3295 1462 3370 prout
1482 3288 1549 3351 tale
1566 3297 1634 3362 est,

500 3407 545 3455 ac·
556 3389 690 3475 proinde
709 3408 786 3458 curn
805 3412 845 3458 eo
863 3393 1063 3461 convertitur
1085 3414 1143 3460 seu
1167 3395 1396 3478 reciprocatur.
1426 3393 1632 3479 Huiusmodi

501 3497 709 3582 praedicatum
731 3499 912 3566 universale
931 3503 1053 3568 habent
1071 3503 1326 3587 propositiones,
1346 3502 1380 3567 in
1401 3501 1525 3585 quibus
1550 3520 1636 3585 prae·

500 3603 626 3671 dicatur
644 3614 713 3672 tota
731 3607 877 3674 definitio
895 3609 937 3674 de
955 3609 1107 3685 definito,
1128 3610 1179 3675 vel
1198 3609 1296 3675 etiam
1320 3610 1502 3676 differentia
1526 3609 1635 3694 speci·

502 3797 781 3810 m·-

537 3896 577 3956 (ι)
615 3889 648 3950 ln
662 3890 712 3949 lib.
728 3901 789 3950 a.'¹
804 3892 905 3952 Contr.
922 3891 1016 3960 Gent„
1032 3913 1095 3964 cap.
1111 3911 1154 3966 15.

536 3986 577 4046 (a)
617 3992 655 4038 t.⁰
668 3982 793 4048 Poster„
809 4003 872 4054 cap.
887 4001 921 4054 4,
937 4002 966 4053 q.
986 4003 1015 4052 1,
1030 3996 1098 4056 a.'4.

535 4075 575 4140 (3)
614 4068 647 4129 ln
660 4069 710 4128 lib.
731 4080 788 4128 1.¹¹¹
802 4072 926 4139 Foster..
938 4071 1005 4130 leet.
1022 4093 1067 4142 11,
1078 4085 1109 4130 et
1121 4083 1164 4130 a.·
1177 4072 1278 4133 Contr.
1294 4071 1391 4144 Geni,
1405 4093 1472 4146 cap.
1489 4091 1520 4142 ις
1533 4071 1631 4134 initio.

535 4160 577 4231 (4)
613 4159 702 4230 Apud
716 4157 870 4218 Conimbr.

534 4253 577 4319 (5)
612 4247 679 4306 Lib.
698 4249 865 4319 r.Poster.‚
882 4270 944 4324 cap.
959 4271 988 4326 4.

533 4338 575 4408 (6)
612 4336 686 4398 ibid.
867 4363 872 4374 ·

533 4431 574 4500 (7)
611 4425 744 4486 Loccit.
1103 4489 1112 4500 .

531 4515 572 4581 (8)
609 4515 650 4575 lb.
666 4517 715 4576 lib.
735 4529 773 4576 1.⁰
787 4519 916 4590 Foster„
931 4539 993 4592 cap.
1008 4539 1041 4594 4,
1057 4539 1087 4593 q.
1106 4541 1132 4594 3.

531 4605 573 4678 (9)
609 4605 824 4680 Complutum„
838 4609 925 4685 Lep.¹
940 4609 1016 4681 disp.
1034 4611 1082 4680 ιθ,
1096 4629 1126 4683 q.
1142 4631 1177 4680 a,
1190 4631 1221 4673 n.
1237 4629 1282 4671 at.

531 4693 590 4770 (ιο)
625 4694 701 4755 Vide
712 4695 792 4770 apud
806 4696 1052 4773 Conimbricem„
1064 4699 1121 4762 loc.
1137 4699 1185 4762 cit.
1248 4743 1251 4751 ·
