3492 5525
574 464 633 529 666
694 464 820 541 Locren
831 466 1064 540 Meron-Lm.
1082 481 1151 544 nu,
1168 466 1258 531 Drse.
1277 479 1320 531 r.·
1335 466 1413 530 Gne.
1429 482 1504 530 ψ

535 647 636 713 lectus
651 646 808 714 unitatem
827 648 1004 732 quamdam
1018 648 1252 724 universalem,
1273 666 1373 732 quam
1387 656 1501 715 tamen
1522 649 1653 726 amittit,
1721 633 1723 704 j

534 774 609 821 cum
631 755 662 822 in
681 755 829 822 interiora
858 755 1070 823 contrahitur.
1092 756 1129 822 Bt
1147 756 1304 839 quoniam
1324 765 1438 824 natura
1457 776 1529 823 non
1554 758 1659 823 existit

536 862 595 929 nisi
614 864 664 927 vel
683 871 846 929 contrecta
864 864 897 930 in
915 864 1151 949 singularibus,
1168 865 1220 929 vel
1239 863 1398 950 objectivo
1419 864 1454 930 in
1472 864 1652 945 intellectu3

535 983 567 1038 et
586 982 745 1057 repugnat
760 970 882 1056 aliquid
901 981 998 1057 prout
1011 972 1213 1041 individuum
1233 991 1270 1038 ac
1286 973 1449 1058 singulare
1463 990 1540 1037 esse
1552 990 1654 1039 unum

535 1078 660 1145 realiter
674 1079 706 1143 in
727 1078 851 1163 multis;
872 1079 946 1145 ideo
957 1080 1045 1147 addit
1064 1087 1196 1145 naturas
1216 1098 1281 1145 non
1303 1079 1420 1145 habere
1437 1080 1657 1146 universalitn

534 1186 802 1262 immittentem,
825 1187 885 1253 nisi
912 1206 989 1252 cum
1018 1187 1196 1257 intellectui
1221 1188 1291 1253 sine
1310 1187 1502 1254 differentiis
1529 1197 1657 1254 contre

534 1293 688 1363 hentibus
702 1294 953 1379 contemplanda
972 1294 1182 1379 objiciuntur.

297 1458 302 1469 .
330 1426 385 1475 nu·
397 1428 512 1483 aprinis
602 1400 748 1485 Denique
767 1400 848 1467 alius
862 1411 911 1467 est
934 1402 1054 1468 modus
1073 1401 1253 1485 explicandi
1272 1400 1453 1467 universale
1467 1421 1486 1465 a
1500 1410 1598 1486 parte
1615 1404 1656 1469 rei

357 1498 488 1545 universalia

360 1582 374 1612 ι
383 1578 444 1623 parte
451 1582 483 1615 rer

360 1640 478 1687 existentis.

476 1568 482 1579 .
535 1510 737 1592 completum
758 1508 882 1592 absque
907 1510 970 1576 ulla
990 1507 1109 1574 mentis
1128 1510 1327 1593 operatione.
1345 1507 1464 1573 Dicunt
1481 1510 1576 1574 enirn
1593 1527 1656 1574 non

537 1616 614 1681 nulli
626 1616 783 1683 unitatem
796 1618 1012 1683 universalem
1026 1636 1092 1683 non
1103 1617 1280 1692 aliudesse,
1296 1634 1396 1699 quam
1407 1616 1655 1683 similitudinem
1721 1627 1722 1636 ³

535 1724 676 1808 plurium
691 1723 945 1791 individuorum.
964 1723 1069 1800 Unde,
1087 1732 1208 1807 aparte
1221 1723 1277 1799 rei,
1298 1722 1408 1789 existit
1421 1724 1656 1807 perfectissime

534 1831 714 1897 universale
738 1833 919 1899 secundum
940 1841 1116 1915 utrumque
1136 1832 1237 1915 ipsius
1254 1833 1473 1908 elementum,
1493 1832 1654 1897 unitatem
1721 1863 1722 1870 κ

533 1947 567 2005 et
586 1939 871 2024 multiplicitatem.
890 1938 1014 2005 Etenim
1029 1938 1247 2023 multiplicitas
1262 1940 1354 2004 realis
1372 1948 1421 2005 est
1436 1938 1564 2004 ratione
1576 1938 1656 2003 indi·

534 2046 726 2123 viduorum,
747 2054 780 2112 et
798 2048 905 2113 unitas
921 2046 1039 2131 pariter
1057 2046 1149 2112 realis
1167 2046 1289 2112 ratione
1307 2044 1528 2112 similitudinis
1550 2046 1653 2119 realis,

533 2173 597 2237 qua
618 2154 805 2239 multiplicia
819 2153 984 2220 individua
998 2162 1167 2222 ornantur.
1189 2153 1265 2218 Haec
1277 2162 1328 2219 est
1345 2153 1490 2219 doctrina
1503 2153 1655 2220 Scotistae

533 2261 710 2329 Sebastiani
735 2262 940 2347 Dupasquier
958 2259 1022 2350 (r),
1043 2261 1146 2334 Pontii
1164 2258 1216 2349 (2)
1234 2261 1447 2343 aliorumque.

600 2371 670 2455 Age
688 2371 756 2457 jam
780 2369 967 2448 videamus,
989 2370 1067 2454 quid
1086 2370 1129 2435 sit
1149 2369 1191 2459 de
1214 2367 1310 2434 variis
1329 2367 1488 2453 rigidioris
1512 2364 1654 2433 realismi

469 2524 473 2534 .
533 2477 647 2545 lormis
657 2477 884 2563 judicandum.

345 2869 493 2918 Conlutentur

323 2997 325 3002 Ι
364 2939 477 2987 Platonici.

742 2670 760 2764 ᾗ
782 2671 1017 2753 l.-ReJrcrrurr
1035 2674 1229 2741 Uurveesnce
1246 2688 1444 2741 serenicum

585 2851 658 2940 156.
706 2855 895 2922 Psorostuo
918 2852 967 2918 1.⁸
996 2860 1141 2921 Neuirae
1162 2858 1378 2921 universales
1399 2857 1654 2919 Platonicorum

532 2985 594 3046 per
611 2985 651 3030 sc
668 2967 914 3039 subsistentes,
941 2975 1044 3044 etque
1068 2966 1111 3027 ab
1129 2965 1315 3026 individuis
1335 2967 1535 3037 abstractae,
1556 2981 1651 3043 pror·

532 3093 594 3138 sus
612 3074 825 3136 chimaericae
845 3082 939 3164 sunt.

577 3235 678 3298 Prob.
704 3227 1182 3314 1.⁰argumentollvicennae,
1212 3228 1302 3311 quod
1325 3227 1362 3295 S.
1387 3228 1533 3294 Thomas
1557 3235 1648 3292 vocat

532 3335 766 3412 necessarium,
787 3345 818 3402 et
844 3337 889 3402 sic
909 3334 1102 3402 brevissime
1122 3336 1348 3420 proponitura
1368 3334 1499 3402 Cardin.
1520 3335 1647 3401 Toleto:

532 3445 653 3512 «Nulla
676 3441 840 3529 quidditas
863 3453 912 3510 est
934 3450 1081 3528 separata
1104 3443 1145 3507 ab
1168 3461 1226 3520 eo,
1251 3431 1344 3528 cujus
1367 3451 1418 3509 est
1436 3442 1602 3526 quiddites
1619 3449 1648 3504 et

534 3562 658 3620 natura.
689 3551 751 3618 Sed
779 3551 831 3616 illa
859 3559 974 3616 natura
1001 3546 1211 3638 (universalis
1240 3549 1381 3636 nempe)
1411 3560 1461 3616 est
1486 3548 1648 3632 quidditas

531 3659 759 3746 singularium.
776 3659 924 3744 Ergo.»
944 3655 1007 3746 (3).

600 3767 651 3833 Ad
671 3787 738 3833 rem
768 3765 960 3852 Angelicus:
984 3765 1185 3843 Universale,
1205 3767 1289 3850 qnod
1310 3763 1516 3841 intendinus,
1535 3760 1647 3845 predi·

533 3879 625 3943 cairtr
641 3878 680 3941 de
697 3875 839 3942 omnibns
850 3873 1065 3960 inferioribus,
1081 3887 1212 3956 quorum
1226 3874 1464 3958 nnusriqnodque
1476 3874 1527 3938 esi
1538 3871 1647 3954 ipsun.

569 4131 609 4193 (r)
646 4123 764 4183 Summa
779 4123 990 4196 Philosophiae,
1005 4121 1128 4196 Legna,
1144 4119 1220 4191 dIsp.
1238 4141 1267 4194 3,
1287 4133 1389 4191 quaeet.
1415 4141 1444 4192 3,
1465 4118 1558 4179 concl.
1575 4141 1601 4190 a.
1616 4117 1649 4174 Et

534 4215 631 4288 plures
643 4226 764 4280 censent
779 4212 855 4270 hane
868 4231 930 4269 csse
946 4208 1026 4269 Scoti
1041 4209 1232 4278 sententiam,
1247 4229 1299 4267 nec
1318 4207 1398 4267 aliud
1412 4207 1540 4267 wluissc
1552 4207 1649 4267 Subti-

536 4307 590 4364 lem
603 4306 766 4370 Doctorem,
780 4323 844 4360 cum
856 4301 973 4372 scripsit
982 4319 1044 4358 esec
1058 4300 1089 4357 in
1100 4300 1188 4358 rebus
1198 4297 1371 4364 universale,
1381 4317 1442 4357 non
1450 4310 1529 4367 actu,
1545 4299 1596 4357 sed
1607 4317 1650 4369 pc

535 4393 636 4464 tentis,
653 4391 792 4452 nimirum
808 4391 838 4448 in
853 4391 940 4448 rebus
950 4408 1012 4446 esse
1025 4387 1190 4446 universale
1200 4387 1428 4457 fundamennle,
1447 4386 1561 4462 radone
1574 4385 1649 4448 sirni-

537 4482 679 4550 litudinis,
696 4502 762 4554 quse
775 4501 863 4539 ceusu
878 4492 930 4545 eet,
944 4498 997 4536 cur
1010 4477 1094 4549 plura
1103 4497 1163 4535 uno
1175 4489 1316 4547 conceptu
1327 4477 1462 4550 cognosci
1475 4477 1600 4547 possint

571 4578 612 4642 (a)
649 4573 768 4646 Integer
781 4571 894 4628 Pierios.
911 4568 1032 4635 Cursus,
1045 4580 1067 4626 t.
1079 4588 1103 4636 r,
1112 4567 1228 4642 Logia,
1240 4565 1317 4646 disp.
1329 4587 1356 4636 3,
1372 4578 1475 4638 quaest.
1487 4587 1515 4635 2,
1525 4567 1647 4626 conclus.

534 4684 611 4826 4’(ἶ)
624 4685 770 4812 30(inrdin.
785 4746 889 4816 Tolcts
906 4750 951 4808 De
968 4747 1205 4817 Universelibum
1218 4759 1324 4816 quest.
1339 4763 1366 4803 a.
