3492 5525
549 438 609 523 698
665 441 790 507 Loorcx
803 442 1033 519 lllrlJon-Lrn.
1051 458 1122 521 μ’,
1139 445 1228 509 Drse.
1248 457 1293 509 r.·
1308 444 1387 509 Cro.
1406 462 1481 528 3³¹·

509 537 880 563 fida-m..

509 634 605 709 prout
622 635 734 693 tamen
754 626 950 693 abstrahitur
979 645 1036 713 per
1059 629 1258 695 intellectum
1278 649 1297 694 a
1314 629 1504 697 differentiis
1522 649 1560 695 ac
1576 649 1641 695 no-

509 732 550 797 tis
576 732 871 811 individuantlbus,
903 746 1044 803 nonest
1070 734 1174 802 divisa
1202 736 1234 802 in
1259 739 1365 821 plura.
1392 737 1484 805 Sicut
1510 736 1600 803 enim
1621 758 1642 803 a

510 848 599 923 parte
619 842 662 907 rei
692 852 805 907 natura
824 843 876 908 illa
904 851 954 909 est
974 859 1055 935 una,
1086 861 1162 927 quae
1188 862 1254 910 non
1273 853 1324 911 est
1343 845 1557 930 multiplicata
1577 863 1642 910 seu

508 946 611 1012 divisa
638 949 670 1014 in
700 948 849 1033 pluribus
878 950 1070 1025 individuis,
1098 932 1144 1015 ita
1162 949 1260 1017 etiarn
1285 954 1470 1019 secundum
1497 952 1641 1019 idealem

450 1080 454 1087 ·
509 1052 712 1121 existentiam
732 1057 784 1121 illa
803 1068 853 1125 est
872 1075 938 1123 una
958 1066 1088 1133 natura,
1105 1075 1179 1140 quae
1194 1060 1300 1125 menti
1319 1071 1450 1143 apparet
1464 1078 1635 1143 acreprae·

508 1169 655 1229 sentatur
673 1164 830 1230 abstracta
850 1172 882 1229 et
902 1165 1066 1230 denudata
1090 1166 1131 1230 ab
1149 1165 1240 1232 omni
1270 1166 1456 1233 individuali
1476 1167 1637 1250 multipli-

508 1268 633 1335 catione
661 1290 697 1335 ac
728 1272 983 1337 differentiarum
1014 1271 1212 1340 diversitate.
1252 1273 1498 1349 Universait'ter,
1531 1272 1641 1357 inquit

508 1376 739 1462 Philosophus,
772 1396 971 1464 quocumque
993 1400 1056 1445 non
1081 1381 1194 1446 bahent
1213 1380 1414 1458 divisionem,
1434 1383 1642 1468 inquantum

507 1504 569 1549 non
589 1485 715 1569 trahent,
745 1486 791 1551 sic
810 1504 909 1552 unum
935 1487 1105 1563 dicuntur,
1130 1492 1169 1552 ut
1185 1487 1217 1553 si
1238 1489 1441 1573 inquantum
1464 1490 1551 1555 domo
1573 1508 1640 1554 non

507 1592 619 1659 babent
644 1593 845 1671 divisionem,
873 1613 957 1659 nnus
984 1594 1086 1671 mmo,
1112 1596 1142 1660 si
1167 1596 1296 1660 veroin
1324 1599 1476 1680 quantum
1502 1597 1637 1673 animai,

508 1698 816 1789 nnumanimal(r).
841 1702 949 1780 Quem
976 1704 1086 1768 locum
1108 1702 1153 1768 sic
1181 1702 1321 1769 declarat
1339 1702 1533 1789 Angeticus:
1557 1704 1642 1771 Uni-

507 1809 670 1875 versniiier
686 1809 741 1874 boc
757 1812 806 1874 est
823 1828 948 1886 verum,
969 1812 1052 1894 quod
1076 1828 1274 1895 quocumque
1296 1830 1359 1875 non
1377 1810 1489 1876 babent
1505 1811 1639 1876 divisio-

507 1935 594 1993 nem,
615 1918 784 1981 secundum
798 1916 852 1982 hoc
865 1918 1018 1983 dicuntur
1034 1936 1149 1995 unnm,
1165 1917 1199 1982 in
1212 1921 1362 2002 quantum
1375 1918 1559 1985 divisionem
1572 1938 1640 1983 non

508 2024 630 2089 babent.
652 2024 824 2109 stentque
835 2044 899 2090 non
911 2024 1099 2090 diuiduntur
1115 2024 1149 2090 in
1160 2045 1194 2091 eo
1205 2028 1288 2111 quod
1299 2029 1347 2091 cst
1363 2026 1465 2103 homo,
1484 2026 1642 2092 dicuntur

507 2148 606 2196 unum
624 2132 657 2196 in
675 2132 814 2208 homine,
834 2132 920 2197 sicut
934 2133 1077 2198 Socrates
1093 2136 1125 2198 et
1146 2134 1255 2213 Plato;
1273 2136 1305 2198 ct
1319 2151 1390 2217 quo
1407 2152 1469 2198 non
1485 2133 1640 2199 divalium·

508 2242 560 2305 lnr
578 2240 612 2305 in
630 2240 751 2305 rotrone
768 2238 933 2316 aninmlis,
953 2239 1104 2305 dicuntur
1120 2258 1218 2305 unum
1235 2240 1270 2304 in
1282 2240 1417 2305 animali
1433 2238 1446 2328 (
1471 2238 1496 2328 ).

554 2353 603 2411 2.⁰
649 2348 804 2413 Praeterea
819 2355 950 2421 natura,
967 2356 1064 2430 prout
1078 2346 1243 2430 praecisive
1254 2347 1399 2431 cognita,
1417 2346 1635 2431 quemadmo

508 2456 587 2519 dum
603 2455 748 2537 loquitur
762 2452 797 2518 S.
814 2453 975 2530 Thomas,
991 2464 1042 2519 est
1055 2454 1160 2538 imago
1173 2462 1206 2519 et
1217 2472 1282 2518 nna
1293 2454 1467 2521 similitudo
1476 2456 1633 2534 omnium,

508 2562 658 2627 inducens
675 2562 710 2625 in
727 2560 933 2644 cognitionem
953 2562 1092 2627 omnium
1115 2561 1376 2638 individuorum,
1406 2560 1438 2628 in
1466 2570 1632 2645 quantum

509 2670 564 2734 tall
594 2678 706 2753 natura
734 2678 887 2735 constant
914 2665 983 2757 (3);
1020 2670 1071 2734 vel
1099 2669 1189 2734 hahet
1213 2669 1364 2734 rationem
1385 2668 1572 2753 uniformem
1592 2674 1641 2735 ad

408 2803 414 2816 ·
508 2777 613 2843 omnia
642 2778 914 2863 individuaque
938 2781 1016 2843 sunt
1030 2781 1123 2844 extra
1144 2777 1282 2842 animam
1300 2774 1363 2864 (4):
1385 2796 1483 2861 quare
1499 2777 1575 2844 licet
1593 2780 1638 2844 sit

511 2885 682 2969 multiplex
702 2905 719 2949 a
739 2894 828 2969 parte
848 2885 910 2962 rei,
931 2893 1110 2951 esttamen
1131 2903 1206 2948 vere
1220 2884 1316 2949 nnius
1335 2883 1469 2948 rotronis
1482 2895 1515 2950 et
1540 2885 1637 2950 unica

509 2991 698 3059 definitione
717 2992 882 3058 definitur.
904 2992 1003 3076 Atqui
1024 3001 1153 3067 natura,
1174 3010 1248 3074 quae
1268 2994 1330 3058 hoc
1350 2989 1450 3057 modo
1468 2993 1633 3067 sehabet,

509 3101 652 3182 quadam
682 3097 803 3184 potitur
831 3100 967 3166 unitate.
996 3099 1079 3165 Nam
1107 3117 1181 3182 quae
1207 3098 1303 3165 unius
1330 3108 1408 3165 sunt
1435 3099 1569 3166 rationis
1595 3121 1632 3166 ac

511 3207 725 3284 delinitionis,
753 3226 857 3276 unum
887 3218 964 3274 sunt
983 3205 1122 3288 ratione;
1143 3206 1227 3273 sicut
1253 3226 1271 3271 e
1293 3225 1451 3273 converso
1467 3227 1523 3283 ea,
1542 3226 1632 3290 quae,

510 3291 662 3400 quamvis
693 3317 725 3381 in
760 3335 793 3382 re
827 3334 932 3382 unum
970 3315 1053 3390 sint,
1093 3314 1229 3380 diversis
1270 3323 1383 3381 tamen
1422 3315 1634 3400 conceptibus

512 3431 800 3512 repraesentantur,
818 3424 971 3501 dicuntur
981 3422 1230 3506 quodammodo
1246 3423 1351 3506 plura,
1368 3422 1523 3488 utvidere
1538 3423 1633 3488 estin

512 3531 709 3597 animalitate
726 3549 761 3596 ac
776 3530 1001 3596 rationalitate.
1028 3527 1135 3604 Quare
1150 3529 1292 3615 cognitio
1311 3529 1493 3614 praecisiva,
1515 3531 1632 3596 saltem

512 3639 665 3714 exercite,
698 3646 907 3722 representat
934 3650 1084 3704 naturam
1114 3645 1150 3702 ut
1166 3655 1303 3712 unam,
1334 3654 1410 3702 cum
1437 3635 1494 3701 tali
1533 3639 1633 3704 modo

511 3747 625 3813 tendat
642 3747 682 3811 ad
707 3763 805 3812 suum
831 3746 1010 3830 objectum,
1035 3754 1156 3820 utnon
1177 3745 1327 3811 exhibeat
1339 3744 1582 3811 distinctionem
1602 3757 1634 3811 et

513 3853 784 3938 multiplicitatem
817 3852 1080 3928 individuorum,
1115 3853 1173 3917 sed
1206 3853 1313 3918 solum
1341 3851 1385 3927 id,
1416 3851 1450 3918 in
1482 3870 1551 3934 quo
1580 3853 1632 3918 illa

512 3962 622 4030 omnia
635 3962 891 4033 conformantur,
904 3970 936 4026 et
948 3958 1276 4034 conveniunt.Unde,
1288 3958 1502 4042 quantumvis
1513 3959 1633 4043 aliquis

513 4070 701 4156 hujusmodi
720 4077 917 4152 conceptum
937 4068 1117 4134 intueretur
1141 4086 1178 4131 ac
1207 4075 1403 4151 penetraret,
1431 4086 1497 4132 non
1518 4080 1632 4151 posset

513 4197 554 4244 ex
574 4179 635 4244 hoc
654 4177 865 4244 solummodo
884 4175 977 4251 scire,
999 4193 1079 4241 num
1100 4183 1213 4240 natura
1231 4175 1263 4240 in
1289 4193 1329 4240 eo
1349 4176 1494 4241 relucens
1512 4176 1545 4241 in
1566 4195 1633 4241 uno

549 4379 589 4436 (1)
627 4372 728 4440 Arist,
742 4368 790 4427 lib.
810 4390 834 4443 5.
850 4370 1078 4443 Metaphysicor.
1096 4381 1165 4427 text.
1184 4389 1226 4437 rr,
1241 4388 1305 4440 cap.
1320 4387 1345 4440 5.

549 4463 590 4534 (2)
627 4461 659 4520 S.
675 4462 744 4530 Th,
760 4459 809 4520 lib.
827 4477 840 4530 5
857 4460 999 4534 Μαιρὰ,
1010 4459 1075 4516 leet.
1088 4459 1116 4516 8.

550 4555 594 4626 (3)
633 4551 666 4610 S.
683 4551 788 4625 Thom.
804 4549 913 4621 Opusc.
927 4550 961 4606 de
975 4549 1049 4606 Entc
1061 4559 1090 4605 et
1103 4557 1209 4606 essent.
1224 4567 1286 4619 cap.
1301 4568 1329 4620 4.

551 4650 591 4716 (4)
629 4641 661 4699 S.
679 4641 796 4710 Thom.‚
812 4639 850 4698 ib.
866 4653 897 4699 et
911 4637 1033 4711 Opusc„
1052 4649 1090 4695 ιθ
1102 4637 1140 4695 de
1157 4637 1355 4698 Unirmrselib.
1373 4635 1435 4696 clr.
1450 4637 1499 4697 lib.
1517 4659 1541 4698 1·
1558 4639 1635 4700 Con·

517 4742 563 4792 tra
580 4731 666 4798 Geni,
682 4749 745 4804 cap.
764 4747 807 4803 50.
820 4729 889 4788 Item
891 4734 999 4800 sormoe
1011 4747 1119 4796 mum,-
1133 4735 1172 4785 a.'
1187 4726 1263 4786 Dist.
1277 4747 1324 4801 ¹7·
1337 4747 1367 4800 q.
1382 4749 1405 4798 r,
1421 4742 1477 4789 ert.
1491 4750 1515 4788 r.
1526 4727 1581 4790 fin.
