3492 5525
546 448 605 513 244
731 428 856 493 Locren
875 427 1126 493 Minos-Diem
1151 441 1195 492 2.·
1217 427 1293 492 Cer.
1321 441 1389 491 ram

507 611 615 679 tiones.
635 611 689 677 Ille
714 613 797 677 enin
819 611 1020 694 interpretari
1035 611 1175 688 eadelm,
1195 609 1251 696 qni
1266 609 1396 694 exponit
1416 609 1539 694 atipnid
1559 628 1625 675 esse
1729 651 1730 678 1

506 736 616 784 vernn
630 719 822 804 aelfricum.
840 721 881 785 Et
891 719 960 784 ideo
972 721 1038 784 sota
1049 718 1150 784 oratio
1162 716 1377 793 enuntiativo,
1393 717 1428 782 in
1441 735 1504 802 qua
1515 735 1623 784 oerum
1729 719 1730 754 l

505 826 690 910 veisatsun
705 826 882 905 invenitur,
904 825 1113 909 interpretatio
1138 829 1279 890 vocatur.
1311 824 1438 891 Ceterae
1461 842 1534 889 vero
1550 843 1624 889 oro-

404 926 407 933 ⁴
507 932 617 1031 tiones,
640 938 677 998 ul
691 934 829 1016 optativa
852 937 887 1000 et
909 933 1108 1016 imperativo,
1129 932 1229 1018 magis
1247 931 1438 998 ordinantur
1453 933 1497 996 ad
1521 931 1626 1014 expri-
1729 963 1730 998 l

505 1041 649 1105 mudum
661 1041 814 1124 affectum,
830 1059 925 1126 quon
937 1041 1254 1123 adinterpretandn'm
1264 1040 1311 1118 id,
1327 1042 1410 1123 quod
1422 1039 1626 1104 inintellecta
1729 1047 1730 1110 1

505 1143 662 1232 habetur(
687 1144 713 1232 ).
1392 1161 1398 1178 ⁴

572 1253 630 1320 llis
656 1263 767 1321 tamen
797 1255 930 1338 aliisque
959 1255 1146 1322 nominibus
1173 1255 1288 1320 eadem
1320 1272 1450 1337 semper
1481 1271 1531 1319 res
1561 1253 1625 1320 sub

505 1361 633 1428 diverso
645 1371 793 1446 respectu
802 1361 1009 1439 describitur,
1022 1362 1304 1446 quemadmodum
1321 1379 1418 1446 supra
1434 1360 1626 1427 monuimus

505 1464 546 1533 de
579 1468 681 1552 prima
710 1469 830 1535 mentis
862 1469 1067 1553 operatione,
1097 1489 1172 1552 quae
1205 1469 1305 1536 modo
1333 1469 1503 1544 terminus,
1535 1471 1625 1532 niodo

387 1597 479 1642 nomin·
504 1575 634 1657 simplex
650 1577 850 1659 apprehensio
863 1578 914 1642 vel
937 1580 1197 1658 conceptuum,
1219 1576 1419 1642 nominatur.
1440 1574 1513 1650 Qua
1531 1575 1571 1640 de
1591 1595 1625 1639 re

318 1669 337 1714 ·’
426 1667 464 1713 “¹²
505 1683 654 1764 preclare
680 1682 775 1748 Card.
803 1684 948 1749 Toletus:
980 1683 1127 1759 «Primo,
1150 1683 1271 1766 inquit,
1295 1683 1414 1758 oratio,
1436 1691 1472 1748 ut
1491 1701 1619 1756 verum,

506 1789 556 1854 vel
582 1790 698 1854 laisum
718 1789 922 1876 significem,
942 1800 1104 1874 quatenus
1122 1800 1300 1874 conceptus
1326 1798 1358 1854 et
1377 1789 1420 1854 rei
1444 1795 1495 1854 est
1518 1789 1622 1854 mani·

327 1918 457 1971 enuntiare,
506 1895 673 1974 testativa,
693 1897 866 1964 enuntiatio
885 1905 918 1963 et
937 1883 1147 1980 interpretatio
1165 1896 1296 1962 dicitur:
1317 1897 1431 1962 eadem
1442 1946 1449 1973 ,
1462 1903 1624 1978 quatenus

311 1989 468 2116 ww?
499 2001 537 2067 in
567 2003 759 2089 syllogismo
785 2011 955 2088 tamquam
981 2003 1066 2069 aliud
1094 2004 1235 2088 probans
1256 2003 1414 2078 sumitur,
1438 2001 1623 2084 propositio;

326 2076 450 2182 moues,
503 2119 665 2193 quatenus
685 2112 753 2195 jam
774 2112 924 2195 probata,
944 2111 1099 2176 conclusio
1104 2129 1118 2191 ;
1137 2117 1299 2195 quatenus
1324 2110 1387 2175 sub
1416 2109 1516 2175 dubio
1545 2127 1624 2191 pro·

330 2203 452 2332 ffif·
504 2217 637 2300 ponitur
647 2217 715 2302 jam
730 2218 916 2302 probanda,
932 2219 958 2284 si
973 2218 1068 2283 fuerit
1081 2219 1276 2288 necessaria,
1289 2217 1434 2302 questio,
1449 2224 1500 2281 ut:
1517 2219 1623 2282 utrum

331 2347 453 2404 ussum,
504 2325 591 2390 homo
607 2325 653 2389 sit
666 2325 815 2390 risibiles:
833 2327 862 2391 si
880 2325 1070 2409 probabilis,
1086 2327 1264 2408 problema,
1286 2333 1337 2391 ut:
1359 2328 1465 2389 unum
1478 2327 1624 2404 parentes

502 2431 568 2497 sint
583 2432 773 2509 honorandi,
789 2453 902 2514 necne;
918 2433 944 2499 si
959 2451 1117 2518 apparens
1133 2440 1166 2497 et
1182 2433 1370 2515 multiplex,
1386 2431 1554 2512 sophisma,
1572 2439 1619 2494 ut:

503 2543 609 2604 utinm
621 2539 709 2605 conis
724 2546 895 2622 moveram·
906 2552 1069 2624 quatenus
1084 2539 1253 2606 adducitur
1266 2539 1306 2604 ad
1321 2539 1520 2605 obviandum
1531 2537 1624 2602 dictis

335 2668 448 2722 tmesis,
502 2647 649 2731 alterius,
669 2647 839 2728 instantias
857 2657 1020 2731 quatenus
1039 2647 1099 2732 ipsi
1128 2647 1273 2713 innititur
1298 2643 1548 2722 demonstratio,
1573 2643 1623 2708 di-

316 2744 402 2790 ω·
415 2751 460 2791 ‘⁸‘·
500 2752 607 2837 gnitas
633 2751 711 2842 (seu
739 2751 898 2843 axioma),
926 2755 1110 2838 postulatio,
1136 2754 1243 2837 petilio
1267 2772 1327 2820 seu
1352 2750 1520 2835 suppositio
1546 2749 1623 2816 dici-

502 2872 580 2928 tur»
598 2859 662 2948 (2).
682 2862 781 2927 Notat
797 2872 908 2928 tamen
931 2862 1039 2929 statim
1058 2862 1212 2938 Toletus‚
1240 2864 1305 2946 jam
1325 2860 1411 2945 apud
1431 2858 1623 2925 recentiores

502 2969 681 3053 quamlibet
698 2969 891 3046 orationem,
912 2969 1147 3054 significantem
1169 2988 1280 3035 verum
1297 2969 1347 3033 vel
1364 2968 1495 3042 salsum,
1514 2964 1621 3033 vocari

500 3075 677 3160 generatim
694 3077 943 3158 propositionem.
1214 3085 1218 3093 '

362 3205 421 3262 Quia
551 3180 624 3248 106.
671 3181 758 3258 Quid
772 3202 850 3269 ergo
864 3192 915 3249 est
928 3184 1106 3269 propositio
1116 3202 1174 3251 seu
1185 3182 1380 3250 enuntiatio?
1390 3182 1517 3267 Duplex
1527 3183 1623 3247 affer·

300 3278 475 3362 “Qffi‘lf‘l
500 3298 554 3355 tur
571 3290 717 3356 definitio
736 3291 777 3356 ad
796 3303 941 3358 mentem
964 3290 1161 3366 Aristotelis,
1184 3291 1298 3375 prima:
1318 3290 1418 3355 oratio
1438 3307 1548 3355 oerum
1569 3292 1623 3353 oei

324 3360 450 3406 mm
490 3395 878 3486 fatsnmsignificaru(3);
894 3399 1120 3464 alterazorotio
1133 3396 1623 3481 affimansoulnegansaiiquid

499 3508 538 3570 de
556 3504 662 3590 aliquo
680 3502 751 3593 (4);
768 3516 801 3573 et
815 3515 951 3588 utraque
967 3514 1132 3583 recteest,
1149 3513 1219 3571 tum
1235 3506 1311 3589 quia
1326 3505 1419 3571 valde
1434 3502 1617 3587 perspicua,

533 3796 574 3856 (ι)
610 3789 643 3849 5.
659 3790 764 3849 Thom.
775 3792 936 3849 Perelterm.
953 3792 1004 3849 lib.
1021 3812 1047 3859 1,
1063 3805 1129 3863 post
1143 3789 1271 3852 initium.
1288 3791 1455 3863 mquehaee
1469 3802 1620 3857 esteauss,

498 3900 549 3939 eur
563 3878 685 3944 librum,
704 3880 734 3938 in
748 3900 807 3953 quo
821 3879 951 3952 disputet
965 3879 1001 3938 de
1023 3878 1233 3951 enuntiatione,
1249 3878 1430 3955 inscripserit
1447 3878 1620 3939 Aristoteles

497 3968 570 4064 ssepe
587 3969 749 4063 ερμενεὶας,
768 3996 818 4035 seu
833 3978 867 4035 de
881 3980 1130 4054 interpretatione.

533 4082 575 4145 (a)
611 4076 728 4153 Logies,
744 4078 781 4136 de
795 4078 960 4153 interpret,
975 4097 1036 4151 cap.
1054 4094 1088 4151 4,
1104 4090 1209 4150 quaest.
1225 4098 1265 4147 a.¹

533 4172 574 4239 (3)
609 4167 700 4227 Arist.
716 4167 880 4225 Perilaerm.
896 4187 958 4239 cap.
974 4187 1001 4239 4.

531 4257 573 4329 (4)
610 4256 677 4315 lib.
690 4267 730 4315 ιθ
741 4257 830 4315 Prior
841 4257 991 4331 Artoljrtic.
1007 4277 1033 4315 c.
1053 4276 1077 4315 r.
1090 4256 1125 4315 Si
1139 4256 1207 4329 quis
1221 4270 1348 4329 queret,
1359 4276 1411 4317 cur
1422 4254 1620 4327 Philosophus

496 4343 526 4403 in
540 4344 664 4403 diversis
682 4345 762 4405 hisce
782 4344 852 4404 locis
872 4346 989 4404 diversa
1012 4366 1086 4405 usus
1107 4344 1194 4405 luerit
1213 4344 1418 4419 propositionis
1439 4344 1616 4412 definitione,

495 4434 570 4492 ratio
583 4434 644 4493 haee
657 4453 721 4493 esse
735 4446 847 4507 potest,
864 4434 934 4507 quio
952 4434 983 4494 in
998 4432 1072 4493 libro
1087 4435 1321 4494 Perillermenias
1342 4432 1536 4495 consideravit
1555 4454 1621 4507 pro-

494 4520 668 4594 positionem
691 4524 823 4583 absolute
836 4536 866 4582 et
886 4523 977 4594 inse,
1000 4522 1030 4581 in
1055 4522 1138 4583 libris
1161 4543 1229 4583 vero
1249 4524 1474 4598 Analyticortnn
1485 4524 1618 4603 ‚eamdem

494 4623 618 4670 tractare
631 4612 724 4671 voluit
735 4613 897 4672 secundum
912 4612 989 4685 quod
1005 4625 1050 4673 est
1063 4633 1130 4687 pars
1144 4612 1306 4687 syllogismi
1319 4614 1363 4673 vel
1378 4612 1615 4675 ratiocinationis.

494 4700 532 4761 Et
544 4700 683 4775 quoniam
696 4702 734 4760 nd
748 4702 903 4763 artificium
927 4716 956 4762 et
975 4714 1083 4763 rectam
1104 4701 1226 4763 sormam
1250 4702 1414 4778 syllogismi
1433 4702 1507 4764 nihil
1519 4700 1606 4765 relect
