3492 5525
463 68 611 129 Nee
641 67 831 130 dieas
884 60 1233 128 discrimen
1270 81 1449 139 esse,
1508 60 1663 146 quia
1705 61 2062 148 Theologia
2119 61 2252 153 agit
2286 61 2370 126 de
2407 60 2568 136 Deo,

327 179 406 236 ut
438 178 540 236 est
576 188 772 236 causa
815 170 1353 255 supernaturalis;
1396 168 1838 256 Metaphysica
1893 187 2081 243 vero,
2121 177 2195 235 ut
2241 176 2344 234 est
2376 185 2573 233 causa

326 278 663 346 naturalis.
706 278 821 343 l-lae
860 296 1147 362 namque
1184 278 1465 344 rationes
1501 295 1723 342 revera
1775 295 1907 342 non
1945 275 2357 361 distinguunt
2393 275 2575 360 obje-

322 394 543 462 ctum,
583 386 755 453 idem
784 386 1029 470 quippe
1064 384 1243 451 Deus
1278 394 1380 449 est
1405 392 1630 451 auctor
1665 383 2174 468 supernaturalis
2209 394 2274 449 et
2315 380 2572 448 natura-

323 494 439 572 lis,
481 514 600 560 nec
636 493 1055 580 distinguitur
1099 494 1239 559 istis
1286 492 1534 569 modiS,
1579 491 1695 572 nisi
1744 490 1994 557 ratione
2047 490 2408 558 secundum
2452 509 2570 556 no-

322 613 536 669 strum
574 609 960 687 conceptum
1003 597 1132 687 (ι).

460 716 669 793 Resp.
712 728 855 792 neg.
906 708 1142 774 Minor.
1194 707 1411 790 quoad
1450 715 1805 790 utrumque
1855 708 2258 773 membrum.
2301 707 2405 772 Ad
2443 708 2570 791 pri-

325 817 419 883 mi
470 817 748 882 membri
788 815 1185 900 probation„
1234 832 1378 898 neg.
1434 833 1737 897 conseq„
1767 823 1852 880 ·ut
1903 823 2081 899 patet
2118 834 2199 880 ex
2238 813 2373 891 his,
2415 833 2566 898 quae

320 943 447 990 suo
485 926 629 989 loco
679 923 965 990 diximus
1002 922 1082 987 de
1136 921 1540 989 certitudine.
1584 920 1757 987 Sane
1795 922 2015 987 «sicut
2065 922 2205 988 aliae
2250 921 2560 999 scientiae,

319 1032 639 1115 quamdiu
679 1030 742 1096 in
800 1032 1129 1096 intellectu
1184 1041 1486 1105 manent,
1530 1038 1872 1095 removent
1927 1049 2060 1095 non
2097 1031 2314 1097 solum
2345 1030 2569 1096 sormi-

320 1140 581 1216 dinem,
637 1140 754 1205 sed
783 1138 1004 1203 :etiam
1063 1138 1420 1223 potentiam
1479 1136 1868 1202 formidandi
1921 1136 2002 1201 de
2066 1138 2418 1214 contrarie,
2478 1138 2567 1203 ita

317 1247 518 1313 etiam
559 1246 933 1330 Theologiae
969 1256 1033 1311 et
1072 1244 1241 1311 Fidei
1275 1245 1533 1311 habitus
1562 1244 1803 1311 faciunt
1834 1244 2149 1327 quamdiu
2189 1245 2253 1311 in
2285 1245 2567 1311 hominis

319 1357 648 1428 intellectu
711 1354 1086 1438 perdurant.
1141 1352 1289 1419 Non
1338 1352 1512 1418 enim
1571 1363 1788 1437 potest
1842 1352 1991 1435 quis
2030 1353 2302 1419 retinere
2341 1353 2561 1420 Fidem

316 1473 434 1528 aut
470 1462 930 1546 Theologiam,
984 1472 1048 1528 et
1086 1460 1281 1526 simul
1317 1460 1662 1527 deliberate
1700 1460 1995 1526 dubitare
2047 1478 2163 1525 seu
2201 1462 2439 1537 vereri,
2483 1481 2565 1532 ne

324 1589 458 1635 non
499 1569 628 1638 sint
671 1588 855 1646 vera,
898 1588 1044 1652 quae
1083 1554 1350 1633 tradu‘nt
1388 1567 1571 1633 Fides
1607 1577 1673 1634 et
1708 1567 2093 1653 Theologi213
2129 1568 2241 1651 qui
2282 1569 2456 1635 enim
2498 1569 2562 1635 id

318 1679 682 1754 vereretur,
725 1695 806 1742 eo
834 1676 976 1761 ipso
1007 1673 1331 1741 amitteret
1358 1676 1517 1740 tales
1558 1675 1839 1742 habituS.
1874 1673 2070 1750 Quod
2108 1687 2331 1741 autem
2370 1678 2562 1744 abso-

281 1836 286 1840 .
314 1787 452 1851 lute
482 1784 747 1868 quidem
772 1784 976 1869 possit
1006 1783 1277 1869 aincere
1310 1783 1603 1849 habitum
1634 1782 1804 1849 Fidei
1837 1791 1902 1847 et
1920 1784 2293 1868 Theologiae
2313 1836 2328 1860 ,
2364 1795 2558 1868 atque

311 1893 480 1960 adeo
517 1893 896 1967 formidare,
937 1903 1159 1957 utrum
1200 1909 1348 1976 quae
1376 1890 1641 1957 tradunt
1670 1890 1856 1957 Fides
1894 1900 1958 1956 et
1994 1891 2376 1977 Theologia,
2406 1912 2557 1958 vera

308 2000 479 2077 sint,
521 2002 623 2066 vel
662 2001 856 2066 etiam
897 2000 1035 2083 ipsa
1073 2000 1231 2064 salsa
1268 1998 1672 2080 existimare;
1710 1999 1776 2063 id
1814 2000 2029 2066 solum
2069 2008 2170 2066 est
2207 2019 2559 2085 argumen-

308 2117 459 2174 tum
497 2108 905 2175 inevidentiae
944 2106 1115 2172 Fidei
1160 2125 1232 2171 ac
1268 2105 1674 2191 Theologiae,
1731 2107 1912 2190 quod
1954 2106 2194 2174 scilicet
2240 2109 2556 2174 nonred-

308 2218 472 2284 dant
533 2216 595 2282 hi
660 2215 915 2280 habitus
971 2214 1371 2280 intellectum
1429 2214 1493 2280 in
1560 2214 1971 2279 assentiendo
2049 2215 2548 2294 immutabilem,

306 2324 480 2390 sicut
544 2323 788 2389 faciunt
847 2322 1106 2387 habitus
1166 2320 1266 2387 alii
1326 2320 1774 2396 scientiarum,
1833 2329 2157 2404 quatenus
2222 2323 2554 2390 evidentes
2642 2361 2648 2367 ·

305 2440 493 2501 sunt.
526 2431 675 2498 Non
714 2439 815 2496 est
844 2438 1063 2495 autem
1104 2429 1170 2494 id
1209 2436 1705 2513 argumentum,
1739 2430 1917 2511 quod
1948 2430 2133 2496 Fides
2171 2440 2237 2495 et
2273 2430 2556 2497 Theolo-
2639 2458 2648 2469 ·

305 2540 418 2624 gia
454 2539 584 2605 sint
623 2539 842 2604 minus
880 2538 1032 2604 certi
1087 2536 1369 2602 habitus,
1423 2536 1582 2600 lllud
1630 2535 1805 2600 enim
1847 2536 1912 2602 in
1965 2554 2100 2620 quo
2138 2556 2254 2621 per
2290 2557 2359 2604 se
2397 2557 2553 2604 con-

305 2646 477 2713 sistit
513 2646 834 2712 certitudo
867 2645 1156 2719 habitus,
1191 2652 1262 2708 ut
1290 2643 1529 2709 scilicet
1560 2661 1710 2707 cum
1742 2642 1887 2726 ipso
1917 2644 2186 2727 quidem
2227 2665 2358 2712 non
2400 2666 2551 2732 pos-

306 2754 396 2820 sit
432 2754 629 2821 simul
668 2766 838 2822 stare
875 2751 1223 2817 deliberata
1258 2750 1536 2817 formido
1573 2749 1655 2815 de
1682 2752 2039 2828 contrario,
2083 2755 2549 2838 perfectissime

306 2869 619 2945 praestant
648 2861 782 2925 duo
812 2861 875 2925 hi
907 2859 1196 2936 habituS,
1233 2867 1297 2924 et
1325 2878 1404 2923 eo
1433 2859 1701 2942 quidem
1744 2861 2117 2942 perfectiuS,
2150 2881 2284 2945 quo
2322 2865 2546 2930 lumen

304 2968 545 3035 divinae
595 2968 1035 3042 revelationis,
1098 2968 1162 3032 in
1219 2986 1352 3050 quo
1392 2965 1579 3031 Fides
1624 2975 1689 3031 et
1744 2965 2098 3054 Theologia
2153 2969 2542 3048 subsistunt,

306 3078 565 3162 longius
593 3076 789 3142 distat
818 3096 854 3141 a
886 3075 1191 3149 salsitate,
1226 3092 1424 3158 quam
1461 3073 1685 3140 lumen
1718 3076 2037 3151 naturale,
2079 3093 2214 3160 quo
2253 3078 2549 3147 nituntur

306 3186 633 3252 naturales
670 3182 955 3250 scientiae
992 3178 1119 3269 (2).
2421 3167 2429 3176 ’

442 3293 544 3358 Ad
582 3291 843 3356 alterius
884 3287 1157 3353 membri
1199 3287 1563 3371 probation.
1605 3288 1798 3354 etiam
1837 3307 1978 3373 neg.
2020 3308 2286 3376 conseq.
2328 3293 2541 3360 «Nam

303 3409 381 3465 ut
415 3419 498 3464 ex
536 3406 715 3482 parte
751 3395 946 3463 etiam
987 3394 1449 3480 praestantioris
1487 3395 1719 3481 objecti
1759 3396 2109 3482 Theologia
2146 3399 2544 3487 intelligatur

302 3505 678 3593 perfectior,
722 3524 852 3571 non
912 3512 1013 3569 est
1067 3521 1236 3587 opus
1258 3554 1273 3581 ,
1331 3514 1403 3570 ut
1460 3503 1636 3570 Deus
1693 3504 2122 3572 determinate
2177 3510 2538 3576 secundum

300 3616 479 3681 illam
516 3613 866 3687 rationem,
910 3630 1040 3695 qua
1087 3611 1165 3676 de
1206 3612 1311 3676 illa
1359 3619 1587 3676 tractat
1639 3611 2026 3698 Theologia,
2086 3614 2170 3680 sit
2223 3615 2537 3699 quiddam

301 3723 508 3806 reipsa
547 3719 923 3805 perfectiuS,
964 3738 1164 3803 quam
1207 3719 1378 3784 idem
1420 3719 1556 3804 ipse
1596 3718 1769 3785 Deus
1799 3722 2160 3788 secundum
2192 3724 2535 3800 rationem,

297 3849 431 3914 qua
459 3829 542 3896 de
578 3827 689 3893 illo
717 3835 1028 3894 tractatur
1054 3845 1091 3891 a
1120 3826 1597 3912 Metaphysica;
1629 3826 1746 3893 sed
1777 3828 1932 3895 satis
1961 3837 2095 3905 est,
2130 3839 2202 3894 ut
2237 3829 2290 3897 si
2331 3838 2537 3898 totam

370 4085 450 4148 (1)
522 4076 698 4151 Apud
725 4075 984 4143 Valent..
1017 4073 1158 4133 ibid.

369 4173 449 4238 (2)
523 4165 822 4236 Valentia,
852 4163 991 4224 ibid.
