3492 5525
574 484 629 555 552
687 471 812 535 Lumen
828 468 1056 543 Maron-Lm.
1076 470 1254 545 1.¹¹·,Drsr³.
1270 484 1314 554 3.·
1330 444 1409 534 Car.
1426 486 1496 534 aum

531 674 604 740 quae
619 654 814 738 ceteroquin
830 654 920 721 facile
934 662 985 720 est
997 672 1210 739 cognoscere,
1231 663 1264 721 et
1278 657 1465 723 facultatum
1479 656 1656 741 cognosci-
1729 633 1730 686 ³

530 764 670 830 tivarum
702 762 891 829 relationem
920 772 952 828 et
979 761 1116 827 aliorum
1144 763 1371 831 testimonium
1401 782 1473 831 esse
1498 782 1653 831 normam

531 870 730 937 infallibilem
750 879 849 953 atque
864 869 1018 936 indicium
1038 868 1194 938 veritatis.

597 978 682 1044 Sunt
707 987 817 1044 autem
838 977 982 1063 partialia
1004 976 1145 1054 criteria,
1168 979 1244 1061 quia
1272 998 1332 1044 nec
1351 980 1487 1045 aliorum
1505 979 1654 1047 testimo

531 1084 621 1151 nium
633 1085 766 1151 inservit
779 1084 839 1151 nisi
851 1104 909 1170 pro
921 1084 1108 1170 cognitione
1120 1084 1193 1151 fidei
1207 1087 1373 1164 naturalis,
1386 1106 1445 1153 nec
1459 1087 1569 1153 relatio
1579 1107 1653 1153 sen-

530 1210 628 1259 suum
648 1202 680 1258 et
699 1192 905 1259 conscientiae
920 1192 981 1259 nisi
997 1210 1055 1275 pro
1067 1192 1308 1277 cognitionibus
1329 1195 1648 1279 experimentalibus.

574 1308 624 1365 2.⁰
670 1300 779 1383 Atque
796 1300 883 1365 idem
903 1299 1116 1365 confirmatur
1133 1320 1174 1365 ex
1191 1304 1359 1368 communi
1379 1321 1441 1368 usu
1460 1302 1647 1377 bominum,

529 1408 585 1491 qui
606 1408 724 1492 passim
745 1426 804 1491 pro
824 1409 912 1473 vario
940 1407 1166 1493 cognitionum
1191 1408 1303 1473 ordine
1326 1409 1456 1492 aliquod
1484 1430 1524 1475 ex
1543 1411 1651 1476 relatis
1730 1479 1731 1482 ,

529 1514 663 1581 criteriis
693 1516 833 1581 afferunt
863 1524 1036 1598 tamquam
1067 1515 1229 1582 motivum
1257 1536 1294 1582 ac
1325 1535 1468 1582 veracem
1498 1536 1648 1583 normam
1730 1531 1731 1538 ’

529 1622 755 1707 cognitionum
780 1622 1063 1711 assertionumque
1087 1624 1302 1707 propriarum.
1323 1623 1377 1690 Sic
1397 1625 1518 1690 coelum
1547 1625 1650 1691 stellis

436 1778 439 1795 .
529 1730 652 1807 ornari,
666 1748 820 1795 serenum
837 1730 889 1796 vel
904 1730 1053 1795 nubilum
1075 1749 1146 1797 esse
1159 1742 1248 1797 certo
1260 1742 1427 1807 tenemus,
1440 1732 1515 1814 quia
1529 1734 1651 1798 nostris

528 1838 632 1903 oculis
650 1837 816 1919 videmus3
848 1837 964 1903 urbem
990 1836 1309 1922 Constantinopolim
1338 1840 1490 1916 existere,
1511 1840 1588 1923 quia
1605 1841 1649 1905 ita

530 1953 660 2011 narrant
677 1944 809 2029 plurimi
828 1952 927 2011 testes
943 1943 1148 2030 irrefragabili
1166 1944 1367 2012 testimonio:
1385 1954 1417 2012 et
1431 1946 1517 2011 idem
1536 1947 1588 2012 dic
1606 1948 1649 2012 de
1731 1961 1732 1970 ¹

529 2052 709 2119 innumeris
730 2052 799 2119 aliis
817 2052 914 2119 certis
928 2052 1070 2137 judiciis.

573 2208 629 2301 96.
676 2212 870 2279 Pnot’ostrro
891 2221 942 2279 2.⁸
960 2218 1141 2281 Evidentia
1154 2228 1208 2281 est
1222 2221 1380 2297 generale
1393 2238 1432 2281 ac
1446 2236 1650 2297 supremum

528 2325 684 2387 veritatis
702 2326 880 2389 criterium
897 2343 960 2403 pro
978 2342 1192 2405 quacumque
1214 2328 1408 2405 cognitione
1431 2338 1524 2391 certa
1550 2336 1650 2388 natu-

530 2432 612 2494 ralie
627 2432 772 2497 ordinis.

365 2612 472 2659 canente
597 2594 776 2656 Probatur.
797 2588 839 2657 Ut
858 2588 978 2673 aliquid
1003 2588 1045 2654 sit
1063 2590 1251 2675 hujusmodi
1269 2582 1450 2664 criterium,
1478 2589 1651 2672 requinm-

342 2684 450 2731 “¹¹“⁵⁰¹¹¹
464 2699 490 2729 ⁸⁶
529 2704 584 2762 tur
598 2716 634 2762 ac
648 2695 814 2764 sufficiunt
832 2697 908 2762 trla:
935 2696 984 2764 r.⁰
1005 2705 1041 2762 ut
1060 2696 1102 2762 sit
1120 2708 1195 2764 nota
1216 2696 1342 2780 propria
1360 2704 1391 2762 et
1410 2697 1575 2763 exclusiva
1593 2718 1653 2763 ve-

347 2773 483 2815 ”p‘mum'
530 2806 643 2870 citatis:
665 2820 713 2870 ae
728 2813 764 2869 ut
777 2807 884 2869 valere
898 2805 1002 2888 possit
1018 2824 1075 2889 pro
1091 2822 1300 2888 quacumque
1313 2804 1516 2890 cognitione:
1534 2812 1583 2890 3!
1598 2807 1653 2869 de-

530 2930 636 2987 mum,
653 2919 688 2978 ut
703 2911 745 2977 sit
759 2911 875 2977 ultima
889 2912 986 2988 ratio,
1004 2932 1103 2994 quam
1118 2913 1250 2977 reddere
1264 2914 1428 2995 possimus
1441 2931 1499 2994 pro
1513 2914 1650 2979 veritate

528 3019 673 3105 cuiusvis
691 3017 768 3084 certi
787 3037 942 3085 assensus
961 3020 993 3084 in
1013 3022 1127 3085 ordine
1147 3021 1294 3084 naturali.
1318 3019 1419 3102 Atqui
1440 3020 1544 3084 tribus
1560 3020 1651 3085 hisce

531 3125 780 3211 proprietatibus
798 3127 921 3210 gaudet
939 3125 1111 3194 evidentia.
1130 3127 1258 3211 Ergo...

597 3241 766 3302 Probatur
779 3240 896 3303 Minor
914 3253 972 3318 per
988 3250 1115 3317 partes:
1139 3241 1188 3300 1.⁰
1200 3233 1364 3299 Evadentia
1376 3236 1507 3298 minuta
1516 3235 1653 3316 propria

528 3342 682 3408 perimus.
713 3341 858 3418 Etenim,
888 3351 925 3407 ut
948 3360 988 3406 ex
1012 3342 1085 3408 alibi
1114 3341 1206 3406 dictis
1228 3349 1370 3416 constat,
1399 3339 1558 3422 quidquid
1582 3341 1653 3407 evi·

530 3451 612 3516 dens
631 3459 697 3525 est,
719 3467 833 3515 verum
853 3458 919 3526 est,
937 3458 970 3515 et
988 3467 1077 3514 error
1095 3448 1228 3513 evidens
1244 3467 1317 3514 esse
1335 3445 1460 3530 nequit.

597 3555 685 3632 Quin
705 3555 809 3622 immo
827 3574 931 3639 usque
950 3557 1031 3621 adeo
1050 3556 1210 3621 evidentia
1224 3565 1274 3621 est
1287 3555 1419 3639 signum
1434 3552 1598 3632 veritatis,
1614 3567 1653 3621 ut

531 3664 587 3731 ubi
612 3683 648 3729 ea
673 3682 738 3729 non
762 3663 863 3742 adsit,
891 3681 984 3728 mens
1003 3671 1159 3746 nequeat,
1184 3663 1212 3728 si
1240 3662 1414 3746 prudenter
1438 3680 1533 3746 agere
1556 3663 1649 3738 velit,

532 3789 702 3838 assensum
717 3771 859 3855 praebere
874 3771 1062 3836 enuntiabili
1073 3770 1197 3853 absque
1209 3769 1392 3843 formidine,
1408 3776 1444 3833 ut
1455 3787 1587 3834 cernere
1601 3780 1651 3836 est

532 3879 563 3945 in
578 3863 708 3957 obiecto
723 3897 812 3942 mere
828 3877 983 3964 probabili
999 3890 1098 3961 atque
1113 3874 1282 3961 opinabili,
1299 3875 1331 3941 in
1342 3895 1408 3958 quo
1418 3893 1548 3959 semper
1563 3875 1651 3945 inest

532 3987 709 4071 periculum
730 3985 854 4051 errandi
871 3993 1003 4069 propter
1015 3983 1185 4049 evidentiae
1200 3984 1379 4058 defectum,
1400 3990 1432 4046 et
1450 3982 1652 4050 insufficien-

531 4103 598 4159 tem
627 4092 874 4178 applicationem
899 4093 951 4156 vel
970 4089 1259 4175 improportionem
1280 4088 1397 4174 objecti
1419 4107 1495 4154 cum
1524 4091 1650 4157 lumine

532 4200 675 4275 rationis.
695 4201 829 4267 Nullum
854 4199 976 4283 quippe
998 4197 1143 4282 quietare
1170 4209 1313 4264 mentem
1334 4204 1457 4279 potest,
1479 4215 1538 4261 nec
1556 4215 1651 4264 secu-

532 4327 600 4374 ram
621 4309 771 4384 reddere,
793 4308 834 4372 de
852 4307 1004 4382 veritate,
1027 4305 1088 4371 nisi
1106 4305 1265 4370 evidentia
1284 4302 1483 4383 illustretur„

597 4421 753 4486 Secunda
777 4439 858 4498 pars
886 4420 1046 4482 Minoris:
1067 4413 1233 4480 medentia
1257 4415 1361 4478 valere
1377 4413 1481 4493 potest
1492 4417 1552 4493 pro
1574 4432 1651 4497 quo-

531 4543 659 4608 cumque
676 4523 786 4589 ordine
802 4522 992 4606 cognitionis
1005 4520 1173 4587 naturalis.

598 4630 682 4696 Nam
711 4632 761 4696 vel
791 4623 842 4695 es't
868 4629 1010 4706 interna,
1040 4631 1091 4695 vel
1119 4635 1262 4692 externa.
1290 4627 1329 4690 Et
1354 4633 1486 4690 externa
1513 4626 1647 4706 quidem

532 4741 640 4804 locum
659 4736 756 4802 babet
775 4737 808 4802 in
822 4754 959 4802 assensu
974 4735 1048 4800 fidei
1063 4733 1234 4810 naturalis,
1250 4732 1305 4816 qui
1319 4739 1453 4797 eatenus
1465 4731 1584 4800 firmus
1598 4749 1649 4801 est
