3492 5525
1461 32 1737 188 *⁵

551 522 611 591 bab
661 520 784 592 Loorca
799 518 1033 603 Maron-Lm.
1053 544 1121 607 μ’,
1137 524 1231 593 biso.
1248 542 1294 612 4·
1308 522 1386 596 Car.
1404 539 1476 595 ψ’

511 708 641 775 criticus
667 710 826 777 deducere
851 711 985 797 poterit:
1013 708 1050 797 α)
1076 708 1109 776 Si
1136 711 1169 777 in
1197 711 1352 778 omnibus
1374 712 1636 797 exemplaribus,

512 815 609 881 etiam
629 816 750 883 auctori
770 816 991 894 vicinissimis,
1003 818 1060 885 uni
1078 816 1251 903 eidemque
1269 820 1392 885 auctori
1412 838 1496 903 opus
1514 817 1640 885 tribui-

513 932 584 1001 tur,
613 924 692 991 huic
714 924 923 992 tribuendum
951 934 1020 993 est:
1050 926 1148 992 habet
1173 925 1261 992 enim
1281 945 1341 1012 pro
1368 945 1404 993 se
1432 926 1639 1011 antiquitatis

513 1031 755 1115 testimonium
772 1030 812 1121 β)
827 1032 860 1099 Si
874 1034 907 1099 in
918 1034 1055 1101 vetustis
1070 1032 1239 1101 codicibus
1250 1052 1373 1101 nomen
1385 1032 1482 1101 unius
1491 1030 1640 1100 auctoris

514 1159 598 1226 opus
617 1141 760 1225 praelert,
790 1140 822 1207 in
851 1141 1082 1207 recentioribus
1106 1141 1253 1218 alterius,
1283 1138 1527 1215 vetustissrdes
1546 1139 1642 1206 adhi-

514 1248 637 1325 benda,
666 1247 726 1315 nisi
759 1248 838 1331 quid
868 1248 994 1331 obstet3
1019 1244 1056 1341 γ)
1083 1246 1117 1315 Si
1150 1250 1182 1315 in
1217 1250 1447 1315 recentioribus
1471 1247 1642 1315 codicibus

515 1355 635 1439 aliquid
665 1355 831 1439 reperitur,
866 1356 955 1439 quod
983 1357 1016 1421 in
1046 1354 1282 1440 antiquioribus
1310 1357 1415 1435 deest,
1453 1356 1641 1440 interpolati

515 1462 703 1529 documenti
730 1460 885 1529 indicium
905 1471 972 1544 est3
994 1464 1020 1529 si
1050 1464 1248 1529 contrarium
1276 1461 1543 1549 deprehenditur,
1566 1481 1643 1527 mu-

515 1570 630 1636 niati.»

562 1677 614 1744 a.⁰
662 1676 720 1742 «si
748 1676 921 1762 scriptores
943 1676 1101 1766 auctoris,
1120 1678 1213 1763 cujus
1242 1695 1363 1744 nomen
1383 1678 1463 1745 liber
1494 1678 1639 1763 praefert,

516 1784 623 1850 cboevi
653 1786 704 1849 vel
724 1800 898 1869 suppares,
919 1794 975 1851 aut
1000 1785 1097 1850 etiam
1118 1786 1247 1852 traditio
1273 1796 1429 1851 constans
1457 1785 1564 1851 cidem
1584 1804 1644 1850 au-

517 1891 597 1958 ctori
627 1890 745 1958 librum
775 1893 978 1977 adjudicent,
1014 1911 1080 1957 non
1113 1892 1174 1957 erit
1192 1894 1233 1959 de
1256 1904 1386 1959 auctore
1404 1892 1642 1960 dubitandum.

517 1998 711 2067 Traditionis
734 2009 843 2066 autern
872 1999 1097 2066 testimonium
1118 2019 1157 2065 eo
1186 2000 1291 2085 magis
1319 1999 1452 2066 habebit
1471 2000 1641 2085 ponderis,

518 2106 544 2173 si
564 2107 729 2173 nationem
757 2105 942 2172 universam
962 2108 1078 2172 vadem
1100 2106 1235 2182 habeat,
1261 2108 1433 2191 multoque
1461 2106 1591 2191 magis,
1616 2107 1643 2171 si

413 2302 414 2305 Ἴ
519 2215 598 2281 liber
616 2226 672 2283 aut
691 2216 823 2281 annales
847 2222 905 2281 aut
932 2216 1039 2299 leges,
1072 2223 1130 2280 aut
1149 2214 1296 2300 religiosa
1315 2214 1469 2303 dogmata
1499 2212 1646 2280 nationis

518 2322 724 2389 contineat.»

564 2429 617 2499 3.⁰
664 2430 729 2495 «Er
745 2429 906 2495 contrario
929 2428 1024 2504 liber,
1047 2430 1102 2513 qui
1124 2428 1249 2513 antiqui
1270 2428 1409 2495 auctoris
1439 2428 1577 2494 nomine
1598 2428 1650 2493 in-

520 2538 681 2614 scribitur,
702 2537 729 2603 si
749 2537 883 2622 alicujus
902 2536 1062 2636 momenti
1082 2537 1143 2611 sit,
1160 2556 1196 2602 ac
1217 2536 1305 2601 nulla
1324 2538 1394 2623 ejus
1415 2534 1540 2601 mentio
1558 2536 1647 2620 apud

520 2653 645 2739 veteres
664 2654 827 2720 occurrat,
848 2653 1021 2727 suspectus
1041 2644 1210 2710 habendus
1233 2654 1301 2719 est,
1323 2642 1383 2709 nisi
1404 2642 1531 2729 potiora
1549 2663 1649 2728 argu-

521 2760 631 2820 menta
652 2752 790 2837 probent
809 2771 881 2818 esse
899 2752 1126 2836 genuinum.»

566 2871 617 2946 4.⁰
663 2859 912 2938 «Documenta,
933 2878 1008 2943 quae
1027 2861 1067 2924 ab
1095 2859 1331 2941 antiquioribus
1356 2860 1473 2944 rejecta
1491 2869 1592 2935 sunt,
1612 2869 1649 2923 ut

522 2969 646 3054 spuria,
667 2967 774 3035 autin
793 2967 931 3049 dubium
956 2976 1121 3044 revocata,
1143 2968 1198 3031 vix
1220 2966 1290 3032 sieri
1310 2974 1436 3051 potest,
1457 2977 1494 3031 ut
1515 2975 1650 3050 propter

523 3076 737 3142 recentiorum
761 3074 986 3140 auctoritatem
1013 3073 1140 3140 admitti
1167 3073 1327 3151 debeant,
1358 3073 1419 3139 nisi
1448 3072 1593 3138 rationes
1617 3073 1649 3137 hi

521 3185 657 3250 aflerant
674 3183 812 3248 omnino
830 3182 1079 3267 gravissimas.»

568 3297 615 3360 5.⁰
661 3289 722 3355 «sl
741 3309 781 3356 ex
801 3289 909 3372 aliquo
933 3290 1013 3355 libro
1039 3289 1109 3354 loca
1129 3289 1281 3372 quaedam
1311 3308 1328 3352 a
1356 3287 1522 3354 veteribus
1549 3287 1648 3354 citata

522 3397 604 3481 sint,
625 3414 730 3481 eaque
745 3397 845 3462 modo
865 3395 898 3462 in
913 3397 993 3461 libro
1011 3397 1161 3482 ejusdem
1177 3395 1317 3461 auctoris
1336 3405 1369 3462 et
1381 3393 1464 3460 tituli
1486 3395 1647 3479 reperian-

523 3517 592 3580 tur,
620 3505 683 3571 hoc
707 3510 902 3589 argumento
930 3521 1003 3568 esse
1026 3501 1144 3587 poterit
1172 3502 1212 3567 ad
1242 3501 1360 3568 librum
1389 3500 1646 3568 existimandum
1727 3532 1728 3575 ,

522 3611 703 3697 genuinum
723 3621 755 3678 et
774 3610 958 3696 integrum3
976 3611 1003 3677 si
1023 3629 1088 3676 non
1104 3609 1318 3695 reperiantur,
1334 3618 1392 3676 aut
1406 3608 1487 3676 liber
1506 3621 1557 3676 est
1574 3627 1650 3693 sup-

524 3719 652 3806 positus
671 3737 729 3804 pro
752 3719 854 3784 veteri
872 3718 1059 3804 deperdito,
1086 3729 1143 3783 aut
1172 3716 1308 3783 mutilus
1327 3727 1395 3798 est3
1424 3717 1451 3782 si
1475 3717 1650 3783 immutata
1724 3785 1725 3788 ,

525 3830 691 3913 legantur,
707 3825 787 3890 liber
804 3834 855 3892 est
873 3834 1087 3911 corruptus.»

547 3943 619 4002 ·⁶.⁰
664 3933 725 3999 «st
753 3933 889 4018 alicujus
912 3932 982 3998 iibri
1003 3933 1104 3998 multa
1130 3933 1195 4013 iam
1218 3931 1416 4015 exemplaria
1440 3932 1601 4016 exscripta
1618 3941 1651 3995 et

525 4041 620 4108 variis
639 4041 670 4106 in
691 4040 769 4106 locis
787 4041 939 4125 vulgata,
961 4043 1061 4117 lecta,
1083 4040 1116 4104 in
1136 4037 1239 4124 pretio
1257 4039 1368 4106 habita
1387 4037 1487 4105 luisse
1504 4045 1647 4114 constat,

528 4149 581 4216 lric
611 4149 690 4215 liber
726 4147 898 4214 adulterari
935 4165 1001 4213 non
1031 4147 1149 4232 potuit.
1177 4146 1261 4212 Nam
1293 4156 1327 4212 et
1351 4145 1565 4232 impossibilis
1592 4146 1651 4211 luit

525 4259 675 4324 omnium
687 4255 897 4340 conspiratio,
913 4263 947 4320 et
961 4255 1064 4340 siqua
1078 4255 1519 4340 fraustuissetdeprehensa,
1534 4270 1651 4319 omnes

526 4367 783 4431 reclamassent»
806 4363 818 4448 (
843 4360 867 4449 ).

595 4473 670 4538 llaec
688 4481 800 4537 tamen
820 4479 979 4556 praccepta
994 4487 1109 4555 parurn
1131 4468 1315 4554 proficient,
1333 4468 1395 4536 nisi
1409 4467 1582 4547 nomines,
1596 4467 1653 4552 qui

528 4579 729 4665 antiquitatis
749 4578 858 4645 studio
878 4586 1000 4644 navant
1019 4595 1167 4661 operam,
1188 4578 1368 4645 naturalem
1383 4575 1526 4642 babeant
1541 4574 1653 4661 judicii

560 4817 601 4882 (ι)
638 4813 744 4886 Τοηε.,
755 4809 866 4872 loncit.
879 4829 909 4870 u.
919 4809 983 4883 650.
994 4807 1058 4869 Cir.
1071 4807 1251 4880 Liberatoce¹
1265 4808 1319 4869 loc.
1328 4806 1377 4868 cit.
1391 4827 1421 4867 u.
1434 4825 1495 4882 195,
1510 4827 1580 4882 pag.
1591 4825 1655 4881 ψ.
