3492 5525
213 506 329 571 harre.
348 520 407 589 3.¹¹·
421 506 473 571 ue
487 478 627 571 Vaccae
641 504 794 582 Tarum,
811 506 987 571 Hrsronrn:
1002 524 1074 572 erc.
1111 508 1171 587 bap

92 686 334 765 rectitudinem,
355 690 569 773 animumque
594 696 778 766 maturum,
808 706 977 774 sagacem,
1007 688 1211 773 diligentem,

93 794 285 879 praeiudiciis
321 796 480 872 alienum,
513 805 753 881 temperatum,
786 795 906 863 eximie
938 794 1126 872 studiosum
1158 814 1215 863 ve-
1295 834 1300 842 ·

93 901 208 969 ritatis.

144 1046 217 1149 13'6.
265 1064 457 1131 prorostris
487 1062 541 1133 a*
572 1068 746 1149 Historica
778 1070 1002 1143 documenta,
1040 1069 1216 1149 supposita
1267 1099 1272 1105 ·

91 1193 215 1239 eorum
234 1178 426 1250 authentia,
453 1176 647 1255 integritate
668 1188 771 1257 atque
792 1176 1064 1257 incorruptione,
1085 1185 1215 1242 certam

91 1276 297 1363 quandoque
314 1284 419 1347 fidem
436 1284 592 1349 obtinere
604 1294 764 1363 possunt.

162 1439 199 1503 Et
219 1438 298 1505 ratio
317 1448 383 1513 est,
404 1440 481 1524 quia
495 1439 527 1505 in
548 1439 745 1525 quibusdam
765 1439 927 1526 adiunctis
940 1448 1092 1509 constare
1105 1446 1216 1525 potest
1229 1452 1295 1502 vnn
1314 1456 1431 1505 aarum·

94 1546 390 1632 historiographos,
416 1556 472 1613 aut
490 1547 670 1633 generatim
691 1560 841 1617 auctores
863 1549 1140 1617 documentorum
1161 1566 1217 1615 ve·
1237 1544 1419 1648 mffim

94 1666 219 1732 terum,
249 1656 347 1732 iacta,
387 1663 485 1739 prout
514 1666 713 1735 evenerunt,
748 1656 963 1743 cognovisse,
995 1657 1216 1739 veraciterque
1272 1672 1386 1729 smum.

95 1779 257 1842 narrasse,
278 1764 461 1829 dummodo
480 1764 664 1831 authentica
683 1764 749 1831 sint
767 1775 800 1832 et
819 1765 1009 1850 incorrupta
1027 1760 1216 1851 hujusmodi

93 1870 224 1954 scripta.
246 1870 340 1953 Ergo,
362 1870 518 1955 quoniam
539 1890 605 1938 non
629 1873 751 1939 desunt
772 1873 888 1939 indicia
912 1870 981 1939 sive
1004 1872 1130 1939 interna
1147 1872 1217 1937 sive

93 1985 228 2045 externa
246 1976 497 2062 incorruptionis
515 1989 548 2045 et
567 1980 743 2047 authentiae
761 1988 850 2047 certo
868 1980 1097 2066 agnoscendae,
1117 1979 1218 2045 histo-

94 2082 160 2150 rica
178 2086 376 2152 documenta
394 2085 622 2155 certitudinem
642 2086 778 2173 gignere
792 2099 932 2172 queunt.

163 2200 265 2262 Proh.
293 2202 408 2261 antec..
420 2193 452 2259 Si
472 2195 559 2261 enim
579 2196 700 2263 iactum
724 2196 821 2263 luerit
843 2195 1014 2271 sensibile,
1036 2195 1216 2280 pubiicum,
1313 2256 1319 2286 ι

94 2301 236 2376 illustre,
259 2319 318 2367 nec
342 2300 535 2378 absurdum,
559 2302 670 2369 aliisve
690 2304 780 2370 lactis
795 2314 851 2371 aut
870 2301 1062 2370 veritatibus
1080 2302 1219 2368 omnino

93 2408 191 2476 certis
204 2408 421 2484 contrarium,
442 2408 578 2493 scriptor
598 2419 709 2477 autem
735 2411 776 2477 sit
794 2414 951 2487 ciioevus,
968 2410 1020 2477 vei
1038 2408 1219 2476 traditionis

94 2517 242 2603 legitime
256 2535 436 2602 organum:
459 2520 508 2583 vel
525 2519 551 2584 si
571 2538 611 2585 ex
627 2518 764 2603 publicis
778 2539 816 2586 ac
829 2519 927 2585 certis
941 2518 1150 2585 documentis
1163 2527 1220 2583 aut

95 2624 323 2691 monumentis
341 2624 413 2692 lacti
439 2626 632 2691 memoriam
656 2612 915 2711 ‘deprompserit3
943 2625 1057 2710 nequit
1080 2626 1221 2710 pruden-

93 2744 145 2799 ter
164 2730 319 2808 dubitari,
336 2732 517 2818 quominus
536 2752 682 2800 veracem
704 2734 747 2800 rei
768 2734 918 2801 notitiam
934 2734 1085 2802 habuerit
1102 2753 1221 2802 secun-

8 2903 10 2908 .
93 2844 177 2907 dum
205 2861 259 2920 ea,
280 2859 355 2925 quae
380 2843 561 2930 generatim
587 2842 732 2909 diximus
758 2842 791 2909 in
810 2843 947 2910 articulo
970 2843 1164 2929 praecedenti
1179 2844 1220 2909 de

93 2951 230 3016 testium
248 2948 397 3016 scientia.

164 3057 227 3123 Sed
247 3056 401 3124 veracitas
425 3057 522 3122 etiam
543 3055 877 3144 historiographorum
905 3067 992 3126 certa
1009 3059 1079 3125 sieri
1098 3067 1218 3145 potest.

100 3173 148 3233 r.⁰
170 3165 225 3231 «si
245 3168 443 3233 documenta
462 3165 612 3232 historica
634 3165 700 3231 sint
719 3167 810 3251 plura
838 3176 871 3233 et
889 3167 1082 3246 concordia,
1105 3170 1220 3234 saltem

93 3276 207 3361 quoad
234 3272 308 3340 lacti
335 3273 571 3350 substantiam,
601 3275 676 3340 licet
703 3273 934 3341 historicorum
960 3275 1089 3342 diversa
1117 3277 1220 3352 natio,

92 3395 202 3460 secta,
223 3381 329 3450 studia
358 3381 524 3462 luerint,»
543 3390 580 3449 ut
598 3381 632 3447 in
657 3381 755 3448 simili
780 3382 998 3469 exposuimus
1025 3384 1066 3449 de
1084 3383 1219 3451 testium

93 3489 282 3558 veracitate.

142 3607 194 3666 2.·
241 3594 397 3664 «Etiamsi
413 3615 501 3664 unus
515 3597 557 3664 sit
569 3597 757 3673 historicus,
773 3607 896 3666 certam
907 3597 1126 3665 lacietlidem:
1138 3594 1175 3686 α)
1187 3597 1220 3664 Si
1256 3615 1412 3671 ornnem·

94 3712 180 3776 iacta
199 3715 322 3781 narret,
354 3723 497 3791 quorum
521 3705 729 3772 veracitatem
760 3707 925 3792 corrumpi
947 3716 1002 3773 aut
1023 3705 1143 3783 vitiari,
1164 3715 1222 3772 aut
1270 3686 1394 3807 ξζξζᾞ

94 3831 239 3902 quorum
250 3811 422 3880 salsitatem
433 3813 473 3879 ad
486 3825 633 3899 posteros
644 3832 849 3899 promanare,
863 3812 897 3892 ii,
909 3814 994 3880 inter
1005 3831 1091 3898 quos
1104 3813 1223 3880 scribe·

94 3927 171 4000 bat,
193 3921 316 4008 passuri
333 3940 399 3988 non
419 3921 572 3988 luissent:
594 3921 621 3988 si
636 3931 747 3988 tamen
762 3930 891 3989 constat
903 3930 937 3988 et
950 3922 1107 4008 scriptum
1123 3922 1222 3989 tuisse

93 4032 161 4100 illis
180 4038 310 4107 notum,
326 4038 358 4096 et
373 4029 538 4096 neminem
557 4029 805 4097 contradixisse:
826 4027 867 4119 β)
886 4029 919 4096 Si
938 4031 1074 4116 scriptor
1094 4029 1223 4116 publico

94 4137 233 4208 nomine
252 4136 418 4204 historiam
438 4156 572 4203 suorum
599 4147 788 4223 temporum
815 4137 1010 4205 exaraverit:
1030 4135 1067 4232 γ)
1094 4137 1128 4204 Si
1147 4138 1224 4206 scri-

20 4305 21 4338 ,
94 4257 173 4334 ptor
197 4245 294 4312 etiam
323 4254 398 4331 post
426 4246 611 4331 vulgatam,
641 4264 740 4329 quam
769 4245 914 4331 scripsit,
945 4246 1133 4322 historiam,
1165 4245 1223 4312 viri

20 4353 21 4358 ’
93 4353 209 4441 probi,
234 4353 353 4440 integri
378 4370 575 4437 morumque
603 4353 817 4420 sanctimonia
842 4355 1035 4440 prestantis.
1057 4353 1221 4438 opinione,

93 4462 186 4546 apud
203 4463 339 4528 ciioevos
357 4470 390 4528 et
410 4469 557 4545 posteros
576 4459 737 4527 floruerit:
753 4455 791 4550 δ)
810 4460 845 4527 Si
863 4461 1053 4528 documenti
1072 4461 1225 4528 veracita-

92 4582 165 4638 tem
185 4568 331 4654 lcgitima
348 4569 477 4635 traditio
496 4577 650 4646 testetur,
677 4569 852 4654 ipsumque
871 4569 1110 4644 documentum
1128 4570 1224 4644 luerit

93 4678 215 4745 scdulo
232 4694 363 4762 semper
376 4688 595 4755 asservatum,
613 4695 799 4762 magnoque
813 4676 846 4744 in
862 4676 967 4762 pretio
978 4677 1068 4762 apud
1082 4677 1223 4766 aliquam

95 4793 234 4872 gentem
253 4783 414 4856 habitum.
426 4807 443 4848 u
