3492 5525
337 488 456 553 Anrrc.
481 493 540 572 53²⁸
558 487 610 552 Ds
629 503 871 552 nnoeosrrrous
891 504 1015 550 nouam
1134 499 1194 570 259

110 673 244 756 quando
260 672 293 738 in
307 672 545 758 propositione,
559 671 658 740 etiam
672 671 782 756 quoad
799 672 942 756 speciem
958 670 1095 748 modali,
1113 672 1231 739 modus

7 763 8 766 ¹
110 798 177 846 non
190 780 346 865 exprimit
358 779 503 847 indolem
523 778 721 848 habitudinis
735 779 820 846 inter
832 779 1016 865 subjectum
1032 787 1065 844 et
1084 777 1232 864 pradica-

108 896 183 952 tum
202 888 292 966 dicti,
313 887 569 973 propositionem
594 885 682 953 illam
705 906 774 953 non
800 905 873 954 esse
891 905 967 952 rere
991 887 1168 954 modalem.
1189 887 1232 953 Ut

108 993 134 1060 si
150 994 227 1080 quis
241 996 282 1061 ad
300 996 552 1082 exprimendum
567 994 781 1080 officiumrel
794 994 1029 1080 obligationem
1048 1005 1105 1062 aut
1120 1012 1231 1061 neces·

107 1102 259 1180 sitalem,
301 1122 377 1186 quae
414 1103 562 1189 subjecto
599 1101 759 1171 incumbit
799 1103 950 1170 faciendi
970 1103 1104 1186 aliquid,
1145 1101 1237 1168 dicat

7 1216 8 1287 ᾗ
108 1230 141 1275 ν.
171 1229 207 1296 g.
235 1210 365 1277 Necesse
386 1215 433 1277 est
453 1213 582 1277 Petrum
604 1210 693 1277 hodie
712 1212 804 1276 domo
824 1211 940 1293 egredi,
964 1213 1016 1276 uel
1037 1229 1143 1276 coram
1159 1227 1231 1294 rege

7 1294 8 1383 Ῠ
105 1321 215 1384 edesse
232 1327 311 1395 etc„
331 1317 510 1404 propositio
529 1336 595 1385 non
614 1326 665 1384 est
683 1318 839 1396 modalis,
854 1318 913 1384 sed
937 1318 1130 1403 categorica
1154 1318 1230 1401 quia

7 1400 8 1423 ¹
106 1427 139 1492 in
159 1445 198 1493 ea
217 1445 284 1492 non
302 1426 482 1493 intenditur
499 1426 668 1493 enuntiare
686 1444 856 1512 egressum
871 1427 1004 1492 edomo
1023 1427 1074 1492 vel
1090 1443 1231 1510 praesen·

105 1535 185 1600 tiam
199 1553 310 1600 coram
329 1553 418 1620 rege,
439 1553 496 1620 per
513 1553 550 1602 se
567 1535 744 1602 convenire
761 1536 874 1612 Petro,
890 1535 1031 1619 ideoque
1050 1535 1230 1601 necessario

106 1640 340 1708 affirmandum
370 1659 454 1718 esse,
482 1643 515 1708 id
545 1641 633 1707 enim
673 1643 792 1708 falsum
827 1644 927 1724 ioret3
955 1642 1013 1707 sed
1042 1642 1230 1710 enuntiatur

105 1748 297 1833 simpliciter
310 1748 510 1816 necessarius
527 1767 680 1835 egressus
689 1751 742 1816 vel
752 1749 936 1834 praesentia,
950 1768 1025 1833 quae
1034 1759 1147 1816 tamen
1163 1769 1229 1816 non
1265 1799 1269 1808 .

107 1875 166 1942 per
181 1873 219 1924 se
237 1856 390 1923 convenit
407 1855 514 1922 Petro:
540 1859 628 1925 unde
652 1858 773 1925 modus
800 1856 899 1923 allicit
915 1858 1088 1925 dumtaxat
1115 1857 1231 1941 praedi-

104 1974 219 2032 catum
233 1965 322 2042 dicti,
342 1983 409 2031 non
428 1983 506 2031 vero
524 1965 674 2050 exprimit
693 1965 919 2032 habitudinem
934 1965 1019 2032 inter
1036 1967 1100 2032 tale
1119 1965 1230 2050 praedi·

105 2081 217 2139 catum
236 2079 270 2138 et
287 2072 474 2158 subjectum
493 2070 557 2160 (ι).

172 2181 258 2247 llinc
285 2181 379 2265 plura
399 2180 536 2275 colliges
559 2179 645 2246 circa
662 2190 813 2248 naturam
841 2180 1034 2250 modalium.
1056 2179 1228 2266 deprimo
1299 2185 1387 2271 &nula

103 2289 240 2372 quidem
268 2291 387 2373 copula
413 2287 675 2373 propositionum
704 2289 884 2354 modalium
910 2306 977 2354 non
996 2297 1048 2354 est
1066 2287 1146 2354 unio
1163 2297 1229 2354 ter·
1279 2259 1399 2306 m⁰d³¹¹¹¹⁰²

104 2397 287 2472 minorum,
315 2416 390 2479 quae
407 2395 531 2462 dietum
560 2397 762 2481 componit,·
779 2397 838 2463 sed
866 2396 936 2482 ipse
963 2396 1107 2462 formalis
1135 2405 1227 2462 actus

103 2504 281 2571 enuntians
299 2504 524 2570 habitudinem
546 2513 715 2580 mutuam,
735 2522 836 2586 quam
856 2503 901 2594 illi
920 2503 1058 2580 habent,
1079 2521 1138 2570 seu
1158 2503 1226 2588 ipse

103 2613 250 2678 formalis
266 2621 360 2678 actus
377 2621 578 2678 connectens
594 2612 720 2677 dictum
738 2630 816 2677 curn
835 2611 949 2678 modo.

170 2719 313 2799 Deinde,
343 2718 417 2788 licet
435 2719 559 2787 dictum
578 2719 699 2787 versari
721 2717 827 2804 possit
848 2718 932 2785 circa
950 2718 1103 2803 quamvis
1125 2727 1230 2804 mate·
1290 2745 1388 2800 mereris,

103 2829 202 2904 riam,
223 2828 292 2894 sive
312 2828 545 2907 necessariam,
565 2829 635 2895 sive
652 2826 908 2912 impossibilem,
933 2828 1003 2893 sive
1021 2828 1224 2913 possibilem,

102 2947 159 3001 aut
173 2936 441 3021 contingentem,
453 2936 537 3002 sicut
552 2935 708 3019 quaelibet
721 2934 782 3000 alia
800 2933 995 3019 propositio;
1014 2934 1226 3003 nihilominus

101 3045 173 3127 ipsa
192 3043 319 3128 integra
341 3053 374 3110 et
395 3045 540 3110 formalis
562 3043 760 3129 propositio,
785 3052 883 3126 prout
905 3043 996 3120 talis,
1027 3062 1093 3109 non
1117 3054 1226 3128 potest

101 3151 223 3217 versari
244 3151 304 3217 nisi
321 3151 355 3217 in
375 3150 511 3218 materia
528 3152 708 3218 necessaria
727 3160 760 3217 et
778 3150 985 3235 impossibili.
1006 3150 1044 3219 Et
1063 3152 1143 3218 ratio
1160 3161 1223 3231 est,

101 3259 180 3343 quia
199 3258 290 3341 quod
308 3269 357 3325 est
376 3259 548 3344 possibile,
569 3256 752 3325 necessario
770 3266 822 3324 est
839 3258 1013 3341 possibile,
1027 3267 1060 3325 et
1073 3278 1138 3326 non
1154 3268 1227 3345 pot·

100 3378 152 3433 est
176 3384 244 3433 non
268 3359 342 3432 esse
364 3366 529 3450 possibile.
549 3366 634 3452 Ergo
657 3364 852 3451 propositio,
879 3384 936 3450 per
965 3378 1066 3450 quam
1085 3366 1226 3433 affirma-

100 3483 170 3541 tur:
184 3473 336 3540 Possibile
348 3478 396 3540 est
405 3475 532 3540 Petrum
545 3488 689 3551 currere,
705 3472 859 3559 exprimit
873 3474 1099 3541 habitudinem
1114 3494 1226 3542 neces-

100 3579 194 3647 sariae
216 3580 432 3648 connexionis
460 3580 697 3649 interdictum
725 3590 758 3646 et
784 3582 935 3669 modum.
964 3580 1112 3667 itemque
1135 3584 1226 3667 quod
1353 3614 1358 3625 ·

100 3708 168 3755 non
186 3698 239 3755 est
258 3688 429 3773 possibile,
448 3690 630 3757 necessario
649 3697 781 3755 nonest
799 3690 964 3773 possibile.
981 3690 1065 3775 Ergo
1079 3691 1226 3776 proposi-

99 3797 146 3862 tio
159 3814 220 3882 per
237 3815 338 3880 quam
357 3796 550 3864 affirmatur:
571 3796 757 3880 Impossibile
769 3800 818 3863 est
831 3796 958 3863 mentiri
970 3799 1088 3874 Deum,
1105 3796 1223 3866 ilerum
1338 3868 1342 3876 ,

99 3902 258 3990 exprimit
274 3902 499 3971 habitudinem
514 3903 716 3971 necessitatis
727 3903 812 3970 inter
827 3904 966 3972 modum
982 3906 1170 3976 aedictum.
1187 3906 1225 3973 Et

97 4013 188 4079 idem
206 4012 261 4078 dic
275 4011 318 4079 de
336 4010 469 4097 reliquis
487 4013 596 4080 modis
614 4011 814 4079 necessitatis
827 4021 861 4080 et
878 4010 1124 4099 contingentiae.

165 4120 191 4185 Ε
217 4138 378 4187 converso
397 4120 489 4206 quod
514 4128 566 4188 est
591 4120 829 4197 necessarium,
859 4120 1060 4207 impossibile
1082 4130 1133 4188 est
1156 4140 1223 4189 non

98 4246 184 4295 esse·
203 4229 438 4295 necessarium.
467 4228 552 4315 Ergo
582 4227 761 4314 propositio
792 4228 931 4295 modalis
960 4230 1045 4295 haec:
1077 4228 1151 4297 Non
1179 4234 1227 4297 est

96 4353 220 4402 arcense
235 4334 387 4403 bonam
403 4354 469 4403 esse
485 4336 622 4413 aninral,
642 4334 796 4420 exprimit
821 4335 1049 4404 habitudinem
1072 4336 1224 4423 impossi-

98 4440 231 4511 bilitatis
245 4442 330 4509 inter
343 4445 482 4512 modum
495 4463 533 4512 ac
546 4444 670 4512 dictum
680 4493 688 4522 ,
700 4462 759 4511 seu
771 4444 869 4514 habel
880 4444 1018 4513 modum
1033 4446 1075 4513 de
1090 4446 1223 4514 materia

131 4698 172 4763 (r)
209 4693 274 4756 cfr.
304 4695 424 4755 Auctor.
450 4694 561 4771 opusc.
585 4694 698 4755 Senem.
727 4703 778 4755 tot.
807 4696 913 4774 Legio.
934 4698 1043 4771 Arist,
1072 4658 1156 4761 trnct.
1187 4698 1222 4759 de

100 4782 250 4860 interpret.
266 4805 292 4848 c.
311 4782 766 4858 11,etl².ldeuri,summur.c.
780 4804 827 4860 45.
889 4871 894 4879 Ι
1344 4783 1347 4791 ’
