3492 5525
309 474 424 539 Anne.
442 489 503 559 4⁰⁸
516 473 567 537 De
583 474 817 539 Screnrmnun
831 490 1151 541 suoncrnnrrtrronn
1175 494 1250 561 ¹0¹3

164 710 186 800 ξ
207 711 410 783 ii.-Urnun
425 689 607 781 Tu'eoeoou
626 729 750 781 uosrm
765 730 993 791 scnotrrsrrcn,
1014 730 1092 789 oum
1110 732 1150 781 ex
1176 732 1293 783 mmet·

211 837 267 886 rus
285 838 353 886 nne
367 836 471 886 mrum
485 836 634 889 cocurrrs
646 836 883 913 conccusrones
898 837 1127 913 ntnousmnr,
1149 822 1245 887 Deum

233 944 403 1002 urumque
417 944 520 995 orem
534 944 758 1002 nesercreures,
771 944 821 993 srr
832 944 973 995 serrum
983 945 1224 997 suentensem

481 1050 634 1115 screurtre
652 1034 708 1099 Det
729 1050 768 1099 er
786 1032 976 1103 eronuu.
1068 1108 1070 1113 ,

233 1195 306 1272 Qra
324 1195 357 1259 in
373 1213 405 1260 re
420 1194 516 1261 docet
531 1192 784 1283 cajetanu‚s(r),
801 1195 1014 1281 Theologiam
1031 1198 1113 1263 hanc
1127 1204 1287 1273 nostram,
1354 1216 1455 1271 Caietam
1545 1280 1546 1283 Ἴ
1598 1292 1608 1309 ·

164 1302 319 1391 quamjn
340 1304 399 1367 hac
417 1302 483 1368 vita
501 1302 717 1387 acquirimus,
732 1302 876 1367 bifariam
891 1302 1085 1369 considerari
1106 1322 1214 1388 posse:
1229 1305 1290 1387 pri·
1350 1288 1455 1344 dmm·

166 1428 224 1474 mo
236 1410 336 1475 modo
352 1420 447 1494 prout
461 1422 510 1476 est
527 1412 623 1497 hic‘in
640 1411 750 1485 nobis,
761 1410 819 1493 qui
833 1429 899 1475 non
917 1411 1076 1476 habemus
1090 1410 1288 1477 evidentiam

164 1516 398 1601 principiorum
417 1514 620 1601 Theologiae,
641 1536 716 1602 quae
730 1527 808 1614 sunt
819 1516 975 1583 veritates
990 1520 1156 1599 revelatae;
1173 1537 1289 1585 secun-

152 1625 210 1690 do
230 1625 525 1693 modosecundum
540 1645 591 1703 se,
610 1644 730 1709 nempe
754 1636 920 1709 quatenus
934 1627 1051 1691 habere
1064 1632 1171 1708 potest
1187 1626 1286 1690 alium

162 1743 287 1798 statum
307 1734 340 1799 in
359 1736 458 1799 altera
476 1733 560 1815 vita3
581 1734 745 1799 existimat
758 1733 847 1799 enim
863 1734 950 1797 hunc
966 1733 1119 1798 eumdem
1140 1733 1286 1798 habitum

162 1840 351 1926 Theologiae
371 1858 564 1907 mansurum
585 1859 656 1905 esse
676 1840 708 1905 in
729 1839 844 1905 Beatis.
866 1840 904 1904 Et
924 1840 1028 1923 primo
1049 1838 1291 1929 modnspe'ctar-¹
1347 1865 1348 1869 ¹

163 1932 351 2014 tam'sentit
368 1947 580 2034 Theologiam
601 1958 745 2014 nostram
767 1966 833 2013 non
851 1966 923 2013 esse
944 1948 1069 2031 proprie
1094 1958 1126 2014 et
1150 1948 1288 2013 univoce

163 2055 438 2130 subalternatam,
459 2053 638 2138 siquidem,
660 2064 696 2120 ut
714 2054 775 2129 sic,
798 2073 863 2120 non
884 2064 932 2121 est
951 2056 1086 2120 evidens
1105 2056 1203 2119 etiam
1233 2056 1289 2119 de-

163 2163 344 2246 pendenter
362 2164 403 2228 ab
422 2164 486 2229 ulia
505 2164 567 2228 alia
584 2162 733 2239 scientia,
759 2164 840 2228 sicut
865 2172 943 2229 sunt
968 2163 1109 2228 scientiae
1129 2163 1289 2229 subalter-

163 2278 265 2351 natae;
282 2280 315 2336 et
333 2288 410 2335 vero
426 2271 573 2336 secundo
593 2271 692 2335 modo
711 2269 946 2335 consideratam
957 2320 965 2344 ,
976 2286 1049 2335 esse
1070 2271 1196 2354 proprie
1211 2269 1289 2335 sub-

161 2379 354 2443 alternatam
374 2377 516 2443 scientiae
540 2377 597 2441 Dei
626 2396 662 2442 ac
693 2375 878 2442 Beatorum.
909 2378 945 2444 Et
971 2377 1084 2443 eadem
1113 2386 1162 2469 est
1193 2395 1287 2442 mens
1337 2398 1469 2443 eremum.

162 2485 324 2551 Dominici
352 2484 456 2551 Bauez
485 2486 594 2569 quoad
624 2504 692 2549 rem
721 2485 824 2569 ipsam
853 2482 919 2572 (2),
941 2485 1086 2569 itemque
1110 2486 1288 2567 Joannisa

163 2592 202 2660 S.
223 2594 349 2658 Thoma
367 2589 431 2678 (3),
453 2606 484 2659 et
504 2593 656 2657 aliorum.

233 2700 438 2766 Contrarium
458 2700 578 2766 docent
596 2702 679 2766 inter
700 2699 781 2766 alios
800 2699 991 2766 franciscus
1011 2698 1142 2787 Sylvius
1164 2698 1231 2788 (4),
1253 2708 1287 2765 et
1340 2738 1455 2784 cm,

166 2807 345 2894 Gregorius
373 2809 415 2873 de
442 2806 589 2872 Valentia
612 2805 676 2894 (5).
696 2806 761 2884 Qui
779 2808 964 2872 concedunt
981 2806 1193 2895 Theologiam
1214 2827 1286 2873 esse
1343 2813 1459 2864 antenna,

162 2916 418 2983 subalternatam
438 2915 615 3000 improprie
638 2923 671 2979 et
699 2914 881 2980 secundum
901 2915 1078 2999 quemdam
1102 2915 1286 2982 similitudi-

164 3043 259 3099 nem,
293 3033 414 3108 negant
441 3031 551 3087 tamen
582 3022 709 3106 proprie
736 3031 832 3104 atque
855 3023 888 3088 in
919 3024 1034 3106 rigore.
1061 3023 1098 3089 Et
1122 3023 1201 3088 ratio
1221 3032 1282 3099 est,
1312 3043 1423 3102 quomodo
1433 3059 1485 3098 pn-

162 3129 240 3214 quia
259 3131 298 3195 ad
318 3129 476 3194 rationem
497 3129 615 3195 strictae
634 3129 919 3195 subalternationis
932 3129 1102 3211 requiritur
1116 3130 1284 3197 diversitas
1363 3117 1433 3165 ΜΨ·

162 3238 366 3320 objectorum
385 3234 526 3303 scientiae
549 3235 801 3303 subalternantis
824 3246 857 3300 et
876 3237 1121 3312 subalternatae‚
1134 3257 1216 3321 ,quae
1237 3238 1285 3304 di-

162 3346 299 3411 versitas
316 3345 348 3410 in
367 3365 408 3410 eo
430 3344 595 3419 consistit,
621 3345 710 3427 quod
737 3345 902 3430 objectum
931 3346 1159 3410 subalternatae
1188 3346 1285 3410 addat

161 3453 376 3520 differentiam
396 3452 626 3518 accidentalem
645 3451 772 3541 objecto
791 3451 1057 3518 subalternantis.
1080 3452 1180 3535 Atqui
1200 3455 1285 3537 obje-

162 3571 257 3626 ctum
272 3559 459 3644 Theologiae
474 3571 594 3626 nostrae
609 3570 641 3624 et
651 3557 792 3625 scientiae
807 3558 924 3625 divinae
938 3579 974 3625 ac
988 3559 1158 3626 Beatorum
1182 3579 1284 3625 unum

162 3669 320 3751 idemque
338 3681 401 3734 est.
422 3667 547 3752 Ergo...
1264 3653 1268 3660 ⁸

232 3776 300 3842 Hoc
312 3786 423 3840 tamen
443 3783 673 3859 argumentum
688 3783 894 3858 praeoccupat
914 3774 1088 3856 cajetanus
1107 3775 1216 3841 dicens
1236 3793 1286 3840 es·
1312 3812 1480 3868 mcum„

164 3884 304 3950 sentiam
324 3881 608 3948 subalternationis
626 3880 722 3946 sitam
742 3899 814 3946 esse
838 3883 870 3947 in
891 3882 1107 3965 dependentia
1127 3881 1286 3949 subatter-
1314 3886 1361 3930 *¹²⁶
1377 3883 1485 3940 robur·

164 4001 250 4057 natae
277 3990 418 4056 scientire
447 4010 464 4053 a
492 3989 734 4055 subalternante
753 3990 862 4070 quoad
890 3989 1085 4055 evidentiam
1105 3991 1285 4057 conclusio-

164 4118 264 4174 num,
285 4100 328 4164 ita
347 4105 384 4162 ut
401 4095 572 4182 principia,
594 4096 681 4160 unde
700 4096 920 4162 subalternata
939 4107 1200 4182 argumentatur,
1217 4115 1282 4164 non

201 4313 242 4380 (ι)
280 4311 311 4370 ln
328 4333 351 4368 r.
369 4332 396 4382 p.
412 4331 442 4382 q.
461 4329 526 4376 με.
542 4328 569 4366 2.

202 4407 242 4469 (a)
280 4402 311 4459 in
329 4422 353 4458 r.
369 4421 396 4472 p.
413 4420 441 4472 q.
461 4421 486 4467 1,
501 4419 528 4457 a.
544 4418 570 4468 a,
589 4399 668 4470 apud
690 4397 836 4467 Valentia,
861 4397 892 4456 in
916 4405 968 4456 ι.·“
990 4411 1065 4471 part.
1085 4399 1154 4460 dist.
1172 4421 1196 4468 r,
1211 4420 1239 4472 q.
1260 4421 1284 4470 1,

165 4505 266 4564 punct.
285 4514 311 4564 3,
327 4510 442 4562 paragr.
459 4509 484 4547 2.

203 4588 243 4654 (3)
280 4582 368 4657 Lug„
384 4599 414 4650 q.
429 4581 473 4645 26,
489 4600 515 4636 u.
530 4597 558 4648 2,
572 4578 620 4635 Ad
632 4579 769 4652 primum.

203 4677 243 4743 (4)
281 4670 313 4728 in
331 4678 385 4726 r.⁸·
399 4683 472 4740 paru
487 4689 517 4738 q.
536 4689 559 4733 1,
575 4679 631 4724 art.
647 4687 679 4735 a,
694 4681 799 4737 quaest.
819 4687 841 4724 r.

203 4765 244 4832 (ς)
282 4760 314 4817 in
331 4769 387 4818 r.··
402 4772 477 4830 part.
493 4757 569 4829 disp.
588 4777 611 4825 r,
628 4768 731 4827 quaeet.
750 4777 775 4830 1,
790 4771 891 4828 punct.
908 4777 938 4830 3,
955 4777 1071 4831 paragr.
1087 4777 1113 4815 a.
