3492 5525
387 1450 1023 1647 ruruonuurro

238 1822 301 1896 ru
338 1820 685 1898 uruveusnm
723 1821 1165 1899 pnuosopmnm

526 1976 876 2080 ΜΨ

207 2302 419 2386 Priusquam
442 2302 546 2368 varias
566 2302 780 2385 Philosophiae
796 2310 904 2386 partes
927 2301 1115 2387 singillatim
1127 2311 1264 2370 tractare
1288 2339 1292 2347 ,

132 2411 389 2497 aggrediamur,
406 2417 536 2494 oportet
546 2410 697 2501 quedam
715 2410 928 2494 praemittere,
941 2429 1016 2493 quae
1027 2410 1263 2477 nobilissimam

133 2520 225 2584 hanc
244 2517 412 2583 scientiam
428 2526 541 2583 notam
561 2515 671 2600 aliquo
691 2517 791 2583 modo
810 2517 947 2584 reddant
965 2529 998 2585 et
1014 2519 1262 2595 commendent,

133 2626 383 2709 facilioremque
409 2624 449 2690 ad
474 2625 624 2691 eamdem
653 2624 882 2691 addiscendam
912 2626 1058 2710 aperiant
1085 2626 1184 2691 viam.
1216 2624 1263 2691 Ac

135 2734 253 2820 primo
268 2731 403 2830 quidem

418 3001 436 3092 5
456 3002 575 3069 l.-De
593 3019 735 3068 uonoue
754 3003 988 3071 Pnnosornm.

189 3221 218 3268 t.
262 3197 523 3284 Philosophia,si
536 3199 602 3266 vim
614 3197 704 3264 vocis
713 3193 932 3283 spectes,imh
941 3193 1223 3287 ctopkiuamare
1232 3209 1265 3265 et
1292 3234 1351 3289 (Μ
1365 3237 1465 3286 1,qu

132 3417 302 3486 scribente
315 3413 437 3482 Tullio:
453 3417 542 3485 «uec
553 3415 723 3498 quidquam
734 3414 826 3479 aliua
837 3417 886 3479 est
895 3413 1107 3496 Philosophia,
1125 3414 1156 3479 si
1165 3414 1261 3480 inter·
1347 3393 1368 3422 ⁰¹

128 3525 259 3610 pretari
274 3523 369 3600 veto,
391 3542 485 3608 quam
503 3527 658 3590 studium
677 3527 857 3604 sapientiae
876 3519 889 3608 (
926 3519 951 3608 ).

206 3633 251 3697 At
273 3651 314 3697 ex
337 3631 546 3716 impositione
569 3630 765 3714 scriptorum
786 3637 860 3714 post
885 3630 1119 3723 Pythagoram,
1143 3647 1266 3695 nomen

132 3739 356 3824 Philosophiae
376 3738 563 3822 sapientiam
590 3738 695 3822 ipsam
720 3738 872 3813 denotat,
900 3736 1104 3818 Philosophus
1125 3755 1205 3804 vero
1227 3737 1268 3803 ad

133 3868 196 3917 eos
211 3846 448 3933 designandos,
465 3846 522 3929 qui
538 3845 650 3929 priscis
664 3844 869 3930 temporibus
879 3844 1047 3926 sapientes,
1061 3843 1265 3919 dicebantur,

134 3954 329 4024 modestiori
339 3957 407 4040 jam
428 3953 590 4019 vocabulo
604 3952 787 4019 adhibetur.
808 3953 911 4018 «Cum
930 3950 1014 4016 enim
1027 3951 1153 4036 antiqui
1162 3951 1268 4016 studio

132 4063 300 4148 sumenda
320 4063 495 4128 insistentes
518 4067 702 4144 sophistae,
728 4060 764 4124 id
784 4063 844 4135 est,
870 4065 1044 4141 sapientes
1065 4062 1265 4133 vocarentur,

132 4173 330 4258 Pythagoras
340 4169 546 4252 interrogatus
554 4168 633 4252 quid
642 4185 674 4232 se
683 4185 747 4233 esse
749 4167 965 4254 protientur,
979 4165 1082 4232 notuit
1091 4184 1123 4231 se
1135 4149 1270 4249 sapien-

131 4297 211 4349 tem
223 4278 404 4354 nominare,
419 4277 503 4342 sicut
518 4275 572 4342 sui
586 4277 807 4351 antecessores,
825 4274 901 4359 quia
919 4274 975 4340 hoc
988 4277 1269 4357 praesumptiosum

131 4389 302 4456 va'debatur
314 4404 397 4468 esse,¹
415 4387 471 4451 sed
481 4383 609 4452 vocavit
625 4401 659 4449 se
677 4388 943 4466 Philosophum,
960 4382 996 4447 id
1011 4384 1062 4448 est
1074 4394 1269 4450 amatorem

169 4638 213 4713 (ι)
251 4635 317 4695 Lib.
336 4655 363 4693 a.
379 4635 415 4692 de
430 4632 525 4694 finib.
541 4631 603 4692 ch.
620 4634 666 4693 De
678 4633 824 4709 Legibus,
842 4633 894 4690 tib.
913 4651 942 4699 ις
958 4630 1002 4688 De
1017 4629 1152 4707 Officiis,
1169 4629 1222 4688 lib.
1238 4649 1266 4699 a,

128 4749 198 4802 cap.
213 4747 248 4798 ας
269 4724 303 4785 5.
319 4725 447 4812 August.
465 4723 565 4784 Contr.
581 4723 721 4782 Academ.
741 4721 791 4780 lib.
808 4743 841 4792 a,
857 4741 921 4794 esp.
937 4741 963 4781 a.
