3492 5525
226 498 345 561 Anrtc.
367 512 427 561 aa·
449 495 687 561 spectaculo
708 514 934 559 sctENTlllRurll
956 512 1074 559 roam.
1116 508 1175 577 975

88 678 285 743 demonstrat
296 678 483 763 Astrologtts
490 682 522 745 et
528 677 711 755 Naturalis,
723 681 804 761 puta
816 678 900 762 quod
914 678 997 743 terra
1010 678 1058 743 est
1068 676 1217 755 robanda·

89 787 149 848 sed
166 784 354 869 Astrologus
366 793 426 869 per
446 786 580 851 medium
602 786 867 861 malimaticum,
896 784 932 849 ia
949 788 1010 859 est,
1038 803 1059 850 a
1086 782 1217 849 amieria

88 892 299 975 abstractum·
317 892 483 959 Naturalis
499 897 612 960 *autem
625 900 684 975 ριν
700 893 837 958 medium
859 892 947 958 circa
964 890 1128 957 materiam
1144 908 1219 955 con·

90 999 265 1065 sacratum
282 997 346 1088 (r).
368 980 406 1067 Et
423 1000 541 1067 similia
559 1002 655 1066 docet
674 1000 710 1069 S.
731 999 853 1066 Doctor
871 1000 904 1065 in
924 997 1004 1065 libro
1032 998 1139 1083 primo
1159 996 1219 1063 Ρο-

90 1106 267 1171 steriorum
301 1104 367 1194 (2),
397 1127 473 1172 cum
503 1108 677 1175 Aristotele
708 1104 772 1195 (3),
801 1098 984 1173 scribente:
1019 1104 1219 1171 uiuentem

89 1213 223 1278 scientia
236 1216 298 1291 est,
318 1233 387 1298 qua
404 1220 449 1280 est
461 1216 556 1280 unius
568 1216 709 1299 geaert's,
735 1234 841 1280 eorum
858 1232 927 1297 qua
950 1232 989 1279 ex
1002 1212 1117 1295 primis
1138 1230 1220 1277 com·

89 1325 265 1402 ponuntur,
286 1324 320 1386 et
329 1325 437 1403 partes
453 1325 531 1387 sunt
543 1327 602 1387 aul
613 1322 790 1406 affectiones
808 1322 919 1387 borum
938 1328 1056 1403 perse.
1077 1318 1219 1385 Diversae

92 1427 236 1493 scientiae
254 1441 332 1494 sunt
350 1448 483 1505 eorum,
504 1447 648 1513 quorum
669 1427 825 1515 principia
844 1449 903 1495 nec
927 1447 968 1495 ex
984 1428 1108 1494 eisdem
1133 1425 1221 1512 prin·

92 1534 185 1618 cipiis
208 1535 373 1611 oriuntur,
402 1556 461 1601 nec
488 1539 588 1602 altera
616 1556 657 1603 ex
683 1538 805 1604 alteris.
834 1534 901 1622 (4),
936 1534 1019 1608 Quae
1048 1534 1147 1602 verba
1175 1533 1221 1599 sic

93 1642 225 1727 egregie
243 1653 484 1709 commentatur
503 1647 538 1712 P.
560 1644 727 1731 Sylvester
747 1644 867 1710 Mauri:
895 1641 1057 1709 «Scientia
1073 1660 1138 1707 una
1156 1648 1219 1716 est,¹

93 1768 171 1831 quae
190 1759 240 1815 est
257 1750 513 1836 contemplativa
536 1752 691 1837 subjecti,
720 1751 811 1834 quod
830 1750 872 1816 sit
894 1768 997 1815 unum
1022 1766 1160 1834 genere,
1187 1756 1221 1813 et

95 1858 215 1925 babeat
230 1859 385 1943 principia
398 1860 480 1925 intra
494 1859 582 1925 idem
596 1878 719 1945 genus,
740 1869 849 1944 partes
862 1856 1059 1943 subjectivas
1072 1874 1131 1923 seu
1147 1874 1222 1940 spe-

94 1965 178 2040 cies,
199 1966 232 2031 in
252 1984 336 2049 quas
354 1966 533 2043 dividatur,
554 1976 586 2032 et
606 1966 775 2051 passiones
792 1985 850 2051 per
867 1983 903 2031 se
921 1964 1151 2031 convenientes
1166 1961 1220 2029 tali

95 2074 210 2157 generi
229 2084 328 2157 atque
347 2074 554 2141 inferioribus
572 2075 756 2159 speciebus.
777 2073 837 2140 Ex.
856 2091 909 2158 gr.
930 2070 1064 2159 Physica
1083 2079 1134 2137 est
1156 2088 1221 2138 una

95 2179 248 2256 scientia,
267 2181 343 2263 qula
362 2184 603 2266 contemplatur
621 2192 658 2247 ut
675 2183 860 2265 subjectum
876 2197 935 2245 ens
949 2180 1113 2253 naturale,
1129 2178 1220 2261 quod

95 2297 147 2353 est
166 2305 270 2354 unum
290 2308 426 2372 genere,
446 2291 537 2373 quod
557 2308 616 2357 ens
636 2290 780 2355 naturale
795 2288 892 2353 babet
908 2286 1060 2371 principia
1076 2286 1217 2369 propria,

96 2403 206 2477 partes
223 2397 438 2482 subjectivae,
459 2397 490 2463 ln
511 2417 592 2481 quas
607 2397 779 2474 dividitur,
796 2414 869 2480 quae
886 2403 993 2479 partes
1008 2402 1086 2459 sunt
1099 2412 1220 2477 corpus

95 2500 238 2585 simplex
263 2513 296 2568 et
314 2504 455 2571 mixtum
474 2508 657 2573 animatum
681 2514 715 2570 et
739 2504 976 2583 inanimatum;
1005 2512 1039 2569 et
1066 2514 1222 2585 preterea

98 2610 197 2677 babet
218 2612 393 2696 passiones
411 2632 470 2698 per
496 2632 533 2679 se
558 2614 793 2680 convenientes
812 2624 884 2679 tum
913 2610 1039 2694 corpori
1068 2608 1218 2691 naturali,

97 2726 170 2784 tum
190 2717 327 2806 singulis
339 2722 507 2804 speciebus
519 2740 693 2806 corporum
708 2720 925 2807 simplicium,
942 2717 1011 2786 aliae
1026 2716 1218 2794 mixtorum,

97 2821 423 2905 aliae‘animatorum,
443 2831 514 2896 allae
532 2831 800 2905 inanimatorum,
821 2837 908 2897 etc.»
1102 2830 1107 2842 “

168 2941 287 3020 uQuod
311 2943 355 3004 ad
377 2943 548 3006 unitatem
575 2945 733 3006 scientiae
751 2944 946 3022 requiratur
964 2943 1078 3006 unitae
1096 2941 1221 3004 saltem

97 3046 258 3125 generice
273 3049 431 3127 subiecti,
452 3047 609 3128 probatur
626 3046 703 3129 quia
720 3057 832 3112 motus
851 3046 949 3112 babet
964 3045 1124 3112 unitatem
1141 3061 1223 3128 prae·

98 3149 192 3232 cipue
210 3169 252 3218 ex
270 3151 411 3218 termino
439 3154 479 3220 ad
506 3173 620 3236 quem.
642 3153 707 3219 Sed
726 3153 859 3219 scientia
879 3163 929 3220 est
947 3153 1081 3237 quidam
1109 3160 1221 3218 motus

100 3257 307 3343 intelligibilis
334 3261 375 3325 ad
402 3261 599 3346 subjectum.
630 3261 714 3348 Ergo
750 3280 815 3328 una
840 3259 976 3328 scientia
1002 3269 1053 3326 est
1085 3260 1127 3325 de
1154 3277 1221 3325 uno

99 3365 261 3451 subjecto.
281 3367 319 3433 Et
335 3369 412 3450 quia
431 3369 564 3436 scientia
582 3369 787 3436 demonstrat
805 3370 845 3434 de
863 3369 1011 3453 subjecto
1030 3385 1067 3432 ac
1085 3367 1126 3433 de
1150 3368 1221 3451 ejus

101 3475 245 3557 partibus
261 3476 451 3561 subjectivis
476 3479 645 3562 passiones
663 3485 723 3560 per
750 3497 782 3543 se
812 3496 868 3562 per
897 3477 1050 3561 principia
1080 3475 1220 3559 propria,

100 3584 173 3648 ideo
191 3583 375 3668 subjectum
395 3586 493 3653 debet
511 3587 630 3655 habere
649 3585 804 3670 principia
826 3586 971 3669 propria,
993 3596 1100 3669 partes
1118 3584 1224 3669 subje-

101 3691 201 3757 ctivas
216 3700 250 3757 et
263 3692 432 3775 passiones
445 3700 505 3775 ρνν
520 3713 589 3761 se.»

167 3797 332 3866 «Diversae
359 3800 503 3866 scientlae
519 3811 611 3877 sunt,
631 3819 706 3884 quae
726 3801 908 3886 procedunt
926 3817 984 3883 per
1002 3797 1157 3883 principia
1175 3799 1224 3864 di-

103 3925 207 3975 versa.
228 3908 271 3973 Ut
288 3916 399 3973 autem
420 3909 523 3991 prima
542 3909 699 3993 principia
714 3907 842 3993 propria
855 3909 997 3974 duarum
1012 3905 1222 3973 scientiarum

102 4015 166 4079 sint
183 4015 328 4090 diversa,
350 4033 457 4098 neque
480 4015 636 4100 principia
659 4015 756 4083 uniu's
775 4015 921 4082 scientiae
940 4015 1063 4081 debent
1086 4013 1223 4080 derivari

103 4142 142 4188 ex
172 4123 336 4208 principiis
366 4123 515 4201 alterius,
552 4143 660 4210 neque
691 4123 845 4209 principia
877 4123 1047 4208 utriusque
1080 4121 1224 4190 scientiae

137 4431 176 4500 (l)
213 4427 247 4486 S.
262 4427 318 4486 Th.
339 4449 362 4486 r.
380 4449 409 4501 p.
424 4449 454 4500 q.
472 4450 495 4486 r.
511 4429 549 4486 ad
567 4438 628 4486 πθ·
646 4427 709 4486 Cir.
738 4447 805 4488 ω.
821 4449 851 4501 q.
869 4447 913 4502 52,
930 4449 957 4488 a.
981 4449 1050 4501 laq.
1075 4448 1119 4502 54,
1143 4449 1170 4488 a.
1195 4448 1224 4498 23

105 4520 150 4579 lib.
166 4529 208 4577 κθ
223 4517 323 4578 Conlr.
339 4517 423 4578 Genl.
438 4540 464 4576 c.
479 4538 506 4591 4,
523 4517 617 4577 initio:
633 4519 677 4576 De
696 4518 836 4577 Virtutib.
851 4538 882 4591 q.
898 4538 925 4590 a,
941 4539 968 4578 a.
982 4535 1011 4592 4,
1026 4534 1081 4578 ete.

136 4615 177 4684 (a)
213 4609 292 4668 Lect.
306 4629 353 4682 41,
368 4610 482 4668 Deinde
492 4628 557 4665 cum
571 4609 653 4667 dicite
676 4609 744 4669 Uno
756 4617 862 4667 cuman.

137 4707 177 4773 (3)
213 4699 279 4758 Lib.
298 4711 337 4756 r.⁰
349 4699 461 4758 Postea.
478 4719 504 4758 e.
520 4719 565 4770 aa.

137 4794 177 4864 (4)
213 4788 290 4848 Vide
302 4789 449 4862 Toletum,
463 4809 525 4862 cap.
541 4809 575 4864 23
589 4787 640 4849 lib.
659 4799 698 4848 ιθ
710 4789 838 4859 Postera
851 4801 882 4849 et
896 4787 1002 4850 Sotum
1011 4787 1082 4854 ibid.
