3492 5525
468 484 582 548 Anarc.
607 502 666 565 3.„,
687 482 779 561 Quto
799 501 862 550 aas
1125 493 1186 565 905

176 674 220 735 Et
235 674 474 735 confirmatur.
494 666 580 733 Nam
598 675 688 733 actus
706 665 902 752 cognitionis
915 664 1058 752 dirigens
1076 684 1114 731 ac
1132 680 1228 750 regu·

110 776 180 841 lans
207 783 298 842 actus
324 776 566 860 subsequentes
591 774 795 851 intellectus,
822 792 915 841 «non
938 780 988 840 est
1007 772 1226 857 speculativos

110 882 264 959 omnino,
278 882 354 967 quia
368 901 476 967 neque
489 891 539 949 est
552 890 683 967 propter
696 880 842 968 seipsum
856 890 1005 957 tantum,
1022 880 1080 947 sed
1095 888 1227 964 propter

111 990 299 1076 dirigendos
325 991 404 1057 alios
430 998 523 1057 actus
549 991 751 1073 intellectus;
779 1009 887 1074 neque
905 996 954 1056 est
973 996 1104 1074 propter
1121 989 1226 1054 solam

109 1098 330 1183 cognitionem
357 1098 515 1175 veritatis,
544 1098 602 1164 sed
628 1105 761 1182 propter
782 1096 994 1163 directionem
1014 1096 1148 1181 alicujus
1169 1113 1228 1179 po-

110 1206 222 1273 tentiae
249 1206 282 1271 in
309 1206 511 1290 operando.»
538 1205 622 1291 Ergo
649 1215 742 1273 actus
768 1204 813 1271 illi
835 1204 1018 1271 intellectus
1037 1203 1173 1289 regulati
1192 1220 1228 1269 ac

110 1312 218 1380 directi
249 1331 308 1396 per
337 1314 574 1397 praecedentem
602 1312 823 1399 cognitionem
850 1313 999 1399 ejusdem
1030 1311 1226 1388 intellectus,

110 1426 188 1486 sunt
206 1439 281 1486 vere
300 1421 422 1504 praxis;
444 1440 481 1486 ac
493 1421 628 1505 proinde
648 1440 714 1486 non
733 1427 783 1486 est
796 1420 837 1485 de
857 1419 981 1486 ratione
996 1420 1120 1505 praxis,
1138 1418 1228 1501 quod
1277 1432 1280 1439 ·

111 1528 153 1593 sit
171 1536 262 1593 actus
279 1528 411 1595 alterius
429 1520 584 1613 potentiae
610 1527 651 1593 ab
678 1528 856 1595 intellectu.
885 1526 968 1593 Nam
999 1545 1111 1593 «unus
1136 1533 1227 1592 actus

109 1634 293 1703 intellectus
323 1638 475 1721 regulans
497 1645 531 1702 et
557 1635 701 1721 dirigens
722 1635 840 1711 alium,
861 1635 999 1720 practice
1021 1641 1228 1718 comparatur

110 1740 188 1828 (seu
209 1743 345 1827 practice
363 1762 400 1809 se
417 1740 534 1831 babet)
546 1744 587 1809 ad
601 1742 712 1808 illurn:
728 1760 806 1827 ergo
820 1762 838 1807 e
852 1760 1011 1808 converso
1026 1751 1118 1808 actus
1133 1758 1228 1825 regu·

110 1852 196 1917 latus
215 1862 247 1917 et
265 1850 406 1917 directus
424 1860 632 1936 comparatur
649 1860 686 1917 ut
704 1848 812 1935 praxis
830 1851 871 1915 ad
887 1850 1012 1916 alium»
1028 1847 1091 1939 (r).

177 1957 333 2026 Praeterea
349 1980 365 2021 n
374 1966 464 2024 actus
476 1958 600 2025 elicitus
613 1977 655 2024 ex
668 1957 845 2024 directione
858 1958 1038 2042 prudentiae
1056 1965 1106 2023 est
1120 1956 1226 2042 praxis

111 2066 210 2132 etiam
225 2066 320 2150 juxta
343 2066 557 2133 adversarios.
579 2065 664 2152 Ergo
692 2066 822 2150 quoties
850 2066 1021 2150 prudentia
1041 2066 1141 2131 dictat
1159 2072 1228 2131 stu-

108 2174 201 2239 dium
229 2174 458 2259 Metaphysicae
482 2174 534 2239 vel
561 2182 669 2239 actum
695 2160 847 2240 credendi
874 2174 1037 2261 mysteriis
1065 2171 1224 2250 revelatis,

109 2290 203 2348 actus
223 2281 405 2350 intellectus
423 2290 521 2348 erunt
538 2299 689 2366 praxes.»

178 2387 339 2466 «Dicunt,
361 2408 418 2455 eos
436 2398 527 2455 actus
545 2408 616 2456 esse
631 2406 764 2474 praxes,
786 2398 881 2472 prout
899 2408 919 2454 a
937 2390 1106 2455 voluntate
1124 2388 1227 2473 impe-

110 2505 210 2562 ratos.
232 2496 361 2577 Fateor3
381 2496 441 2562 'sed
459 2496 533 2564 licet
549 2506 629 2563 tunc
649 2496 792 2564 formalis
814 2496 895 2561 ratio
914 2495 1170 2581 imputabilitatis
1192 2514 1229 2561 ac

110 2602 234 2679 meriti,
254 2602 410 2670 consistat
424 2604 586 2688 praecipue
602 2605 653 2669 vel
668 2602 761 2670 unice
773 2604 806 2670 in
818 2612 892 2669 actu
906 2603 1100 2681 voluntatis,
1117 2610 1227 2669 tamen
1242 2666 1247 2677 ,

110 2711 193 2777 ratio
211 2728 349 2796 praxeos
366 2711 514 2780 consistit
532 2712 629 2778 etiam
649 2712 681 2778 in
697 2718 770 2779 actu
789 2710 969 2797 imperato;
990 2722 1060 2779 tum
1081 2712 1157 2796 quia
1175 2711 1227 2778 hic

109 2829 202 2884 actus
228 2837 382 2902 expresse
411 2821 549 2886 dictatur
576 2840 594 2885 a
621 2821 806 2904 prudentia,
828 2828 861 2885 et
884 2838 1036 2904 expresse
1055 2821 1139 2886 cadit
1164 2819 1227 2887 sub

111 2937 310 3010 praeceptum
329 2927 479 2993 credendi
499 2929 549 2992 vel
573 2927 743 3004 studendi,
764 2927 855 3011 quod
872 2937 1073 3012 praeceptum
1093 2946 1159 2995 non
1178 2935 1228 2993 est

111 3035 282 3101 reductum
297 3034 338 3099 ad
357 3034 499 3119 praxim,
519 3036 625 3101 donec
642 3043 732 3102 actus
746 3034 816 3119 ipse
827 3035 1011 3102 intellectus
1026 3045 1223 3117 exerceatur;

109 3150 183 3209 turn
199 3141 296 3208 etiam
316 3142 450 3226 paritate
464 3149 555 3208 actus
573 3141 714 3218 externi,
735 3163 769 3208 v.
790 3161 826 3227 g.
848 3142 1026 3228 largitionis
1044 3144 1228 3230 eleemosy-

111 3269 180 3326 nae,
201 3249 257 3333 qui
275 3256 366 3315 actus
384 3249 457 3315 licet
477 3248 662 3317 meritorius
680 3250 796 3316 evadat
815 3250 856 3315 ab
875 3259 950 3316 actu
971 3251 1164 3328 voluntatis,
1191 3271 1227 3318 se

110 3359 183 3440 ipso
196 3367 247 3423 est
265 3357 373 3441 praxis
391 3356 571 3442 prudentiae
585 3365 618 3421 et
636 3359 756 3442 regulae
771 3356 946 3426 charitatis.
959 3357 1030 3437 lam
1044 3375 1123 3445 ergo
1136 3367 1227 3428 actus

110 3465 293 3531 intellectus
311 3465 343 3530 in
363 3465 539 3549 semetipso
558 3464 725 3550 participat
743 3465 901 3531 rationem
922 3483 1084 3552 praxeos»
1105 3463 1168 3556 (2).
1190 3467 1228 3534 Et

110 3574 185 3639 hinc
203 3581 293 3658 patet
309 3572 407 3637 etiam

177 3685 273 3748 Idem
291 3685 475 3748 dicendum
492 3687 572 3747 ees'e
585 3684 629 3746 de
645 3685 749 3747 modo
761 3685 934 3764 loquendi.
951 3679 1034 3746 Nam
1048 3700 1124 3748 curn
1140 3683 1228 3749 nulla

109 3786 278 3855 sufficiens
292 3787 372 3854 ratio
389 3787 551 3862 reddatur,
566 3787 610 3852 ob
623 3804 723 3870 quarn
738 3795 829 3854 actus
843 3789 1027 3857 intellectus
1038 3789 1179 3857 directus
1191 3809 1228 3857 ac

110 3895 276 3980 regulatus
294 3912 335 3960 ex
353 3893 491 3978 imperio
508 3894 687 3960 voluntatis
713 3895 755 3962 ab
782 3893 844 3960 alio
863 3905 936 3962 actu
956 3895 1141 3963 intellectus
1159 3917 1226 3964 non

109 4003 215 4088 possit
241 4020 314 4068 esse
342 4021 378 4067 ac
405 3999 467 4068 dici
490 4001 615 4086 praxis,
640 4001 793 4069 existimo
817 4004 933 4069 melius
951 4003 1159 4072 sentiendum
1180 4007 1228 4072 lo-

109 4110 347 4194 quendumque
364 4129 436 4176 esse
448 4128 524 4175 curn
544 4109 722 4176 fautoribus
740 4112 893 4178 secundae
910 4111 1083 4196 opinionis.

156 4235 234 4304 257.
280 4223 385 4284 Dices
406 4223 454 4284 ιθ
472 4235 548 4284 cum
568 4215 681 4285 Scoto:
710 4217 909 4295 intellectus,
932 4228 968 4285 ut
985 4219 1168 4287 desumitur
1186 4239 1227 4288 ex

110 4325 286 4392 Aristotele
300 4320 352 4412 (3)
366 4323 557 4391 extensione
570 4323 608 4390 iit
622 4325 792 4409 practicus;
803 4327 855 4392 vel
869 4339 907 4398 ut
916 4327 1026 4394 scribit
1035 4327 1223 4414 Angelicus,

145 4597 186 4660 (r)
221 4591 508 4664 Suarez,ib.n.a4.

145 4688 186 4748 (a)
224 4682 366 4753 Losaeda,
382 4683 436 4740 loc.
451 4681 500 4740 cit.
516 4701 546 4740 n.
566 4681 802 4755 17.Cts.Quiroe
815 4683 867 4757 qui
881 4681 944 4744 fuse
953 4683 990 4744 de
1003 4684 1060 4755 his,
1073 4685 1127 4744 loc.
1140 4685 1188 4745 eit.

145 4772 188 4845 (3)
223 4781 264 4843 3?
276 4771 313 4831 de
326 4772 441 4840 Anim„
456 4783 526 4831 text.
539 4789 587 4845 49.
625 4835 630 4844 ⁴
