3492 5525
273 429 353 492 Cim.
373 441 441 503 num
453 428 504 493 Dr:
518 442 667 491 norrom:
681 444 722 491 rrr
736 443 933 491 exterremur
947 444 1092 491 camerari
1108 515 1112 523 ἱ
1147 441 1199 511 531

119 613 202 677 tium
221 621 272 679 est
290 613 329 678 de
347 611 481 677 criteriis
499 630 614 697 agere,
635 630 692 695 per
710 630 784 695 quae
805 611 972 695 possimus
991 630 1107 687 verum
1126 633 1146 678 a
1165 613 1245 679 salso

118 721 313 786 discernere.
346 718 511 787 Caeterum
540 720 678 804 quaestio
707 722 776 785 haec
808 719 849 785 de
878 718 1004 787 criterio
1035 720 1244 805 potissimum
1365 725 1369 732 ’

118 836 245 913 spectat
263 828 303 893 ad
322 827 547 893 certitudinem
567 826 719 893 rellexam
738 845 797 893 seu
821 826 1092 912 philosophicam.

554 1094 756 1181 CAPUT
788 1092 820 1179 l.

356 1320 358 1337 .
452 1278 556 1343 DE
578 1278 629 1342 N
635 1276 867 1341 OTION
872 1278 921 1341 E

378 1424 438 1491 ET
463 1424 748 1491 ExlsTENTtn
772 1424 993 1493 CRITERII.

581 1528 794 1545 ——au—-h———u

581 1553 794 1565 ψ

170 1692 224 1757 82.
273 1691 445 1759 Critcrium
462 1710 527 1757 vox
551 1710 657 1779 graeca
675 1700 742 1769 est,
766 1709 857 1775 quae,
879 1692 906 1758 si
931 1700 1067 1778 etymon
1085 1693 1248 1769 attendas,
1274 1706 1454 1763 warlenum
1519 1748 1522 1752 ,

120 1820 142 1865 a
161 1823 250 1891 κρινω
265 1800 377 1886 judico
394 1799 554 1875 derivata,
578 1800 758 1885 generatim
778 1800 940 1885 significat
962 1800 1122 1884 quidquid
1141 1802 1182 1865 ad
1196 1802 1251 1886 ju·
1299 1782 1428 1836 “”“⁸¹⁵¹¹¹²

119 1907 243 1975 dicium
260 1918 404 1994 spectat,
419 1928 438 1973 a
453 1907 657 1992 Philosophis
671 1916 782 1975 autem
798 1908 970 1975 adhibetur
983 1908 1024 1973 ad
1039 1908 1251 1992 exprimenda
1334 1944 1337 1947 ·

120 2015 296 2101 principia,
326 2016 445 2100 quibus
475 2016 577 2081 homo
597 2015 719 2101 regitur
736 2017 769 2083 in
798 2014 942 2083 veritatis
964 2016 1185 2092 assecutione,
1214 2024 1251 2081 ut
1364 2083 1366 2086 .

120 2141 239 2189 verum
259 2142 278 2189 a
296 2125 377 2190 salso
395 2132 561 2200 secernat,
581 2135 614 2191 et
632 2124 678 2191 sic
698 2124 730 2189 in
754 2142 814 2190 sua
832 2123 1026 2191 certitudine
1044 2124 1249 2197 obfirmetur.

121 2231 193 2297 Sed
211 2250 325 2297 verum
345 2250 364 2297 a
383 2232 464 2299 lalso
483 2250 650 2298 secernere
670 2230 735 2298 rion
755 2250 950 2317 possumus,
977 2251 1036 2298 nec
1053 2241 1181 2299 certum
1202 2252 1253 2298 as-

120 2358 260 2405 sensum
299 2340 351 2404 vel
377 2339 536 2425 judicium
575 2340 740 2417 obtinere,
771 2340 831 2407 nisi
860 2360 902 2407 ex
930 2358 1090 2407 concursu
1120 2340 1254 2427 physico

120 2447 228 2531 ipsius
247 2447 447 2523 intellectus,
474 2456 507 2513 et
526 2447 685 2533 objectivo
705 2449 836 2529 motivi;
857 2448 1038 2532 siquidem,
1068 2448 1141 2515 licet
1160 2448 1255 2515 intel-

123 2557 230 2621 lectus
247 2564 306 2639 est
317 2574 443 2633 revera,
460 2553 516 2637 qui
535 2574 707 2622 assensum
728 2557 835 2640 efficit,
853 2565 886 2621 et
900 2556 1039 2641 judicat,
1057 2576 1124 2623 non
1142 2565 1254 2622 tamen

125 2672 217 2728 certo
231 2663 370 2745 judicat,
393 2662 451 2728 nisi
476 2662 553 2746 quia
571 2664 723 2748 perspicit
742 2666 904 2730 motivum
928 2664 1076 2748 aliquod,
1098 2666 1130 2730 in
1149 2684 1255 2747 eoque

125 2772 251 2856 detegit
278 2771 433 2838 indicium
459 2773 644 2855 quoddam,
662 2783 695 2838 et
714 2773 806 2856 quasi
833 2772 977 2858 sigilium
997 2774 1151 2841 veritatis.
1174 2774 1256 2841 llinc

125 2878 244 2944 divisio
272 2889 366 2946 enata
386 2889 435 2945 est
454 2877 487 2943 in
515 2879 677 2946 criterium
696 2900 810 2964 aquo,
832 2888 888 2964 per
914 2883 1013 2965 quod,
1034 2885 1066 2946 et
1086 2884 1257 2948 secundum
1321 2917 1373 2949 unu
1397 2915 1423 2946 ιι

125 2989 210 3069 quod
229 2984 293 3073 (r).
318 2987 489 3052 Criterium
508 3005 529 3052 a
547 3006 607 3072 quo
625 2997 675 3055 est
699 2989 767 3073 ipse
782 2989 884 3072 judex
903 2989 954 3055 vel
974 2990 1077 3055 homo
1091 2971 1253 3074 judicans;

125 3092 291 3160 criterium
308 3101 367 3176 per
393 3097 476 3180 quod
494 3105 544 3162 est
563 3096 765 3172 intellectus,
795 3081 971 3182 perquem
1002 3107 1172 3182 tamquam
1201 3116 1259 3183 per

127 3202 386 3269 instrumentum
419 3201 503 3269 elicit
533 3211 642 3270 actum
666 3203 799 3290 judicii:
836 3212 869 3270 et
896 3205 1058 3273 criterium
1090 3207 1261 3273 secundum

95 3311 213 3394 'quod
242 3319 292 3378 est
320 3327 436 3375 norma
464 3310 517 3376 illa
546 3311 722 3397 objectiva,
751 3331 851 3398 quam
880 3312 1006 3380 Tullius
1034 3313 1162 3379 vocavit
1185 3320 1262 3396 pro-

122 3417 230 3500 priam
261 3417 395 3483 ocriae
424 3419 508 3488 certi.
532 3423 655 3498 notam,
685 3429 718 3486 et
749 3422 890 3504 regulam
921 3420 992 3486 ocri
1022 3440 1060 3486 ac
1084 3421 1171 3506 salsi
1194 3419 1261 3510 (2),

127 3533 227 3607 atque
255 3523 378 3609 insigne
399 3525 469 3590 veri
494 3523 546 3615 (3)
573 3545 704 3611 quaque
731 3545 827 3593 mens
854 3528 896 3593 ad
928 3527 1060 3593 firmum
1089 3547 1260 3596 assensum

128 3631 309 3708 inducitur,
330 3642 363 3699 et
382 3650 494 3700 secura
514 3633 658 3702 redditur
677 3635 717 3702 de
740 3635 885 3704 veritatis
904 3625 1125 3720 possessione.

198 3739 321 3840 ilerum
341 3742 497 3824 quoniam
517 3743 557 3808 de
576 3743 741 3810 intellectu
761 3761 820 3810 seu
840 3742 968 3809 criterio
986 3750 1047 3826 per
1068 3744 1259 3828 prodeatis,
1285 3781 1463 3841 „equom

127 3855 293 3932 quantum
312 3857 438 3932 spectat
456 3850 497 3915 ad
522 3849 694 3936 logicam,
720 3849 853 3917 interius
878 3850 1021 3928 dicetur,
1047 3871 1123 3918 curn
1142 3853 1264 3918 veraci·
1316 3853 1435 3909 melum·

129 3965 234 4022 tatem
262 3957 454 4023 facultatum
487 3966 674 4025 nostrarum
705 3958 890 4040 tuebimur;
922 3967 1022 4026 restat
1048 3958 1146 4026 nobis
1174 3979 1262 4027 nunc

129 4047 364 4130 declarandum
380 4083 416 4130 ac
431 4064 664 4133 stabiliendum
679 4066 864 4145 criterium,
880 4069 1053 4142 saundum
1065 4069 1149 4153 quod
1162 4069 1263 4135 lertur

123 4170 307 4258 judicium,
333 4189 393 4238 seu
416 4173 513 4250 illud,
538 4175 628 4256 quod
647 4176 749 4242 homo
773 4173 1000 4260 injudicando
1024 4174 1155 4259 respicit
1179 4183 1264 4242 tarn·

131 4296 235 4362 quarn
255 4280 404 4366 regulam
420 4288 454 4346 et
472 4280 600 4366 insigne
621 4281 778 4349 veritatis.
808 4353 810 4359 ,

169 4461 209 4523 (ι)
247 4457 386 4515 Eamdem
401 4457 476 4516 hanc
489 4457 598 4516 criterii
615 4457 790 4518 divisionem
809 4459 867 4531 jam
882 4457 933 4517 diu
949 4459 1137 4532 proposuisse
1156 4459 1264 4521 dicitur

131 4545 243 4605 Sextus
259 4545 425 4618 Empiricos
446 4547 522 4613 (Lib.
540 4568 555 4604 2
570 4547 754 4622 Hypotypos.
771 4552 812 4621 4).

168 4641 212 4704 (2)
249 4635 388 4695 Accedam.
403 4645 503 4711 quaest.
519 4636 570 4697 lib.
585 4656 604 4712 4
619 4635 667 4705 (al.
685 4639 715 4710 a)
729 4657 759 4697 o.
776 4637 827 4709 xl,
844 4657 889 4712 33.

168 4731 210 4801 (3)
248 4724 320 4786 ibid.
337 4745 367 4786 n.
384 4725 501 4800 x1,3o.
