3492 5525
204 435 327 500 Anrvc.
347 437 799 516 3.=·DeSvu.oo.soeu1sr.
816 453 880 502 suu
894 453 1060 502 rauracus
1102 432 1159 518 387

80 613 259 695 rectilineo,
274 629 309 685 et
326 630 439 686 tamen
457 637 525 686 non
544 628 653 705 potest
670 637 744 687 esse
761 619 896 704 aequalis
911 618 991 704 ipsi,
1012 627 1050 684 ut
1063 617 1201 684 demon-

79 727 151 786 strat
167 721 322 793 Euclides
338 728 397 795 lib.
416 727 469 805 th,
490 747 583 814 prop.
612 724 678 794 16»
696 725 760 816 (r).

140 827 437 906 Quemadmodum
455 855 535 922 ergo
553 836 735 904 dialectice
745 844 809 913 est,
828 852 1024 902 communes
1042 833 1150 899 fontes
1163 849 1200 898 ac
1274 915 1281 928 υ

81 937 171 1003 sedes
199 945 528 1026 argumentationum
561 945 724 1011 declarare
755 945 789 1010 in
820 944 1036 1011 commodum
1064 941 1199 1007 aliarum

82 1044 307 1126 scientiarum,
321 1050 367 1116 ita
379 1052 528 1134 ejusdem
546 1061 598 1118 est
615 1052 686 1118 ioca
703 1051 861 1127 indicare,
877 1050 965 1118 unde
981 1047 1045 1134 peti
1062 1055 1202 1134 possunt

84 1151 113 1214 in
128 1155 244 1235 quavis
262 1158 399 1225 materia
416 1160 631 1245 sophismata,
647 1159 834 1243 modosque
847 1159 981 1236 docere,
1002 1158 1123 1242 quibus
1148 1155 1202 1220 illa

83 1257 272 1345 detegantur
289 1276 548 1351 causanturque.

143 1366 211 1446 iarn
229 1373 473 1458 sophismatum
491 1375 553 1440 alia
569 1384 647 1442 sunt
665 1375 701 1442 ia
717 1393 806 1451 voce,
825 1375 888 1441 alia
905 1375 939 1441 in
957 1393 1008 1450 re,
1025 1376 1076 1441 vel
1096 1382 1134 1438 ut
1149 1369 1201 1437 alii
1273 1377 1358 1425 vivulo
1408 1404 1411 1414 ·

87 1473 274 1557 loquuntur,
307 1482 369 1548 alia
397 1491 476 1549 sunt
504 1486 540 1548 in
568 1483 718 1560 ababuc,
746 1483 808 1549 alia
833 1492 926 1548 extra
951 1482 1131 1550 dictionem.
1164 1481 1202 1545 Et
1228 1447 1406 1507 &mm

87 1581 269 1660 Aristoteles
295 1588 430 1673 quidem
458 1591 570 1658 omnia
595 1591 797 1678 sophismata
825 1591 868 1657 ad
895 1589 1050 1656 tredecim
1080 1606 1202 1674 genera

88 1694 258 1772 revocavit,
274 1715 294 1760 e
320 1698 443 1780 quibus
463 1717 522 1766 sex
548 1699 584 1765 in
601 1697 753 1774 dictione,
772 1707 902 1781 septem
919 1701 1009 1764 extra
1036 1695 1202 1763 aetianam

89 1809 250 1868 versantur
267 1800 333 1892 (a).

131 1904 201 1973 186.
238 1909 451 1996 sophismata
460 1921 539 1980 tunc
548 1922 627 1981 sunt
637 1915 670 1980 in
683 1911 836 1988 dictione,
846 1911 981 1995 quando
991 1911 1199 1998 principium,
1228 1931 1400 1990 autuman

91 2010 243 2082 motivum
262 2037 322 2086 seu
341 2039 440 2088 causa
452 2021 648 2107 apparentiae
660 2030 710 2086 est
723 2021 987 2119 Quem:
1004 2022 1072 2086 haec
1088 2027 1199 2086 autem
1220 2008 1236 2092 i
1263 2005 1366 2052 ‘'mm“
1392 1993 1417 2108 ἶ
1448 1999 1514 2050 “⁴¹

90 2122 302 2206 assignantur:
322 2130 538 2213 aequmocaua,
565 2129 754 2213 ambiguitas
770 2147 824 2193 seu
841 2127 1076 2212 amphibologia,
1095 2147 1202 2194 accen·

42 2308 46 2321 ,
91 2231 152 2306 bit,
168 2235 366 2315 compositio,
384 2237 514 2316 divisio,
534 2249 567 2304 et
575 2239 684 2324 figura
700 2236 857 2302 dicb'onis.
988 2257 991 2264 ·

149 2329 388 2423 AEqnivocutio
401 2345 569 2412 eutonius
587 2351 621 2410 et
636 2345 785 2430 ejusdem
806 2341 949 2408 nominis
959 2342 1084 2408 diversa
1102 2341 1204 2428 signi·
1241 2344 1392 2404 eruimur»

93 2443 204 2528 ltcad03
224 2449 348 2516 fallacia
366 2461 478 2519 autem
497 2451 762 2536 aequivocationis
782 2462 832 2516 est
847 2448 995 2533 deceptio
1009 2449 1202 2534 proveniens

94 2571 128 2620 ex
143 2575 199 2634 eo,
216 2560 307 2641 quod
326 2578 432 2626 unum
452 2580 572 2627 nomen
593 2563 683 2645 plura
700 2558 862 2648 significet
879 2556 944 2647 (3).
965 2557 1008 2628 V.
1032 2579 1069 2646 g.
1089 2559 1203 2626 Omnis

93 2663 233 2732 canisest
246 2669 418 2735 latrabilis:
444 2670 508 2736 Sed
530 2671 646 2735 calesu
672 2668 762 2734 sidus
782 2667 872 2734 canis
898 2671 954 2734 est.
983 2667 1062 2750 Ergo
1076 2655 1203 2734 'calasta
1331 2753 1335 2763 Ι

93 2771 170 2838 suas
186 2777 234 2839 est
246 2776 408 2842 muamus
428 2777 592 2863 Quidquid
609 2778 705 2853 radet,
725 2795 759 2841 os
776 2776 874 2840 babet.
891 2776 954 2841 Sed
965 2779 1094 2857 pratum
1107 2775 1200 2843 ridet.

95 2876 162 2962 Ergo
176 2901 209 2946 os
226 2882 327 2952 babet.
349 2883 413 2951 Ubi
431 2885 523 2952 vides
541 2903 637 2952 voces
653 2884 742 2951 canis
759 2892 793 2949 et
810 2884 895 2948 mitet
915 2882 1083 2967 aequivoce
1101 2884 1201 2953 sumi.

153 2989 294 3059 Solvitur
319 2995 508 3079 hujusmodi
532 2993 701 3078 sophisma
715 2992 947 3077 distinguendo
966 3010 1081 3059 vocem
1102 2993 1204 3077 aequi·

97 3114 198 3163 vocam
212 3100 246 3165 in
257 3101 370 3184 plures
382 3120 512 3179 sensus,
526 3111 559 3168 et
572 3101 781 3201 concedendo
795 3113 909 3178 veros,
926 3101 1077 3185 negando
1089 3102 1200 3168 salsos.

152 3213 424 3293 amphibologia.
456 3212 547 3279 Sicut
572 3214 676 3275 auiam
701 3208 903 3293 aqumocatio
926 3208 1071 3291 prouenit
1091 3228 1130 3275 ax
1154 3229 1201 3287 eo,

97 3315 169 3395 quod
182 3314 277 3381 dictio
289 3316 416 3398 penius
432 3320 538 3383 eadam
554 3320 651 3400 plura
668 3316 841 3401 significat,
861 3318 907 3381 sia
920 3316 1146 3401 amphibologia
1163 3336 1203 3383 ax

97 3436 141 3494 eo,
158 3424 239 3503 quod
255 3441 322 3489 aava
342 3424 443 3490 orabo
454 3419 581 3508 peirilus
602 3428 709 3492 eadam
723 3426 820 3506 plura
840 3423 1007 3509 signuma-
1020 3428 1109 3491 anda
1124 3426 1204 3493 dici-

100 3529 145 3591 tu
158 3530 382 3615 amphibologia
398 3532 439 3597 ab
459 3531 536 3623 appi
552 3535 636 3618 quod
656 3536 703 3599 est
720 3531 867 3609 dubium,
891 3536 923 3596 et
942 3528 1031 3611 6ολὴ,
1055 3536 1140 3618 quad
1160 3538 1207 3601 est

99 3636 235 3702 smunh'a
247 3632 498 3727 ebhivoeserma
513 3640 605 3725 quasi
615 3636 712 3707 autu
721 3642 873 3708 sententia
887 3644 1049 3711 sarnvonis.
1065 3643 1204 3709 Fallacia

99 3747 190 3813 avum
196 3745 428 3830 ampbibologia
434 3749 621 3830 estdacapbo
628 3749 818 3833 proveniens
828 3768 922 3827 exeo,
936 3752 1019 3837 qaaod
1029 3768 1094 3817 una
1105 3750 1206 3817 oratio

98 3847 329 3930 univocorum
345 3856 443 3936 plura
457 3855 615 3941 signpicat
633 3854 696 3947 (4).
715 3856 761 3923 lta
777 3858 858 3923 iiber
870 3860 1050 3927 Aratorem
1073 3868 1206 3945 propter

100 3956 248 4025 diversam
267 3961 493 4029 habitudinem
511 3964 638 4032 diversa
655 3965 837 4050 significare
852 3976 979 4053 potest,
999 3976 1033 4035 et
1048 3969 1207 4034 formatur

132 4196 168 4256 (r)
200 4190 307 4262 Mauri,
322 4192 357 4251 in
371 4193 422 4252 tib.
436 4194 600 4264 liberabor„
614 4218 679 4270 cap.
696 4218 744 4270 ro,
759 4220 790 4259 u.
804 4220 833 4274 4.

131 4285 168 4346 (a)
200 4280 327 4351 Quidum
341 4282 422 4342 hince
434 4285 625 4346 Aristoteliam
638 4288 827 4360 sophismatis
840 4288 975 4361 quaedam
989 4289 1046 4349 eliu
1059 4287 1209 4348 addidere.

104 4365 146 4425 Illa
157 4388 222 4429 veru
233 4384 286 4429 eut
298 4372 478 4444 sophismata
492 4395 550 4435 nou
564 4391 648 4448 sunt,
663 4392 715 4437 eut
727 4377 810 4438 facile
822 4380 860 4438 ud
873 4378 993 4451 aliquod
1007 4399 1042 4437 ex
1056 4378 1103 4437 hie
1118 4374 1213 4436 trode-

103 4455 150 4514 eim
162 4460 287 4519 revocari
299 4474 432 4534 possunt.
451 4462 519 4533 Qua
531 4466 568 4523 de
580 4486 612 4525 re
624 4467 693 4526 vide
707 4468 742 4525 P.
761 4467 944 4528 salvatorem
959 4468 1084 4528 Mariam
1100 4466 1213 4527 Rosolii

105 4543 254 4607 iuSumma
267 4552 386 4611 Philas.
401 4568 425 4613 t.
442 4573 466 4612 r.
478 4554 596 4631 Logia„
611 4571 717 4628 quaeat.
733 4579 783 4630 31,
797 4573 854 4617 ert.
877 4580 888 4617 r
905 4572 935 4617 et
950 4578 994 4617 a.

131 4644 168 4707 u)
201 4638 234 4698 S.
247 4637 353 4700 Thom.
370 4642 481 4715 Opuee.
496 4647 531 4703 de
543 4646 707 4719 Fabriciis,
722 4668 786 4722 erp.
800 4669 835 4723 4,
851 4647 904 4708 ubi
918 4650 1014 4721 plura.

133 4732 171 4799 (4)
204 4729 237 4788 5.
252 4730 370 4806 Thum.‚
386 4731 480 4808 Opur.
495 4733 556 4807 cit,
570 4758 634 4809 rap.
656 4756 682 4811 ς.
