3492 5525
283 484 302 565 ᾗ
325 481 372 547 lll.
398 482 637 547 Pnruosonrnae
657 502 759 547 onum
782 504 824 547 er
845 504 1060 550 nnoonnssus
1153 507 1193 574 37

111 674 140 729 ut
154 682 275 747 nempe
290 658 412 731 ¹facilius
424 663 494 729 aliis
509 682 581 729 eam
597 665 847 749 persuaderent,
863 673 1034 749 tamquam
1050 668 1108 733 viri
1121 668 1232 736 divino

111 770 239 837 numine
255 768 357 836 afflati
372 768 437 858 (1).
454 771 531 837 llaec
547 790 625 858 ergo
644 783 694 840 est
718 771 845 839 indoles
859 774 1076 856 neoplatonici
1099 776 1233 843 Eclecti·

109 877 214 964 cismi,
232 888 269 944 ut
286 878 516 963 philosophicis
530 878 686 945 doctrinis
710 879 965 964 theosophicum
986 875 1230 967 mysticismum

110 989 205 1052 immo
220 996 254 1051 et
274 985 399 1070 magica
414 1005 451 1051 ac
464 986 632 1071 theurgica
646 997 769 1053 secreta
783 986 989 1071 permisceat.
1011 990 1142 1073 «Hujus
1158 992 1231 1057 Phi·

110 1094 260 1177 losophiae
276 1108 390 1161 auctor
403 1093 502 1159 fuisse
521 1094 638 1161 dicitur
660 1095 811 1160 Potamou
836 1095 1089 1162 Alexandrimus
1103 1094 1154 1184 (a)
1173 1100 1230 1182 qui

110 1202 188 1266 haud
203 1202 248 1266 ita
273 1201 416 1285 pridem,
444 1212 479 1267 ut
502 1219 565 1267 suo
588 1210 738 1285 tempore
762 1210 902 1267 testatur
924 1201 1066 1269 Laertius
1091 1203 1164 1291 (3),
1189 1207 1231 1272 de

109 1308 240 1393 singulis
264 1308 379 1385 sectis,
405 1327 480 1393 quae
503 1306 563 1374 sibi
587 1308 754 1393 placuere,
780 1311 961 1394 selegerat;
986 1311 1044 1391 ‚cui
1074 1314 1230 1379 successit
1333 1388 1341 1414 ι

109 1416 267 1499 popularis
287 1416 434 1502 ejusdem
454 1416 642 1481 Ammonius
668 1402 784 1481 Saccas
797 1414 848 1503 (4)
866 1417 1049 1500 imperante
1072 1418 1231 1485 Commo·

108 1524 157 1587 do.
170 1522 228 1587 llic
238 1542 316 1587 cum
328 1542 346 1585 a
356 1521 530 1588 christiana
539 1520 708 1607 Religione
719 1522 890 1589 defecisset
907 1521 974 1611 (5),
985 1526 1227 1610 Philosophiam

108 1631 212 1695 docuit
229 1632 352 1695 multos
366 1630 559 1714 discipulos,
577 1647 719 1713 quorum
736 1630 898 1715 principes
909 1631 1046 1696 extitere
1059 1630 1226 1716 Longinus,

106 1738 282 1803 Herennius
300 1748 331 1803 et
350 1738 518 1803 Plotinum
542 1734 605 1824 (6).
633 1738 801 1822 Longinus
819 1740 902 1804 circa
926 1738 1054 1803 initium
1071 1741 1180 1806 saeculi
1196 1742 1229 1805 lll

108 1856 215 1921 natus,
247 1846 296 1911 vir
323 1844 563 1911 eruditissimus
586 1852 619 1909 et
647 1846 823 1928 eloquens,
839 1846 967 1929 scripsit
991 1853 1165 1913 tractatum
1191 1849 1231 1912 de

106 1953 251 2028 Sublimi,
279 1954 373 2036 cujus
400 1970 473 2035 pars
495 1960 626 2019 tantum
654 1952 694 2016 ad
714 1970 775 2017 nos
803 1951 965 2037 pervenit.
989 1954 1075 2019 Inter
1097 1962 1232 2020 caeteros

107 2061 173 2143 ejus
198 2058 378 2142 discipulos
404 2060 582 2143 principem
610 2060 720 2125 locum
754 2060 905 2125 obtinent
937 2062 1090 2138 Zenobr'aa,
1117 2062 1233 2152 ‘regina

108 2156 327 2243 Palmirensis,
356 2186 458 2251 quam
483 2185 606 2251 graecas
631 2166 685 2231 ille
709 2166 831 2233 litteras
854 2168 983 2244 docuit,
1009 2183 1043 2233 et
1070 2168 1231 2245 Malchus,

109 2292 207 2356 quem
224 2272 295 2357 ipse
310 2271 494 2339 nominavit
508 2273 731 2355 Porphyrium.
1150 2326 1154 2331 .

170 2381 229 2446 llic
251 2391 303 2446 est
321 2380 521 2467 Porphyrius
542 2381 595 2446 ille
614 2380 720 2468 Syrus
739 2382 789 2447 vel
811 2382 947 2468 Tyrius,
970 2392 1006 2448 ut
1023 2384 1074 2448 alii
1100 2385 1229 2460 volunt,
1294 2426 1307 2454 0
1364 2424 1396 2453 ru

106 2488 269 2572 religionis
288 2488 470 2554 christianae
489 2487 800 2571 impudentissimus
818 2489 966 2555 desertor
979 2486 1042 2577 (7),
1060 2490 1116 2574 qui
1134 2501 1231 2557 natus

104 2596 182 2660 circa
210 2614 334 2662 annum
357 2614 421 2680 aya
447 2596 498 2660 vel
525 2612 603 2680 233,
630 2592 775 2678 primum
801 2597 938 2681 Longini
968 2598 1120 2674 Athenis,
1150 2618 1231 2664 mox

104 2703 218 2770 Plotini
235 2704 362 2770 auditor
375 2703 437 2770 luit
450 2701 583 2780 Romae,
600 2711 700 2787 atque
717 2704 975 2770 infensissimum
991 2706 1115 2771 bellum
1130 2706 1231 2794 gessit

103 2823 214 2877 contra
248 2811 423 2878 Ecclesiam
452 2810 587 2877 Christi:
621 2829 721 2894 quem
758 2822 929 2896 propterea
958 2812 994 2878 S.
1027 2814 1228 2890 Methodius,

104 2918 261 2985 Eusebius
275 2919 493 2997 Caesariensis,
511 2920 562 2984 alii
573 2919 632 2986 PP.
654 2919 862 3003 etscriptores
884 2933 1055 3003 tamquam
1070 2919 1231 3006 periculo-

103 3045 175 3091 sum
191 3029 324 3094 hostem
341 3030 566 3094 confutarunt.
588 3026 723 3109 Scripsit
745 3027 1011 3098 Commentarios
1034 3028 1144 3095 Timaei
1161 3030 1231 3095 Pla-

135 3427 176 3486 (1)
217 3421 351 3491 bouvier,
367 3423 421 3478 loc.
437 3420 498 3489 cit.;
509 3421 710 3490 Tennemann,
727 3442 788 3492 par.
802 3441 864 3490 2013
881 3421 1006 3488 Cuevas,
1023 3422 1139 3480 dissert.
1157 3431 1194 3490 3.'

135 3516 176 3574 (2)
216 3509 384 3568 Secundum
401 3511 567 3582 opinionem
582 3509 656 3568 sorte
671 3508 893 3582 probabiliorem
908 3510 1009 3568 floruit
1018 3512 1065 3568 hic
1076 3514 1131 3570 sub
1142 3512 1228 3569 finem

103 3620 186 3658 secu.
206 3599 250 3657 ΙΙ.Ι
265 3613 294 3657 et
309 3599 425 3658 initium
442 3599 498 3658 lll.¹
513 3600 583 3658 Vid.
600 3589 735 3668 bouvier,
752 3620 799 3671 op.
815 3613 843 3658 et
857 3601 911 3658 loc.
927 3599 975 3658 cit.
991 3602 1076 3672 chap.
1091 3600 1156 3659 llll.

135 3690 178 3760 (3)
219 3689 455 3761 Libfflrcapar.

133 3779 175 3851 (4)
215 3778 285 3836 Fuit
307 3779 356 3836 hic
374 3777 608 3849 Alexandrinus,
630 3777 764 3837 diversus
792 3779 829 3836 ab
853 3772 911 3838 alio
937 3779 1113 3849 Ammonio,
1141 3801 1230 3852 quem

105 3867 240 3940 superius
253 3869 496 3937 memoravimus,
513 3868 679 3927 Aristotelis
694 3881 937 3938 commentatore;
948 3868 1045 3927 dictus
1056 3889 1125 3927 vero
1136 3868 1239 3936 fuerat⁴
1316 3879 1320 3900 ¹

104 3956 223 4022 Saccas,
238 3957 309 4028 quia
323 3957 422 4028 junior
433 3957 470 4016 ob
484 3978 568 4016 suam
584 3955 777 4030 indigentiam
788 3957 877 4014 vitam
891 3959 968 4015 alere
980 3958 1081 4017 debuit
1096 3958 1127 4017 in
1138 3959 1231 4018 officio

104 4049 201 4118 baiuli.

134 4141 176 4209 (5)
217 4135 259 4196 lta
282 4137 369 4196 refert
394 4137 592 4209 Porphyrius,
618 4157 796 4208 quamquam
825 4137 970 4194 Eusebius
996 4136 1188 4196 Caesariensis
1215 4159 1232 4195 e

102 4229 247 4285 contrario
269 4227 378 4285 scribat
400 4226 591 4284 Ammonium
613 4248 646 4284 ex
665 4226 782 4285 ethnico
796 4226 991 4284 christianum
1008 4227 1116 4285 lactum
1130 4226 1229 4286 fuisse.

105 4315 158 4374 Sed
181 4316 362 4388 probabilius
383 4316 516 4384 videtur,
539 4317 617 4386 quod
641 4315 824 4388 Porphyrius
845 4328 959 4382 narrat,
983 4317 1230 4388 quemadmodum

106 4408 210 4475 probat
224 4405 368 4464 Gonzalez
384 4425 499 4477 paragr.
519 4425 577 4476 114.

136 4498 178 4566 (6)
219 4493 344 4563 Cuevas,
360 4495 411 4552 lot.
428 4514 499 4565 nup.
513 4494 561 4551 cit.

137 4593 177 4658 ly)
217 4583 349 4654 Utraque
373 4583 447 4641 sorte
471 4583 534 4641 haec
554 4582 654 4655 opinio
674 4583 858 4652 conciliatur,
888 4582 913 4642 si
936 4603 1037 4641 verum
1063 4598 1121 4653 est,
1151 4587 1231 4657 quod

104 4673 295 4731 Tennemann
310 4672 410 4731 scribit
425 4678 544 4747 (parag.
561 4675 640 4741 216),
656 4673 851 4746 Porphyrium
865 4685 967 4730 natum
975 4691 1038 4732 esse
1053 4673 1083 4732 in
1098 4675 1186 4748 Syria
1200 4676 1232 4734 in

105 4765 174 4822 urbe
188 4763 334 4832 Batanea,
349 4782 416 4834 quae
427 4763 540 4821 colonia
552 4776 615 4822 erat
626 4763 794 4836 Tyriorum.
