3492 5525
274 467 393 532 Anrrc.
410 481 471 549 μ·
491 467 661 544 Renoua
676 485 923 533 nnoenremres
938 485 1089 532 renium.
1154 483 1211 552 ¹99

124 648 272 716 trariam
297 647 397 726 Quod
418 650 448 717 si
473 646 683 734 predicatum
710 649 899 718 indifferens
921 649 980 726 sit,
1012 659 1049 717 ut
1073 651 1250 718 conveniat

123 753 276 840 subjecto
301 757 424 824 ratione
450 759 565 824 tormae
588 759 642 825 vel
669 755 821 833 aliunde,
849 757 949 824 dubia
977 765 1028 825 est
1058 756 1247 844 appellatio,

123 861 290 945 debetque
308 865 428 949 praevia
444 863 652 934 distinctione
666 863 914 944 determinari.»
956 903 959 910 ·

193 971 408 1038 «Notandum
427 972 479 1039 bic
497 991 538 1039 ex
556 973 597 1038 D.
617 971 746 1039 Thoma
762 970 816 1061 (ι)
833 972 925 1056 quod
944 973 1078 1040 nomina
1096 989 1251 1039 numera·

125 1075 168 1143 lia
187 1076 302 1162 primae
319 1080 457 1164 speciei,
475 1089 515 1146 ut
531 1082 612 1157 duo,
632 1080 694 1149 tria
712 1089 777 1146 etc.
796 1078 963 1167 adjectivis
986 1079 1112 1156 addita,
1134 1096 1251 1146 nume-

126 1193 201 1251 rant
231 1205 290 1253 scu
323 1187 541 1271 multiplicant
572 1189 643 1254 sola
665 1187 829 1274 subjecta,
858 1197 892 1254 et
923 1185 1016 1273 quasi
1045 1187 1251 1254 materialiter

126 1295 309 1378 appellant:
325 1315 359 1362 v.
375 1315 410 1380 g.
428 1293 577 1360 Existunt
592 1299 654 1360 tres
667 1295 754 1362 albi:
767 1313 844 1379 quae
853 1293 1047 1380 propositio
1058 1311 1134 1360 vera
1147 1302 1248 1371 esset,

125 1401 281 1486 quamvis
294 1401 409 1468 eadem
425 1420 563 1469 numero
579 1402 695 1468 albedo
709 1403 743 1468 in
757 1402 863 1468 tribus
878 1400 1068 1469 bominibus
1081 1400 1247 1468 existeret.

123 1509 247 1575 Addita
273 1529 352 1577 vero
375 1509 606 1585 substantivis,
635 1511 803 1595 appellant
828 1509 922 1595 quasi
950 1509 1144 1584 formaliter,
1174 1509 1250 1592 quia

125 1618 346 1703 principaliter
379 1617 599 1702 multiplicant
624 1635 682 1683 seu
709 1626 887 1683 numerant
913 1619 1046 1684 formas.
1076 1616 1193 1682 idcirco
1216 1615 1248 1681 in

123 1726 235 1791 divina
263 1723 418 1792 Trinitate
447 1743 513 1791 non
540 1735 618 1792 sunt
646 1728 710 1791 tras
738 1725 805 1801 Dii,
825 1725 903 1808 quia
928 1723 1038 1790 ‚deitas
1066 1731 1116 1790 est
1140 1723 1247 1800 unica,

124 1833 201 1902 licet
218 1831 285 1900 sint
303 1833 363 1900 tria
380 1832 550 1918 supposita
568 1849 628 1898 seu
642 1841 710 1898 tres
727 1849 905 1916 personae»
923 1829 938 1920 (
961 1829 988 1916 ).

530 2045 548 2136 5
572 2045 704 2114 ll.-De
726 2063 843 2115 sraru.

169 2211 227 2292 64.
275 2209 385 2276 Status
410 2220 461 2276 est
484 2207 628 2293 acceptio
652 2207 785 2274 termini
811 2227 870 2292 pro
895 2218 1045 2294 tempore
1069 2207 1252 2295 significato

124 2337 185 2404 per
210 2319 349 2384 verbum
374 2315 617 2402 propositionis.
646 2315 688 2382 V.
715 2336 751 2401 g.
777 2316 893 2381 Petrus
910 2319 1020 2400 peccat
1040 2315 1193 2401 accipitur
1219 2315 1250 2381 in

121 2429 226 2500 statra,
247 2427 275 2491 si
289 2443 376 2490 nunc
395 2431 518 2509 peccat.

192 2531 339 2599 Vocatur
363 2541 472 2597 autem
497 2532 566 2596 baec
588 2529 770 2617 proprietas
794 2530 911 2606 status,
940 2529 1016 2614 quia
1039 2531 1066 2597 si
1090 2528 1252 2597 terminus

83 2674 86 2679 <
121 2641 278 2725 accipitur
305 2657 365 2723 pro
386 2646 534 2721 tempore
562 2638 738 2721 importato
763 2637 1003 2721 perverbum,
1030 2636 1250 2724 significatum

122 2747 216 2815 vocis
238 2747 324 2813 bene
342 2745 374 2811 in
396 2745 500 2831 reipsa
518 2747 584 2811 stat
598 2763 656 2813 seu
675 2746 818 2812 cobaeret
831 2764 908 2811 cum
929 2754 1079 2831 tempore
1105 2764 1163 2831 per
1181 2763 1253 2812 ver·

122 2858 207 2925 bum
222 2872 390 2939 expresso.

319 3065 339 3158 5
362 3067 504 3134 ill-Da
520 3084 734 3135 annuarrone
757 3086 799 3136 nc
821 3084 1060 3137 nesrnrcrroun

168 3230 227 3317 65.
251 3270 259 3285 ·
276 3230 465 3314 timptatio,
480 3248 580 3313 quam
595 3230 647 3297 alii
662 3230 760 3296 etiam
780 3238 901 3297 vocant
913 3231 1161 3309 distractimem,
1179 3250 1253 3317 pro·

121 3342 247 3428 prietas
265 3346 316 3405 cst
329 3331 428 3405 statui
442 3338 608 3422 opposita,
629 3355 665 3402 ac
679 3337 871 3404 describitur
889 3338 1033 3423 acceptio
1047 3339 1179 3407 termini
1193 3359 1251 3424 pro

1289 2235 1368 2283 Statue
1385 2235 1447 2295 quid.

1337 3260 1398 3317 Quid

1301 3330 1429 3387 Ampliatio,

120 3460 276 3533 tempore
293 3446 421 3513 diverso
440 3446 481 3512 ab
499 3446 676 3531 importato
700 3464 757 3530 per
776 3446 929 3514 verbum.
946 3444 999 3513 Sic
1012 3446 1039 3514 si
1058 3447 1133 3531 quis
1151 3447 1249 3514 dicat:
1347 3506 1351 3513 .

109 3560 230 3643 justus
235 3558 347 3638 peccat
354 3552 544 3629 mortaliter,
554 3552 715 3621 terminus
721 3554 846 3640 jactu,
862 3563 900 3619 ut
913 3572 989 3619 vera
1003 3553 1045 3621 sit
1059 3554 1250 3639 propositio,

118 3662 358 3747 intelligendus
375 3670 426 3727 est
446 3678 505 3744 per
521 3659 752 3741 ampliationem
769 3677 829 3744 pro
846 3671 996 3744 tempore
1014 3660 1195 3744 praeterito,
1216 3672 1252 3729 ut

118 3786 246 3840 sensus
264 3769 320 3836 sit:
340 3768 394 3834 illa
411 3766 468 3852 put
475 3769 585 3854 justas
600 3771 681 3843 erat,
697 3770 810 3851 peccat
825 3768 1009 3835 mortaliter.
1028 3770 1143 3851 Neque
1163 3768 1250 3835 enim
1275 3847 1279 3858 ι

114 3876 247 3966 justitia
262 3885 347 3943 stare
366 3876 464 3941 simul
483 3883 594 3959 potest
606 3893 683 3940 cum
703 3883 847 3958 peccato.
867 3874 919 3941 Sic
933 3894 990 3959 per
1007 3875 1250 3961 ampliationem

119 3984 274 4071 loquitur
286 3983 490 4069 Evangelista
501 3999 578 4048 cum
593 3981 715 4051 scribit:
730 3980 816 4049 Caci
826 3982 944 4060 vident,
957 3982 1066 4049 claudi
1075 3984 1249 4061 anibulanl,

117 4092 221 4161 surdi
232 4090 381 4158 amaena.
401 4086 466 4177 (3).
762 4110 766 4117 ’

191 4198 251 4265 Est
269 4198 367 4264 etiam
385 4196 447 4262 alia
463 4194 637 4282 ampliatio·
648 4195 841 4264 restrictioni
864 4197 1036 4282 opposita,
1056 4184 1164 4283 quain
1180 4200 1249 4285 jam

118 4309 346 4378 declaramus.
810 4302 814 4310 ’

154 4487 203 4560 (ι)
242 4484 833 4557 ¹n-tr·ao‚a·³eorr›·rar·a·r.⁸r·
855 4479 971 4539 ιω·
1019 4496 1023 4507 ·

154 4577 202 4650 (a)
241 4572 375 4633 Lossada
390 4572 444 4630 loc.
458 4569 521 4640 eit,
537 4590 567 4629 u.
591 4590 621 4628 rr
637 4588 719 4642 ueqq.
735 4568 798 4629 Cir.
813 4568 949 4642 superius
967 4569 1044 4631 dicta
1061 4570 1099 4631 de
1110 4572 1252 4633 concretis
1294 4548 1296 4551 Ι

121 4664 266 4727 terminia
278 4682 310 4721 u.
326 4677 371 4734 30.

156 4760 203 4829 (3)
243 4752 331 4811 Mart.
347 4770 410 4822 cap.
427 4770 468 4808 rr.
483 4768 512 4808 v.
533 4766 558 4821 ς.
