3492 5525
550 415 627 477 ¹¹30
661 398 785 465 Locren
800 400 1032 481 Menon-Lm,
1047 417 1118 477 ψ,
1136 402 1230 468 Drsr.
1246 402 1293 466 6.·
1307 400 1384 468 Cre.
1402 417 1473 467 arm

509 580 787 651 individuantibus
812 604 890 651 cum
912 586 1032 669 quibus
1060 596 1175 654 natura
1202 588 1347 653 humana
1363 587 1450 653 inest
1468 586 1503 652 in
1518 588 1623 663 Petro,
1716 601 1718 676 ξ

510 688 608 756 Paulo
625 701 704 769 ete,
725 700 758 757 et
776 700 872 777 prout
899 694 944 760 sic
961 695 1157 761 abstractam
1176 694 1264 761 videt
1281 713 1356 761 esse
1380 695 1626 778 quodammodo
1716 681 1718 772 Ξ

510 814 609 864 unarn
634 806 731 882 atque
755 801 959 868 uniformiter
985 801 1221 887 praedicabilem
1240 802 1282 868 de
1307 804 1416 879 Petro,
1441 804 1543 869 Paulo
1564 815 1623 868 etc.

508 904 549 971 Et
573 906 761 991 hujusmodi
794 908 904 975 unitas
930 908 1099 977 constituit
1129 909 1312 976 universale
1341 908 1499 995 logicum.
1535 912 1625 976 Mens
1716 965 1718 972 .

508 1011 605 1098 igitur
621 1013 665 1079 ita
693 1014 861 1081 reflectens
888 1017 1007 1083 format
1025 1017 1122 1083 hosce
1141 1026 1332 1101 conceptus:
1361 1017 1551 1084 Humanitas
1574 1018 1626 1083 ae
1716 1051 1718 1108 2

506 1123 635 1198 structa,
650 1122 863 1203 praedicabilis
880 1124 1052 1202 demultis,
1069 1124 1269 1201 nummatis,
1287 1124 1417 1207 species.-
1435 1124 1492 1209 qui
1511 1145 1625 1192 omnes
1716 1119 1718 1146 ³

508 1238 586 1294 sunt
598 1227 735 1295 totidem
751 1229 949 1298 intentiones
960 1231 1112 1299 secundae
1124 1234 1294 1310 formales,
1311 1242 1344 1297 et
1356 1233 1526 1318 objectum
1540 1234 1625 1300 hisce

506 1336 718 1421 conceptibus
753 1340 972 1424 respondens,
1002 1359 1120 1425 nempe
1152 1340 1330 1407 aaronitas
1363 1342 1534 1417 annaeo,
1562 1350 1624 1408 etc.

507 1453 586 1509 sunt
604 1444 756 1511 secundae
774 1446 972 1514 intentiones
996 1447 1165 1532 objectivae
1182 1444 1247 1535 (r).

573 1550 681 1629 Qrare
700 1554 843 1619 secunda
861 1553 998 1620 intentio
1017 1554 1175 1641 objectiva
1192 1555 1219 1623 si
1233 1555 1267 1620 in
1281 1564 1434 1621 concreto
1449 1546 1624 1641 spectetur.

507 1660 573 1725 duo
590 1658 744 1737 invoivit,
765 1680 825 1745 pro
853 1663 1009 1729 materiali
1037 1671 1187 1728 naturam
1216 1666 1353 1737 realem,
1383 1682 1458 1747 quae
1485 1665 1546 1730 fuit
1568 1666 1627 1731 ob-

502 1768 628 1855 jectum
648 1768 761 1853 primae
780 1769 971 1837 intentionis
997 1770 1158 1846 formatis,
1179 1780 1212 1837 et
1236 1772 1373 1837 sormam
1392 1789 1452 1837 seu
1478 1772 1627 1837 denomi-

507 1876 656 1943 nationes
670 1875 901 1961 provenientes
912 1897 953 1944 ex
964 1878 1066 1943 modo
1079 1879 1166 1944 iilam
1177 1856 1393 1962 intelligendi,
1410 1896 1469 1944 seu
1482 1880 1627 1945 atiectio-

507 2002 567 2050 nes
595 1984 740 2069 proprias
767 1985 852 2051 illius
882 2004 956 2051 esse
982 1984 1202 2054 intentionalis
1229 1985 1363 2051 derivati
1389 1987 1431 2052 ab
1460 1986 1626 2053 intellectu

507 2092 666 2159 abstracte
678 2112 714 2158 ac
724 2093 856 2177 praec'ise
868 2092 956 2158 iilam
968 2093 1190 2176 concipientis.
1202 2091 1383 2159 Talessunt
1391 2095 1626 2170 universalitas,

508 2200 589 2267 ratio
604 2199 730 2284 generis
749 2218 807 2267 seu
829 2201 1007 2285 generitas,
1027 2202 1107 2267 ratio
1129 2200 1256 2283 speciei,
1281 2201 1447 2289 sum'ectr'rr,
1471 2202 1628 2283 proata-

507 2308 562 2383 tr'o,
582 2308 722 2395 definitio
740 2318 818 2387 etc„
840 2328 917 2375 nam
935 2308 1006 2390 istae
1025 2310 1213 2375 affectiones
1241 2318 1299 2374 aut
1323 2310 1536 2394 proprietates
1560 2329 1628 2376 non

386 2420 388 2425 ’
507 2414 708 2483 conveniunt
726 2416 823 2483 rebus
841 2418 1026 2483 secundum
1041 2434 1139 2483 suum
1159 2434 1232 2484 esse
1251 2418 1352 2494 reale,
1372 2418 1432 2483 sed
1455 2419 1563 2483 solum
1579 2438 1630 2484 se·

507 2524 653 2591 cundum
673 2542 772 2591 suum
791 2542 862 2591 esse
882 2525 1109 2602 intentionaIe,
1130 2542 1189 2590 seu
1208 2532 1305 2609 prout
1328 2533 1418 2591 certo
1447 2526 1549 2592 modo
1573 2545 1628 2592 co

508 2632 609 2718 gnitae
620 2639 711 2699 sunt.

577 2763 594 2804 rr
602 2740 718 2808 Forma
730 2748 841 2806 autem
856 2741 930 2820 ista,
944 2742 1060 2808 saltem
1076 2758 1115 2806 eo
1130 2758 1242 2818 sensu,
1258 2758 1326 2825 quo
1341 2739 1520 2809 intenditur
1537 2762 1556 2805 a
1571 2742 1632 2808 Lo

508 2849 598 2934 gica,
619 2847 697 2915 nihil
716 2857 766 2916 est
789 2850 878 2916 aliud
897 2851 991 2935 juxta
1010 2858 1140 2916 nostros
1165 2847 1339 2925 Auctores,
1360 2867 1463 2932 quarn
1485 2850 1631 2934 cognitio
1716 2846 1718 2855 '

509 2956 644 3035 directa,
666 2974 741 3041 quae
764 2957 883 3023 dicitur
900 2956 1004 3041 prima
1028 2957 1166 3022 intentio
1184 2956 1347 3038 formalis3
1369 2958 1438 3022 haec
1462 2958 1551 3022 enim
1571 2977 1631 3042 pro
1716 2948 1718 2999 ἓ

510 3063 664 3132 varietate
678 3064 729 3132 sui
748 3063 838 3131 modi
856 3065 1011 3131 tendendi
1023 3074 1161 3149 praestat
1178 3063 1355 3130 tormaiiter
1379 3063 1510 3150 objecto
1529 3066 1632 3131 deno-

512 3173 707 3240 minationes
722 3171 864 3257 gennis,
876 3171 1059 3254 predicat,
1078 3171 1242 3257 definitio>
1260 3179 1324 3236 etc.

577 3283 703 3348 «Porro
727 3279 950 3346 denominatio
982 3279 1100 3345 dicitur
1119 3279 1308 3354 extrinseca,
1333 3280 1415 3345 dum
1438 3282 1591 3364 provenit
1614 3303 1632 3346 a

511 3391 616 3458 forma
631 3407 697 3455 non
716 3387 894 3454 inhaerente
912 3388 1077 3473 subjecto,
1098 3388 1157 3453 sed
1175 3386 1249 3453 aiibi
1268 3387 1446 3468 existente;
1468 3398 1505 3453 ut
1519 3407 1632 3454 cuma
1716 3456 1718 3465 ,

511 3495 654 3573 visione,
669 3496 875 3583 cognitione,
891 3496 1062 3563 dilectione
1076 3497 1109 3562 in
1123 3503 1156 3560 te
1171 3496 1387 3562 existentibus
1400 3494 1634 3562 denominatur

512 3607 592 3672 alter
612 3605 716 3682 uuus,
736 3603 895 3689 cognitus,
914 3604 1057 3672 dilectus.
1078 3602 1200 3671 Dicitur
1226 3621 1305 3669 vero
1329 3602 1518 3678 intrinseca,
1550 3603 1633 3670 dum

513 3723 562 3781 est
578 3734 598 3779 a
615 3715 736 3788 forma,
757 3732 831 3796 quae
850 3712 998 3798 subjecto
1018 3713 1170 3792 inhaeret;
1192 3720 1228 3776 ut
1246 3728 1323 3776 curn
1342 3718 1379 3776 tu
1399 3708 1470 3794 ipse
1482 3711 1635 3778 denomi·
1716 3714 1718 3729 '

513 3822 598 3888 naris
616 3821 743 3897 videns,
763 3839 963 3904 cognoscens,
983 3820 1035 3886 vel
1049 3819 1148 3886 etiam
1161 3819 1267 3894 albus,
1287 3827 1344 3883 aut
1359 3818 1495 3884 calcitres.
1499 3839 1522 3884 a

581 3927 758 3996 «Secunda
767 3947 845 4014 ergo
855 3929 993 3996 intentio
1007 3927 1041 3994 in
1051 3935 1203 3994 concreto
1213 3937 1265 3992 est
1277 3925 1502 3992 denominatio
1511 3927 1637 3992 extrin-

514 4057 600 4114 seca,
620 4039 714 4122 cujus
733 4037 868 4103 materia
888 4044 938 4102 est
956 4036 1122 4122 objectum
1150 4042 1340 4109 externum,
1361 4042 1394 4098 et
1417 4035 1512 4120 cujus
1530 4036 1636 4101 forma

514 4155 564 4214 est
582 4145 726 4231 cognitio
744 4145 923 4220 inhaerens,
945 4161 1011 4210 non
1030 4145 1175 4230 objecto,
1192 4143 1251 4209 sed
1264 4141 1457 4218 intellectui,
1473 4142 1631 4227 cognitio,

514 4255 666 4338 inquam,
687 4252 756 4328 illa,
776 4270 851 4336 quae
874 4251 907 4318 in
936 4251 1048 4318 ordine
1074 4252 1115 4318 ad
1134 4269 1234 4320 suum
1258 4249 1422 4355 objectum
1450 4258 1502 4316 est
1530 4250 1636 4336 prima

551 4525 592 4590 (r)
629 4517 858 4579 VidedehisS
873 4519 990 4588 Thom,
1008 4518 1118 4591 opusc.
1136 4519 1173 4577 de
1183 4519 1300 4577 Natura
1314 4516 1446 4588 Generes
1460 4538 1525 4591 cap.
1549 4537 1592 4592 r5;
1607 4535 1637 4576 er

517 4611 627 4686 Opuac.
648 4629 675 4670 a.
677 4610 740 4670 ⁰de
756 4610 938 4678 Universal.,·
958 4621 987 4668 et
1000 4609 1120 4668 Auctor.
1136 4608 1246 4668 Surum.
1262 4607 1350 4668 totius
1365 4607 1487 4686 topica
1495 4608 1633 4676 Arr‘stot,

400 4761 404 4770 ,
516 4713 769 4774 tructwrcapr
