3492 5525
659 0 887 54 Anne.
942 0 1328 51 1.⁰⁸,UTRUM
1374 0 1622 49 LOGICA
1664 3 2226 56 SIT-NECESSARIA
2355 0 2505 69 1007

335 166 885 254 chrysostomum
938 169 1136 250 Javell
1186 166 1313 257 (1),
1374 179 1443 236 et
1512 191 1550 237 e
1616 170 1858 238 nostris
1922 173 1994 239 P.
2063 172 2580 266 Bartholomaeus

338 275 606 343 Amicus
635 274 739 364 (2)
776 286 839 343 et
874 277 1163 344 Cosmus
1203 276 1549 343 Alamanni
1579 276 1709 365 (3).

467 382 591 450 Alii
632 402 788 450 vero
822 393 1053 450 tenent
1088 384 1391 451 scientias
1426 385 1583 451 alias
1630 386 1695 452 in
1719 377 1985 453 'utrovis
2021 394 2223 464 statu,
2257 387 2395 453 sive
2435 404 2580 471 per·
2703 398 2913 451 secunda.
2968 432 2991 470 ae

333 493 501 557 fecto
538 490 677 557 sive
705 492 1120 575 imperfectO,
1156 492 1373 559 haberi
1413 511 1605 576 posse
1635 495 1777 561 sine
1813 493 2082 579 Logica,
2118 514 2266 579 quae
2303 494 2575 579 proinde

331 598 709 683 simpliciter
737 600 1094 669 necessaria
1124 618 1257 665 non
1295 608 1432 676 est,
1475 601 1593 666 sed
1620 609 1881 667 tanturn
1913 609 1985 666 ut
2014 601 2194 669 facile
2233 610 2299 666 et
2327 604 2574 685 absque

331 706 562 773 erroris
617 706 898 790 periculo
935 707 1374 791 acquirantur.
1435 707 1523 772 lta
1564 707 1905 788 jandunus
1941 705 2078 795 (4),
2122 710 2401 790 Javellus
2441 706 2570 796 (5),

330 814 504 897 apud
560 814 883 905 Rubiurn‚
942 814 1233 899 itemque
1287 813 1852 883 conimbricenses
1904 812 2044 904 (6),
2104 817 2387 883 Fonseca
2438 814 2569 904 (7),

331 920 598 1005 Arriaga
631 918 762 1007 (8),
804 933 872 988 et
905 921 1209 990 Mastrius
1245 919 1347 1011 (9)
1376 923 1622 1007 aliique
1660 924 1835 1007 apud
1864 922 2144 990 Lossada
2181 920 2363 1012 (10),
2403 942 2575 1007 quos

328 1025 467 1112 ipse
505 1028 702 1094 etiam
742 1029 1061 1113 sequitur.

461 1132 674 1201 Tertia
735 1144 836 1204 est
893 1137 1152 1203 illorum
1214 1137 1473 1222 opinio,
1531 1139 1645 1221 qui
1710 1138 2004 1205 sentiunt
2065 1138 2365 1224 Logicam
2427 1157 2570 1206 esse
2730 1147 2873 1191 terti·-

325 1243 703 1327 simpliciter
737 1243 1163 1311 necessariam
1223 1246 1304 1311 ad
1340 1244 1639 1312 scientias
1676 1246 1740 1312 in
1781 1255 1955 1314 statu
2012 1248 2326 1330 perfecto,
2377 1264 2567 1313 secus

328 1370 481 1416 vero
519 1351 584 1416 in
614 1359 788 1418 statu
818 1352 1200 1437 imperfect-o
1237 1354 1735 1437 comparanda&
1779 1354 1866 1419 Ita
1899 1353 2179 1434 joannes
2217 1374 2254 1419 a
2291 1354 2364 1420 S.
2395 1354 2571 1421 Tho-

329 1455 655 1545 ma(11)‚
697 1458 1203 1544 complutenses
1258 1458 1442 1549 (12),
1498 1459 1735 1527 Roselli
1780 1458 1952 1548 (13),
2012 1462 2246 1544 aliique
2300 1460 2570 1529 Thomi-

322 1575 441 1632 stae
492 1565 643 1653 (14)
695 1575 759 1631 et
812 1566 1080 1634 Pontius
1135 1564 1315 1655 (15),
1376 1568 1615 1651 quibus
1650 1568 2160 1654 ‚adstipulantur
2220 1587 2257 1633 e
2313 1567 2567 1637 Nostris

323 1672 677 1740 Cardinalis
745 1674 1014 1741 Toletus
1074 1671 1258 1763 (16),
1313 1674 1635 1760 Georgius
1685 1674 1947 1743 Rhodes
2002 1673 2184 1763 (17),
2239 1674 2565 1742 Antonius

325 1780 578 1846 Rubius
631 1779 806 1868 (18),
872 1784 1199 1851 Antonius
1252 1784 1605 1849 Bernaldus
1667 1783 1908 1861 Qiros
1969 1781 2154 1870 (19),
2206 1783 2565 1850 Richardus

322 1889 535 1974 Lynce
585 1886 765 1976 (20),
803 1888 1083 1969 Joannes
1139 1890 1325 1955 Ulloa
1361 1886 1543 1977 (21),
1588 1890 1882 1957 Andreas
1925 1890 2200 1976 Semery
2237 1887 2420 1977 (22),
2469 1891 2561 1956 Ex

322 1997 422 2063 his
460 1979 698 2063 tamen
727 1998 1101 2065 auctoribus
1142 2000 1358 2082 plures
1397 2000 1533 2065 sola
1568 1998 1796 2064 morali
1838 1999 2222 2087 necessitate
2272 1999 2561 2065 contenti

318 2114 501 2171 sunt.

423 2393 504 2456 (1)
579 2391 892 2466 Compend.
921 2394 1166 2468 ,Logic.‚
1198 2405 1365 2449 tract.
1402 2413 1447 2460 1,
1478 2411 1604 2462 cap.
1638 2411 1690 2448 2.

420 2481 503 2546 (2)
575 2481 783 2553 Logic.
815 2493 982 2539 tract.
1029 2502 1074 2547 1,
1116 2500 1174 2551 q.
1208 2502 1258 2547 2,
1301 2495 1412 2538 art.
1444 2502 1496 2551 3.

419 2575 501 2639 (3)
572 2568 790 2627 Summ.
824 2571 1075 2639 philos„
1107 2568 1276 2641 prim.
1311 2583 1459 2641 part.
1501 2589 1560 2640 q.
1607 2591 1655 2626 1.
1696 2588 1808 2627 art.
1853 2589 1902 2641 5.
1940 2596 1963 2605 -

420 2665 501 2730 (4)
574 2660 748 2730 Apud
777 2659 1045 2717 Toletum
1064 2702 1077 2727 ‚
1106 2660 1444 2728 Dialectic„
1475 2671 1683 2730 quaest.
1723 2679 1772 2727 1,
1804 2677 2044 2730 prooem.

420 2754 500 2818 (5)
576 2748 709 2807 Loc.
742 2747 843 2809 cit.

420 2839 503 2904 (6)
578 2839 858 2908 Dialect„
890 2852 1104 2910 quaest.
1141 2840 1195 2897 6.
1229 2857 1497 2911 prooem„
1528 2853 1639 2896 art.
1671 2858 1724 2896 2.

419 2933 499 3000 (7)
576 2928 704 2986 Lib.
738 2949 790 2985 2.
825 2929 1114 3003 Metaph„
1148 2948 1272 2999 cap.
1306 2951 1359 3000 3,
1391 2948 1449 3000 q.
1481 2948 1538 3000 4,
1570 2943 1708 2988 sect.
1740 2948 1772 2985 2

418 3018 501 3088 (8)
573 3019 809 3094 Logic„
838 3018 988 3088 disp.
1024 3040 1076 3092 3,
1108 3033 1245 3076 sect.
1280 3038 1331 3075 2.

415 3112 495 3179 (9)
568 3109 801 3183 Logia,
833 3122 1043 3178 quaest.
1075 3127 1315 3179 prooem.
1347 3121 1458 3167 art.
1488 3107 1544 3165 6.

380 3201 496 3262 (ιο)
571 3197 710 3256 Loc.
742 3196 842 3256 cit.

378 3295 497 3357 (11)
569 3287 807 3365 Logia,
839 3287 1077 3345 secund.
1112 3300 1283 3359 part..
1316 3306 1375 3359 q.
1416 3308 1462 3357 ι,
1494 3300 1604 3345 art.
1648 3307 1690 3344 1.

376 3376 495 3447 (12)
567 3377 800 3455 Logia,
839 3376 994 3448 disp.
1032 3397 1050 3433 1
1084 3395 1323 3448 prooem.
1355 3397 1415 3448 q.
1450 3398 1503 3450 7.

378 3471 494 3536 (¹3)
570 3466 788 3524 Summ.
823 3467 1081 3535 Philas..
1113 3466 1350 3543 Logia,
1381 3485 1441 3537 q.
1474 3486 1527 3535 2,
1554 3487 1607 3524 a.
1641 3485 1693 3523 2.

375 3559 494 3627 (14)
566 3555 743 3626 Apud
773 3555 1205 3628 Complutens„
1233 3556 1341 3613 loc.
1373 3556 1471 3614 cit.

374 3648 491 3716 (ις)
565 3645 807 3720 Integer
835 3646 1238 3718 Philosophiae
1265 3664 1503 3715 cursus,
1528 3645 1680 3719 disp.
1710 3665 1768 3717 2,
1798 3660 2001 3719 quaest.
2038 3647 2226 3708 ultim.

374 3735 490 3801 (16)
563 3735 842 3803 Βίαὶισί.,
872 3734 979 3797 loc.
1010 3733 1107 3792 cit.

373 3828 489 3896 (¹7)
565 3823 679 3895 Op.
711 3823 832 3895 cit„
863 3824 963 3882 lib.
1003 3845 1050 3894 1,
1081 3823 1233 3896 disp.
1265 3844 1317 3892 2,
1348 3844 1406 3896 q.
1442 3846 1488 3892 1,
1521 3838 1654 3884 sect.
1686 3846 1749 3899 4.

372 3914 487 3979 (18)
559 3915 793 3989 Logia,
824 3927 1032 3986 quaest.
1066 3925 1140 3972 1.·
1170 3933 1409 3984 prooem.

371 4008 487 4076 (19)
558 4002 732 4062 Curs.
764 4004 998 4080 philos..
1031 4016 1198 4063 tract.
1232 4024 1284 4073 2,
1320 4025 1585 4077 prooem„
1616 4006 1795 4083 Lag..
1825 4006 1980 4078 disp.
2011 4029 2061 4082 7,
2093 4021 2231 4067 sect.
2258 4029 2314 4081 4.

370 4095 488 4164 (2ο)
561 4094 784 4152 philos.
816 4093 1135 4165 Scholast„
1166 4095 1266 4154 lib.
1301 4116 1355 4166 2,
1387 4117 1628 4169 prooem.
1663 4097 1944 4168 Dialect„
1975 4119 2100 4172 cap.
2133 4121 2185 4173 7.

370 4184 488 4254 (21)
558 4184 763 4259 Logic.
797 4184 1034 4253 Minor„
1064 4183 1215 4257 disp.
1251 4209 1302 4258 3,
1333 4207 1459 4259 cap.
1495 4208 1544 4260 3,
1580 4206 1638 4245 n.
1672 4205 1740 4262 75
1773 4207 1934 4260 seqq.

367 4274 485 4346 (22)
563 4273 799 4333 Trienn.
834 4275 1183 4350 Philosopk.
1210 4274 1360 4349 disp.
1393 4296 1635 4348 prooem.
1666 4278 1899 4353 Logia,
1926 4299 1987 4351 q.
2026 4301 2073 4350 1,
2104 4301 2156 4338 a.
2197 4302 2244 4340 1.

77 5093 1954 5525 -
2238 5091 2353 5109 ”““”’,
