3492 5525
473 523 479 529 .
571 465 630 549 338
763 466 888 531 Loorcn
910 464 1159 529 Minoa-Drsn.
1186 477 1229 549 3.·
1251 462 1332 527 Cae.
1355 478 1427 527 aaut

531 650 742 736 predicatum
766 652 919 729 viventis,
944 661 1023 737 puta
1047 650 1089 716 de
1112 652 1236 735 planta,
1269 648 1416 731 minervii,
1439 647 1572 726 bonine,
1596 667 1653 713 an·
1727 624 1728 695 ἕ

527 760 640 841 gelo...
1727 758 1728 819 ζ

595 867 765 933 &lanum
783 872 861 935 Dici
878 873 922 935 de
939 872 1052 945 omni,
1073 864 1180 949 inquit
1198 874 1312 932 auctor
1331 863 1468 931 Summe
1485 862 1580 931 totins
1598 865 1655 931 Lo

433 995 459 1069 q
523 972 603 1056 gicoe
620 974 802 1041 Aristotelis
815 971 882 1062 (r),
902 975 1029 1060 quando
1046 972 1131 1039 nihil
1152 976 1201 1039 est
1214 992 1337 1039 sumere
1354 972 1414 1039 sud
1436 972 1590 1060 subjecto,
1616 974 1655 1037 de
1727 990 1728 1069 f

436 1083 443 1109 ¹
527 1098 589 1164 quo
602 1100 666 1146 nvn
682 1081 809 1148 dicatur
822 1082 1135 1165 praeualentem
1152 1103 1238 1149 vero
1256 1085 1301 1147 de
1318 1086 1415 1147 nullo
1431 1082 1558 1163 quando
1575 1078 1658 1144 nilril
1727 1090 1728 1169 j

528 1190 577 1251 est
590 1206 712 1254 sumere
727 1190 784 1255 sub
801 1189 948 1276 subjecti,
968 1190 1007 1255 de
1024 1206 1085 1273 quo
1103 1207 1166 1253 non
1184 1188 1311 1253 datam
1322 1186 1547 1269 predicatum.

506 1326 510 1333 ·
596 1293 752 1381 Principia
772 1298 841 1362 lraec
859 1296 886 1362 si
905 1296 989 1362 bene
1007 1294 1206 1381 perpendas,
1227 1294 1410 1361 certissima
1428 1294 1590 1360 invenies.
1606 1292 1654 1357 Ac

529 1400 635 1487 primo
654 1402 808 1486 quidem,
826 1403 853 1471 si
872 1403 947 1486 quis
969 1402 1206 1489 ea‘negaverit,
1223 1402 1313 1467 facile
1330 1400 1510 1467 adducetur
1528 1399 1568 1466 ad
1587 1400 1656 1464 duo
1727 1390 1728 1467 l

527 1508 775 1576 contradictoria
793 1510 1032 1595 amplectenda.
1046 1508 1129 1575 Nam
1149 1510 1175 1575 si
1191 1527 1267 1575 vera
1285 1508 1327 1575 sit
1341 1508 1540 1594 propositio:
1555 1507 1656 1575 Omne
1727 1518 1728 1561 t

527 1615 650 1681 animal
665 1620 713 1683 est
723 1617 844 1693 vivens,
865 1617 899 1683 in
918 1638 982 1701 qua
1002 1618 1068 1683 vita
1087 1617 1128 1682 de
1145 1617 1288 1683 omnibus
1306 1624 1339 1681 et
1356 1615 1490 1699 singuiis
1509 1614 1657 1680 animali-

528 1722 591 1789 bus
609 1723 818 1807 praedicatur,
838 1733 872 1789 et
890 1725 994 1809 possit
1014 1723 1226 1791 nihilominus
1243 1723 1331 1798 tieri,
1347 1736 1384 1789 ut
1409 1741 1476 1789 non
1496 1722 1656 1787 enuntiari

528 1839 627 1914 queat
653 1830 719 1896 vita
748 1831 789 1897 de
814 1830 926 1915 aliquo
954 1851 994 1897 ex
1021 1830 1237 1912 animalibus:
1265 1840 1337 1896 tum
1366 1829 1463 1895 etiam
1494 1848 1569 1895 vera
1595 1830 1656 1894 erit

528 1936 626 2003 simul
650 1956 725 2004 cum
746 1938 852 2022 prima
869 1941 940 2005 haec
958 1941 1058 2004 altera
1077 1938 1273 2022 propositio:
1294 1937 1437 2023 Aliquod
1452 1937 1574 2001 animal
1590 1956 1655 2001 non
1727 1996 1728 2053 1

526 2047 578 2110 est
589 2044 714 2121 vivens,
735 2064 811 2131 quae
830 2054 880 2112 est
899 2046 983 2111 illius
1008 2044 1271 2112 contradictoria.
1298 2044 1336 2109 Et
1358 2044 1507 2111 similiter
1532 2044 1558 2109 si
1578 2064 1657 2110 vera
1727 2062 1728 2153 p

527 2150 569 2219 sit
588 2154 658 2218 haec
677 2150 872 2239 propositiosz
894 2152 1028 2219 Nullum
1049 2153 1158 2219 vivens
1175 2156 1223 2218 cst
1239 2152 1336 2233 lapis,
1357 2159 1391 2217 et
1415 2161 1527 2217 tamen
1550 2152 1658 2237 possit
1727 2164 1728 2237 l

528 2276 674 2341 unquam
701 2258 789 2337 fieri,
814 2268 851 2325 ut
877 2259 918 2325 de
944 2258 1054 2343 aliquo
1081 2278 1121 2325 ex
1147 2257 1334 2326 viventibus
1353 2277 1419 2324 non
1441 2260 1482 2325 sit
1506 2258 1658 2342 neganda

528 2366 609 2431 ratio
628 2366 760 2451 lapidis,
781 2386 858 2433 vera
876 2385 1009 2451 quoque
1029 2366 1089 2433 erit
1103 2386 1162 2452 pro
1181 2386 1221 2432 eo
1239 2384 1315 2433 casu
1336 2368 1405 2431 haec
1423 2368 1524 2431 altera
1534 2384 1658 2449 propo·
1727 2376 1728 2433 i

527 2472 619 2540 sitio:
646 2474 789 2559 Aliquod
817 2475 927 2541 vivens
952 2478 999 2541 esi
1024 2476 1121 2558 lapis,
1153 2492 1228 2560 quae
1260 2473 1377 2559 pariter
1408 2472 1658 2539 contradictorie

528 2581 708 2666 opponitur
727 2582 854 2666 primae.
1727 2586 1728 2631 l

598 2688 772 2766 Praeterea,
792 2690 925 2773 quando
944 2689 1066 2774 aliquid
1085 2688 1266 2755 affirmatur
1284 2698 1340 2754 aut
1359 2698 1498 2773 negatur
1521 2705 1594 2754 vere
1616 2688 1659 2753 de

458 2791 464 2802 '
528 2796 636 2881 aliquo
659 2795 693 2862 in
711 2797 937 2882 suppositione
956 2795 1179 2874 distributiva,
1202 2798 1271 2882 jam
1291 2795 1446 2880 implicite
1473 2794 1658 2862 affirmatur

528 2913 584 2970 aut
603 2912 741 2988 negatur
752 2904 794 2969 de
808 2904 949 2989 singulis
964 2904 1168 2996 inferioribus
1187 2905 1251 2970 sub
1270 2901 1322 2969 illa
1337 2902 1561 2987 suppositione
1575 2921 1660 2969 con-

527 3011 639 3078 tentis.
653 3010 688 3076 Si
702 3030 781 3096 ergo
793 3012 834 3077 de
848 3011 958 3096 aliquo
972 3012 1109 3078 istorum
1127 3030 1194 3077 non
1209 3009 1428 3076 verificaretur
1444 3010 1657 3095 predicatum

528 3117 624 3195 illud,
645 3119 715 3203 jam
745 3119 831 3184 idem
860 3120 902 3185 de
929 3121 1045 3186 eodem
1075 3119 1174 3185 simul
1203 3137 1318 3184 verum
1347 3126 1435 3184 esset
1457 3137 1494 3184 ac
1518 3118 1655 3184 laisum:
1727 3141 1728 3152 ¹

527 3225 616 3310 quod
636 3227 725 3291 nelas
744 3234 793 3292 est
811 3245 868 3310 per
886 3224 1079 3311 principium
1098 3225 1373 3292 contradictionis.

346 3351 481 3411 olimpum
595 3332 668 3398 Alia
694 3341 773 3398 sunt
791 3343 945 3416 praeterea
965 3331 1132 3419 principia,
1159 3333 1279 3418 quibus
1299 3332 1350 3398 usi
1368 3351 1486 3398 sumus
1504 3333 1659 3418 superius

332 3423 494 3550 &wat
526 3440 568 3506 ad
586 3439 654 3505 vim
672 3439 887 3507 concludendi
911 3441 942 3507 in
967 3442 1163 3528 syllogismo
1185 3441 1428 3520 declarandam,
1457 3438 1657 3524 principium

527 3545 676 3614 videlicet
698 3547 893 3616 identitatis:
923 3551 1003 3632 an
1019 3552 1097 3614 sunt
1117 3550 1224 3614 eadem
1251 3548 1310 3613 nni
1332 3548 1434 3623 tertio,
1449 3551 1525 3614 sunl
1546 3551 1659 3615 eadem

427 3699 432 3706 -
525 3653 610 3720 inter
625 3672 677 3735 se,·
695 3663 728 3720 et
746 3655 940 3739 principium
959 3656 1200 3741 discrepantiae:
1224 3655 1368 3738 Quorum
1392 3673 1491 3720 unum
1508 3658 1555 3722 esi
1569 3656 1660 3722 Mem
1727 3689 1728 3700 κ

526 3762 587 3828 nni
602 3761 705 3839 leand
726 3765 862 3828 alterum
879 3781 952 3828 vero
969 3753 1051 3840 non}
1070 3783 1168 3850 neque
1185 3766 1262 3829 sunt
1277 3766 1384 3829 eadm
1406 3763 1489 3829 inter
1504 3781 1549 3830 se.
1570 3761 1659 3836 Quae

526 3867 682 3936 videntur
717 3870 894 3958 desumpta
930 3889 972 3936 ex
999 3871 1116 3937 eodem
1151 3871 1325 3938 Aristotele
1349 3867 1412 3959 (2):
1428 3869 1660 3955 intelligenda
1727 3847 1728 3886 ¹

526 3984 638 4043 autem
653 3985 732 4044 sunt
746 3995 879 4062 semper
893 3977 947 4056 ita,
966 3986 1003 4043 ut
1017 3978 1169 4045 evincant
1182 3977 1387 4046 identitatem
1402 3980 1453 4045 vel
1468 3978 1661 4062 discrepan-

526 4083 605 4149 tiam
624 4084 766 4151 duorum
792 4103 832 4149 eo
860 4085 963 4150 modo
984 4086 1068 4152 etin
1094 4084 1148 4150 illa
1170 4085 1307 4164 ratione,
1338 4085 1524 4152 secundum
1551 4105 1658 4170 quam

525 4190 729 4258 conveniunt
746 4191 803 4257 uni
822 4191 996 4275 eidemque
1013 4193 1122 4270 tertio,
1143 4203 1199 4261 aut
1218 4193 1260 4259 ab
1283 4211 1324 4260 eo
1342 4193 1540 4277 discrepant.

562 4480 604 4541 (r)
640 4475 685 4534 Dc
697 4475 884 4552 Syllopism„
907 4496 971 4549 cap,
991 4497 1015 4536 1.
1037 4474 1101 4536 Cir.
1125 4477 1204 4537 Petr.
1223 4475 1348 4550 Hispan.
1363 4475 1522 4548 Summani,
1538 4487 1661 4554 tractre
1727 4451 1728 4496 ¹

526 4576 624 4806 ἕξις)
639 4651 706 4714 Lib.
720 4675 738 4729 7
754 4653 906 4728 l'opicor.¹
919 4675 984 4728 cap.
1002 4675 1026 4716 r.
1042 4653 1105 4716 Cir.
1128 4652 1179 4716 lib.
1202 4677 1217 4732 3
1233 4657 1417 4734 Physica,
1439 4677 1501 4732 cap.
1525 4677 1558 4730 3,
1581 4669 1658 4718 text.

572 4761 644 4800 mm.
660 4762 707 4806 ar.
