3492 5525
268 488 286 567 ς
307 486 354 549 111.
413 486 648 551 annosorum
670 508 772 551 omno
796 508 837 551 ar
860 508 1073 553 raooacssus
1171 506 1202 551 11

123 589 394 605 ——t————-

193 668 269 732 Haec
283 677 395 734 tamen
412 668 555 753 ingenita
574 671 685 734 animo
704 670 873 737 curiositas
892 680 925 735 et
943 689 1150 753 consequens
1170 670 1245 736 inde

123 774 297 841 admiratio
322 778 548 860 adjumentum
578 778 721 860 accipere
751 778 857 860 potuit
881 780 920 867 ad
947 778 1243 862 philosophandum
1273 774 1445 821 remaneam

1304 847 1418 890 veritatum

124 902 166 945 ex
183 883 337 966 primaeva
352 883 526 948 traditione
541 884 670 968 generis
684 885 832 949 humani.
851 884 979 950 Scimus
996 887 1084 950 enim
1099 904 1141 949 ex
1156 904 1244 950 sacra
1272 918 1332 972 „ud
1346 917 1444 963 ml„

123 988 265 1054 Historia
289 990 433 1073 primum
459 991 644 1069 hominem,
669 992 852 1068 Adamum,
880 1002 1050 1075 tamquam
1077 1002 1242 1076 parentem

120 1116 161 1160 ac
187 1097 380 1181 magistrum
405 1100 568 1163 nascentis
592 1098 722 1162 familiae
745 1099 900 1163 humanae
925 1099 1112 1182 plenissima
1135 1116 1243 1164 rerum
1297 1119 1302 1134 ¹

121 1205 277 1269 omnium
292 1205 478 1289 cognitione
493 1207 688 1270 instructum
705 1226 722 1268 a
736 1205 804 1270 Deo
813 1207 913 1271 luisse
928 1202 991 1292 (ι),
1009 1225 1049 1270 ex
1064 1224 1170 1287 eoque
1189 1206 1244 1271 suli

121 1320 156 1374 et
173 1320 311 1395 nepotes
329 1311 378 1377 sui
394 1311 573 1376 doctrinam
594 1314 772 1377 hauserunt
791 1321 890 1407 atque
912 1311 944 1376 in
966 1312 1110 1377 diversas
1130 1311 1243 1377 mundi

121 1419 239 1501 plagas
255 1420 390 1501 posteris
405 1420 688 1485 transmittendam
702 1438 814 1485 secum
826 1427 1045 1504 asportarunt.

185 1526 238 1600 ‚Ex
260 1527 319 1590 hac
341 1526 518 1610 primaevua
539 1526 711 1591 traditione
743 1528 865 1593 discere
887 1526 1040 1592 homines
1068 1536 1245 1610 potuerunt

120 1632 231 1697 Deum
252 1650 374 1709 unum,
397 1636 621 1717 personalem,
642 1635 827 1718 viventem,
853 1644 1033 1709 aeternum,
1062 1633 1242 1710 infinitum,

118 1739 419 1822 sapientissimum,
462 1742 726 1817 sanctissimum,
773 1740 927 1815 liberum,
966 1741 1241 1825 omnipotentem,

113 1850 249 1931 justum
270 1846 367 1912 simul
391 1866 427 1911 ac
452 1849 712 1925 misericordem,
736 1858 915 1913 creatorem
937 1849 1088 1913 omnium
1109 1846 1243 1913 aliarum

117 1972 251 2030 rerum,
272 1954 313 2019 ab
327 1939 431 2036 iisque
449 1956 659 2031 distinctum,
678 1955 868 2042 providum,
888 1955 1080 2039 principium
1096 1963 1128 2019 et
1142 1954 1242 2019 smem

117 2062 295 2143 omnium;
321 2081 419 2127 nosse
438 2062 517 2127 item
539 2062 739 2146 potuissent,
768 2062 938 2128 hominem
964 2083 981 2127 a
1004 2062 1072 2127 Deo
1096 2072 1241 2127 creatum

118 2168 222 2233 luisse
235 2169 277 2232 ad
297 2168 475 2253 imaginem
492 2178 526 2234 et
546 2171 792 2237 similitudinem
806 2188 919 2246 suam,
936 2172 1046 2235 animo
1070 2170 1241 2253 praeditum

115 2276 294 2359 spirituali,
312 2274 428 2353 libero,
444 2275 634 2352 immortali,
654 2278 788 2342 naturali
804 2278 876 2361 lege
890 2277 1084 2360 obligatum,
1096 2277 1139 2341 ob
1148 2279 1241 2359 cujus

116 2384 362 2448 observantiam
374 2385 425 2447 vel
436 2384 644 2449 violationem
656 2393 815 2448 aeternum
828 2394 913 2448 esset
923 2384 1238 2467 laturuspraemium,

118 2500 174 2554 aut
192 2508 309 2573 poenas
326 2491 443 2573 pariter
456 2502 593 2557 aeternas
613 2492 644 2555 in
661 2490 769 2556 inieris
783 2492 935 2555 daturus:
957 2492 1104 2572 itemque
1117 2490 1157 2561 ab
1174 2508 1240 2554 uno

118 2606 352 2681 protoparente
365 2604 502 2663 cunctos
517 2599 673 2681 populoS,
700 2598 755 2681 qui
770 2607 888 2663 terram
910 2598 1074 2673 incolunt,
1098 2599 1186 2662 velut
1201 2597 1240 2661 ab

119 2723 187 2770 uno
200 2703 311 2788 stipite
325 2704 516 2770 innumeros
527 2723 635 2769 ramos
649 2705 837 2789 progenitos
854 2704 966 2770 fuisse.

183 2811 406 2877 Nihilominus
423 2813 755 2896 locupletissimahaec
770 2812 1000 2878 altissimarum
1020 2812 1239 2878 doctrinarum

117 2917 265 2994 traditi0,
291 2937 367 3002 quae
396 2938 502 3002 usque
530 2921 569 2984 ad
592 2919 764 2985 Noeticum
789 2919 949 2985 diluvium
970 2918 1099 2984 videtur
1122 2919 1241 2985 illibata

116 3025 283 3092 custodita
306 3027 407 3092 luisse
431 3027 514 3091 inter
538 3024 704 3102 homines,
722 3039 797 3110 post
828 3025 987 3092 diluvium
1003 3046 1040 3091 ac
1062 3029 1238 3109 praesertim

118 3142 193 3216 post
212 3134 441 3198 confusionem
461 3132 665 3217 linguarum,
682 3133 835 3217 dispersis
850 3134 882 3198 in
896 3133 999 3200 varias
1014 3134 1165 3217 regiones
1180 3136 1242 3198 hu-

116 3240 226 3304 manis
240 3239 384 3316 familiis,
403 3242 558 3324 paulatim
573 3251 723 3324 corrupta
743 3241 803 3306 luit
819 3240 998 3322 multisque
1011 3249 1140 3324 turpata
1153 3259 1241 3305 erro-

117 3347 225 3423 ribus,
257 3349 433 3430 solumque
458 3349 541 3412 inter
571 3348 725 3413 ilebraeos
757 3348 1006 3431 diligentissime
1036 3359 1180 3424 servata,
1206 3348 1238 3413 in

1289 3371 1416 3426 Depositum

116 3453 241 3535 quibus
254 3466 365 3520 tamen
383 3456 503 3519 nullius
518 3463 605 3519 extat
625 3464 723 3520 sectae
742 3455 793 3518 vel
817 3455 1005 3540 systematis
1028 3452 1240 3538 philosophici
1274 3443 1433 3488 dmm
1448 3449 1463 3474 ⁹

116 3563 295 3636 memoria,
317 3561 350 3625 in
366 3559 604 3644 antiquioribus
619 3562 840 3645 temporibus,
853 3580 1056 3642 quamquam
1072 3561 1240 3627 floruerint

115 3669 350 3752 sapientissimi
370 3667 428 3732 viri
440 3669 538 3733 s'acrae
553 3669 708 3734 doctrinae
720 3669 872 3734 custodes
885 3681 917 3732 et
928 3668 1090 3752 magistri,
1108 3686 1144 3732 ac
1160 3687 1240 3751 prae-

114 3775 230 3839 sertim
256 3775 521 3859 sapientissimus
545 3775 716 3841 hominum
751 3775 926 3850 Salomon,
956 3778 1012 3858 qui
1044 3775 1243 3857 «disputavit

114 3891 209 3963 super
232 3883 333 3966 lignis
356 3903 376 3947 a
399 3885 508 3958 cedro,
531 3901 600 3966 quae
619 3883 718 3948 estin
737 3883 870 3960 Libano,
891 3902 987 3967 usque
1005 3885 1048 3949 ad
1064 3885 1235 3965 hyssopum,

150 4223 193 4292 (ι)
230 4221 305 4280 Vide
320 4219 353 4278 S.
378 4221 504 4292 August.
522 4220 571 4276 lib.
597 4237 622 4291 ς.
640 4219 719 4292 Oper
742 4223 903 4294 imperfect.
920 4235 1019 4278 contra
1040 4221 1147 4290 Julian.
1164 4243 1192 4279 n.
1213 4245 1236 4280 1.

114 4311 180 4370 Clr.
196 4312 279 4370 Plato
294 4310 325 4367 in
341 4311 462 4383 Cratylo
482 4324 510 4368 et
535 4309 637 4366 Cicero
657 4309 706 4366 lib.
733 4331 743 4365 1
770 4311 928 4368 Tusculan.
952 4321 1051 4384 quoest.
1072 4313 1123 4383 qui
1145 4311 1238 4370 maxi-

114 4423 170 4458 moe
185 4399 324 4458 indicium
344 4399 493 4470 sapientiae
507 4419 570 4458 esse
590 4399 769 4470 scripserunt
783 4398 900 4458 nomime
920 4403 1007 4458 rebus
1027 4401 1164 4459 omnibus
1182 4401 1238 4460 im·

113 4511 234 4562 ponere:
251 4487 329 4560 quod
340 4487 440 4546 iecisse
450 4486 594 4545 Adamum
605 4501 750 4546 testantur
764 4487 860 4546 Sacrae
875 4489 1001 4547 Litterae.
1011 4491 1127 4548 —Fuse
1140 4493 1176 4548 de
1190 4493 1237 4549 hrs

113 4581 145 4638 S.
165 4579 269 4636 Thom.
288 4579 388 4637 Summ
410 4577 575 4654 Theologr'oe
599 4600 621 4635 r.
638 4591 713 4649 part.
730 4599 758 4648 q.
775 4599 825 4650 94,
842 4600 868 4635 a.
887 4600 915 4651 33
933 4578 1115 4660 Quaesliones
1135 4582 1236 4656 dispu-

111 4680 198 4736 rarae,
213 4669 248 4725 dc
266 4669 361 4727 Verr'l.
384 4687 413 4738 q.
434 4668 481 4736 18,
503 4682 558 4725 art.
572 4687 605 4741 43
628 4667 785 4726 Commeat.
809 4669 841 4724 r‘n
857 4668 980 4742 quatuor
1001 4671 1092 4730 libros
1113 4681 1234 4732 sentent.

111 4759 163 4817 lib.
183 4779 207 4815 a.
222 4757 291 4818 dist.
306 4778 351 4829 η.
368 4777 398 4828 q.
414 4778 445 4827 2,
460 4779 487 4815 a.
503 4777 530 4814 2.

1281 3522 1355 3560 satum
1366 3514 1427 3568 apud

1301 3585 1412 3630 Hebraeos.
