3492 5525
263 486 382 551 Anne.
399 500 457 551 aa·
471 486 640 565 Quonono
654 504 830 553 PRAEtllssAE
843 507 932 552 inne.
950 508 985 552 m
999 506 1119 561 couci„
1153 484 1212 571 815

131 670 239 753 prius,
260 672 441 736 secundum
457 688 580 736 meram
596 671 836 737 successionem
853 671 994 757 plurium
1009 668 1251 756 cognitionum,

129 778 213 844 alter
231 777 379 861 proprius
404 778 585 845 secundum
612 763 852 856 causalitatem,
873 788 1038 863 quatenus
1057 797 1122 845 una
1139 776 1254 863 cogni-

129 884 184 955 tio,
198 884 364 969 procedat,
385 896 417 952 et
431 898 580 953 causetur
598 904 639 953 ex
651 880 729 967 alia;
751 888 848 953 ethic
864 887 1029 953 secundus
1049 885 1252 953 necessarius

131 1008 206 1057 esse
223 990 338 1057 dicitur
356 992 397 1057 ad
415 985 525 1058 veram
544 974 843 1070 ratiocinationem,
873 993 1154 1078 quemadmodum
1177 1012 1254 1059 rno-

133 1098 269 1165 nuimus
284 1098 316 1164 in
335 1098 502 1165 Dialectica
521 1096 585 1187 (ι).
605 1100 679 1167 Νοη
698 1108 749 1166 est
766 1109 878 1166 tamen
897 1100 979 1167 adeo
996 1109 1124 1167 certum
1137 1118 1256 1184 quam-

135 1225 212 1272 nam
232 1214 403 1271 exerceant
420 1207 639 1275 causalitatem
659 1206 836 1291 praemissae
856 1216 1003 1292 respectu
1022 1207 1251 1275 conclusionis.

203 1312 245 1381 Ut
274 1332 370 1398 porro
388 1322 511 1380 statum
531 1314 722 1397 quaestionis
750 1314 808 1380 rite
832 1314 1005 1400 percipias,
1026 1334 1063 1381 ac
1080 1314 1251 1391 terminos,

134 1422 257 1506 quibus
275 1430 414 1489 utuntur
427 1422 602 1500 Auctores,
619 1421 797 1507 intelligas,
815 1431 892 1489 nota
908 1422 1094 1508 praemissas
1105 1424 1254 1489 conside·

133 1529 194 1596 rari
214 1548 309 1613 posse
327 1529 510 1615 dupliciter:
535 1530 680 1616 om'ectiae
703 1547 760 1595 seu
784 1530 1006 1605 materialiter,
1023 1540 1069 1596 ,et
1089 1530 1254 1617 subjective

132 1655 192 1702 seu
211 1636 404 1721 formaliter.
426 1636 604 1702 Praemissae
623 1636 780 1721 objective
800 1655 858 1703 seu
880 1638 1084 1712 materialiter
1101 1647 1255 1722 spectatae

133 1758 214 1811 sunt
229 1746 338 1830 ipsum
358 1743 524 1829 objectum
544 1746 596 1809 vel
616 1763 683 1820 res,
710 1763 785 1828 quae
807 1764 865 1829 per
880 1745 1037 1830 judicium
1059 1744 1178 1813 mentis
1200 1764 1256 1812 ex·

134 1852 303 1937 primitur,
324 1853 376 1916 vel
395 1850 475 1917 circa
494 1871 594 1936 quarn
623 1870 718 1918 mens
742 1852 864 1937 judicat
892 1852 924 1917 in
953 1853 1148 1937 praemissis;
1174 1873 1255 1938 prae·
1314 1866 1318 1871 ’

133 1961 244 2027 missae
276 1968 385 2027 autem
419 1958 595 2025 lorr'naliter
627 1969 780 2044 spectatae
816 1968 895 2026 sunt
926 1960 987 2046 ipsi
1018 1978 1173 2027 assensus
1202 1964 1253 2028 vel

132 2067 252 2151 judicia
279 2066 443 2134 mentalia.
470 2067 506 2135 Et
532 2084 675 2149 praesens
702 2066 861 2133 dubitatio
882 2078 1028 2145 versatur
1046 2066 1253 2151 potissimum

133 2177 220 2241 circa
233 2175 418 2259 praemissas
436 2165 614 2241 'formaliter
633 2184 795 2258 sumptas,
1225 2228 1230 2235 ,

203 2280 326 2348 Deinde
343 2300 441 2347 causa
458 2289 493 2347 et
515 2282 702 2358 causalitas,
720 2290 758 2346 ut
776 2281 906 2347 aliunde
927 2292 1043 2348 notum
1073 2302 1160 2349 nunc
1177 2300 1256 2367 sup-
1304 2292 1429 2373 Quorunlex

135 2390 306 2477 ponimus,
330 2397 435 2473 potest
453 2408 524 2455 esse
543 2391 594 2455 vel
601 2387 731 2472 finalis,
754 2391 805 2455 vel
823 2388 1013 2467 materialis,
1030 2391 1081 2456 vel
1091 2390 1253 2474 formatis,
1268 2365 1386 2410 “⁰⁸⁸¹'⁸¹⁸
1399 2372 1421 2408 ‘¹
1439 2363 1467 2408 ‘¹⁰

1319 2449 1416 2492 quanam

133 2497 188 2563 vel
202 2497 345 2581 efficiens.
366 2498 411 2562 Ac
435 2496 608 2563 difficultas
627 2497 687 2563 sita
706 2508 756 2564 est
774 2498 855 2564 circa
875 2496 1071 2563 efficientem
1087 2496 1255 2563 causalita-
1302 2506 1433 2576 hirneam·

134 2614 222 2687 tem;
238 2623 357 2688 nempe
376 2604 512 2669 dubium
533 2616 598 2680 est,
619 2624 660 2670 an
681 2604 857 2689 praemissae
876 2604 941 2670 sint
955 2623 1060 2670 causae
1075 2604 1256 2671 efficientes

133 2711 363 2780 conclusionis.
384 2711 509 2777 Etenim
529 2720 657 2778 constat
675 2712 760 2802 apud
779 2731 897 2778 omnes
913 2731 978 2778 non
994 2730 1092 2797 posse
1110 2702 1258 2797 praemis·
1350 2738 1355 2745 ·

133 2839 191 2886 sas
209 2839 281 2887 esse
303 2837 419 2886 causas
436 2817 551 2885 finales
576 2819 809 2895 conclusionis,
831 2839 908 2885 cum
928 2820 1038 2904 potius
1059 2838 1257 2899 econverso

133 2927 303 2993 conclusio
332 2928 374 2992 sit
403 2925 475 2990 sinis
499 2927 756 3010 praemissarum,
785 2926 947 3011 siquidem
968 2929 1083 2994 harum
1103 2929 1256 2994 assensus

133 3035 302 3100 ordinatur
329 3035 369 3099 ad
394 3034 592 3100 inserendam
617 3035 859 3101 conclusionem
887 3043 1056 3119 tamquam
1087 3035 1126 3100 ad
1155 3033 1255 3100 finem

125 3135 235 3208 'suurn
256 3141 434 3227 proprium.
456 3142 493 3208 Et
517 3143 602 3206 idern
622 3143 747 3210 dicatur
772 3143 812 3209 de
831 3143 1017 3209 causalitate
1036 3141 1208 3220 materiali,
1228 3141 1255 3208 si

134 3248 264 3334 proprie
290 3249 378 3334 loqui
406 3247 564 3331 velimus;
596 3269 684 3314 nam
702 3269 799 3316 causa
824 3250 996 3316 materialis
1018 3259 1068 3316 est
1091 3249 1160 3326 illa,
1181 3267 1256 3333 quae

134 3367 249 3424 causat
268 3376 325 3442 per
344 3357 480 3423 modum
503 3356 638 3441 subJecti
662 3355 876 3424 sustentantis
904 3366 1012 3424 actum
1036 3358 1087 3424 vel
1117 3345 1255 3423 sormam

134 3465 291 3550 aliquam.
313 3466 394 3542 Quis
414 3483 509 3549 porro
527 3465 612 3531 dicat
631 3483 784 3532 assensus
803 3466 1045 3550 praemissarum
1063 3484 1134 3532 esse
1147 3465 1258 3550 subje-

133 3577 226 3639 ctum
247 3580 434 3641 sustentans
462 3590 635 3638 assensum
662 3572 903 3640 conclusionis?
930 3571 1043 3639 Solum
1068 3573 1129 3640 dici
1149 3579 1256 3658 potest

133 3681 299 3748 sumendo
329 3679 512 3765 praemissas
539 3687 571 3745 et
595 3681 840 3747 conclusionem
867 3680 1043 3766 objecti-ve,
1072 3679 1257 3766 praemissas

135 3807 209 3854 esse
228 3807 358 3855 causam
379 3787 576 3853 materialem
590 3786 808 3855 conclusionis
823 3787 854 3878 in
873 3807 972 3855 sensu
987 3789 1097 3855 minus
1111 3788 1254 3873 proprio,

136 3905 299 3981 quatenus
319 3895 452 3960 materia
477 3895 695 3962 conclusionis
723 3904 773 3961 est
802 3895 915 3961 eadem
940 3915 977 3961 ac
1000 3896 1255 3980 praemissarum,

66 4009 80 4029 ⁰
137 4023 197 4071 seu
216 4013 379 4088 quatenus
398 4005 467 4069 haec
491 4001 658 4069 materiam
684 4001 726 4068 illi
754 4003 900 4088 praebent
927 4022 963 4068 ac
981 4003 1159 4080 terminos,
1181 4021 1257 4068 nam

137 4111 266 4178 termini
294 4110 510 4178 conclusionis
537 4112 664 4177 fuerant
678 4110 767 4196 prius
786 4109 916 4178 termini
935 4110 1176 4196 praemissarum
1191 4107 1256 4199 (a).

174 4332 213 4394 (t)
249 4325 326 4384 Vide
339 4323 371 4384 S.
386 4323 453 4393 Th.,
469 4331 505 4382 1.·
520 4325 620 4385 Contr.
631 4323 725 4394 Gent,
738 4323 1068 4399 eap.57‚Amp1irts,irt
1077 4325 1157 4383 omni
1165 4325 1259 4384 scien-

139 4419 465 4489 tiatannum·
827 4465 828 4470 ,
867 4465 870 4472 .

175 4505 216 4578 (a)
250 4505 328 4564 Vide
341 4504 524 4564 Aristotelem
543 4514 584 4562 a·
601 4504 768 4578 Physicor„
791 4516 873 4572 text,
895 4523 1000 4562 comm.
1023 4524 1068 4577 3¹3
1089 4515 1118 4562 et
1133 4501 1167 4561 S.
1181 4501 1260 4562 Thu·

139 4617 216 4656 mam
236 4597 292 4665 (ib.
309 4596 375 4654 leet.
393 4613 422 4666 ς,
437 4615 512 4653 vera.
527 4594 597 4668 ssfin.)
613 4595 651 4654 ita
666 4595 773 4654 diserte
786 4594 949 4666 loquentes:
974 4593 1023 4652 Ex
1037 4594 1171 4652 terminis
1189 4601 1265 4670 pron

138 4688 317 4762 ροείέἰοπιιηι
330 4686 517 4744 constituitur
530 4685 688 4744 conclusio.
714 4685 795 4745 Unde
808 4686 965 4744 secunaum
979 4684 1034 4742 troc
1045 4684 1259 4759 propositiones

137 4777 276 4836 dicuntur
297 4776 421 4834 materia
439 4775 645 4846 conclusionis,
671 4775 739 4834 iicet
761 4795 825 4834 nort.
838 4773 994 4848 secundam
1013 4773 1087 4848 quod
1105 4783 1186 4836 etant
1204 4774 1260 4834 sub
