3492 5525
248 451 367 519 Anrrc.
384 468 445 518 ast·
459 452 582 517 Urnuu
593 468 679 516 cnrr.
696 469 817 515 aeeon.
834 468 887 541 sn
896 468 932 529 ru
944 451 1088 513 auctore.
1134 460 1191 529 547

109 629 172 693 sed
189 629 335 709 aliunde,
364 633 504 717 ideoque
531 640 648 717 praeter
674 632 901 705 auctoritatem
924 629 1063 718 generis·
1082 628 1229 703 humani,

109 736 246 820 aliquod
261 740 348 806 aliud
361 739 534 825 requiritur
544 739 725 817 criterium,
738 760 756 806 a
768 759 835 824 quo
849 739 1109 824 illadependeat.
1123 736 1234 802 Enim·

110 862 192 910 vero
217 848 385 930 quomodo
412 866 609 935 cognoscam
637 849 751 915 adesse
784 865 985 915 consensum
1022 846 1165 930 plurium
1199 841 1233 910 in

111 950 222 1036 aliqua
241 953 405 1034 doctrina,
425 956 486 1021 nisi
506 956 594 1041 prius
617 955 717 1022 sciam
740 973 812 1021 esse
837 955 958 1040 pluress
971 953 1138 1029 homines,
1160 969 1234 1017 eos·

111 1059 256 1144 demque
274 1062 381 1146 loqui,
403 1072 501 1147 atque
519 1064 633 1130 eadem
653 1061 778 1131 dicere?
796 1073 889 1131 etc...

181 1167 336 1235 Preterea
371 1188 551 1239 consensus
574 1170 715 1256 plurium
735 1180 772 1237 ut
799 1170 904 1255 possit
921 1179 1090 1254 tamquam
1119 1186 1233 1234 norma

112 1275 274 1353 adhiberi,
294 1286 439 1362 oportet,
459 1288 495 1344 ut
510 1291 608 1345 notus
629 1279 722 1345 nobis
741 1280 799 1354 sit,
821 1298 881 1345 nec
896 1278 1026 1343 aliunde
1045 1282 1144 1343 notus
1161 1293 1233 1342 esse

112 1392 241 1466 potest,
263 1384 323 1450 nisi
351 1406 392 1462 ex
410 1386 599 1453 testimonio
618 1397 652 1453 et
679 1405 742 1453 usu
760 1387 949 1454 facultatum
978 1393 1176 1452 nostrarum.
1196 1383 1235 1448 Et

112 1490 193 1573 quid
220 1492 246 1556 si
266 1493 316 1557 hae
335 1494 521 1560 fallerentur
539 1494 570 1559 in
590 1494 797 1579 percipiendo
824 1493 897 1577 ipso
915 1511 1079 1559 consensu
1105 1490 1236 1577 generis

113 1598 269 1664 humani?
287 1599 386 1683 Atqui
406 1601 576 1668 adversarii
603 1601 809 1669 essentialem
834 1601 1022 1667 facultatum
1051 1608 1234 1666 nostrarum

113 1706 336 1772 fallibilitatem
367 1717 517 1784 tuentur,
558 1709 692 1793 praeciso
719 1727 884 1775 consensu
920 1707 1049 1793 generis
1086 1705 1233 1772 humani.

113 1812 198 1896 Ergo
216 1814 461 1881 contradictoria
479 1819 670 1899 loquuntur.
690 1816 733 1881 Et·
747 1825 863 1901 praester
881 1834 1098 1892 consensum,
1119 1812 1237 1879 admit-

4 1950 5 1953 *
112 1920 251 1985 tendum
278 1931 329 1987 est
365 1923 451 1988 aliud
478 1923 659 1999 criterium,
690 1924 807 1989 saltem
836 1923 1017 1989 veracitatis
1045 1922 1265 2018 facultatum

114 2036 314 2095 nostrarum.
1226 2101 1233 2115 ,

160 2142 262 2204 Prob.
283 2156 332 2220 4.⁰
376 2137 559 2205 Ridiculum
583 2150 617 2205 et
641 2133 790 2223 ineptum
809 2157 943 2222 prorsus
965 2150 1016 2207 est
1037 2136 1234 2213 existimare,

114 2243 280 2308 neminem
313 2252 437 2311 certum
464 2265 537 2314 esse
565 2265 662 2330 posse
689 2248 730 2312 de
757 2265 816 2312 sua
840 2246 1010 2312 existentia
1038 2245 1098 2311 nisi
1125 2244 1236 2310 audito

111 2350 251 2417 aliorum
282 2351 484 2422 testimonio.
515 2353 549 2420 Si
572 2354 670 2420 enim
688 2355 724 2421 s'e
756 2373 820 2421 non
851 2354 1036 2440 cognoscit,
1068 2353 1237 2437 quomodo

112 2470 291 2543 cognoscet
309 2460 410 2527 alios?

182 2568 338 2634 Praeterea
366 2568 406 2633 de
434 2569 558 2635 actibus
587 2590 625 2635 ac
650 2570 875 2654 pltaenomenis
902 2569 1054 2645 internis,
1078 2587 1153 2654 quae
1180 2586 1238 2653 per

113 2675 346 2741 conscientiam
366 2696 402 2741 ac
429 2695 564 2743 sensum
584 2678 738 2743 intimum
759 2679 852 2743 nobis
877 2678 1119 2753 renuntiantur,
1147 2676 1238 2745 testi·

115 2783 266 2848 monium
289 2785 425 2849 aliorum
447 2785 525 2850 nihil
544 2787 659 2850 referre
685 2795 805 2871 potest.
827 2787 878 2851 lln
898 2806 960 2871 ego
978 2787 1114 2852 aliorum
1141 2804 1239 2869 expe-

114 2901 203 2957 ctare
233 2892 368 2958 debeam
403 2893 609 2969 relationem,
644 2902 680 2959 ut
712 2891 811 2959 sciam
845 2914 898 2959 me
928 2895 1054 2970 dolere,
1083 2893 1235 2978 cogitare,

115 2987 238 3064 famem
258 3007 313 3066 aut
332 2999 420 3066 sitim
439 2999 526 3084 pati?
598 2991 600 2996 ’

162 3112 263 3174 Prob.
285 3113 334 3175 5.⁰
378 3107 576 3175 Testimonia
599 3107 786 3195 singillatim
815 3109 914 3175 dubia
931 3118 986 3175 aut
1005 3107 1161 3185 fallibilia,
1183 3127 1240 3174 ne-

115 3222 243 3296 queunt
261 3215 435 3281 infallibilia
457 3216 544 3294 fieri,
573 3235 649 3282 curn
678 3217 710 3282 in
736 3235 839 3284 unum
858 3224 995 3292 coeunt,
1025 3215 1085 3282 nisi
1107 3233 1148 3282 ex
1169 3216 1239 3300 ipsa

115 3322 304 3388 collectione
319 3323 437 3406 aliquid
456 3325 601 3400 accedat,
620 3325 707 3390 unde
725 3341 825 3390 omne
844 3323 1042 3409 deceptionis
1059 3325 1238 3409 periculum

116 3431 229 3512 procul
248 3440 403 3500 arceatur.
434 3431 533 3517 Atqui
558 3433 738 3499 secundum
770 3431 1031 3498 Lamennaisium
1059 3449 1239 3498 consensus

115 3538 256 3620 generis
273 3539 407 3605 humani
436 3558 501 3606 non
521 3549 571 3606 est
600 3539 660 3606 nisi
689 3559 778 3606 mera
804 3539 950 3606 collectio
975 3539 1238 3606 testimoniorum

6 3718 10 3728 ι
117 3644 306 3728 singillatim
331 3647 522 3714 fallibilium.
543 3648 627 3733 Ergo
646 3647 842 3713 fallibilatem
866 3665 959 3713 suant
982 3666 1047 3714 non
1064 3645 1172 3723 exuit,
1202 3665 1239 3712 ac

117 3752 253 3836 proinde
271 3753 434 3822 criterium
454 3775 526 3823 esse
546 3756 671 3839 nequit.

163 3867 266 3931 Prob.
286 3871 335 3932 σθ
380 3861 546 3941 Tandem,
566 3884 641 3932 curn
669 3881 850 3930 consensus
873 3864 1059 3930 communis
1087 3863 1240 3930 asseritur

118 3970 262 4038 veritatis
285 3971 465 4049 criterium,
486 3990 706 4057 quorumnam
735 3971 926 4047 hominurn,
946 3989 1075 4056 queso,
1101 3990 1241 4038 consen·

117 4097 176 4144 sus
202 4079 434 4165 intelligendus
452 4089 501 4146 est
529 4079 799 4165 presentiumne,
820 4099 861 4144 an
889 4078 986 4146 etiam
1006 4081 1189 4145 futurorum
1208 4090 1240 4146 et

118 4188 377 4253 transactorum?
395 4189 623 4264 Praesentium,
644 4187 784 4272 inquies.
810 4187 847 4252 Et
865 4186 943 4271 quid
971 4187 998 4253 si
1017 4195 1195 4271 praesentes
1222 4205 1240 4250 a

118 4295 257 4380 posteris
275 4304 308 4360 et
327 4295 504 4382 majoribus
522 4295 723 4380 discrepent?
741 4313 781 4360 an
801 4293 919 4361 veritas
938 4303 1094 4379 perpetuo
1113 4303 1241 4380 tempo-

118 4419 191 4470 rum
210 4401 299 4469 flexu
317 4403 510 4472 variabitur?

185 4511 341 4578 Praeterea
359 4512 433 4596 quis
456 4511 559 4596 possit
587 4510 795 4596 praesentium
822 4509 973 4577 omniurn
995 4529 1092 4578 voees
1116 4510 1239 4588 audire,

117 4619 314 4704 sententiam
340 4619 529 4705 exquirere?
556 4619 649 4686 Dices
676 4638 742 4685 non
771 4637 890 4685 omnes
911 4617 1132 4686 consulendos
1150 4637 1240 4688 esse.

117 4727 279 4806 Quisnam
298 4747 398 4815 ergo,
415 4727 573 4813 inquam,
594 4746 751 4796 numerus
770 4727 910 4805 sufficit,
927 4727 1059 4797 etcur?
