3492 5525
380 482 498 547 Annio.
527 497 584 547 ψ
606 479 699 561 Qum
722 500 775 545 srr
795 494 987 545 canrrruuo
1102 515 1105 523 .
1147 498 1206 562 477

119 674 251 740 rentur,
268 672 380 731 tamen
408 664 440 730 in
468 662 615 749 pluribus
635 662 763 729 casibus
787 663 885 729 etiam
911 662 1007 727 datur
1029 661 1061 727 in
1090 662 1246 730 omnibus

117 782 227 839 certus
246 773 382 857 quidam
403 772 524 841 modus
539 772 669 857 agendi:
690 772 789 855 hique
804 770 894 837 modi
908 780 1096 836 constanter
1110 788 1248 855 operan-

117 878 152 944 di
172 888 330 947 vocantur
353 881 444 965 leges
463 880 614 953 morales,
642 896 779 961 quarum
800 878 907 962 aliqua
927 878 1026 963 viget,
1047 877 1248 961 ubicumque

118 986 292 1053 auctoritas
310 984 444 1071 'plenum
466 986 563 1053 habet
586 987 695 1063 robur,
718 995 754 1051 ut
772 1004 833 1051 suo
852 987 925 1050 loco
950 1004 1001 1051 res
1020 970 1245 1056 declarabitur..

118 1094 171 1159 Sic
191 1094 303 1161 morali
318 1094 508 1161 certitudine
527 1094 624 1159 credo
645 1094 842 1161 existentiam
860 1093 1012 1168 Berolini,
1033 1102 1066 1157 et
1086 1092 1167 1159 della
1185 1094 1249 1163 Ro-
1332 1170 1337 1175 ,

119 1220 287 1267 manorum
311 1205 421 1269 contra
456 1201 690 1285 Carthaginem,
723 1200 849 1285 aliaque
882 1202 1053 1266 innumera
1084 1202 1166 1266 lacta
1199 1202 1248 1267 lri-

119 1306 317 1397 storicam).
429 1370 435 1381 ,

185 1417 274 1482 Noto
283 1416 564 1481 intereamoralem
574 1414 801 1481 certitudinem
814 1434 849 1479 ac
857 1416 1018 1497 physicam
1028 1416 1132 1480 solere
1146 1434 1248 1498 quan·
1296 1443 1385 1489 nme,
1395 1458 1421 1489 ,ς

118 1523 230 1606 doque
250 1523 281 1607 in
295 1524 364 1599 ¹alio
383 1541 482 1589 sensu
503 1523 603 1607 accipi
623 1541 680 1607 per
698 1522 848 1589 ordinem
876 1524 916 1590 ad
940 1524 1163 1589 exclusionem
1184 1524 1248 1588 tor·
1260 1513 1460 1597 ¹³¹²,l⁸³⁶!⁶⁰'‘³²¹²‘¹⁰

119 1628 263 1696 midinis.
293 1629 377 1696 Nam
407 1631 538 1716 physica
568 1629 685 1695 dicitur
712 1629 781 1705 illa,
802 1646 879 1712 quae
906 1631 1029 1695 nullam
1049 1630 1247 1714 compatitur
1287 1587 1433 1713 Ἥζῖζω

119 1736 345 1815 formidinem,
368 1758 409 1803 ne
428 1736 839 1821 imprudentemquidem.
866 1737 1062 1823 Huiusmodi
1086 1738 1247 1817 certitudo

118 1846 257 1912 habetur
281 1844 464 1930 generatim
488 1846 571 1911 circa
594 1847 697 1929 prima
727 1845 780 1910 illa
808 1844 964 1929 principia
986 1844 1246 1923 evidentissima,

117 1972 193 2037 quae
211 1954 369 2020 axiomata
388 1962 559 2021 vocantur.
580 1953 712 2045 Moralis
740 1972 817 2018 vero
845 1961 896 2019 est
926 1954 995 2029 illa,
1017 1971 1092 2036 quae
1120 1954 1247 2037 impru-

117 2060 210 2128 denti
229 2060 338 2145 aliqua
356 2060 528 2129 tormidine
542 2061 658 2127 tentari
675 2069 801 2144 potest,
819 2080 859 2125 ex
878 2079 1091 2144 quocumque
1106 2061 1244 2126 demum

116 2169 224 2252 capite
253 2176 406 2253 petantur
434 2186 588 2235 assensus
617 2167 754 2237 motiva'.
783 2167 871 2234 Talis
899 2168 992 2233 adest
1018 2168 1181 2235 certitudo
1210 2170 1242 2234 in

119 2276 319 2359 quibusdam
340 2276 695 2354 demonstrationibuS,
715 2294 790 2359 quae
814 2275 888 2341 licet
912 2274 1045 2343 motivis
1073 2276 1248 2362 metaphy-

117 2383 195 2449 sicis
214 2384 411 2459 innitantur,
424 2385 475 2455 vel
491 2384 694 2457 obmateriae
708 2382 933 2450 difficultatem
948 2383 1000 2449 vel
1020 2384 1063 2449 ob
1083 2383 1246 2449 minorem

116 2490 290 2559 evidentiae
307 2491 464 2575 gradum,
482 2510 548 2557 non
565 2492 697 2576 penitus
715 2492 895 2558 excludunt
912 2482 1108 2574 potestatem
1123 2492 1248 2575 impru-

118 2597 230 2664 dentis
250 2597 447 2674 formidinis,
469 2599 543 2664 licet
562 2618 628 2664 non
649 2598 839 2683 permittant
859 2597 1089 2683 prudentem(
1113 2596 1139 2684 ).

187 2704 346 2774 Dividitur
359 2704 457 2772 etiam
478 2709 509 2773 in
527 2707 702 2774 absolutam
720 2715 753 2772 et
772 2705 1006 2789 hypotheticam.
1022 2706 1182 2772 Absoluta
1196 2715 1249 2774 est

118 2815 189 2889 illa,
203 2833 289 2897 ‘quae
307 2833 326 2879 a
346 2815 434 2882 nulla
458 2815 644 2881 conditione
662 2815 843 2898 dependet,
865 2826 964 2897 atque
991 2814 1074 2880 adeo
1092 2815 1125 2879 in
1155 2816 1247 2880 nullo

118 2940 267 3005 unquam
285 2931 405 2988 eventu
422 2923 529 2988 tallere
545 2931 654 3007 potest
669 2942 726 3007 per
740 2940 908 3006 quamque
925 2922 1123 3006 potentiam:
1142 2924 1249 3007 hypo-

117 3029 237 3096 thetica
254 3039 323 3107 est,
339 3047 415 3114 quae
433 3030 656 3096 conditionem
675 3031 816 3113 aliquam
837 3031 1008 3106 subaudit,
1024 3047 1092 3113 qua
1111 3029 1247 3114 proinde

117 3135 307 3214 deficiente,
343 3138 449 3204 tallere
477 3145 597 3222 potest.
633 3138 709 3204 Sola
741 3136 984 3224 metaphysica,
1013 3138 1164 3222 superius
1192 3137 1249 3202 de-
1287 3197 1292 3205 ,

116 3244 255 3338 scripta,
284 3255 333 3312 est
359 3245 523 3326 absoluta;
549 3247 684 3331 physica
708 3264 786 3312 vero
810 3253 845 3310 et
872 3244 1005 3312 moralis
1029 3244 1247 3330 hypotheticae

116 3360 216 3427 sunt,
234 3351 312 3438 quia
329 3353 382 3418 illa
410 3371 466 3438 per
492 3353 646 3419 virtutem
674 3353 924 3437 omnipotentiae
952 3352 1009 3417 Dei
1036 3351 1248 3436 impedientis

116 3458 361 3536 conditionem,
394 3461 464 3525 haec
498 3479 555 3544 per
588 3461 756 3546 physicam
787 3459 968 3545 potentiam
998 3469 1030 3524 et
1062 3460 1246 3526 libertatem

118 3567 264 3634 hominis
283 3568 431 3634 absolute
450 3567 587 3633 delicere
607 3565 871 3652 paestanum
893 3566 1056 3633 motivum
1078 3567 1250 3651 metaphy-

117 3671 195 3742 sic'ae
223 3674 424 3742 certitudinis
453 3675 516 3740 tale
543 3685 610 3751 est,
631 3677 721 3758 quod
750 3675 887 3740 delicere
916 3692 1099 3759 numquam
1129 3674 1246 3757 possit,

117 3782 219 3848 etiarn
239 3799 296 3867 per
314 3783 468 3850 virtutem
487 3782 646 3848 divinam.
668 3783 829 3849 Motivum
850 3791 961 3848 autem
982 3781 1126 3869 physicae
1150 3780 1248 3847 certi-

116 3889 242 3956 tudinis
260 3889 366 3958 adhuc
382 3891 549 3975 dependet
567 3889 609 3956 ab
627 3890 734 3974 aliqua
752 3889 957 3966 conditione,
975 3890 1130 3956 nimirum
1149 3907 1246 3955 exeo

156 4141 199 4212 (r)
233 4136 374 4200 Moralem
398 4139 473 4208 hene
493 4139 697 4200 certitudinem
725 4138 897 4212 indigitasse
919 4139 1037 4198 videtur
1062 4139 1249 4213 Augustinus

117 4229 298 4290 illisvcrbis:
316 4231 554 4305 misinensem
576 4249 628 4287 nos
650 4247 802 4303 negemus,
823 4247 886 4302 quae
908 4229 1072 4287 testimonio
1091 4229 1249 4286 dedecimus

116 4323 265 4390 aliarum,
282 4323 418 4394 alioquin
436 4323 615 4384 nesciremus
629 4335 692 4378 esse
705 4319 868 4388 Oceanum,
884 4321 1064 4378 nesciremus
1077 4339 1140 4377 esse
1154 4328 1248 4378 terras

116 4420 209 4485 atque
227 4411 331 4480 nrbes,
348 4427 420 4484 qaas
439 4411 629 4470 celeberrima
640 4415 722 4478 famo
742 4411 931 4468 commendat.
946 4408 1013 4467 Lib.
1033 4427 1062 4479 15
1078 4410 1113 4467 de
1127 4410 1249 4479 Trinit„

114 4521 184 4574 cap.
203 4520 244 4559 ra.
264 4521 305 4573 ¹3·

152 4593 197 4656 (a)
232 4589 309 4648 Vide
324 4589 484 4662 lzquierdo,
499 4591 620 4650 Pharas
633 4591 734 4648 serent.
747 4588 826 4661 disp.
843 4607 941 4662 5,·q.,r
952 4631 959 4658 ,
972 4607 1002 4648 n.
1012 4609 1049 4662 9,
1069 4609 1119 4659 10⁴,
1129 4588 1205 4662 disp.
1220 4608 1248 4673 4,

110 4693 224 4753 qrraest.
239 4699 272 4747 a,
289 4701 320 4738 n.
336 4681 383 4751 183
400 4679 521 4740 Cardia.
538 4679 677 4749 Ptolom,
691 4679 805 4738 Pht'los.
821 4680 925 4740 mentis
942 4689 969 4736 et
982 4698 1071 4748 sens„
1083 4677 1199 4738 dissert.
1216 4697 1250 4754 35

112 4769 374 4846 Legna-Phyma,
389 4783 459 4829 sect.
476 4791 508 4842 3,
525 4789 556 4836 n.
571 4788 598 4839 4.
