3492 5525
267 440 382 505 Anne.
401 453 460 524 5.¹¹·
474 440 644 520 Quououo
656 458 776 505 conci..
793 460 955 506 ιττιιιοιτ
968 458 1155 506 Pannissus
1174 439 1231 525 841

476 537 1274 564 ....-....-........-b..-......

156 624 298 691 tendens
316 624 355 691 ad
372 624 491 710 aliquid
508 635 640 711 propter
651 626 756 703 aliud,
772 625 947 693 formaliter
961 635 994 692 et
1007 625 1179 694 intrinsece
1193 624 1274 691 illud

154 732 241 799 aliud
260 734 414 819 attingat,
435 752 567 801 necesse
585 742 648 801 est.
686 747 693 762 ·
797 794 801 801 .

30 824 33 903 ἶ
223 841 299 907 llaec
319 840 399 908 ratio
411 849 519 926 potest
532 842 629 909 etiarn
644 841 690 908 sic
705 840 855 927 proponi:
875 842 998 909 Eodem
1012 853 1088 910 actu
1102 842 1274 926 lerturpo·

29 950 31 1011 1
153 947 255 1034 tentia
273 949 427 1033 quaelibet
445 950 477 1016 ln
496 949 662 1036 objectum
680 958 713 1015 et
735 949 894 1015 rationem
910 951 1078 1015 formalem
1098 968 1156 1018 seu
1176 948 1272 1017 moti·

153 1074 233 1123 vum
254 1057 336 1142 ejus.
361 1056 463 1141 Atqui
482 1056 659 1143 praemissae
686 1064 764 1123 sunt
788 1058 867 1125 ratio
888 1056 1031 1124 formalis
1058 1065 1091 1123 et
1108 1055 1271 1124 motivum

152 1160 382 1234 conclusionis.
402 1164 528 1250 Ergo...

220 1278 337 1340 Minor
354 1281 477 1361 patet.¹

117 1462 121 1471 Ι
217 1385 330 1462 Major
347 1380 513 1464 probatur.
535 1362 620 1459 opta
633 1398 674 1446 ex
691 1379 820 1467 objecto
839 1379 994 1446 materiali
1013 1388 1047 1447 et
1064 1380 1187 1448 ratione
1207 1382 1273 1448 for-

152 1487 228 1551 mali
244 1488 456 1555 constituitur
475 1505 579 1557 unum
604 1487 768 1575 objectum
783 1489 883 1555 totale
904 1497 936 1554 et
954 1489 1157 1572 completum
1175 1489 1273 1556 attin·

150 1593 249 1680 gibile
271 1595 451 1680 apotentia
476 1614 656 1681 persuum
683 1604 805 1678 actum;
825 1614 886 1661 nec
911 1594 1077 1681 objectum
1106 1598 1272 1663 materiale

152 1701 249 1768 habet
267 1702 560 1789 attingibilitatem,
581 1702 641 1769 nisi
665 1712 762 1793 prout
784 1702 997 1769 informatum
1015 1722 1036 1767 a
1054 1704 1177 1769 ratione
1206 1706 1271 1771 ior·

152 1809 248 1886 mali,
278 1828 314 1877 ac
341 1809 477 1895 proinde
505 1810 531 1877 si
560 1810 791 1895 praescindatur
814 1811 855 1876 ab
884 1830 934 1887 ea,
954 1810 1126 1891 ,terminari
1155 1810 1270 1897 nequit

148 1917 189 1983 ab
208 1926 293 1984 actu.
885 1916 889 1922 ’

213 2033 258 2093 Et
271 2032 512 2105 confirmatur,
548 2025 623 2110 quia
646 2026 742 2093 simili
771 2027 872 2093 modo
894 2044 931 2093 se
950 2027 1071 2093 habent
1091 2028 1269 2112 praemissae

151 2143 299 2219 respectu
318 2132 552 2211 conclusionis,
574 2122 658 2201 sicut
675 2152 711 2201 se
737 2134 834 2231 habet
856 2132 976 2200 lumert
988 2135 1028 2200 ad
1050 2134 1190 2203 videndo
1211 2135 1271 2203 ob-

142 2244 228 2327 jecta
256 2240 432 2324 sensibilia,
464 2252 542 2309 sunt
571 2260 715 2325 namque
747 2242 924 2326 praemissae
960 2244 1072 2309 lumen
1109 2242 1269 2328 objective

145 2349 309 2415 illustrans
329 2368 366 2415 ac
385 2350 594 2417 manifestans
608 2350 824 2416 conclusionis
840 2348 1023 2417 veritatem.
1041 2350 1143 2434 Atqui
1157 2352 1267 2416 lumen

145 2457 255 2541 procul
281 2457 381 2525 dubio
412 2456 581 2543 attingitur
610 2455 803 2533 formaliter,
832 2476 908 2523 cum
942 2456 1014 2525 visu
1046 2456 1269 2543 percipiuntur

144 2582 291 2650 corpora.
313 2565 408 2651 Ergo.
512 2634 533 2677 ’
1280 2654 1286 2668 .

210 2672 337 2757 ltaque,
367 2672 657 2757 quemadmodum.
680 2669 804 2737 tamdiu
834 2673 946 2737 lumen
971 2672 1085 2739 adesse
1110 2672 1208 2741 debet
1232 2681 1264 2738 et

142 2781 307 2866 objectum
324 2780 495 2856 illustrare,
513 2780 670 2865 quamdiu
685 2779 752 2845 hoc
772 2779 912 2855 videtur,
932 2780 975 2846 ita
993 2781 1091 2847 etiam
1108 2781 1265 2864 quamdiu

141 2890 236 2956 durat
254 2907 408 2956 assensus
426 2887 655 2964 conclusionis,
675 2888 800 2954 tamdiu
817 2905 926 2954 coram
946 2889 1059 2955 adesse
1087 2889 1185 2956 debet
1208 2891 1265 2956 ali·

140 3016 208 3081 quo
228 2997 328 3063 modo
346 2997 427 3063 ratio
445 2996 589 3062 formalis
602 2995 699 3072 illius,
716 3003 831 3079 utpote
849 3013 924 3078 quae
944 2995 1125 3063 necessaria
1142 3006 1207 3074 est,
1228 3007 1265 3066 ut

142 3105 243 3170 menti
263 3104 448 3172 innotescat
465 3102 619 3171 identitas
637 3111 873 3172 extremorum.

186 3217 286 3280 Prob.
308 3219 359 3277 2.⁰
404 3197 621 3278 Ut'assensus
635 3210 799 3283 rationalis
813 3209 871 3286 sit,
889 3227 1022 3276 necesse
1035 3222 1099 3286 est,
1116 3222 1152 3279 ut
1170 3213 1267 3279 attin·

139 3330 196 3405 gat
235 3320 399 3385 motivum
431 3317 572 3386 suadens
602 3336 788 3394 assensum,
817 3319 869 3384 vel
903 3317 1058 3405 percipiat
1090 3319 1263 3400 rationem,

140 3444 282 3511 eamque
300 3425 531 3506 sufficientem,
552 3424 761 3492 assentiendi.
783 3424 884 3508 Atqui
903 3425 1068 3510 obiectum
1082 3427 1266 3495 conclusio-

141 3533 190 3601 nis
208 3533 242 3599 in
261 3552 297 3600 se
316 3551 383 3600 non
398 3533 496 3622 habet
510 3532 669 3600 rationem
685 3531 902 3600 sufficientem
916 3551 1083 3610 assensus,
1098 3534 1157 3600 sed
1175 3535 1263 3601 illam

138 3641 294 3719 desumit,
321 3642 437 3707 saltem
453 3637 668 3725 inadaequate,
684 3659 726 3706 ex
741 3639 929 3725 praemissis,
946 3640 979 3708 in
998 3641 1118 3725 qulbus
1141 3661 1267 3728 cogno-

138 3747 238 3815 scitur
256 3748 407 3816 identitas
426 3757 650 3816 extremorum
668 3767 745 3814 cum
762 3747 905 3813 termino
925 3747 1032 3815 medio
1052 3749 1265 3827 manifestans

138 3855 340 3922 identitatem
360 3855 490 3922 illorum
510 3854 595 3921 inter
612 3873 660 3922 se.
687 3857 771 3922 Nam
790 3873 886 3922 secus
904 3855 1073 3923 conclusio
1091 3875 1159 3924 non
1182 3860 1264 3925 foret

138 3963 315 4047 propositio
342 3961 497 4042 mediata,
526 3963 584 4029 sed
621 3962 821 4030 immediata.
857 3963 943 4048 Ergo
971 3981 1105 4029 necesse
1131 3972 1194 4040 est,
1226 3974 1264 4031 ut

135 4089 290 4137 assensus
308 4070 527 4138 conclusionis
545 4069 701 4156 percipiat
719 4070 829 4153 aliquo
851 4072 968 4137 saltem
996 4072 1097 4138 modo
1116 4073 1264 4156 praemis-

136 4197 202 4254 sas,
233 4197 308 4262 quae
336 4178 436 4246 simul
466 4195 541 4244 cum
566 4179 635 4262 ipsa
652 4178 870 4244 conclusionis
897 4178 1030 4244 veritate
1057 4181 1261 4248 constituunt

134 4285 353 4371 completam,
370 4287 576 4371 adequarmn
587 4284 871 4370 sufficientemque
881 4285 1040 4353 rationem
1050 4287 1260 4367 assentiendi,

134 4413 174 4458 ao
190 4394 325 4478 proinde
345 4412 411 4461 non
427 4401 536 4479 potest
555 4411 621 4460 non
641 4411 793 4461 assensus
813 4393 865 4460 ille
884 4394 1043 4478 attingere
1062 4395 1260 4480 praemissas.

180 4497 281 4570 Prob.
303 4501 357 4571 3.⁰
404 4501 614 4587 Propositum
638 4499 932 4588 peregrinationem
957 4502 1161 4581 instituendi,
1190 4522 1262 4588 poe·

137 4609 284 4675 nitentia
298 4627 408 4687 causa,
425 4609 628 4694 poenitentiae
648 4619 738 4677 actus
756 4618 817 4686 est,
837 4609 985 4693 itemque
999 4609 1151 4677 voluntas
1161 4604 1261 4678 dandi

135 4718 395 4808 eleemosynam,
416 4726 455 4785 ut
473 4715 541 4812 Deo
564 4719 722 4804 placeam,
743 4719 794 4786 vel
813 4728 946 4804 propter
964 4718 1166 4784 voluntatem
1185 4717 1257 4796 Dei,
