3492 5525
559 464 613 534 572
668 452 792 517 [norm
808 447 1041 553 Maron-bru.
1061 462 1129 526 ψ,
1147 448 1236 513 Drse.
1253 463 1298 531 4.·
1313 449 1392 513 Can.
1412 464 1481 511 ψ

517 634 575 703 sed
603 632 711 718 potius
737 630 965 699 confusionem
992 646 1146 715 generare
1174 648 1271 714 posse
1303 629 1336 696 in
1366 630 1535 698 mentibus
1563 630 1660 699 inci·

517 740 676 826 pientiam
695 735 759 827 (ι).

583 846 709 931 ltaque,
737 863 940 930 quamquam
969 844 1070 910 nolim
1100 845 1142 911 de
1168 862 1247 910 voce
1274 846 1485 923 contendere,
1513 864 1657 913 meram

517 954 697 1023 allectionis
716 952 923 1039 praesentiam
943 952 975 1018 ln
994 952 1158 1037 subjecto,
1179 969 1253 1035 quae
1271 953 1381 1019 solum
1402 962 1452 1021 est
1469 954 1657 1040 objectum

518 1072 609 1129 actus
629 1060 737 1129 rellexi
756 1060 985 1136 conscientiae,
1007 1078 1072 1126 non
1087 1059 1256 1143 appellabo
1270 1060 1522 1136 conscientiam,
1539 1063 1657 1127 etiam

516 1170 687 1251 directam
706 1167 765 1235 sed
785 1167 846 1235 sub
861 1167 994 1233 nomine
1013 1166 1204 1250 simpliciter
1216 1166 1421 1233 conscientie
1438 1169 1490 1235 hic
1507 1188 1659 1253 semper

518 1275 696 1363 intelligam
731 1276 917 1341 facultatem
943 1274 1029 1341 illam
1058 1293 1116 1341 seu
1148 1273 1315 1351 virtutem,
1342 1277 1439 1361 cujus
1466 1284 1559 1344 actus
1592 1284 1658 1341 est

518 1383 718 1451 advertentia
738 1380 856 1449 rellexa
876 1384 1169 1466 phaenomenorum
1184 1381 1266 1447 intra
1281 1400 1342 1449 nos
1359 1384 1654 1467 contingentium.

588 1490 794 1559 Conscientia
822 1491 892 1556 haec
919 1490 1026 1555 vocari
1053 1489 1150 1554 etiam
1173 1491 1257 1554 solet
1278 1509 1387 1580 sensus
1404 1490 1549 1574 intimus,
1571 1510 1654 1557 non

518 1600 594 1684 quia
613 1599 656 1665 sit
675 1600 822 1666 falcultas
840 1595 964 1661 ordinis
981 1596 1142 1677 sensitivi3
1162 1598 1220 1662 sed
1238 1597 1314 1679 quia
1332 1600 1404 1683 ejus
1422 1609 1516 1664 actus
1534 1597 1655 1663 affini-

473 1730 481 1745 ·
517 1716 620 1775 tatem
650 1706 747 1772 habet
772 1723 849 1771 curn
881 1712 953 1768 actu
981 1703 1189 1779 sensationis,
1216 1723 1293 1769 curn
1321 1705 1363 1771 sit
1385 1705 1585 1790 experientia
1613 1718 1655 1771 et

518 1812 647 1883 intuitio
667 1813 740 1879 sacti
760 1811 896 1896 alicujus
914 1809 1069 1876 concreti.
1086 1810 1305 1878 Nihilominus
1318 1822 1407 1889 sunt,
1428 1813 1483 1896 qui
1503 1832 1652 1880 sensum

453 1970 456 1977 ⁴
519 1920 672 1989 intimum
693 1920 777 1986 inter
794 1927 827 1983 et
850 1918 1081 1985 conscientiam
1112 1920 1203 2002 plura
1231 1928 1346 1987 notent
1367 1920 1555 1986 discrimina
1571 1918 1649 2007 (2);

519 2048 611 2113 quae,
633 2026 706 2093 licet
729 2025 963 2092 subobscurius
989 2025 1170 2109 proposita,
1189 2029 1253 2092 huc
1275 2027 1407 2092 tandem
1432 2029 1576 2093 revocari
1594 2029 1653 2093 vi-

519 2138 655 2213 dentur,
676 2142 713 2201 ut
736 2153 845 2200 sensus
868 2133 997 2197 iniimus
1025 2133 1066 2197 sit
1094 2132 1197 2209 idem,
1227 2134 1317 2216 quod
1346 2133 1398 2198 alii
1425 2134 1650 2201 nominabant

519 2244 672 2311 directam
694 2240 945 2315 conscientiam,
965 2238 1160 2305 conscientia
1179 2258 1274 2315 vero,
1295 2242 1386 2324 quod
1411 2240 1510 2307 iidem
1530 2242 1652 2309 dixere

519 2352 666 2439 reflexam
677 2348 926 2417 conscientiam.
942 2347 1051 2413 Unum
1065 2354 1174 2413 autem
1185 2347 1321 2413 omnino
1334 2349 1650 2433 reprehendendum

521 2466 619 2544 puto,
640 2458 729 2541 quod
748 2456 884 2539 quidam
903 2472 1039 2519 sensum
1058 2453 1211 2519 intimum
1221 2454 1335 2519 anime
1350 2456 1557 2521 essentialem
1568 2475 1651 2522 esse

521 2568 675 2633 doceant:
695 2565 728 2629 id
747 2564 837 2647 quod
854 2562 1031 2627 absurdam
1050 2560 1184 2627 Cartesii
1203 2562 1385 2627 doctrinam
1403 2564 1506 2646 sapit,
1528 2582 1651 2629 essen-

521 2676 600 2741 tiam
621 2672 740 2739 anlmae
759 2672 792 2737 in
811 2668 1007 2754 cogitatione
1023 2667 1208 2751 reponentis
1226 2666 1290 2755 (3).

589 2781 627 2848 Et
653 2783 723 2847 haec
748 2778 851 2846 lusius
878 2777 963 2843 dicta
991 2777 1127 2851 luerint,
1149 2789 1184 2844 ut
1207 2796 1333 2842 morem
1352 2797 1544 2864 gereremus
1569 2783 1650 2846 usui

522 2889 693 2958 communi
729 2887 944 2954 recentiorum
971 2892 1160 2960 auctorum,
1191 2885 1246 2967 qui
1277 2887 1318 2950 ad
1346 2887 1457 2969 plures
1484 2889 1650 2953 adversus

523 3016 632 3062 veram
659 2993 901 3076 Philosophiam
925 2991 1138 3056 revincendos
1157 3009 1299 3068 errores,
1327 2993 1444 3077 longas
1466 3003 1585 3060 texunt
1604 2995 1649 3059 de
1734 3046 1735 3057 ,

523 3102 718 3171 conscientia
745 3099 1001 3184 disputationes,
1030 3115 1106 3180 quae
1139 3099 1289 3183 nuspiam
1320 3100 1527 3185 reperiuntur
1555 3105 1650 3186 apud

523 3211 678 3295 antiquos
696 3207 883 3292 scriptores.

560 3396 601 3456 (ι)
639 3388 785 3446 Ceterum
800 3382 976 3444 conscientia
991 3381 1047 3439 ista
1060 3381 1169 3438 directa
1183 3380 1376 3439 recentiorum
1390 3383 1507 3441 videtur
1518 3385 1551 3442 in
1569 3385 1651 3444 idem

525 3477 651 3538 recidere
665 3497 698 3534 ac
710 3475 825 3534 reflexio
840 3473 981 3531 virtuales
995 3479 1022 3527 et
1040 3471 1071 3528 in
1092 3481 1161 3528 ectu
1174 3473 1319 3538 exercito,
1333 3491 1423 3542 quam
1437 3487 1550 3531 veteres
1573 3475 1652 3532 Phi·

524 3567 639 3640 loeophi
654 3563 793 3638 potentiis
805 3561 1025 3636 cognoscitivie,
1041 3560 1129 3617 etiam
1139 3560 1302 3628 sensitivie,
1319 3561 1501 3630 tribuebant,
1517 3562 1653 3622 identifi-

524 3671 618 3716 catam
632 3676 698 3714 cum
713 3653 776 3726 ipso
794 3665 859 3711 actu
875 3651 993 3724 proprio
1013 3665 1044 3708 et
1055 3650 1168 3708 directo
1180 3649 1343 3708 directione
1356 3670 1467 3709 oerum:
1482 3653 1652 3711 secondum

525 3767 614 3820 quam
636 3743 797 3804 doctrinam
818 3743 953 3800 dicebant
972 3761 1001 3796 r.
1021 3761 1052 3812 g.
1073 3740 1145 3796 dum
1168 3738 1243 3796 vidit
1262 3743 1594 3814 commmendando
1618 3745 1652 3799 ira

526 3847 594 3895 octar
609 3843 711 3910 nempe
732 3835 863 3890 exercito
887 3850 923 3888 ae
939 3831 1112 3887 virtualiter
1130 3828 1237 3886 sentire
1249 3849 1334 3886 suam
1351 3831 1511 3898 visionem,
1526 3831 1594 3890 lieet
1610 3833 1653 3890 ad

526 3947 591 3984 eam
612 3942 746 3996 expresse
768 3942 800 3980 ac
820 3920 925 3979 reflexe
944 3938 1005 3977 non
1028 3919 1170 3975 advertet.
1192 3916 1251 3974 Sed
1265 3918 1303 3976 de
1325 3919 1374 3976 bie
1384 3919 1533 3992 agendum
1553 3937 1601 3978 est
1618 3923 1654 3980 in

528 4013 732 4089 Psyehologia.
748 4011 823 4068 Vide
838 4009 939 4076 Suar„
953 4009 998 4066 De
1011 4009 1137 4076 Aaa'ura,
1152 4007 1201 4065 lib.
1216 4030 1243 4078 3,
1257 4028 1321 4078 cap.
1340 4029 1383 4078 ης
1398 4009 1543 4076 Loanade,
1558 4011 1652 4070 em.

527 4106 654 4168 Philas..
669 4104 704 4160 de
715 4103 828 4168 Attin,
847 4099 926 4171 disp.
939 4118 964 4170 ς,
980 4118 1045 4168 eap.
1061 4117 1088 4168 ς,
1101 4117 1132 4154 n.
1150 4117 1200 4168 ¹47
1213 4097 1345 4168 aliosque
1356 4111 1469 4156 vetera
1481 4101 1546 4156 hh

564 4200 605 4261 (a)
642 4193 719 4250 Vide
735 4191 844 4264 Toup,
867 4191 962 4247 laerte.
978 4187 1068 4261 λος..
1082 4207 1113 4244 ιι.
1131 4189 1202 4258 446ς
1224 4186 1373 4254 Palmieri,
1396 4187 1485 4262 Lep,
1504 4189 1581 4246 thes
1595 4189 1654 4251 xt.

565 4381 605 4444 (3)
642 4373 762 4444 Quaeret
781 4369 942 4443 quispiam,
962 4389 1035 4426 num
1063 4367 1207 4424 habeatur
1224 4365 1400 4424 decadentia
1419 4367 1553 4425 omniurn
1574 4368 1656 4426 alie-

528 4464 658 4523 ctionum
682 4477 847 4520 nostrarum
870 4457 983 4517 ordinis
1002 4455 1149 4515 sensibili·
1168 4469 1198 4512 et
1220 4455 1420 4528 intelligibilis.
1441 4455 1657 4528 [impensio

530 4568 609 4629 patet
622 4575 656 4612 ex
670 4551 770 4611 dictis:
785 4549 926 4608 nimirum
938 4561 1078 4621 negatur,
1092 4543 1244 4616 supposito
1256 4545 1336 4616 quod
1350 4565 1410 4603 non
1418 4545 1603 4604 admittenda
1611 4549 1656 4608 sit

529 4643 706 4704 conscientia
719 4641 838 4699 directa.
855 4639 890 4698 Si
903 4639 972 4711 quis
984 4636 1143 4694 nomiliam
1150 4633 1222 4692 velit
1231 4633 1399 4704 admittere,
1408 4635 1657 4696 oonoedetinem

530 4735 671 4795 directam
685 4731 818 4791 omnium
831 4728 1059 4794 conscientiam
1074 4723 1191 4798 negabit
1200 4723 1345 4784 redeam.
