3492 5525
378 450 497 518 harre.
525 464 581 515 ψ
601 442 692 526 Quro
712 461 765 512 sm
785 460 944 520 ruorcruu
1124 457 1182 523 223

849 547 1223 567 *na—d

528 861 727 948 CAPUT
758 861 789 947 l.

253 1065 358 1128 DE
380 1063 688 1128 JUDIGIO
714 1052 1069 1141 EJUSQUE
1123 1129 1130 1148 ι
1205 1057 1207 1060 ’

415 1213 557 1278 ORALI
573 1209 907 1277 EXPRESSIONE.

166 1488 499 1576 Qramquamjudicii
514 1499 628 1556 natura
645 1488 772 1554 tractari
798 1499 940 1574 nequeat
965 1490 997 1555 in
1025 1489 1140 1575 Logica
1166 1508 1225 1573 pro

94 1600 276 1686 dignitate,
292 1598 352 1664 sed
370 1597 562 1662 reservanda
581 1597 717 1662 omnino
732 1596 774 1664 sit
785 1597 826 1661 ad
841 1606 1013 1664 tractatum
1033 1598 1074 1663 de
1092 1597 1226 1678 Anima·

94 1707 255 1774 declarari
274 1714 384 1770 tamen
406 1704 513 1786 aliquo
532 1703 633 1769 modo
651 1703 764 1778 debet,
785 1715 948 1787 quantum
968 1703 1054 1770 satis
1065 1711 1132 1778 est,
1153 1711 1224 1768 tum

94 1817 138 1882 ad
158 1823 282 1881 rectam
301 1812 448 1898 ejusdem
463 1810 675 1877 directionem
690 1810 723 1877 in
742 1813 947 1878 assecutione
970 1811 1131 1886 veritatis,
1153 1819 1224 1876 tum

95 1923 199 1989 etiam
223 1921 265 1986 ad
290 1919 348 1984 rite
367 1917 606 2003 percipiendam
626 1918 806 1984 doctrinam
827 1919 868 1984 de
887 1929 1050 1986 structura
1071 1917 1225 1984 ratiocinii

95 2049 134 2096 ac
152 2027 357 2115 syllogismi,
377 2026 433 2108 qui
453 2045 493 2091 ex
511 2026 658 2109 pluribus
673 2026 856 2092 necessario
866 2027 995 2112 judiciis
1009 2021 1172 2093 coalescit.
1189 2025 1226 2094 Et

96 2136 260 2220 quoniam
283 2134 393 2200 omnis
412 2131 590 2216 propositio
618 2133 722 2218 logica
750 2135 885 2200 nomine
907 2143 1037 2201 constat
1064 2153 1100 2198 ac
1126 2132 1227 2198 verbo

94 2255 273 2327 tamquam
288 2241 459 2318 elementis
472 2240 701 2307 essentialibus
714 2238 784 2328 (r),
800 2251 916 2325 estque
935 2242 1061 2326 species
1075 2240 1225 2325 quaedam

96 2349 273 2425 orationis,
293 2349 334 2414 de
353 2348 404 2413 his
422 2366 554 2432 quoque
571 2348 735 2433 agendum
756 2357 822 2427 est,
839 2357 1015 2434 antequam
1027 2347 1138 2435 judicii
1154 2365 1227 2413 ora·

96 2462 165 2526 lem
187 2457 434 2542 expressionem
453 2455 710 2541 aggrediamur(
735 2453 760 2542 ).

489 2719 787 2796 narremus
810 2720 839 2795 1.
959 2693 966 2706 ’

426 2888 553 2964 Quid
580 2889 640 2953 sit
659 2887 901 2969 Judioium.

142 3107 202 3171 88.
246 3099 410 3183 iudicium
436 3110 486 3169 est
504 3082 597 3168 actus
615 3102 754 3177 mentis,
776 3102 832 3185 qui
856 3100 953 3169 binos
976 3110 1153 3186 conceptus
1172 3110 1229 3169 aut
1248 3120 1430 3179 parandorum.

94 3211 320 3280 affirmatione
345 3212 525 3296 componit,
553 3222 609 3277 aut
637 3210 810 3295 negatione
835 3211 961 3277 dividit.
994 3212 1066 3277 Una
1092 3213 1229 3277 duarum

93 3318 317 3403 operationum
338 3318 512 3383 intellectus
528 3322 590 3396 ast,
619 3317 724 3401 inquit
743 3316 784 3383 D.
804 3318 967 3393 Thomas,
989 3318 1230 3384 indivisibilium

93 3426 305 3511 intelligentia
325 3422 481 3512 (simplex
502 3422 744 3513 apprehensio),
765 3425 799 3490 in
813 3428 964 3509 quantum
977 3424 1229 3492 scilicetintatle-

92 3541 166 3602 ctus
185 3533 335 3617 intelligit
352 3532 490 3599 absoluta
509 3535 660 3621 cujusque
678 3533 726 3598 rei
746 3533 951 3617 quidditatam
978 3534 1045 3599 siaa
1066 3532 1230 3600 assentiam

87 3652 151 3726 per
168 3642 324 3724 seipsam,
339 3645 418 3722 pata
436 3641 515 3725 qnid
530 3643 578 3707 est
594 3641 696 3717 homo,
716 3642 769 3706 ael
784 3641 862 3724 qnid
878 3644 927 3706 ast
942 3642 1064 3718 album,
1085 3643 1137 3706 vet
1152 3641 1231 3726 qnid

91 3752 194 3817 alind
216 3749 407 3835 hujusmodi.
431 3747 508 3813 Alia
530 3766 603 3814 nero
625 3748 762 3841 operatio
783 3749 959 3815 intellectas
977 3752 1037 3826 ast,
1058 3748 1231 3814 secundnm
1309 3794 1313 3801 .

90 3860 184 3946 quod
196 3855 377 3943 hujusmodi
387 3856 541 3937 simplicia
554 3861 697 3938 concepta
714 3855 811 3921 simut
821 3856 978 3938 componit
988 3859 1019 3921 et
1030 3852 1148 3921 dividit
1160 3854 1229 3943 (3).

91 3970 185 4035 Nam
212 3982 292 4031 cum
319 3982 414 4029 mens
439 3964 717 4047 comparationem
741 3964 879 4032 instituit
898 3965 982 4031 inter
1000 3965 1095 4031 binos
1113 3981 1231 4030 conce-

90 4084 197 4161 ptus,
213 4073 268 4138 vel
286 4072 499 4155 deprehendit
512 4072 586 4138 illos
604 4072 791 4138 identificari
807 4073 858 4138 vel
871 4072 1070 4156 discrepare,
1087 4080 1120 4137 et
1135 4079 1231 4155 prout

90 4178 370 4268 deprehenderit,
387 4178 431 4244 ita
448 4180 509 4244 tert
532 4179 729 4247 sententiam
752 4180 852 4247 instar
867 4178 1003 4264 judicis,
1024 4180 1231 4261 componendo

94 4374 388 4391 ——-————-·

127 4474 175 4539 (1)
215 4465 295 4525 vide
310 4463 345 4523 S.
360 4464 416 4523 Th.
431 4464 595 4524 Peritrerm.
611 4465 660 4524 lib.
681 4486 712 4535 r,
727 4464 792 4525 leot.
811 4487 835 4525 ι.

127 4562 173 4631 (a)
214 4554 281 4615 etr.
298 4553 332 4613 S.
346 4554 402 4613 Th.
420 4555 458 4613 ib.
474 4556 540 4615 lect.
558 4577 570 4613 ι
587 4570 616 4614 et
628 4576 656 4630 4.

127 4656 173 4724 (3)
212 4646 249 4705 S.
262 4644 373 4712 Thom,
388 4646 552 4705 Peritrerm.
562 4646 618 4705 lect
628 4668 659 4720 3,
671 4666 786 4720 paragr.
797 4646 814 4703 b
824 4670 833 4714 ς
844 4644 908 4705 Cir.
917 4644 953 4705 de
965 4646 1057 4707 verit.
1070 4658 1173 4718 quaest.
1188 4665 1230 4721 14,

93 4764 119 4800 a.
139 4752 246 4812 mic.
