3492 5525
544 522 602 586 390
743 505 867 570 Loorcn
887 503 1137 570 Minore-Distu
1163 515 1209 585 3.·
1228 504 1307 568 Cen.
1333 517 1403 587 μ’

496 687 654 754 rationem
673 689 812 771 propre'ee
828 688 1039 776 definitionis;
1053 689 1241 770 preter-hoc
1258 691 1361 754 autem
1377 688 1531 773 qnuqntl
1543 688 1628 754 inest

502 796 617 872 alicui,
637 795 755 863 dicitnr
778 797 880 864 inesse
890 804 950 878 per
974 796 1118 862 accidens
1135 791 1199 884 (r).
1220 795 1276 862 Est
1293 814 1373 882 ergo
1397 795 1521 862 fallacia
1541 797 1627 862 acci-

503 904 610 970 dentis
625 905 690 980 ille,
711 923 783 987 quae
801 904 1017 970 committitur
1030 923 1105 970 curn
1119 903 1194 986 quis
1208 903 1374 970 concludit
1387 905 1433 980 id,
1445 905 1536 988 quod
1548 923 1624 970 con

503 1011 604 1086 venit,
617 1013 668 1076 vel
680 1030 746 1078 non
756 1013 910 1078 convenit
919 1010 1013 1078 alicui
1021 1029 1078 1095 per
1087 1010 1249 1086 accidens,
1261 1011 1435 1078 convenire
1445 1030 1503 1096 per
1511 1026 1560 1093 se;
1569 1013 1623 1078 vel

503 1137 521 1184 e
540 1135 713 1184 converso.
730 1117 896 1186 Trileriem
915 1117 1076 1185 committi
1095 1125 1219 1202 potest:
1240 1115 1275 1205 α)
1288 1136 1366 1186 curn
1377 1118 1423 1194 id,
1441 1119 1531 1202 quod
1544 1120 1628 1185 sub-

498 1226 586 1312 jecto
603 1227 833 1312 contingenter
849 1237 883 1293 et
905 1225 1099 1293 variabiliter
1115 1226 1285 1303 convenit,
1307 1227 1360 1292 vel
1376 1245 1442 1292 non
1455 1228 1624 1304 convenit,

491 1325 707 1400 ‘concluditur
725 1335 873 1402 absolute
891 1354 928 1400 ac
953 1335 1136 1401 secundum
1160 1352 1196 1400 se
1214 1335 1406 1412 convenire,
1433 1335 1486 1401 vel
1504 1355 1522 1400 e
1543 1353 1627 1401 con-

503 1458 616 1522 verso;
642 1450 679 1507 ut
708 1463 738 1507 v.
760 1461 810 1527 gn
832 1444 927 1518 Eum,
946 1441 1004 1527 qui
1023 1441 1082 1506 snb
1097 1443 1165 1507 veto
1182 1441 1273 1518 latet,
1293 1461 1356 1507 non
1373 1442 1539 1526 cognoscis.
1559 1443 1629 1510 Sed

501 1552 601 1614 mater
617 1553 672 1614 tua
688 1550 745 1616 sub
761 1552 830 1616 velo
847 1552 933 1618 latet.
949 1550 1032 1634 Ergo
1043 1553 1173 1614 matrem
1186 1551 1273 1614 tuam
1284 1568 1349 1614 non
1364 1551 1538 1633 cognoscin
1554 1552 1624 1618 vel:

503 1657 682 1723 Venientem
706 1657 873 1742 cognoscis.
898 1658 962 1724 sec
979 1675 1039 1722 rex
1059 1659 1107 1721 est
1125 1656 1264 1722 veniens.
1291 1657 1376 1751 Ergo
1396 1676 1499 1742 regern
1514 1677 1628 1742 cogno-

500 1763 574 1830 scis.
601 1763 722 1830 Similis
743 1766 865 1848 fallacia
893 1775 943 1831 est
968 1763 1002 1829 in
1030 1764 1093 1830 hoc
1117 1764 1179 1829 alio
1205 1766 1374 1848 exemplo:
1391 1765 1452 1831 nte
1472 1766 1562 1832 canis
1576 1772 1630 1832 est

501 1874 573 1937 lctus
589 1875 622 1936 et
636 1877 684 1937 est
692 1875 796 1954 pater.
816 1873 896 1954 Ergo
913 1876 961 1937 est
972 1875 1063 1954 peter
1080 1873 1164 1938 treus.
1186 1871 1286 1936 Canis
1301 1872 1385 1937 enirn
1402 1877 1432 1937 et
1443 1877 1536 1955 pater
1548 1879 1631 1940 sunt

500 1997 598 2044 unum
607 1986 668 2060 per
678 1979 842 2060 nocrimen
855 1981 939 2045 unde
953 1997 1017 2044 non
1029 1977 1185 2063 sequitur,
1200 1978 1446 2066 quodquidquid
1457 1985 1626 2048 estonum

499 2088 539 2151 de
557 2104 636 2163 uno,
657 2086 702 2151 sit
711 2105 821 2152 verum
832 2089 872 2152 de
885 2087 968 2168 ati0;
986 2089 1156 2151 seeundum
1168 2086 1252 2152 enim
1265 2089 1349 2171 quod
1360 2087 1451 2154 canis
1460 2091 1508 2153 est
1518 2094 1624 2171 pater,

500 2211 562 2258 non
577 2195 723 2259 convenil
736 2195 767 2260 ei
780 2213 845 2260 esse
862 2199 951 2260 tuum
967 2191 1031 2281 (2).
1052 2191 1087 2281 β)
1108 2193 1194 2258 Cum
1219 2193 1402 2278 proceditur
1415 2216 1434 2259 a
1456 2195 1565 2281 specie
1580 2198 1626 2262 ad

499 2301 667 2385 proprium
696 2303 748 2368 vel
777 2301 922 2368 vicissim
932 2303 947 2379 ,‘
968 2310 1017 2366 ut:
1049 2299 1148 2366 Homo
1173 2305 1223 2366 est
1242 2301 1386 2368 risibilis.
1418 2303 1482 2369 Set
1501 2303 1626 2370 risibile

499 2412 549 2474 est
572 2408 745 2492 proprian.
771 2410 849 2492 Ergo
876 2409 963 2474 horno
989 2412 1036 2475 est
1053 2409 1228 2491 proprium.
1262 2409 1335 2475 Non
1362 2411 1518 2495 sequitur,
1545 2411 1625 2495 quia

499 2516 619 2582 risibile
635 2520 668 2581 et
683 2516 770 2582 honio
792 2534 856 2580 non
872 2519 951 2581 sunt
968 2515 1096 2581 omnino
1112 2515 1193 2581 idem
1209 2518 1380 2582 secundum
1397 2516 1625 2602 definitionem:

499 2627 531 2689 et
545 2623 615 2689 ideo
625 2622 732 2708 atiquo
749 2625 839 2690 modo
853 2641 953 2692 unum
970 2641 1004 2687 se
1026 2622 1119 2688 habet
1134 2625 1180 2688 ad
1200 2625 1332 2689 atterum
1349 2631 1410 2706 per
1432 2624 1577 2690 accidens
1594 2630 1631 2692 et

499 2735 699 2799 extraneum:
720 2735 753 2798 et
760 2735 889 2815 propter
910 2731 964 2798 boc
978 2749 1042 2797 non
1061 2735 1109 2797 est
1123 2750 1259 2807 necesse,
1275 2734 1359 2817 quod
1370 2732 1525 2819 quidqusil
1540 2734 1627 2800 veri-

490 2840 613 2927 ficatur
642 2842 683 2905 ete
710 2859 789 2917 uno,
824 2840 1003 2927 cernetur
1032 2842 1071 2904 de
1098 2841 1196 2905 altero
1226 2836 1290 2927 (3).
1323 2837 1361 2931 γ)
1385 2841 1517 2923 quando
1542 2840 1625 2908 illud

499 2948 591 3032 quod
611 2946 764 3013 convenit
782 2946 940 3030 superiori
966 2946 1173 3013 concluditur
1199 2948 1242 3011 de
1259 2946 1417 3023 interiori,
1437 2950 1490 3013 vel
1508 2968 1627 3015 econ·

499 3073 595 3121 verso
613 3064 667 3120 ut:
688 3054 787 3121 Honro
804 3055 996 3121 estenimal.
1018 3054 1082 3121 Sed
1102 3054 1225 3120 animat
1240 3058 1289 3119 est
1302 3072 1411 3138 genus.
1437 3058 1515 3139 Ergo
1534 3056 1626 3123 bomo

498 3165 548 3229 est
567 3180 687 3247 genus:
705 3163 769 3227 vel:
795 3160 987 3246 Trclengutus
1007 3164 1054 3227 est
1059 3161 1185 3247 figura.
1204 3162 1268 3228 Sed
1278 3162 1454 3245 propnetas
1467 3163 1627 3247 tnnngnli

498 3268 671 3337 esthabere
689 3274 751 3336 tres
769 3271 915 3353 angulos.
932 3270 1012 3351 Ergo
1028 3274 1076 3334 est
1090 3269 1266 3352 proprietas
1275 3268 1404 3354 figure·
1425 3272 1489 3337 vel:
1508 3272 1627 3338 Socra-

499 3384 544 3444 tes
555 3382 604 3444 est
614 3377 705 3443 aliud
712 3375 753 3443 ab
765 3377 898 3445 homine.
912 3377 977 3443 Sed
984 3377 1127 3444 Socrates
1139 3377 1290 3445 esthemo.
1301 3378 1380 3461 Ergo
1392 3382 1440 3443 est
1448 3380 1566 3444 annea
1574 3398 1622 3450 se.

497 3486 572 3553 Non
595 3484 759 3570 sequitur,
787 3483 1035 3569 quiasuperius
1061 3492 1094 3549 et
1118 3484 1252 3551 interius
1272 3502 1338 3551 non
1357 3494 1435 3551 sunt
1461 3486 1623 3554 ornnibus

499 3595 607 3661 modis
633 3593 721 3659 idem
731 3581 745 3669 ,ἱ
771 3593 828 3659 sed
862 3591 972 3676 aliquo
1002 3593 1103 3659 modo
1137 3603 1215 3659 sunt
1243 3611 1350 3659 unum
1376 3612 1434 3677 per
1457 3592 1622 3664 accidens.

499 3700 593 3767 Unde
611 3702 763 3785 quamvis
781 3698 965 3767 secundum
991 3702 1081 3784 quod
1099 3707 1177 3766 sunt
1200 3699 1305 3778 idern,
1326 3700 1358 3765 id
1383 3702 1473 3783 quod
1489 3701 1531 3766 de
1554 3718 1625 3769 uno

500 3808 708 3893 praedicatur,
744 3808 862 3874 debeat
892 3808 990 3873 etiarn
1025 3806 1198 3888 verificam
1234 3826 1299 3873 non
1333 3826 1411 3875 vero
1437 3810 1623 3877 secundum

499 3917 589 4000 quod
610 3934 714 3985 unum
735 3915 775 3981 ab
794 3916 857 3981 alio
875 3916 993 3984 ditiert.

566 4024 710 4090 Solvitur
724 4024 934 4091 ostendendo
957 4024 1202 4091 conclusionem
1223 4041 1289 4089 non
1309 4032 1393 4090 recte
1411 4024 1524 4103 liuere,
1543 4028 1624 4111 quia

500 4150 565 4197 non
595 4148 727 4198 necesse
746 4140 796 4199 est
820 4132 935 4198 eadem
964 4132 1128 4215 predicari
1157 4132 1200 4198 de
1226 4131 1375 4220 subjecto
1401 4150 1439 4199 ac
1465 4134 1508 4199 de
1535 4134 1626 4203 illius

499 4238 668 4305 accidenti.

284 4348 337 4395 eret
358 4350 486 4407 simpliciter
566 4352 714 4417 Fallacia
731 4352 813 4415 dicti
827 4351 1030 4431 simpliciter
1042 4360 1078 4415 ct
1090 4353 1282 4415 mundum
1294 4352 1389 4432 quid.
1406 4346 1461 4413 Est
1474 4349 1626 4433 deceptio

305 4428 326 4465 et
340 4419 464 4466 secundum

354 4490 416 4549 ψῃ,
499 4455 696 4540 proveniens
715 4474 832 4531 exeo,
852 4456 944 4539 quod
961 4454 1087 4523 dictum
1111 4456 1294 4523 secundum
1313 4456 1395 4541 quid
1412 4454 1567 4541 accipitur
1586 4468 1628 4526 ut

533 4614 574 4685 (1)
611 4612 855 4674 S.Thom.ibid.
907 4643 911 4648 ·

533 4708 575 4772 (a)
612 4703 821 4763 S.Thom.ib.

532 4792 574 4867 (3)
610 4790 643 4852 S.
662 4790 820 4853 Themin.
