3492 5525
542 407 602 519 438Ι
656 434 779 498 Loorca
794 432 1024 506 Maron-Lm.
1045 445 1112 507 μ’,
1130 431 1224 496 Drse.
1245 445 1286 494 1.·
1300 430 1378 495 Cae.
1396 447 1466 515 ψ

569 621 671 705 Major
689 619 855 704 probatur.
885 615 969 694 Quia
987 636 1063 684 cum
1079 617 1281 703 judicamus,
1300 617 1387 683 aliud
1415 634 1524 684 revera
1552 635 1621 684 non
1733 646 1734 653 ¹

503 727 656 802 iacimus,
672 745 771 810 quam
791 726 875 793 duas
892 725 980 791 ideas
997 743 1196 808 componere
1213 735 1269 790 aut
1287 724 1441 791 dividere.

569 842 675 918 Reep.
695 852 767 917 neg.
787 843 964 900 assertum.
987 833 1026 900 Et
1043 831 1268 917 probationem
1281 832 1357 899 dist.
1377 833 1423 898 ita
1434 841 1564 910 tamen,
1584 844 1623 899 ut

504 944 537 1008 in
556 942 634 1008 solis
649 940 779 1026 judiciis
803 941 889 1008 veris
916 958 1168 1025 componamus,
1188 951 1245 1007 aut
1261 939 1446 1008 dividamus
1472 960 1528 1016 ea,
1546 958 1623 1025 quae

503 1068 614 1117 revera
641 1049 780 1116 invicem
809 1047 1011 1115 conveniunt
1029 1056 1085 1114 aut
1106 1047 1304 1132 discrepant,
1331 1066 1437 1129 conc,
1460 1048 1504 1116 ita
1523 1057 1561 1115 ut
1587 1049 1621 1114 in

501 1157 593 1224 omni
607 1156 749 1242 judicio,
769 1155 866 1221 etiam
886 1157 919 1222 in
938 1156 1036 1230 salso,
1051 1155 1084 1220 id
1100 1156 1272 1232 faciamus,
1292 1173 1360 1239 mg.

567 1263 692 1332 Etenim
713 1264 835 1330 salsitas
845 1263 957 1350 judicii
972 1282 1040 1329 non
1058 1261 1160 1330 oritur
1172 1281 1214 1328 ex
1231 1262 1367 1328 falsitate
1381 1281 1482 1346 quam
1499 1263 1623 1330 babent

499 1371 581 1439 ideae
600 1390 724 1456 perse,
740 1372 798 1438 sed
816 1389 857 1436 ex
875 1371 1014 1438 falsitate
1031 1388 1132 1454 quarn
1147 1370 1269 1436 habent
1288 1388 1344 1454 per
1357 1369 1519 1446 accidens,
1541 1373 1623 1436 reia·

499 1479 577 1546 tive.
600 1479 786 1563 Conceptus
805 1479 892 1545 enim
914 1478 1075 1564 praedicati
1099 1497 1228 1561 semper
1246 1479 1414 1544 veritatem
1433 1497 1527 1544 suam
1546 1479 1624 1546 reti·

500 1597 557 1654 net
575 1594 724 1671 respectu
752 1587 870 1670 proprii
889 1584 1023 1670 objecti,
1042 1586 1185 1651 sednon
1204 1603 1335 1670 semper
1356 1586 1520 1671 objectum
1545 1605 1623 1671 pro-

500 1695 609 1779 prium
623 1701 801 1777 conceptus
820 1693 983 1776 praedicati
1001 1701 1053 1760 est
1070 1693 1253 1777 subjectum
1273 1691 1513 1777 propositionis:
1527 1695 1622 1777 quod

501 1801 556 1892 ubi
567 1799 739 1886 contingit,
759 1809 937 1884 conceptus
956 1800 1116 1883 praedicati
1132 1808 1279 1885 respectu
1294 1800 1454 1885 ejusmodi
1469 1801 1619 1887 subjecti,

500 1907 708 1974 difformitate
727 1907 859 1974 vitiatur
877 1926 914 1973 ac
931 1907 1081 1975 falsitate.

543 2021 620 2098 obj.
642 2013 696 2083 §.⁰
743 2014 867 2080 Dantur
894 2013 975 2079 ideae
998 2033 1036 2080 ac
1060 2023 1255 2099 conceptus,
1284 2032 1427 2099 quorum
1454 2016 1619 2102 objectum

500 2122 650 2188 coalescit
674 2139 714 2186 ex
734 2121 880 2206 partibus
906 2128 963 2187 aut
985 2121 1125 2188 invicem
1149 2121 1419 2197 contradictoriis,
1449 2133 1486 2189 ut
1502 2143 1621 2190 conce-

500 2237 577 2314 ptus
599 2228 715 2294 circuli
743 2228 904 2313 quadrati,
933 2227 997 2294 Dei
1022 2228 1147 2316 injusti,
1171 2238 1229 2296 aut
1254 2231 1370 2296 saltem
1396 2249 1437 2296 ex
1462 2230 1621 2296 membris

500 2354 575 2420 quae
592 2336 633 2401 de
652 2337 736 2402 iacto
756 2354 821 2400 non
850 2344 930 2402 sunt
946 2336 1112 2419 copulata,
1143 2348 1179 2402 ut
1197 2337 1268 2403 idea
1284 2338 1397 2404 monto
1412 2337 1514 2413 aurei,
1529 2339 1622 2403 Ada-

499 2443 544 2511 mi
556 2445 626 2510 nuti
642 2461 683 2510 ex
695 2443 771 2509 aliis
777 2443 975 2526 parentibus,
995 2442 1131 2527 aliaeque
1149 2443 1283 2509 similes.
1301 2445 1400 2526 Atqui
1426 2443 1459 2510 in
1483 2446 1533 2511 his
1550 2464 1620 2512 cer-

500 2559 533 2616 te
552 2552 636 2617 inest
655 2550 788 2617 salsitas.
807 2551 904 2635 Ergo.

566 2665 671 2742 Resp.
691 2658 766 2724 dist.
788 2659 902 2744 Major.
921 2657 966 2722 lta
983 2666 1021 2723 ut
1034 2657 1067 2724 in
1082 2657 1243 2743 ejusmodi
1257 2659 1469 2744 conceptibus
1483 2659 1620 2726 minime

499 2766 680 2834 affirmetur
697 2766 768 2850 ipsa
786 2766 863 2832 unio
883 2773 916 2831 et
934 2766 1130 2850 compositio
1144 2767 1258 2833 talium
1274 2767 1433 2852 partium,
1452 2786 1555 2845 conc„
1575 2769 1620 2834 ita

499 2883 537 2941 ut
554 2874 750 2951 affirmetur,
771 2893 838 2957 neg.

541 3032 548 3047 .
569 2980 762 3048 Contradist.
783 2980 903 3048 Minor,
924 2978 959 3047 Si
985 2980 1064 3046 unio
1091 2980 1306 3048 affirmaretur
1329 2982 1443 3049 talium
1463 2984 1618 3067 partium,

498 3088 1618 3173 conc„secus,subdist.,estsaisitaspersemeg..peraccidens,conc.

568 3196 658 3263 Circa
671 3196 755 3263 hanc
777 3194 995 3282 objectionem
1011 3196 1233 3281 distinguendi
1243 3205 1321 3263 sunt
1338 3208 1516 3282 conceptus
1528 3218 1621 3265 com-

500 3305 596 3390 positi
611 3324 653 3370 ex
668 3304 814 3388 partibus
832 3303 982 3371 absolute
1000 3303 1283 3387 composibiiibus,
1299 3304 1372 3369 iicet
1390 3304 1432 3371 de
1451 3308 1536 3373 facto
1551 3326 1619 3373 non

500 3414 565 3479 sint
583 3412 790 3498 composita,
806 3410 904 3476 etalii
920 3411 1093 3477 reserentes
1108 3412 1254 3477 membra
1270 3410 1410 3479 invicem
1426 3415 1616 3498 pugnantia.

500 3521 534 3586 ln
554 3520 682 3604 primis,
699 3520 773 3585 licet
788 3529 896 3605 partes
910 3518 973 3584 iliae
988 3527 1025 3584 ut
1043 3519 1143 3587 unitae
1160 3518 1383 3604 concipiantur
1399 3519 1500 3605 inque
1513 3540 1618 3589 unum

499 3628 734 3700 coalescentes,
755 3626 827 3693 idea
853 3645 926 3691 vera
951 3635 1002 3694 est
1027 3626 1181 3702 omnino,
1201 3626 1227 3693 si
1251 3627 1294 3693 de
1314 3628 1383 3694 sola
1404 3627 1619 3712 possibilitate

500 3746 631 3820 agatur3
654 3752 687 3797 re
717 3733 803 3798 enim
832 3752 907 3799 vera
936 3750 1033 3799 mons
1061 3750 1179 3800 aureus
1205 3734 1367 3817 possibilis
1392 3744 1458 3812 est,
1479 3748 1512 3803 et
1530 3737 1619 3803 ialsae

500 3843 609 3909 solum
638 3839 698 3906 dici
728 3848 866 3924 possunt
892 3851 1039 3924 respectu
1058 3840 1190 3906 actualis
1214 3840 1411 3918 existentiae,
1431 3851 1465 3908 et
1483 3844 1616 3926 quidem

500 3951 608 4016 solum
629 3966 685 4033 per
704 3944 869 4025 accidens,
887 3947 992 4013 donec
1009 3948 1138 4014 accedat
1151 3946 1328 4034 judicium,
1343 3968 1493 4017 asserens
1508 3959 1619 4017 actua·

501 4059 565 4123 iem
586 4054 803 4152 existentiam.
832 4055 865 4120 in
894 4056 963 4122 aliis
989 4064 1100 4123 autem
1120 4057 1331 4141 conceptibus
1349 4057 1551 4143 impossibiie
1567 4068 1618 4127 est

494 4172 608 4249 ¹partes
635 4164 722 4239 iilaS,
744 4162 770 4229 si
799 4162 859 4228 rite
880 4163 1116 4248 concipiantur,
1137 4172 1308 4247 tamquam
1334 4174 1437 4231 unum
1461 4168 1616 4250 quiddam

499 4272 679 4355 concipere.
701 4270 796 4335 Unde
821 4289 897 4335 cum
925 4269 999 4354 quis
1025 4270 1145 4355 cogitat
1164 4270 1205 4337 de
1228 4272 1348 4338 circuio
1365 4274 1541 4358 quadrato;
1561 4286 1618 4341 aut

501 4397 568 4446 non
582 4378 724 4463 concipit
738 4396 855 4444 verum
874 4377 1031 4445 circulum
1048 4396 1228 4463 verumque
1244 4380 1460 4464 quadratum;
1475 4392 1532 4449 aut
1551 4402 1617 4455 non

500 4486 640 4571 concipit
669 4487 728 4555 has
754 4486 878 4572 figuras
906 4494 1077 4571 tamquam
1107 4505 1211 4554 unum
1236 4486 1430 4569 efficientes,
1450 4491 1509 4557 sed
1528 4512 1618 4557 mere

500 4594 714 4679 apprehendit
732 4614 831 4662 unam
851 4605 886 4661 et
903 4596 1055 4670 alteram,
1076 4604 1113 4662 ut
1132 4613 1208 4661 cum
1228 4595 1294 4663 duo
1317 4596 1469 4664 distincta
1491 4598 1617 4686 objecta

500 4702 596 4770 unico
614 4702 732 4771 intuitu
752 4702 987 4786 conspicimus.
1008 4700 1045 4767 Et
1064 4710 1174 4786 potest
1195 4702 1294 4771 etiarn
1320 4706 1520 4790 apprendere
1538 4707 1618 4791 quid
