3492 5525
557 435 617 518 736
679 439 801 500 Locren
818 435 1048 508 Maron-Lm.
1066 448 1136 510 ψ,
1152 435 1240 498 Drsr.
1260 449 1300 498 1.·
1316 435 1394 498 Can.
1411 451 1483 516 4⁰¹⁰

516 625 678 695 notarum,
700 617 731 685 in
753 619 875 684 ratione
892 617 1042 702 generica
1057 627 1302 693 contentarum,
1320 628 1352 684 et
1368 618 1638 703 potentialitatem

515 743 572 790 seu
592 725 816 792 extensionem
837 725 983 809 ejusdem
1013 724 1162 801 rationis,
1185 744 1303 809 nempe
1324 725 1568 793 multitudinem
1590 727 1640 792 in·

513 832 679 908 seriorum,
700 832 875 917 dequibus
894 832 1073 916 praedicari,
1101 831 1184 898 etin
1204 833 1325 915 quibus
1355 833 1570 916 multiplicata
1589 854 1640 897 re

514 941 607 1023 periri
627 949 732 1023 potest
751 941 901 1025 praedicta
920 939 1011 1005 ratio.
1033 939 1071 1003 Et
1091 939 1224 1024 planum
1240 949 1306 1017 est,
1327 941 1417 1023 quod
1437 941 1518 1006 ratio
1533 960 1640 1024 gene·
1723 992 1725 1003 .

514 1045 575 1112 rica
602 1055 671 1114 tota
694 1048 836 1113 salvatur
855 1030 893 1112 in*
907 1064 973 1114 una
999 1045 1097 1112 etiam
1120 1046 1245 1130 specie,
1271 1067 1307 1112 ac
1326 1047 1461 1130 proinde
1481 1065 1548 1112 non
1573 1051 1639 1114 sub

513 1157 573 1220 hac
600 1155 856 1222 consideratione
884 1155 1040 1238 quaeritur
1069 1162 1179 1220 utrum
1209 1172 1315 1239 genus
1345 1153 1488 1238 requirat
1526 1157 1639 1239 plures

512 1263 651 1346 species,
684 1264 776 1346 quasi
802 1282 858 1347 per
885 1262 1016 1327 easdem
1041 1261 1287 1328 distribueretur
1304 1263 1470 1328 actualitas
1487 1271 1521 1327 et
1541 1282 1638 1328 com-

513 1369 686 1454 prehensio
704 1369 801 1437 illius.
823 1368 889 1434 Sed
906 1367 1065 1435 dubitatio
1083 1376 1231 1434 versatur
1248 1369 1332 1434 circa
1349 1388 1457 1454 genus
1486 1370 1639 1436 conside·

512 1484 617 1541 ratum
633 1485 781 1561 respectu
802 1495 870 1543 suae
891 1475 1132 1560 potentialitatis
1150 1477 1201 1539 vel
1219 1475 1417 1541 extensionis
1441 1494 1500 1542 seu
1521 1478 1639 1561 praedi·

510 1583 694 1660 cabilitatis,
717 1594 827 1651 utrum
849 1601 970 1666 nempe
989 1581 1180 1648 subsisteret
1199 1600 1323 1667 genus,
1345 1583 1471 1649 etiamsi
1486 1602 1551 1649 una
1565 1585 1637 1649 sola

509 1690 672 1774 possibilis
691 1693 773 1757 toret
790 1690 931 1776 species,
952 1689 1073 1772 dequa
1091 1688 1328 1774 praedicaretur.

574 1803 618 1866 Et
632 1804 882 1882 respondemus
894 1803 1053 1880 negative
1069 1815 1146 1862 curn
1166 1797 1308 1863 secunda
1327 1815 1369 1863 ex
1394 1796 1537 1863 recitatis
1559 1817 1638 1864 sen·

507 1905 629 1971 tentiis.
646 1906 728 1982 Quae
742 1914 793 1971 est
804 1891 949 1970 doctrina
968 1903 1150 1970 Aristotelis
1167 1905 1212 1970 sic
1232 1901 1418 1970 scribentis:
1438 1904 1636 1971 Cumautenr

506 2012 607 2078 omnis
622 2013 747 2096 generis
765 2013 833 2078 sint
843 2011 952 2095 piures
969 2011 1099 2094 species,
1119 2009 1316 2076 considerari
1330 2013 1462 2092 oportet,
1478 2015 1636 2078 enatura

506 2119 619 2200 species
636 2138 702 2185 esse
718 2123 851 2204 nequeat
864 2107 991 2203 'generis
1000 2118 1164 2201 propositi.
1184 2117 1269 2185 Nam
1281 2118 1312 2184 si
1327 2120 1428 2184 attera
1440 2120 1556 2200 spectes
1569 2141 1634 2186 nou

505 2225 563 2299 sit,
580 2230 666 2308 patet
681 2245 744 2291 non
757 2234 846 2308 posse
863 2226 992 2292 omnino
1007 2244 1107 2310 genus
1124 2243 1191 2291 esse
1205 2225 1251 2302 id,
1267 2226 1351 2309 quod
1363 2225 1482 2291 dr'ctrrm
1490 2231 1540 2291 est
1558 2225 1633 2314 ,(ι).

572 2333 728 2417 idemque
757 2333 867 2399 docuit
891 2333 1054 2415 Aquinas:
1083 2333 1143 2397 Vel
1161 2337 1262 2415 potest
1285 2333 1364 2416 dici,
1394 2336 1480 2415 quod
1500 2340 1636 2422 nonest

500 2440 647 2522 possibile
666 2443 807 2507 invenire
828 2440 957 2524 aliquod
975 2459 1091 2523 genus,
1111 2443 1203 2528 cujus
1220 2453 1286 2505 una
1304 2443 1425 2505 tantm
1440 2441 1487 2505 sit
1501 2442 1631 2522 specr'es,

502 2567 603 2631 genus
615 2549 699 2614 enim
718 2547 875 2613 dividitur
889 2547 924 2611 in
936 2548 1049 2628 species
1059 2555 1118 2628 per
1134 2547 1289 2629 oppositu
1306 2547 1509 2629 dpterentias.
1528 2547 1633 2630 Opor-

505 2658 549 2721 ter
557 2660 678 2732 autem,
699 2655 729 2720 si
745 2673 844 2720 unum
869 2655 1102 2720 contrariorum
1120 2654 1283 2719 invenitor
1300 2642 1335 2718 in
1353 2659 1487 2732 natura,
1504 2657 1539 2719 et
1554 2657 1635 2721 reti·

504 2782 599 2849 quum
624 2763 764 2829 inveniri
772 2812 779 2839 ,
801 2766 837 2828 ut
848 2765 937 2843 patet
947 2769 1007 2843 per
1023 2762 1241 2844 Philosophum
1262 2760 1459 2827 inssrcundo
1474 2765 1515 2828 de
1543 2763 1633 2829 Cato

503 2874 534 2937 et
546 2872 679 2937 Mundo.
692 2870 731 2935 Et
742 2870 821 2945 idco,
832 2870 863 2934 si
876 2888 941 2934 una
951 2870 1065 2950 species
1079 2869 1250 2944 invenitur,
1261 2868 1421 2933 invenitur
1431 2872 1464 2934 et
1474 2872 1541 2934 alric
1560 2869 1575 2957 (
1603 2870 1628 2958 ).

571 2978 608 3043 Et
627 2978 717 3045 alibi:
742 2978 926 3045 Universale
939 2976 1040 3060 exigit
1046 2977 1260 3057 pluralitatem
1279 2976 1314 3040 r'n
1332 2967 1390 3053 iis,
1408 2978 1547 3060 quosue
1561 2979 1631 3060 ipso

503 3085 700 3151 continentur
716 3086 767 3149 vet
790 3083 825 3149 in
852 3088 925 3151 actu
950 3084 1060 3174 vet‘in
1072 3071 1231 3165 potentat:
1252 3083 1287 3147 in
1313 3086 1402 3159 actu,
1421 3084 1577 3177 sr'cutest
1595 3086 1630 3151 in

500 3211 629 3276 genere,
658 3194 741 3277 quod
771 3198 891 3272 semper
919 3192 1010 3257 lrabet
1024 3193 1134 3272 plures
1158 3189 1290 3273 species;
1316 3190 1352 3254 in
1377 3192 1519 3272 potentia
1545 3194 1633 3258 sicut

503 3304 550 3365 est
566 3301 602 3365 in
621 3298 971 3384 aliquibusspcciebus,
995 3298 1264 3382 quammsonna,
1287 3302 1439 3381 quantum
1456 3302 1505 3363 est
1521 3303 1561 3365 de
1580 3320 1627 3378 se,

498 3407 657 3493 possibilis
674 3410 722 3473 est
737 3404 879 3471 inveniri
902 3405 937 3470 in
959 3404 1082 3483 multis,
1111 3422 1183 3469 cum
1209 3404 1311 3468 omnis
1335 3404 1434 3476 torena
1455 3407 1495 3470 de
1524 3425 1559 3471 se
1586 3409 1632 3473 sit

502 3514 784 3589 communicabilis,
814 3515 868 3578 sed
895 3514 979 3597 quod
1009 3512 1190 3577 inveniabrr
1207 3515 1329 3577 tantum
1358 3512 1393 3575 in
1411 3530 1493 3589 uno,
1515 3517 1567 3580 est
1590 3534 1630 3580 ex

496 3626 588 3705 parte
604 3621 741 3687 nraurr'oe
754 3620 864 3685 noire
883 3619 935 3685 itti
946 3620 1075 3702 speciei,
1096 3638 1166 3704 quur
1184 3622 1251 3699 toto
1263 3620 1426 3685 adunatur
1439 3620 1475 3684 in
1492 3640 1557 3687 uno
1576 3624 1628 3689 in·

500 3731 646 3806 dior‘duo,
667 3732 706 3795 ut
719 3731 805 3811 patet
822 3726 857 3792 in
874 3730 938 3793 sote
954 3724 1019 3813 (3).

509 3842 511 3847 ’
528 3908 530 3913 ,
568 3836 661 3906 Ratio
676 3836 740 3921 peti
757 3844 864 3921 potest
879 3834 986 3921 primo
1000 3853 1041 3900 ex
1053 3834 1242 3901 definitione
1258 3836 1403 3920 generis,
1420 3836 1511 3919 quod
1534 3854 1628 3903 corn·

502 3946 645 4013 muniter
662 3944 779 4010 dicitur
807 3960 879 4009 esse
896 3941 1099 4025 praedicabile
1115 3943 1154 4006 de
1172 3942 1319 4022 pluribus
1336 3943 1434 4025 specie
1452 3944 1627 4027 atterent-

501 4054 569 4121 bus.
591 4054 624 4121 ld
642 4063 752 4119 autern
772 4069 886 4117 verum
907 4067 973 4115 non
993 4057 1058 4125 est,
1080 4049 1141 4115 nisi
1160 4048 1222 4116 sub
1240 4067 1360 4134 genere
1379 4040 1626 4135 plures⁸adsint

501 4160 638 4247 species.

535 4446 576 4519 (ι)
612 4444 745 4515 Ariston,
767 4442 817 4501 lib.
838 4449 881 4515 4.·
899 4442 1048 4518 Topicor„
1063 4461 1128 4513 cep.
1144 4462 1171 4515 3.
1186 4440 1250 4502 Cir.
1272 4442 1323 4501 lib.
1339 4464 1365 4516 3.
1379 4443 1624 4520 Metopitysa'eor.‚

499 4550 570 4597 text.
586 4555 691 4595 comm.
707 4552 753 4604 ιο,
770 4552 833 4605 cap.
850 4553 876 4605 3.

534 4631 575 4695 (e)
612 4623 646 4683 S.
661 4623 779 4693 Thom.¹
795 4620 859 4681 Lib.
875 4642 899 4679 r.
915 4621 1075 4681 Posterior.
1090 4623 1280 4695 analyticae..
1295 4622 1360 4681 lect.
1379 4642 1426 4696 rc,
1437 4643 1558 4699 paragr.
1570 4626 1599 4685 b.

533 4716 575 4788 (ς)
613 4713 645 4774 S.
662 4712 779 4779 Thous..
792 4710 844 4771 lib.
862 4722 901 4770 n·
915 4710 993 4772 oue
1008 4732 1055 4785 19,
1069 4724 1174 4783 quaest.
1188 4729 1218 4785 4.
1232 4723 1289 4770 ert.
1305 4729 1331 4770 e.
