<?xml version="1.0" encoding="UTF-8"?>
<!DOCTYPE html PUBLIC "-//W3C//DTD XHTML 1.0 Transitional//EN"
    "http://www.w3.org/TR/xhtml1/DTD/xhtml1-transitional.dtd">
<html xmlns="http://www.w3.org/1999/xhtml" xml:lang="en" lang="en">
 <head>
  <title>
</title>
<meta http-equiv="Content-Type" content="text/html;charset=utf-8" />
  <meta name='ocr-system' content='tesseract 3.04.00' />
  <meta name='ocr-capabilities' content='ocr_page ocr_carea ocr_par ocr_line ocrx_word'/>
</head>
<body>
  <div class='ocr_page' id='page_1' title='image "./institutionesph00urrgoog/institutionesph00urrgoog_0136.png"; bbox 0 0 3492 5525; ppageno 0'>
   <div class='ocr_carea' id='block_1_1' title="bbox 565 443 1421 533">
    <p class='ocr_par' dir='ltr' id='par_1_1' title="bbox 565 443 1421 533">
     <span class='ocr_line' id='line_1_1' title="bbox 565 443 1421 533; baseline -0.012 -18"><span class='ocrx_word' id='word_1_1' title='bbox 565 470 622 533; x_wconf 73' lang='lat'><strong>¹¹4</strong></span> <span class='ocrx_word' id='word_1_2' title='bbox 757 448 882 514; x_wconf 77' lang='lat' dir='ltr'><strong>Locren</strong></span> <span class='ocrx_word' id='word_1_3' title='bbox 902 444 1152 513; x_wconf 70' lang='lat' dir='ltr'><strong>Minoa-Drse.</strong></span> <span class='ocrx_word' id='word_1_4' title='bbox 1180 458 1222 508; x_wconf 83' lang='lat' dir='ltr'><strong>r.·</strong></span> <span class='ocrx_word' id='word_1_5' title='bbox 1242 443 1324 507; x_wconf 74' lang='lat' dir='ltr'><strong>Cae.</strong></span> <span class='ocrx_word' id='word_1_6' title='bbox 1353 455 1421 505; x_wconf 60' lang='grc' dir='ltr'><strong>ιω</strong></span> 
     </span>
    </p>
   </div>
   <div class='ocr_carea' id='block_1_2' title="bbox 902 838 1275 920">
    <p class='ocr_par' dir='ltr' id='par_1_2' title="bbox 902 838 1275 920">
     <span class='ocr_line' id='line_1_2' title="bbox 902 838 1275 920; baseline -0.011 -5"><span class='ocrx_word' id='word_1_7' title='bbox 902 838 1203 920; x_wconf 78' lang='lat' dir='ltr'><strong>ARTICULus</strong></span> <span class='ocrx_word' id='word_1_8' title='bbox 1227 838 1275 912; x_wconf 92' lang='lat' dir='ltr'><strong>II.</strong></span> 
     </span>
    </p>
   </div>
   <div class='ocr_carea' id='block_1_3' title="bbox 790 1025 1378 1108">
    <p class='ocr_par' dir='ltr' id='par_1_3' title="bbox 790 1025 1378 1108">
     <span class='ocr_line' id='line_1_3' title="bbox 790 1025 1378 1108; baseline -0.01 -16"><span class='ocrx_word' id='word_1_9' title='bbox 790 1026 1061 1108; x_wconf 73' lang='lat' dir='ltr'><strong>Quotuplex</strong></span> <span class='ocrx_word' id='word_1_10' title='bbox 1094 1025 1154 1089; x_wconf 78' lang='lat' dir='ltr'><strong>sit</strong></span> <span class='ocrx_word' id='word_1_11' title='bbox 1180 1025 1378 1103; x_wconf 81' lang='lat' dir='ltr'><strong>signum.</strong></span> 
     </span>
    </p>
   </div>
   <div class='ocr_carea' id='block_1_4' title="bbox 222 1266 1684 4368">
    <p class='ocr_par' dir='ltr' id='par_1_4' title="bbox 222 1266 1684 4368">
     <span class='ocr_line' id='line_1_4' title="bbox 309 1266 1673 1371; baseline -0.01 -29"><span class='ocrx_word' id='word_1_12' title='bbox 309 1313 403 1371; x_wconf 52' lang='lat' dir='ltr'><strong>signum</strong></span> <span class='ocrx_word' id='word_1_13' title='bbox 417 1312 508 1359; x_wconf 54' lang='lat' dir='ltr'><strong>som„</strong></span> <span class='ocrx_word' id='word_1_14' title='bbox 567 1278 600 1344; x_wconf 89' lang='lat'><strong>8.</strong></span> <span class='ocrx_word' id='word_1_15' title='bbox 648 1276 788 1361; x_wconf 85' lang='lat' dir='ltr'>Signum</span> <span class='ocrx_word' id='word_1_16' title='bbox 804 1274 903 1341; x_wconf 90' lang='lat' dir='ltr'><strong>dividi</strong></span> <span class='ocrx_word' id='word_1_17' title='bbox 919 1283 1027 1359; x_wconf 87' lang='lat' dir='ltr'><strong>potest</strong></span> <span class='ocrx_word' id='word_1_18' title='bbox 1046 1274 1153 1359; x_wconf 91' lang='lat' dir='ltr'><strong>primo</strong></span> <span class='ocrx_word' id='word_1_19' title='bbox 1172 1274 1295 1338; x_wconf 81' lang='lat' dir='ltr'><strong>ratione</strong></span> <span class='ocrx_word' id='word_1_20' title='bbox 1312 1270 1401 1337; x_wconf 93' lang='lat' dir='ltr'><strong>modi</strong></span> <span class='ocrx_word' id='word_1_21' title='bbox 1429 1266 1673 1355; x_wconf 80' lang='lat' dir='ltr'><strong>significandi,</strong></span> 
     </span>
     <span class='ocr_line' id='line_1_5' title="bbox 521 1375 1675 1467; baseline -0.008 -19"><span class='ocrx_word' id='word_1_22' title='bbox 521 1382 554 1448; x_wconf 93' lang='lat' dir='ltr'><strong>in</strong></span> <span class='ocrx_word' id='word_1_23' title='bbox 573 1382 712 1467; x_wconf 76' lang='lat' dir='ltr'><strong>fortnale</strong></span> <span class='ocrx_word' id='word_1_24' title='bbox 734 1394 767 1449; x_wconf 94' lang='lat' dir='ltr'><strong>et</strong></span> <span class='ocrx_word' id='word_1_25' title='bbox 790 1383 1036 1448; x_wconf 66' lang='lat' dir='ltr'><strong>instruerentur.</strong></span> <span class='ocrx_word' id='word_1_26' title='bbox 1067 1380 1214 1446; x_wconf 86' lang='lat' dir='ltr'><strong>Formale</strong></span> <span class='ocrx_word' id='word_1_27' title='bbox 1243 1387 1293 1445; x_wconf 91' lang='lat' dir='ltr'><strong>est</strong></span> <span class='ocrx_word' id='word_1_28' title='bbox 1315 1382 1420 1443; x_wconf 82' lang='lat' dir='ltr'><strong>torma</strong></span> <span class='ocrx_word' id='word_1_29' title='bbox 1443 1396 1505 1443; x_wconf 87' lang='lat' dir='ltr'><strong>seu</strong></span> <span class='ocrx_word' id='word_1_30' title='bbox 1540 1375 1675 1441; x_wconf 81' lang='lat' dir='ltr'><strong>entitas</strong></span> 
     </span>
     <span class='ocr_line' id='line_1_6' title="bbox 526 1482 1674 1574; baseline -0.009 -20"><span class='ocrx_word' id='word_1_31' title='bbox 526 1488 598 1567; x_wconf 87' lang='lat' dir='ltr'><strong>illa,</strong></span> <span class='ocrx_word' id='word_1_32' title='bbox 620 1508 695 1572; x_wconf 79' lang='lat' dir='ltr'><strong>quae</strong></span> <span class='ocrx_word' id='word_1_33' title='bbox 714 1488 870 1574; x_wconf 88' lang='lat' dir='ltr'><strong>potentiae</strong></span> <span class='ocrx_word' id='word_1_34' title='bbox 889 1489 1122 1573; x_wconf 84' lang='lat' dir='ltr'><strong>cognoscitivae</strong></span> <span class='ocrx_word' id='word_1_35' title='bbox 1138 1487 1317 1562; x_wconf 83' lang='lat' dir='ltr'><strong>inhaerens,</strong></span> <span class='ocrx_word' id='word_1_36' title='bbox 1340 1485 1446 1570; x_wconf 91' lang='lat' dir='ltr'><strong>seipsa</strong></span> <span class='ocrx_word' id='word_1_37' title='bbox 1470 1496 1605 1552; x_wconf 88' lang='lat' dir='ltr'><strong>notum</strong></span> <span class='ocrx_word' id='word_1_38' title='bbox 1628 1482 1674 1547; x_wconf 94' lang='lat' dir='ltr'><strong>illi</strong></span> 
     </span>
     <span class='ocr_line' id='line_1_7' title="bbox 523 1592 1671 1682; baseline -0.006 -21"><span class='ocrx_word' id='word_1_39' title='bbox 523 1597 628 1663; x_wconf 87' lang='lat' dir='ltr'>reddit</span> <span class='ocrx_word' id='word_1_40' title='bbox 654 1597 834 1682; x_wconf 88' lang='lat' dir='ltr'><strong>objectum.</strong></span> <span class='ocrx_word' id='word_1_41' title='bbox 860 1595 1056 1681; x_wconf 76' lang='lat' dir='ltr'><strong>Huiusmodi</strong></span> <span class='ocrx_word' id='word_1_42' title='bbox 1089 1605 1139 1662; x_wconf 88' lang='lat' dir='ltr'><strong>est</strong></span> <span class='ocrx_word' id='word_1_43' title='bbox 1167 1604 1259 1660; x_wconf 87' lang='lat' dir='ltr'><strong>actus</strong></span> <span class='ocrx_word' id='word_1_44' title='bbox 1282 1592 1419 1676; x_wconf 85' lang='lat' dir='ltr'><strong>quilibet</strong></span> <span class='ocrx_word' id='word_1_45' title='bbox 1437 1592 1671 1677; x_wconf 84' lang='lat' dir='ltr'><strong>cognitionis,</strong></span> 
     </span>
     <span class='ocr_line' id='line_1_8' title="bbox 460 1700 1674 1799; baseline -0.009 -29"><span class='ocrx_word' id='word_1_46' title='bbox 460 1790 467 1799; x_wconf 31' lang='grc' dir='ltr'>Ι</span> <span class='ocrx_word' id='word_1_47' title='bbox 525 1703 594 1771; x_wconf 88' lang='lat' dir='ltr'><strong>sive</strong></span> <span class='ocrx_word' id='word_1_48' title='bbox 616 1704 842 1770; x_wconf 89' lang='lat' dir='ltr'><strong>intellectualis</strong></span> <span class='ocrx_word' id='word_1_49' title='bbox 865 1702 935 1769; x_wconf 88' lang='lat' dir='ltr'><strong>sive</strong></span> <span class='ocrx_word' id='word_1_50' title='bbox 956 1703 1137 1780; x_wconf 90' lang='lat' dir='ltr'><strong>sensibilis,</strong></span> <span class='ocrx_word' id='word_1_51' title='bbox 1162 1700 1308 1787; x_wconf 87' lang='lat' dir='ltr'><strong>cognitio</strong></span> <span class='ocrx_word' id='word_1_52' title='bbox 1327 1702 1414 1767; x_wconf 91' lang='lat' dir='ltr'><strong>enim</strong></span> <span class='ocrx_word' id='word_1_53' title='bbox 1442 1706 1674 1785; x_wconf 76' lang='lat' dir='ltr'><strong>repraesentat</strong></span> 
     </span>
     <span class='ocr_line' id='line_1_9' title="bbox 338 1806 1673 1897; baseline -0.007 -20"><span class='ocrx_word' id='word_1_54' title='bbox 338 1848 398 1878; x_wconf 58' lang='lat' dir='ltr'><strong>natu</strong></span> <span class='ocrx_word' id='word_1_55' title='bbox 409 1830 412 1838; x_wconf 90' lang='grc'><strong><em>·</em></strong></span> <span class='ocrx_word' id='word_1_56' title='bbox 423 1847 450 1877; x_wconf 74' lang='lat' dir='ltr'><strong>en</strong></span> <span class='ocrx_word' id='word_1_57' title='bbox 483 1846 495 1875; x_wconf 61' lang='grc' dir='ltr'>ι</span> <span class='ocrx_word' id='word_1_58' title='bbox 523 1812 702 1896; x_wconf 86' lang='lat' dir='ltr'><strong>objectum.</strong></span> <span class='ocrx_word' id='word_1_59' title='bbox 719 1810 858 1897; x_wconf 85' lang='lat' dir='ltr'><strong>Signum</strong></span> <span class='ocrx_word' id='word_1_60' title='bbox 875 1810 1125 1877; x_wconf 90' lang='lat' dir='ltr'><strong>instrumentale</strong></span> <span class='ocrx_word' id='word_1_61' title='bbox 1139 1829 1196 1877; x_wconf 91' lang='lat' dir='ltr'><strong>seu</strong></span> <span class='ocrx_word' id='word_1_62' title='bbox 1212 1808 1411 1895; x_wconf 84' lang='lat' dir='ltr'><strong>objectivum</strong></span> <span class='ocrx_word' id='word_1_63' title='bbox 1428 1819 1478 1874; x_wconf 90' lang='lat' dir='ltr'><strong>est</strong></span> <span class='ocrx_word' id='word_1_64' title='bbox 1490 1806 1673 1892; x_wconf 87' lang='lat' dir='ltr'><strong>quidquid</strong></span> 
     </span>
     <span class='ocr_line' id='line_1_10' title="bbox 523 1910 1671 2003; baseline -0.005 -20"><span class='ocrx_word' id='word_1_65' title='bbox 523 1919 611 2003; x_wconf 91' lang='lat' dir='ltr'><strong>prius</strong></span> <span class='ocrx_word' id='word_1_66' title='bbox 631 1928 747 1985; x_wconf 89' lang='lat' dir='ltr'><strong>notum</strong></span> <span class='ocrx_word' id='word_1_67' title='bbox 767 1910 857 1984; x_wconf 88' lang='lat' dir='ltr'><strong>ducit</strong></span> <span class='ocrx_word' id='word_1_68' title='bbox 876 1937 938 1984; x_wconf 92' lang='lat' dir='ltr'><strong>nos</strong></span> <span class='ocrx_word' id='word_1_69' title='bbox 953 1919 986 1983; x_wconf 92' lang='lat' dir='ltr'><strong>in</strong></span> <span class='ocrx_word' id='word_1_70' title='bbox 1001 1918 1224 2003; x_wconf 86' lang='lat' dir='ltr'><strong>cognitionem</strong></span> <span class='ocrx_word' id='word_1_71' title='bbox 1245 1915 1388 1983; x_wconf 92' lang='lat' dir='ltr'><strong>alterius.</strong></span> <span class='ocrx_word' id='word_1_72' title='bbox 1409 1916 1453 1983; x_wconf 84' lang='lat' dir='ltr'><strong>lta</strong></span> <span class='ocrx_word' id='word_1_73' title='bbox 1473 1913 1671 1999; x_wconf 86' lang='lat' dir='ltr'><strong>vestigium</strong></span> 
     </span>
     <span class='ocr_line' id='line_1_11' title="bbox 521 2024 1160 2113; baseline -0.002 -21"><span class='ocrx_word' id='word_1_74' title='bbox 521 2027 655 2113; x_wconf 89' lang='lat' dir='ltr'><strong>signum</strong></span> <span class='ocrx_word' id='word_1_75' title='bbox 674 2038 723 2093; x_wconf 88' lang='lat' dir='ltr'><strong>est</strong></span> <span class='ocrx_word' id='word_1_76' title='bbox 739 2026 848 2111; x_wconf 90' lang='lat' dir='ltr'><strong>pedis,</strong></span> <span class='ocrx_word' id='word_1_77' title='bbox 869 2028 983 2092; x_wconf 81' lang='lat' dir='ltr'><strong>sumus</strong></span> <span class='ocrx_word' id='word_1_78' title='bbox 998 2025 1083 2111; x_wconf 89' lang='lat' dir='ltr'><strong>ignis</strong></span> <span class='ocrx_word' id='word_1_79' title='bbox 1096 2024 1160 2113; x_wconf 90' lang='lat' dir='ltr'><strong>(r).</strong></span> 
     </span>
     <span class='ocr_line' id='line_1_12' title="bbox 517 2130 1669 2219; baseline -0.005 -21"><span class='ocrx_word' id='word_1_80' title='bbox 517 2192 524 2209; x_wconf 71' lang='grc'><strong>,</strong></span> <span class='ocrx_word' id='word_1_81' title='bbox 590 2134 659 2199; x_wconf 87' lang='lat' dir='ltr'><strong>Hoc</strong></span> <span class='ocrx_word' id='word_1_82' title='bbox 682 2134 774 2199; x_wconf 81' lang='lat' dir='ltr'><strong>dille.</strong></span> <span class='ocrx_word' id='word_1_83' title='bbox 777 2143 836 2199; x_wconf 93' lang='lat' dir='ltr'><strong>unt</strong></span> <span class='ocrx_word' id='word_1_84' title='bbox 855 2132 941 2200; x_wconf 91' lang='lat' dir='ltr'><strong>inter</strong></span> <span class='ocrx_word' id='word_1_85' title='bbox 959 2153 996 2199; x_wconf 90' lang='lat' dir='ltr'><strong>se</strong></span> <span class='ocrx_word' id='word_1_86' title='bbox 1016 2135 1150 2219; x_wconf 88' lang='lat' dir='ltr'><strong>signum</strong></span> <span class='ocrx_word' id='word_1_87' title='bbox 1174 2134 1423 2199; x_wconf 88' lang='lat' dir='ltr'><strong>instrumentale</strong></span> <span class='ocrx_word' id='word_1_88' title='bbox 1444 2150 1481 2197; x_wconf 90' lang='lat' dir='ltr'><strong>ac</strong></span> <span class='ocrx_word' id='word_1_89' title='bbox 1501 2130 1669 2203; x_wconf 79' lang='lat' dir='ltr'><strong>formale,</strong></span> 
     </span>
     <span class='ocr_line' id='line_1_13' title="bbox 463 2238 1670 2339; baseline -0.008 -32"><span class='ocrx_word' id='word_1_90' title='bbox 463 2254 469 2263; x_wconf 91' lang='grc'><strong><em>·</em></strong></span> <span class='ocrx_word' id='word_1_91' title='bbox 523 2242 615 2339; x_wconf 89' lang='lat' dir='ltr'><strong>quod</strong></span> <span class='ocrx_word' id='word_1_92' title='bbox 629 2240 705 2306; x_wconf 93' lang='lat' dir='ltr'><strong>illud</strong></span> <span class='ocrx_word' id='word_1_93' title='bbox 720 2240 808 2325; x_wconf 93' lang='lat' dir='ltr'><strong>prius</strong></span> <span class='ocrx_word' id='word_1_94' title='bbox 822 2241 903 2307; x_wconf 91' lang='lat' dir='ltr'><strong>inse</strong></span> <span class='ocrx_word' id='word_1_95' title='bbox 918 2252 1149 2325; x_wconf 79' lang='lat' dir='ltr'><strong>cognoscatur,</strong></span> <span class='ocrx_word' id='word_1_96' title='bbox 1162 2250 1246 2306; x_wconf 89' lang='lat' dir='ltr'><strong>etex</strong></span> <span class='ocrx_word' id='word_1_97' title='bbox 1260 2240 1311 2305; x_wconf 94' lang='lat' dir='ltr'><strong>sui</strong></span> <span class='ocrx_word' id='word_1_98' title='bbox 1322 2239 1511 2325; x_wconf 87' lang='lat' dir='ltr'><strong>cognitione</strong></span> <span class='ocrx_word' id='word_1_99' title='bbox 1526 2238 1670 2323; x_wconf 84' lang='lat' dir='ltr'><strong>ingerat</strong></span> 
     </span>
     <span class='ocr_line' id='line_1_14' title="bbox 507 2333 1668 2447; baseline -0.005 -34"><span class='ocrx_word' id='word_1_100' title='bbox 507 2398 509 2403; x_wconf 83' lang='lat'><strong>.</strong></span> <span class='ocrx_word' id='word_1_101' title='bbox 523 2366 657 2431; x_wconf 90' lang='lat' dir='ltr'><strong>quoque</strong></span> <span class='ocrx_word' id='word_1_102' title='bbox 672 2346 803 2413; x_wconf 83' lang='lat' dir='ltr'><strong>alterius</strong></span> <span class='ocrx_word' id='word_1_103' title='bbox 818 2348 861 2412; x_wconf 91' lang='lat' dir='ltr'><strong>rei</strong></span> <span class='ocrx_word' id='word_1_104' title='bbox 877 2348 1045 2424; x_wconf 85' lang='lat' dir='ltr'><strong>notitiam,</strong></span> <span class='ocrx_word' id='word_1_105' title='bbox 1062 2367 1159 2414; x_wconf 90' lang='lat' dir='ltr'><strong>secus</strong></span> <span class='ocrx_word' id='word_1_106' title='bbox 1171 2368 1207 2413; x_wconf 88' lang='lat' dir='ltr'><strong>ac</strong></span> <span class='ocrx_word' id='word_1_107' title='bbox 1222 2348 1356 2433; x_wconf 86' lang='lat' dir='ltr'><strong>signum</strong></span> <span class='ocrx_word' id='word_1_108' title='bbox 1371 2347 1505 2411; x_wconf 81' lang='lat' dir='ltr'><strong>formale</strong></span> <span class='ocrx_word' id='word_1_109' title='bbox 1511 2333 1668 2447; x_wconf 70' lang='lat' dir='ltr'><strong>[Neque</strong></span> 
     </span>
     <span class='ocr_line' id='line_1_15' title="bbox 522 2455 1669 2537; baseline -0.005 -17"><span class='ocrx_word' id='word_1_110' title='bbox 522 2457 610 2520; x_wconf 91' lang='lat' dir='ltr'><strong>enim</strong></span> <span class='ocrx_word' id='word_1_111' title='bbox 631 2468 666 2524; x_wconf 93' lang='lat' dir='ltr'><strong>ut</strong></span> <span class='ocrx_word' id='word_1_112' title='bbox 684 2455 901 2523; x_wconf 88' lang='lat' dir='ltr'><strong>intellectione</strong></span> <span class='ocrx_word' id='word_1_113' title='bbox 917 2465 973 2521; x_wconf 89' lang='lat' dir='ltr'><strong>aut</strong></span> <span class='ocrx_word' id='word_1_114' title='bbox 992 2456 1116 2520; x_wconf 88' lang='lat' dir='ltr'><strong>visione</strong></span> <span class='ocrx_word' id='word_1_115' title='bbox 1130 2475 1202 2520; x_wconf 88' lang='lat' dir='ltr'><strong>mea</strong></span> <span class='ocrx_word' id='word_1_116' title='bbox 1215 2457 1353 2520; x_wconf 94' lang='lat' dir='ltr'><strong>domum</strong></span> <span class='ocrx_word' id='word_1_117' title='bbox 1370 2455 1550 2537; x_wconf 85' lang='lat' dir='ltr'><strong>attingam,</strong></span> <span class='ocrx_word' id='word_1_118' title='bbox 1572 2470 1669 2535; x_wconf 87' lang='lat' dir='ltr'><strong>opus</strong></span> 
     </span>
     <span class='ocr_line' id='line_1_16' title="bbox 523 2560 1666 2648; baseline -0.004 -21"><span class='ocrx_word' id='word_1_119' title='bbox 523 2564 602 2628; x_wconf 89' lang='lat' dir='ltr'><strong>mihi</strong></span> <span class='ocrx_word' id='word_1_120' title='bbox 615 2574 662 2630; x_wconf 86' lang='lat' dir='ltr'><strong>est</strong></span> <span class='ocrx_word' id='word_1_121' title='bbox 679 2563 766 2648; x_wconf 91' lang='lat' dir='ltr'><strong>prius</strong></span> <span class='ocrx_word' id='word_1_122' title='bbox 781 2563 885 2648; x_wconf 85' lang='lat' dir='ltr'><strong>ipsam</strong></span> <span class='ocrx_word' id='word_1_123' title='bbox 902 2564 1061 2629; x_wconf 91' lang='lat' dir='ltr'><strong>visionem</strong></span> <span class='ocrx_word' id='word_1_124' title='bbox 1077 2573 1133 2629; x_wconf 90' lang='lat' dir='ltr'><strong>aut</strong></span> <span class='ocrx_word' id='word_1_125' title='bbox 1148 2562 1421 2640; x_wconf 88' lang='lat' dir='ltr'><strong>intellectionem,</strong></span> <span class='ocrx_word' id='word_1_126' title='bbox 1442 2579 1517 2644; x_wconf 85' lang='lat' dir='ltr'><strong>quae</strong></span> <span class='ocrx_word' id='word_1_127' title='bbox 1532 2560 1666 2645; x_wconf 85' lang='lat' dir='ltr'><strong>objecti</strong></span> 
     </span>
     <span class='ocr_line' id='line_1_17' title="bbox 522 2648 1684 2756; baseline -0.004 -21"><span class='ocrx_word' id='word_1_128' title='bbox 522 2670 702 2737; x_wconf 90' lang='lat' dir='ltr'><strong>similitudo</strong></span> <span class='ocrx_word' id='word_1_129' title='bbox 716 2672 867 2755; x_wconf 81' lang='lat' dir='ltr'><strong>quaedam</strong></span> <span class='ocrx_word' id='word_1_130' title='bbox 882 2671 1103 2739; x_wconf 87' lang='lat' dir='ltr'><strong>intentionalis</strong></span> <span class='ocrx_word' id='word_1_131' title='bbox 1114 2680 1181 2747; x_wconf 91' lang='lat' dir='ltr'><strong>est,</strong></span> <span class='ocrx_word' id='word_1_132' title='bbox 1198 2671 1362 2755; x_wconf 77' lang='lat' dir='ltr'><strong>percipere</strong></span> <span class='ocrx_word' id='word_1_133' title='bbox 1372 2690 1409 2735; x_wconf 89' lang='lat' dir='ltr'><strong>ac</strong></span> <span class='ocrx_word' id='word_1_134' title='bbox 1423 2648 1684 2756; x_wconf 65' lang='lat' dir='ltr'><strong>contemplarU</strong></span> 
     </span>
     <span class='ocr_line' id='line_1_18' title="bbox 522 2776 1666 2864; baseline -0.003 -20"><span class='ocrx_word' id='word_1_135' title='bbox 522 2779 596 2844; x_wconf 86' lang='lat' dir='ltr'><strong>ldeo</strong></span> <span class='ocrx_word' id='word_1_136' title='bbox 615 2777 749 2864; x_wconf 92' lang='lat' dir='ltr'><strong>signum</strong></span> <span class='ocrx_word' id='word_1_137' title='bbox 770 2780 905 2844; x_wconf 82' lang='lat' dir='ltr'><strong>formale</strong></span> <span class='ocrx_word' id='word_1_138' title='bbox 925 2790 1059 2845; x_wconf 89' lang='lat' dir='ltr'><strong>vocatur</strong></span> <span class='ocrx_word' id='word_1_139' title='bbox 1077 2779 1176 2845; x_wconf 89' lang='lat' dir='ltr'><strong>etiam</strong></span> <span class='ocrx_word' id='word_1_140' title='bbox 1193 2779 1338 2844; x_wconf 91' lang='lat' dir='ltr'><strong>medium</strong></span> <span class='ocrx_word' id='word_1_141' title='bbox 1357 2797 1435 2863; x_wconf 83' lang='lat' dir='ltr'><strong>quo,</strong></span> <span class='ocrx_word' id='word_1_142' title='bbox 1452 2776 1666 2843; x_wconf 88' lang='lat' dir='ltr'><strong>instrumen-</strong></span> 
     </span>
     <span class='ocr_line' id='line_1_19' title="bbox 522 2886 980 2970; baseline 0.007 -20"><span class='ocrx_word' id='word_1_143' title='bbox 522 2887 586 2950; x_wconf 88' lang='lat' dir='ltr'><strong>tale</strong></span> <span class='ocrx_word' id='word_1_144' title='bbox 600 2896 678 2951; x_wconf 81' lang='lat' dir='ltr'><strong>vero</strong></span> <span class='ocrx_word' id='word_1_145' title='bbox 694 2886 842 2952; x_wconf 91' lang='lat' dir='ltr'><strong>medium</strong></span> <span class='ocrx_word' id='word_1_146' title='bbox 856 2905 898 2950; x_wconf 85' lang='lat' dir='ltr'><strong>rx</strong></span> <span class='ocrx_word' id='word_1_147' title='bbox 908 2905 980 2970; x_wconf 85' lang='lat' dir='ltr'><strong>quo.</strong></span> 
     </span>
     <span class='ocr_line' id='line_1_20' title="bbox 589 2990 1665 3078; baseline 0 -22"><span class='ocrx_word' id='word_1_148' title='bbox 589 2992 713 3058; x_wconf 88' lang='lat' dir='ltr'><strong>Deinde</strong></span> <span class='ocrx_word' id='word_1_149' title='bbox 736 3013 795 3078; x_wconf 89' lang='lat' dir='ltr'><strong>pro</strong></span> <span class='ocrx_word' id='word_1_150' title='bbox 814 2994 1001 3060; x_wconf 86' lang='lat' dir='ltr'><strong>diversitate</strong></span> <span class='ocrx_word' id='word_1_151' title='bbox 1016 3011 1121 3059; x_wconf 89' lang='lat' dir='ltr'><strong>nexus</strong></span> <span class='ocrx_word' id='word_1_152' title='bbox 1141 3011 1217 3059; x_wconf 91' lang='lat' dir='ltr'><strong>cum</strong></span> <span class='ocrx_word' id='word_1_153' title='bbox 1243 3011 1277 3057; x_wconf 89' lang='lat' dir='ltr'><strong>re</strong></span> <span class='ocrx_word' id='word_1_154' title='bbox 1297 2991 1478 3078; x_wconf 81' lang='lat' dir='ltr'><strong>significata</strong></span> <span class='ocrx_word' id='word_1_155' title='bbox 1497 2990 1665 3058; x_wconf 90' lang='lat' dir='ltr'><strong>dividitur</strong></span> 
     </span>
     <span class='ocr_line' id='line_1_21' title="bbox 236 3097 1663 3185; baseline -0.001 -20"><span class='ocrx_word' id='word_1_156' title='bbox 236 3103 238 3120; x_wconf 94' lang='lat'>&#39;</span> <span class='ocrx_word' id='word_1_157' title='bbox 354 3133 424 3180; x_wconf 53' lang='lat' dir='ltr'><strong>Nm„</strong></span> <span class='ocrx_word' id='word_1_158' title='bbox 424 3134 466 3185; x_wconf 52' lang='lat' dir='ltr'><strong>,g</strong></span> <span class='ocrx_word' id='word_1_159' title='bbox 521 3099 653 3184; x_wconf 87' lang='lat' dir='ltr'><strong>signum</strong></span> <span class='ocrx_word' id='word_1_160' title='bbox 671 3101 703 3166; x_wconf 92' lang='lat' dir='ltr'><strong>in</strong></span> <span class='ocrx_word' id='word_1_161' title='bbox 723 3103 888 3177; x_wconf 81' lang='lat' dir='ltr'><strong>naturale,</strong></span> <span class='ocrx_word' id='word_1_162' title='bbox 909 3101 1116 3166; x_wconf 82' lang='lat' dir='ltr'><strong>arbitrarium</strong></span> <span class='ocrx_word' id='word_1_163' title='bbox 1134 3108 1167 3165; x_wconf 90' lang='lat' dir='ltr'><strong>et</strong></span> <span class='ocrx_word' id='word_1_164' title='bbox 1185 3119 1225 3165; x_wconf 84' lang='lat' dir='ltr'><strong>ex</strong></span> <span class='ocrx_word' id='word_1_165' title='bbox 1241 3099 1475 3165; x_wconf 83' lang='lat' dir='ltr'><strong>consuetudine.</strong></span> <span class='ocrx_word' id='word_1_166' title='bbox 1496 3097 1663 3165; x_wconf 86' lang='lat' dir='ltr'><strong>Naturale</strong></span> 
     </span>
     <span class='ocr_line' id='line_1_22' title="bbox 320 3205 1659 3292; baseline -0.002 -18.962"><span class='ocrx_word' id='word_1_167' title='bbox 320 3206 400 3251; x_wconf 72' lang='lat' dir='ltr'><strong>¹b⁵¹¹¹</strong></span> <span class='ocrx_word' id='word_1_168' title='bbox 377 3219 457 3250; x_wconf 83' lang='lat'><strong>¹¹¹¹¹¹¹¹¹</strong></span> <span class='ocrx_word' id='word_1_169' title='bbox 468 3205 590 3284; x_wconf 77' lang='lat' dir='ltr'><strong>‘¹‚¹est</strong></span> <span class='ocrx_word' id='word_1_170' title='bbox 617 3207 707 3291; x_wconf 89' lang='lat' dir='ltr'><strong>quod</strong></span> <span class='ocrx_word' id='word_1_171' title='bbox 726 3216 842 3292; x_wconf 88' lang='lat' dir='ltr'><strong>suapte</strong></span> <span class='ocrx_word' id='word_1_172' title='bbox 865 3219 980 3274; x_wconf 87' lang='lat' dir='ltr'><strong>natura</strong></span> <span class='ocrx_word' id='word_1_173' title='bbox 999 3227 1066 3273; x_wconf 89' lang='lat' dir='ltr'><strong>vrm</strong></span> <span class='ocrx_word' id='word_1_174' title='bbox 1086 3206 1186 3272; x_wconf 88' lang='lat' dir='ltr'><strong>habet</strong></span> <span class='ocrx_word' id='word_1_175' title='bbox 1205 3207 1433 3276; x_wconf 79' lang='lat' dir='ltr'><strong>manifestandi</strong></span> <span class='ocrx_word' id='word_1_176' title='bbox 1452 3214 1509 3272; x_wconf 86' lang='lat' dir='ltr'><strong>aut</strong></span> <span class='ocrx_word' id='word_1_177' title='bbox 1525 3206 1659 3292; x_wconf 82' lang='lat' dir='ltr'><strong>srgmf</strong></span> 
     </span>
     <span class='ocr_line' id='line_1_23' title="bbox 307 3275 1660 3400; baseline 0.001 -20"><span class='ocrx_word' id='word_1_178' title='bbox 307 3275 506 3322; x_wconf 55' lang='lat' dir='ltr'><strong>“mmm</strong></span> <span class='ocrx_word' id='word_1_179' title='bbox 499 3305 632 3381; x_wconf 87' lang='lat' dir='ltr'><strong>candi:</strong></span> <span class='ocrx_word' id='word_1_180' title='bbox 650 3334 695 3380; x_wconf 87' lang='lat' dir='ltr'><strong>src</strong></span> <span class='ocrx_word' id='word_1_181' title='bbox 706 3315 851 3400; x_wconf 83' lang='lat' dir='ltr'><strong>gemitus</strong></span> <span class='ocrx_word' id='word_1_182' title='bbox 864 3326 977 3381; x_wconf 84' lang='lat' dir='ltr'><strong>natura</strong></span> <span class='ocrx_word' id='word_1_183' title='bbox 987 3333 1046 3380; x_wconf 88' lang='lat' dir='ltr'><strong>sua</strong></span> <span class='ocrx_word' id='word_1_184' title='bbox 1058 3315 1246 3380; x_wconf 89' lang='lat' dir='ltr'><strong>dolorem</strong></span> <span class='ocrx_word' id='word_1_185' title='bbox 1217 3333 1350 3398; x_wconf 85' lang='lat' dir='ltr'><strong>,rgnem</strong></span> <span class='ocrx_word' id='word_1_186' title='bbox 1361 3314 1478 3380; x_wconf 82' lang='lat' dir='ltr'><strong>fumus</strong></span> <span class='ocrx_word' id='word_1_187' title='bbox 1492 3312 1660 3382; x_wconf 87' lang='lat' dir='ltr'><strong>ostendit.</strong></span> 
     </span>
     <span class='ocr_line' id='line_1_24' title="bbox 269 3409 1663 3520; baseline -0.001 -32"><span class='ocrx_word' id='word_1_188' title='bbox 269 3412 375 3520; x_wconf 57' lang='lat' dir='ltr'><strong>,ss</strong></span> <span class='ocrx_word' id='word_1_189' title='bbox 406 3409 495 3504; x_wconf 55' lang='lat' dir='ltr'><strong>vl</strong></span> <span class='ocrx_word' id='word_1_190' title='bbox 522 3422 734 3488; x_wconf 81' lang='lat' dir='ltr'><strong>Arbitrarium</strong></span> <span class='ocrx_word' id='word_1_191' title='bbox 754 3442 812 3489; x_wconf 91' lang='lat' dir='ltr'><strong>seu</strong></span> <span class='ocrx_word' id='word_1_192' title='bbox 836 3423 1086 3489; x_wconf 88' lang='lat' dir='ltr'><strong>conventionale</strong></span> <span class='ocrx_word' id='word_1_193' title='bbox 1105 3422 1169 3488; x_wconf 89' lang='lat' dir='ltr'><strong>ved</strong></span> <span class='ocrx_word' id='word_1_194' title='bbox 1187 3422 1227 3486; x_wconf 88' lang='lat' dir='ltr'><strong>ad</strong></span> <span class='ocrx_word' id='word_1_195' title='bbox 1248 3423 1402 3505; x_wconf 81' lang='lat' dir='ltr'><strong>placitum</strong></span> <span class='ocrx_word' id='word_1_196' title='bbox 1418 3432 1467 3488; x_wconf 91' lang='lat' dir='ltr'><strong>est</strong></span> <span class='ocrx_word' id='word_1_197' title='bbox 1490 3422 1534 3498; x_wconf 90' lang='lat' dir='ltr'><strong>id,</strong></span> <span class='ocrx_word' id='word_1_198' title='bbox 1560 3423 1663 3504; x_wconf 89' lang='lat' dir='ltr'><strong>quod</strong></span> 
     </span>
     <span class='ocr_line' id='line_1_25' title="bbox 438 3527 1662 3615; baseline 0.001 -23"><span class='ocrx_word' id='word_1_199' title='bbox 438 3527 475 3592; x_wconf 64' lang='lat' dir='ltr'><strong>c*</strong></span> <span class='ocrx_word' id='word_1_200' title='bbox 522 3527 589 3594; x_wconf 89' lang='lat' dir='ltr'><strong>vim</strong></span> <span class='ocrx_word' id='word_1_201' title='bbox 605 3529 807 3615; x_wconf 75' lang='lat' dir='ltr'><strong>significandi</strong></span> <span class='ocrx_word' id='word_1_202' title='bbox 824 3549 890 3596; x_wconf 92' lang='lat' dir='ltr'><strong>non</strong></span> <span class='ocrx_word' id='word_1_203' title='bbox 910 3550 927 3595; x_wconf 88' lang='lat' dir='ltr'><strong>a</strong></span> <span class='ocrx_word' id='word_1_204' title='bbox 945 3541 1077 3607; x_wconf 85' lang='lat' dir='ltr'><strong>natura,</strong></span> <span class='ocrx_word' id='word_1_205' title='bbox 1099 3529 1157 3595; x_wconf 90' lang='lat' dir='ltr'><strong>sed</strong></span> <span class='ocrx_word' id='word_1_206' title='bbox 1172 3537 1211 3594; x_wconf 85' lang='lat' dir='ltr'><strong>eit</strong></span> <span class='ocrx_word' id='word_1_207' title='bbox 1226 3528 1324 3595; x_wconf 88' lang='lat' dir='ltr'><strong>libera</strong></span> <span class='ocrx_word' id='word_1_208' title='bbox 1338 3527 1542 3595; x_wconf 88' lang='lat' dir='ltr'><strong>institutione</strong></span> <span class='ocrx_word' id='word_1_209' title='bbox 1557 3529 1662 3594; x_wconf 87' lang='lat' dir='ltr'><strong>sorti-</strong></span> 
     </span>
     <span class='ocr_line' id='line_1_26' title="bbox 222 3595 1658 3752; baseline -0.003 -46"><span class='ocrx_word' id='word_1_210' title='bbox 222 3629 226 3638; x_wconf 71' lang='grc'><em>’</em></span> <span class='ocrx_word' id='word_1_211' title='bbox 258 3717 264 3732; x_wconf 82' lang='lat'><strong>.</strong></span> <span class='ocrx_word' id='word_1_212' title='bbox 306 3691 313 3700; x_wconf 77' lang='lat'><strong>.</strong></span> <span class='ocrx_word' id='word_1_213' title='bbox 362 3695 383 3720; x_wconf 16' lang='lat' dir='ltr'><strong>v,</strong></span> <span class='ocrx_word' id='word_1_214' title='bbox 410 3595 512 3752; x_wconf 51' lang='lat' dir='ltr'><strong>&#39;sps</strong></span> <span class='ocrx_word' id='word_1_215' title='bbox 522 3646 587 3702; x_wconf 90' lang='lat' dir='ltr'><strong>tur.</strong></span> <span class='ocrx_word' id='word_1_216' title='bbox 605 3637 716 3703; x_wconf 87' lang='lat' dir='ltr'><strong>Libera</strong></span> <span class='ocrx_word' id='word_1_217' title='bbox 730 3656 825 3721; x_wconf 92' lang='lat' dir='ltr'><strong>porro</strong></span> <span class='ocrx_word' id='word_1_218' title='bbox 837 3639 905 3702; x_wconf 89' lang='lat' dir='ltr'><strong>haec</strong></span> <span class='ocrx_word' id='word_1_219' title='bbox 918 3636 1079 3703; x_wconf 89' lang='lat' dir='ltr'><strong>institutio</strong></span> <span class='ocrx_word' id='word_1_220' title='bbox 1095 3644 1203 3720; x_wconf 91' lang='lat' dir='ltr'><strong>potest</strong></span> <span class='ocrx_word' id='word_1_221' title='bbox 1216 3656 1289 3703; x_wconf 85' lang='lat' dir='ltr'><strong>esse</strong></span> <span class='ocrx_word' id='word_1_222' title='bbox 1305 3637 1355 3702; x_wconf 84' lang='lat' dir='ltr'><strong>vel</strong></span> <span class='ocrx_word' id='word_1_223' title='bbox 1369 3635 1513 3714; x_wconf 89' lang='lat' dir='ltr'><strong>Dei‚vel</strong></span> <span class='ocrx_word' id='word_1_224' title='bbox 1528 3637 1658 3721; x_wconf 87' lang='lat' dir='ltr'><strong>angeli,</strong></span> 
     </span>
     <span class='ocr_line' id='line_1_27' title="bbox 260 3727 1657 3836; baseline 0 -27"><span class='ocrx_word' id='word_1_225' title='bbox 260 3727 285 3779; x_wconf 58' lang='lat'><strong>²³</strong></span> <span class='ocrx_word' id='word_1_226' title='bbox 411 3775 431 3836; x_wconf 58' lang='lat' dir='ltr'><strong>p</strong></span> <span class='ocrx_word' id='word_1_227' title='bbox 525 3745 576 3809; x_wconf 88' lang='lat' dir='ltr'><strong>vel</strong></span> <span class='ocrx_word' id='word_1_228' title='bbox 604 3745 764 3810; x_wconf 87' lang='lat' dir='ltr'><strong>hominis.</strong></span> <span class='ocrx_word' id='word_1_229' title='bbox 789 3745 831 3809; x_wconf 86' lang='lat' dir='ltr'><strong>ita</strong></span> <span class='ocrx_word' id='word_1_230' title='bbox 855 3754 1057 3810; x_wconf 86' lang='lat' dir='ltr'><strong>sacramenta</strong></span> <span class='ocrx_word' id='word_1_231' title='bbox 1078 3746 1210 3829; x_wconf 87' lang='lat' dir='ltr'><strong>signant</strong></span> <span class='ocrx_word' id='word_1_232' title='bbox 1234 3743 1492 3811; x_wconf 83' lang='lat' dir='ltr'><strong>sanctificantem</strong></span> <span class='ocrx_word' id='word_1_233' title='bbox 1511 3744 1657 3830; x_wconf 85' lang='lat' dir='ltr'><strong>gratiam</strong></span> 
     </span>
     <span class='ocr_line' id='line_1_28' title="bbox 382 3836 1661 3937; baseline 0.001 -21"><span class='ocrx_word' id='word_1_234' title='bbox 382 3836 412 3885; x_wconf 51' lang='lat' dir='ltr'><em>J</em></span> <span class='ocrx_word' id='word_1_235' title='bbox 542 3871 563 3916; x_wconf 86' lang='lat' dir='ltr'><strong>x</strong></span> <span class='ocrx_word' id='word_1_236' title='bbox 585 3849 790 3917; x_wconf 87' lang='lat' dir='ltr'><strong>institutione</strong></span> <span class='ocrx_word' id='word_1_237' title='bbox 812 3849 939 3928; x_wconf 89' lang='lat' dir='ltr'><strong>divina,</strong></span> <span class='ocrx_word' id='word_1_238' title='bbox 956 3861 989 3916; x_wconf 91' lang='lat' dir='ltr'><strong>et</strong></span> <span class='ocrx_word' id='word_1_239' title='bbox 1005 3870 1116 3917; x_wconf 90' lang='lat' dir='ltr'><strong>ramus</strong></span> <span class='ocrx_word' id='word_1_240' title='bbox 1136 3852 1211 3916; x_wconf 89' lang='lat' dir='ltr'><strong>ad</strong></span> <span class='ocrx_word' id='word_1_241' title='bbox 1198 3869 1335 3937; x_wconf 68' lang='lat' dir='ltr'><strong>januam</strong></span> <span class='ocrx_word' id='word_1_242' title='bbox 1355 3851 1573 3935; x_wconf 85' lang='lat' dir='ltr'><strong>quarumdam</strong></span> <span class='ocrx_word' id='word_1_243' title='bbox 1593 3852 1661 3917; x_wconf 92' lang='lat' dir='ltr'><strong>do-</strong></span> 
     </span>
     <span class='ocr_line' id='line_1_29' title="bbox 330 3934 1657 4044; baseline 0.005 -27"><span class='ocrx_word' id='word_1_244' title='bbox 330 3945 355 3989; x_wconf 65' lang='lat' dir='ltr'>V</span> <span class='ocrx_word' id='word_1_245' title='bbox 422 3934 447 4017; x_wconf 65' lang='lat' dir='ltr'><strong>d</strong></span> <span class='ocrx_word' id='word_1_246' title='bbox 523 3975 653 4024; x_wconf 90' lang='lat' dir='ltr'><strong>morum</strong></span> <span class='ocrx_word' id='word_1_247' title='bbox 677 3976 844 4044; x_wconf 87' lang='lat' dir='ltr'><strong>appensus</strong></span> <span class='ocrx_word' id='word_1_248' title='bbox 859 3959 973 4025; x_wconf 90' lang='lat' dir='ltr'><strong>vinum</strong></span> <span class='ocrx_word' id='word_1_249' title='bbox 993 3958 1036 4024; x_wconf 91' lang='lat' dir='ltr'><strong>ibi</strong></span> <span class='ocrx_word' id='word_1_250' title='bbox 1053 3957 1215 4024; x_wconf 89' lang='lat' dir='ltr'><strong>vendibile</strong></span> <span class='ocrx_word' id='word_1_251' title='bbox 1238 3967 1477 4025; x_wconf 84' lang='lat' dir='ltr'><strong>commonstrat</strong></span> <span class='ocrx_word' id='word_1_252' title='bbox 1496 3977 1539 4024; x_wconf 85' lang='lat' dir='ltr'><strong>ex</strong></span> <span class='ocrx_word' id='word_1_253' title='bbox 1552 3959 1657 4024; x_wconf 91' lang='lat' dir='ltr'><strong>libera</strong></span> 
     </span>
     <span class='ocr_line' id='line_1_30' title="bbox 522 4065 1658 4152; baseline 0.003 -23"><span class='ocrx_word' id='word_1_254' title='bbox 522 4065 694 4132; x_wconf 90' lang='lat' dir='ltr'><strong>hominum</strong></span> <span class='ocrx_word' id='word_1_255' title='bbox 721 4067 903 4137; x_wconf 90' lang='lat' dir='ltr'><strong>voluntate.</strong></span> <span class='ocrx_word' id='word_1_256' title='bbox 930 4067 1079 4149; x_wconf 87' lang='lat' dir='ltr'><strong>Denique</strong></span> <span class='ocrx_word' id='word_1_257' title='bbox 1110 4067 1242 4152; x_wconf 93' lang='lat' dir='ltr'><strong>signum</strong></span> <span class='ocrx_word' id='word_1_258' title='bbox 1268 4086 1310 4132; x_wconf 87' lang='lat' dir='ltr'><strong>ex</strong></span> <span class='ocrx_word' id='word_1_259' title='bbox 1334 4066 1573 4133; x_wconf 91' lang='lat' dir='ltr'><strong>consuetudine</strong></span> <span class='ocrx_word' id='word_1_260' title='bbox 1601 4078 1658 4132; x_wconf 91' lang='lat' dir='ltr'><strong>est</strong></span> 
     </span>
     <span class='ocr_line' id='line_1_31' title="bbox 522 4173 1653 4260; baseline 0.004 -22"><span class='ocrx_word' id='word_1_261' title='bbox 522 4173 611 4257; x_wconf 90' lang='lat' dir='ltr'><strong>quod</strong></span> <span class='ocrx_word' id='word_1_262' title='bbox 637 4193 678 4239; x_wconf 87' lang='lat' dir='ltr'><strong>ex</strong></span> <span class='ocrx_word' id='word_1_263' title='bbox 702 4174 941 4240; x_wconf 91' lang='lat' dir='ltr'><strong>consuetudine</strong></span> <span class='ocrx_word' id='word_1_264' title='bbox 961 4188 1093 4242; x_wconf 85' lang='lat' dir='ltr'><strong>nactum</strong></span> <span class='ocrx_word' id='word_1_265' title='bbox 1115 4182 1165 4240; x_wconf 88' lang='lat' dir='ltr'><strong>est</strong></span> <span class='ocrx_word' id='word_1_266' title='bbox 1188 4174 1256 4240; x_wconf 90' lang='lat' dir='ltr'><strong>vim</strong></span> <span class='ocrx_word' id='word_1_267' title='bbox 1279 4174 1366 4240; x_wconf 84' lang='lat' dir='ltr'><strong>aliud</strong></span> <span class='ocrx_word' id='word_1_268' title='bbox 1382 4175 1653 4260; x_wconf 81' lang='lat' dir='ltr'><strong>repraesemandi.</strong></span> 
     </span>
     <span class='ocr_line' id='line_1_32' title="bbox 522 4279 1655 4368; baseline 0.004 -24"><span class='ocrx_word' id='word_1_269' title='bbox 522 4279 590 4345; x_wconf 84' lang='lat' dir='ltr'><strong>lloc</strong></span> <span class='ocrx_word' id='word_1_270' title='bbox 606 4279 705 4346; x_wconf 91' lang='lat' dir='ltr'><strong>modo</strong></span> <span class='ocrx_word' id='word_1_271' title='bbox 715 4282 858 4348; x_wconf 84' lang='lat' dir='ltr'><strong>ornatior</strong></span> <span class='ocrx_word' id='word_1_272' title='bbox 872 4282 986 4366; x_wconf 92' lang='lat' dir='ltr'><strong>templi</strong></span> <span class='ocrx_word' id='word_1_273' title='bbox 1002 4295 1175 4367; x_wconf 88' lang='lat' dir='ltr'><strong>apparatus</strong></span> <span class='ocrx_word' id='word_1_274' title='bbox 1188 4281 1415 4348; x_wconf 88' lang='lat' dir='ltr'><strong>sollemniores</strong></span> <span class='ocrx_word' id='word_1_275' title='bbox 1425 4280 1518 4359; x_wconf 91' lang='lat' dir='ltr'><strong>ritus,</strong></span> <span class='ocrx_word' id='word_1_276' title='bbox 1530 4303 1655 4368; x_wconf 86' lang='lat' dir='ltr'><strong>mappa</strong></span> 
     </span>
    </p>
   </div>
   <div class='ocr_carea' id='block_1_5' title="bbox 523 4387 1654 4474">
    <p class='ocr_par' dir='ltr' id='par_1_5' title="bbox 523 4387 1654 4474">
     <span class='ocr_line' id='line_1_33' title="bbox 523 4387 1654 4474; baseline 0.002 -21"><span class='ocrx_word' id='word_1_277' title='bbox 523 4407 646 4454; x_wconf 87' lang='lat' dir='ltr'><strong>mensae</strong></span> <span class='ocrx_word' id='word_1_278' title='bbox 663 4407 763 4473; x_wconf 91' lang='lat' dir='ltr'><strong>prope</strong></span> <span class='ocrx_word' id='word_1_279' title='bbox 779 4387 949 4455; x_wconf 87' lang='lat' dir='ltr'><strong>meridiem</strong></span> <span class='ocrx_word' id='word_1_280' title='bbox 962 4389 1130 4474; x_wconf 82' lang='lat' dir='ltr'><strong>imposita,</strong></span> <span class='ocrx_word' id='word_1_281' title='bbox 1147 4390 1319 4474; x_wconf 88' lang='lat' dir='ltr'><strong>prandium</strong></span> <span class='ocrx_word' id='word_1_282' title='bbox 1338 4409 1417 4456; x_wconf 89' lang='lat' dir='ltr'><strong>mox</strong></span> <span class='ocrx_word' id='word_1_283' title='bbox 1435 4391 1596 4468; x_wconf 84' lang='lat' dir='ltr'><strong>futurum,</strong></span> <span class='ocrx_word' id='word_1_284' title='bbox 1618 4401 1654 4456; x_wconf 90' lang='lat' dir='ltr'><strong>et</strong></span> 
     </span>
    </p>
   </div>
   <div class='ocr_carea' id='block_1_6' title="bbox 502 4632 1650 4800">
    <p class='ocr_par' dir='ltr' id='par_1_6' title="bbox 502 4632 1650 4800">
     <span class='ocr_line' id='line_1_34' title="bbox 502 4632 1650 4712; baseline 0.007 -20"><span class='ocrx_word' id='word_1_285' title='bbox 502 4675 510 4684; x_wconf 77' lang='lat'>·</span> <span class='ocrx_word' id='word_1_286' title='bbox 557 4641 597 4703; x_wconf 86' lang='lat' dir='ltr'><strong>(r)</strong></span> <span class='ocrx_word' id='word_1_287' title='bbox 635 4632 711 4695; x_wconf 77' lang='lat' dir='ltr'><strong>Fuee</strong></span> <span class='ocrx_word' id='word_1_288' title='bbox 733 4657 767 4695; x_wconf 82' lang='lat' dir='ltr'><strong>ec</strong></span> <span class='ocrx_word' id='word_1_289' title='bbox 790 4657 869 4696; x_wconf 89' lang='lat' dir='ltr'><strong>more</strong></span> <span class='ocrx_word' id='word_1_290' title='bbox 892 4657 947 4697; x_wconf 81' lang='lat' dir='ltr'><strong>suo</strong></span> <span class='ocrx_word' id='word_1_291' title='bbox 969 4637 1085 4712; x_wconf 82' lang='lat' dir='ltr'><strong>egregie</strong></span> <span class='ocrx_word' id='word_1_292' title='bbox 1109 4638 1366 4698; x_wconf 81' lang='lat' dir='ltr'><strong>Conimbricemes</strong></span> <span class='ocrx_word' id='word_1_293' title='bbox 1385 4639 1423 4698; x_wconf 87' lang='lat' dir='ltr'><strong>de</strong></span> <span class='ocrx_word' id='word_1_294' title='bbox 1437 4640 1491 4699; x_wconf 84' lang='lat' dir='ltr'><strong>hec</strong></span> <span class='ocrx_word' id='word_1_295' title='bbox 1504 4638 1650 4701; x_wconf 80' lang='lat' dir='ltr'><strong>divisione</strong></span> 
     </span>
     <span class='ocr_line' id='line_1_35' title="bbox 522 4725 890 4800; baseline -0.005 -14"><span class='ocrx_word' id='word_1_296' title='bbox 522 4725 602 4796; x_wconf 87' lang='lat' dir='ltr'><strong>(Loc.</strong></span> <span class='ocrx_word' id='word_1_297' title='bbox 616 4725 665 4786; x_wconf 87' lang='lat' dir='ltr'><strong>eit.</strong></span> <span class='ocrx_word' id='word_1_298' title='bbox 682 4745 712 4800; x_wconf 91' lang='lat' dir='ltr'><strong>q.</strong></span> <span class='ocrx_word' id='word_1_299' title='bbox 728 4747 744 4784; x_wconf 85' lang='lat' dir='ltr'><strong>a</strong></span> <span class='ocrx_word' id='word_1_300' title='bbox 759 4747 786 4784; x_wconf 85' lang='lat' dir='ltr'><strong>a.</strong></span> <span class='ocrx_word' id='word_1_301' title='bbox 805 4748 836 4797; x_wconf 69' lang='grc' dir='ltr'><strong>ι,</strong></span> <span class='ocrx_word' id='word_1_302' title='bbox 852 4733 890 4800; x_wconf 81' lang='lat'><strong>3).</strong></span> 
     </span>
    </p>
   </div>
   <div class='ocr_carea' id='block_1_7' title="bbox 0 0 1750 5525">
    <p class='ocr_par' dir='ltr' id='par_1_7' title="bbox 0 0 1750 5525">
     <span class='ocr_line' id='line_1_36' title="bbox 0 0 1750 5525; baseline 0 2"><span class='ocrx_word' id='word_1_303' title='bbox 0 0 1750 5525; x_wconf 95' lang='lat' dir='ltr'><strong> </strong></span> 
     </span>
    </p>
   </div>
  </div>
 </body>
</html>
