3492 5525
471 461 474 469 “
541 447 599 534 388
659 469 664 476 ·
714 449 856 516 tonna
876 449 1125 516 Minoa-ursi».
1150 463 1193 531 3.·
1215 450 1295 514 Cin.
1320 465 1389 534 μω

502 551 766 570 ——n—-b

501 633 737 718 paralogismus
751 635 812 701 sic:
837 633 1000 719 Quidquid
1016 638 1064 699 est
1074 624 1272 710 Aristotelis,
1288 632 1467 717 possidetur
1482 632 1524 697 ao
1541 631 1623 696 Ari·

497 743 613 810 stotele.
640 742 705 808 Sed
726 742 775 808 lia
792 741 872 808 liber
898 745 945 808 est
970 741 1163 808 Am'stotelis.
1183 741 1266 825 Ergo
1283 740 1462 823 possedetur
1477 737 1624 805 ale-Ari·

436 927 442 937 ·
497 851 616 914 storea:
638 849 706 916 vel:
724 849 918 934 Quicrrmw
930 852 1007 914 sunt
1015 847 1268 932 Episcopi,·sunt
1278 849 1465 924 sacerdotes,
1483 846 1540 913 lsti
1551 845 1625 930 equi

497 961 574 1022 sunt
588 956 739 1040 Episcopi.
773 957 856 1041 Ergo
884 956 939 1022 isti
960 956 1033 1041 equi
1057 959 1134 1022 sunt
1155 957 1328 1022 sacerdotes
1354 953 1417 1043 (ι).
1436 952 1566 1031 Quibus
1589 952 1622 1017 in

498 1063 657 1147 exemplis
676 1063 768 1129 vides
787 1063 857 1130 ilias
876 1063 1040 1129 orationes
1057 1067 1106 1128 est
1126 1063 1307 1130 Aristoteles
1324 1073 1358 1128 et
1377 1066 1453 1128 sunt
1466 1060 1621 1144 Epiron,

498 1168 686 1237 indiverso
714 1169 951 1255 significatione
980 1170 1140 1254 usurpari.
1168 1171 1378 1257 Ambiguitas
1405 1169 1549 1235 tollenda
1570 1179 1623 1232 est

497 1275 723 1354 distinctione,
745 1278 829 1345 sicut
847 1278 992 1344 diximus
1011 1277 1051 1342 de
1071 1276 1265 1363 praecedenti
1285 1276 1420 1342 fallacia.

303 1381 462 1500 ”flff‘i
565 1389 775 1470 Compositio
792 1400 827 1452 et
848 1390 997 1452 Divisio.
1021 1385 1077 1450 illa
1094 1384 1218 1469 paritur
1235 1404 1276 1450 ex
1296 1392 1491 1469 prepostero
1508 1383 1620 1448 oratio

311 1493 316 1501 '
397 1469 433 1562 ¹⁰⁹,
499 1490 549 1557 nis
573 1491 820 1578 conjunctione,
850 1511 927 1558 cum
953 1493 1003 1567 id,
1030 1493 1121 1575 quod
1146 1491 1246 1557 debet
1270 1491 1427 1576 separari,
1452 1508 1623 1576 perperam

498 1600 726 1684 conjungitur,
760 1599 829 1666 sive
857 1619 935 1665 curn
957 1607 1103 1666 mutatur
1129 1615 1248 1666 sensus
1274 1599 1400 1666 divisus
1427 1599 1459 1663 in
1486 1616 1624 1682 compo

497 1707 611 1774 situm.
639 1705 681 1773 V.
711 1728 748 1793 g.
774 1708 847 1772 Duo
871 1711 903 1772 et
928 1707 993 1773 tria
1015 1707 1200 1789 suntparia
1223 1711 1256 1772 et
1270 1706 1501 1792 imparia.Sed
1511 1708 1578 1771 duo
1593 1710 1626 1770 et

498 1815 560 1880 tria
593 1817 671 1880 sunt
704 1814 851 1900 quinque.
885 1808 964 1898 Ergo
1000 1814 1138 1899 quinque
1174 1817 1252 1880 sunt
1281 1814 1375 1896 paria
1409 1817 1444 1879 et
1472 1813 1621 1896 imparia.

498 1920 619 1993 Diuisio
651 1940 729 1988 vero
765 1941 783 1986 e
819 1939 978 1988 converso
1010 1920 1047 1987 tit
1080 1940 1137 2006 per
1173 1941 1307 2007 pravam
1345 1920 1503 1987 orationis
1539 1921 1625 1985 divi-

497 2029 637 2106 sionem,
658 2048 733 2094 cum
750 2029 797 2106 id,
812 2029 904 2112 quod
922 2028 1077 2115 conjungi
1091 2028 1242 2105 debebat,
1263 2021 1445 2114 separatur,
1461 2028 1530 2094 sire
1543 2045 1622 2092 cum

497 2153 616 2202 sensus
634 2137 836 2221 compositus
855 2145 1001 2202 mutatur
1018 2134 1052 2202 in
1073 2135 1227 2202 divisum.
1249 2137 1292 2204 V.
1312 2156 1347 2221 g.
1375 2135 1561 2218 Impossibile
1577 2139 1629 2200 est

496 2247 647 2310 sedentem
676 2245 847 2311 ambulare.
878 2243 979 2328 Atqui
998 2243 1113 2310 Petrus
1134 2247 1227 2310 sedet.
1258 2245 1340 2327 Ergo
1367 2242 1551 2326 impossibile
1577 2247 1630 2308 est

497 2353 627 2418 Petrum
646 2351 827 2432 amputare
858 2353 925 2416 vel:
964 2350 1064 2418 Omne
1090 2352 1230 2428 animal,
1256 2353 1308 2417 oet
1331 2356 1379 2417 est
1396 2351 1550 2416 rationale
1572 2353 1627 2415 oet

497 2459 694 2526 irrationale.
715 2459 816 2544 Atqui
834 2479 898 2525 non
915 2477 1003 2524 omne
1029 2463 1077 2525 est
1100 2460 1267 2525 rationale:
1285 2459 1365 2543 Ergo
1391 2477 1480 2524 omne
1502 2459 1628 2524 animat

497 2573 545 2634 est
570 2567 771 2635 irrationale.
795 2564 926 2643 Quibus
956 2565 989 2632 in
1020 2567 1180 2652 exemplis
1201 2567 1293 2632 vides
1314 2566 1384 2631 sieri
1406 2564 1579 2632 transitum
1604 2586 1624 2630 a

498 2693 597 2740 sensu
625 2675 730 2742 diviso
759 2675 799 2739 ad
829 2675 1069 2759 compositum,
1090 2676 1141 2739 vei
1169 2695 1188 2739 e
1212 2692 1388 2753 converso,
1416 2673 1492 2757 quia
1516 2693 1557 2739 ex
1582 2692 1625 2738 eo

498 2785 589 2868 quod
613 2784 735 2869 aliquid
761 2794 811 2850 est
836 2801 951 2849 verum
979 2784 1011 2850 in
1037 2801 1137 2850 sensu
1165 2783 1286 2860 diviso,
1317 2783 1525 2849 contenditur
1547 2800 1624 2849 esse

497 2910 630 2975 quoque
649 2909 764 2958 verum
783 2890 817 2956 in
833 2909 934 2956 sensu
952 2890 1154 2974 composito,
1176 2900 1209 2956 et
1228 2889 1384 2958 vicissim.

565 2998 647 3064 Vide
665 2998 753 3083 npud
773 2997 810 3066 S.
829 2996 991 3063 Thomam
1009 3007 1076 3065 tres
1093 2999 1228 3075 modos,
1249 2999 1432 3066 secundum
1446 3017 1532 3084 quos
1547 3018 1625 3084 pec·

498 3106 560 3172 cari
580 3116 687 3192 potest
703 3124 760 3192 per
773 3104 1049 3189 compositionem
1064 3117 1096 3171 et
1114 3105 1309 3173 divisionem
1329 3105 1343 3195 (
1368 3104 1394 3193 ).

566 3214 794 3299 Respondetur
812 3222 924 3279 autern
937 3198 1172 3299 distinguendo
1189 3232 1325 3281 sensum
1339 3216 1562 3299 compositum
1582 3236 1621 3281 ac

498 3321 658 3389 divisum.

327 3468 439 3515 amun..
542 3438 729 3499 Accentus.
777 3431 973 3497 necentur...
988 3432 1158 3497 secundum
1171 3434 1256 3514 quod
1267 3432 1317 3499 hic
1329 3432 1484 3509 sumitur,
1498 3438 1545 3499 est
1555 3452 1624 3498 mo-

497 3540 557 3605 dus
566 3538 799 3621 pronuntiandi
808 3538 949 3623 aliquam
961 3538 1139 3605 dictionem.
1154 3540 1296 3605 Fallacia
1302 3544 1406 3607 auum
1414 3544 1559 3607 aaaron
1576 3546 1626 3606 est

497 3646 633 3729 deceptio
645 3634 833 3729 proveniens
850 3658 894 3713 eae
905 3666 960 3725 eo,
979 3648 1064 3733 quod
1083 3648 1193 3731 alr'qrra
1209 3647 1305 3713 dictio
1321 3648 1529 3715 diversimode
1547 3656 1624 3732 pro-

498 3756 661 3833 nuntiata,
681 3754 808 3821 diversa
824 3754 983 3839 signifieat
995 3750 1060 3843 (3),
1082 3774 1116 3821 ν.
1136 3774 1187 3839 ga
1208 3755 1424 3841 Qroscunrque
1437 3760 1563 3846 justam
1577 3762 1627 3823 est

492 3856 642 3951 pendire,
656 3865 780 3948 susam
802 3865 853 3929 est
861 3861 934 3945 pati
947 3871 1084 3959 poenam.
1111 3863 1177 3930 Sed
1202 3864 1297 3930 honos
1320 3865 1406 3931 viros
1420 3868 1546 3953 justam
1576 3872 1627 3931 est

491 3966 640 4053 pindere.
660 3971 738 4054 Ergo
757 3970 852 4037 bonos
868 3970 955 4037 viros
971 3973 1096 4058 justum
1122 3974 1170 4036 est
1179 3972 1251 4055 pati
1273 3980 1412 4054 penam
1432 3974 1504 4040 Huc
1522 3974 1622 4040 etiam

497 4096 611 4145 revoca
625 4076 795 4155 fallaciam,
809 4078 842 4144 in
853 4096 919 4161 qua
932 4078 1073 4145 variatur
1082 4079 1215 4163 spiritus
1230 4080 1331 4156 vocis,
1346 4090 1383 4146 ut
1396 4081 1424 4146 si
1434 4080 1478 4147 ilo
1487 4098 1621 4167 arguas:

498 4184 611 4253 Omnis
625 4204 684 4251 ara
701 4190 749 4251 est
764 4185 800 4250 in
814 4188 937 4267 templo.
956 4186 1021 4252 Sed
1033 4186 1193 4253 stabulum
1205 4194 1374 4269 porcorum
1383 4194 1431 4255 est
1442 4188 1533 4255 lara.
1544 4189 1625 4274 Ergo

496 4295 652 4359 sabulum
661 4302 829 4377 porcorum
843 4296 892 4359 est
906 4294 942 4359 in
959 4296 1089 4377 templo:
1107 4294 1253 4378 itemque
1272 4295 1427 4362 fallacinm
1442 4296 1547 4375 illam,
1565 4318 1625 4383 per

534 4568 575 4631 (ι)
612 4562 675 4621 Cir.
692 4560 726 4620 S.
742 4561 848 4621 Thom.
864 4560 937 4621 ibid.

532 4658 573 4719 (a)
611 4649 723 4725 opusc.
740 4652 775 4710 de
791 4650 946 4727 faltonis,
962 4672 1026 4725 cop.
1041 4653 1072 4710 6.

532 4747 574 4817 (3)
610 4742 644 4803 S.
660 4744 766 4803 Thom.
784 4738 855 4801 ibid.
868 4761 932 4813 cop.
949 4761 976 4816 7.
