3492 5525
305 2004 382 2050 Sermo
392 2015 424 2049 est
434 2005 461 2049 de

288 2077 366 2133 Logica
374 2077 472 2122 docente.

291 2424 370 2478 Logica
382 2423 470 2477 duplex,

320 2494 412 2539 actualis
419 2504 440 2538 et

314 2564 441 2610 habitualis.

540 382 617 448 1080
646 384 773 450 Locren
788 385 1020 461 Maron—Lm.
1039 384 1109 462 υἱ,
1126 386 1218 448 Drsa.
1233 386 1279 447 b·
1293 384 1371 447 Cra.
1392 391 1458 447 num

497 569 735 656 paralogismos
763 570 796 635 in
830 570 966 638 Mathesi
991 569 1110 655 saepius
1136 568 1214 633 vitio
1246 569 1359 633 tonnae
1384 566 1522 633 existere
1548 566 1561 649 (
1584 564 1604 652 ).

497 679 707 762 Quamquam
720 680 907 746 addendum
923 679 1020 746 etiam
1036 696 1106 744 esse
1120 686 1214 763 puta,
1231 676 1417 760 hujusmodi
1433 674 1605 759 periculum

498 804 564 851 non
584 797 651 853 tam
673 805 831 871 magnum
850 806 923 853 esse
942 785 1123 884 discipulis,
1144 784 1200 868 qui
1216 784 1302 850 libris
1320 785 1360 849 de
1381 802 1412 847 re
1434 784 1608 847 mathema·

496 892 559 959 tica
578 894 663 964 bene
681 894 872 979 conscriptis
891 902 1040 962 utuntur.

867 1105 1166 1180 ARTICULUS
1189 1105 1235 1177 Il.

585 1256 751 1333 Qualis
774 1258 834 1320 sit
851 1272 1106 1319 concursus
1125 1255 1304 1333 Logroae
1326 1254 1384 1317 ad
1408 1250 1521 1317 alias

777 1365 989 1429 scientias
1007 1363 1330 1442 assequendas,

542 1558 618 1626 323.
668 1541 753 1606 Cum
771 1549 899 1607 certum
918 1542 976 1615 sit,
999 1541 1148 1625 logicam
1168 1556 1356 1605 concurrere
1374 1540 1406 1603 in
1426 1546 1518 1603 actus
1536 1538 1604 1601 alia-

497 1668 569 1713 rum
589 1648 812 1723 scientiarum,
834 1649 922 1717 unde
936 1648 1052 1714 dicitur
1077 1649 1144 1732 ipsa
1163 1649 1202 1712 ad
1225 1648 1293 1713 illas
1311 1646 1529 1729 assequendas
1551 1664 1603 1709 ne·

496 1755 643 1831 cessaria,
665 1756 821 1839 quaeritur
839 1774 938 1831 nunc,
959 1757 1047 1839 quod
1058 1774 1163 1840 genus
1178 1772 1355 1821 concursus
1370 1754 1421 1818 vel
1433 1752 1602 1837 iuvaminis

496 1862 557 1928 illis
577 1862 742 1937 exhibeat,
763 1863 973 1928 efficientisne
993 1882 1032 1927 au
1052 1862 1194 1927 directivi
1213 1862 1395 1927 dumtaxat.
1417 1861 1454 1929 Et
1472 1860 1601 1942 quaestio

496 1970 676 2036 instituitur
693 1970 914 2036 communiter
933 1969 973 2034 ab
992 1968 1063 2033 ΑΑ.
1085 1970 1125 2035 de
1144 1970 1260 2054 logica
1274 1969 1425 2044 docente,
1447 1985 1513 2034 non
1532 1986 1601 2031 vero

495 2078 536 2143 de
555 2087 683 2153 utente,
699 2085 737 2144 ut
756 2079 870 2161 probat
890 2078 1029 2145 Lossada
1048 2076 1062 2163 (
1086 2076 1112 2163 ).

560 2186 646 2251 Nota
664 2193 775 2251 autem
795 2185 958 2271 logicam,
977 2185 1061 2251 sicut
1075 2193 1108 2250 et
1122 2184 1300 2267 quamlibet
1314 2185 1409 2249 aliam
1426 2184 1599 2255 scientiam,

494 2292 656 2377 duplicem
684 2293 853 2378 distingui,
872 2295 1026 2358 actualem
1054 2302 1087 2358 et
1112 2293 1315 2358 habitualem:
1338 2293 1472 2359 actualis
1495 2292 1599 2377 logica

494 2400 615 2466 docens
632 2410 709 2467 sunt
727 2401 788 2483 ipsi
807 2408 899 2466 actus
927 2400 1119 2465 doctrinales
1146 2400 1349 2465 continentes
1378 2412 1535 2484 praecepta
1557 2420 1601 2463 re·

493 2510 628 2593 gulasve
647 2509 778 2593 logicas3
799 2508 970 2574 habitualis
989 2526 1065 2573 vero
1084 2518 1133 2573 est
1152 2508 1281 2574 habitus
1306 2508 1425 2573 mentis
1453 2508 1600 2573 facilitans

494 2616 535 2680 ad
554 2616 741 2700 hujusmodi
759 2623 850 2681 actus
873 2614 1058 2680 eliciendos.
1080 2616 1117 2679 Et
1136 2616 1175 2680 de
1194 2616 1308 2681 actuali
1328 2614 1461 2699 quidem
1476 2634 1537 2681 non
1557 2624 1601 2679 est

492 2724 728 2798 controversia,
749 2723 912 2806 siquidem
937 2731 1027 2789 actus
1046 2722 1118 2789 illos
1137 2722 1261 2808 logicae
1281 2724 1387 2789 solum
1416 2722 1600 2789 directivum

492 2850 686 2897 concursum
706 2832 851 2915 praebere
868 2843 958 2899 tenet
976 2831 1162 2897 communis
1176 2831 1352 2898 Doctorum
1367 2833 1528 2898 sententia
1539 2829 1599 2918 (3).

493 2939 530 3004 Et
550 2939 629 3004 ratio
648 2947 714 3017 est,
735 2938 811 3022 quia
829 2938 945 3023 logica
968 2939 1102 3004 actualis
1116 2937 1223 3023 dirigit
1242 2946 1332 3004 actus
1350 2938 1485 3006 aliarum
1504 2939 1602 3006 scien-

491 3045 610 3112 tiarum
633 3054 804 3130 tamquam
834 3055 925 3111 actus
942 3055 1111 3122 externos,
1132 3063 1198 3110 non
1217 3047 1304 3111 enim
1321 3046 1507 3112 immediate
1524 3048 1602 3113 dire·

492 3153 598 3219 ctione
618 3173 677 3219 sua
696 3165 809 3222 movet
828 3154 1006 3238 potentiam
1033 3155 1137 3238 ipsam
1167 3152 1413 3230 intellectivam,
1441 3167 1478 3222 ut
1504 3154 1603 3219 eliciat

492 3270 584 3327 actus
614 3263 741 3327 illarum
773 3262 955 3327 secundum
994 3279 1141 3326 normam
1171 3281 1189 3325 a
1216 3279 1251 3326 se
1283 3261 1518 3347 prescriptam,
1547 3263 1604 3327 sed

491 3377 621 3434 tantum
641 3369 826 3433 immediate
846 3378 956 3436 movet
976 3370 1197 3446 voluntatem,
1219 3377 1256 3434 ut
1273 3368 1416 3451 imperet
1432 3371 1603 3436 intellectui

491 3486 584 3541 actus
602 3475 777 3542 dictamine
797 3477 923 3561 logicae
941 3476 1139 3542 conformes.
1170 3474 1355 3541 Concursus
1374 3495 1453 3562 ergo
1476 3479 1527 3544 ille
1545 3479 1607 3543 Lo-

490 3583 572 3668 gicae
604 3585 738 3649 actualis
766 3603 832 3649 non
861 3592 969 3668 potest
994 3602 1064 3649 esse
1099 3583 1232 3670 physice
1261 3585 1430 3650 effectivus
1459 3596 1605 3668 respectu

490 3701 623 3757 actuum
647 3690 781 3758 aliarum
806 3690 1026 3759 scientiarum.
1054 3693 1171 3758 Utrum
1203 3700 1312 3756 autem
1342 3705 1489 3774 respectu
1515 3703 1608 3760 actus

489 3799 666 3865 voluntatis
687 3801 876 3883 imperantis
895 3799 1067 3866 intellectui
1091 3801 1172 3866 tales
1193 3807 1284 3864 actus
1302 3799 1438 3865 aliarum
1457 3803 1608 3868 scientia·

490 3927 562 3972 rum
583 3925 761 3974 concursus
777 3907 901 3992 Logicae
916 3907 1050 3972 actualis
1064 3907 1106 3973 sit
1124 3908 1307 3982 effectivus,
1319 3909 1533 3992 judicandum
1554 3921 1609 3976 est

488 4033 529 4080 ex
555 4016 696 4098 generali
735 4015 881 4080 doctrina
913 4015 985 4080 alibi
1010 4014 1166 4080 tradenda
1198 4015 1239 4080 de
1271 4015 1394 4082 ratione
1428 4035 1610 4086 concursus

522 4234 562 4295 (r)
600 4229 632 4287 ln
645 4231 713 4288 Act.
732 4231 835 4298 Erud,
852 4249 931 4287 amn.
951 4249 1015 4302 17¹¹
1030 4230 1109 4302 apud
1133 4229 1238 4287 Roselli
1258 4229 1369 4289 Samm.
1393 4231 1518 4302 Philas,
1534 4247 1560 4300 t,
1587 4257 1610 4293 r.

485 4319 599 4393 Logia,
614 4339 644 4390 q.
657 4339 685 4388 2,
699 4340 726 4378 a.
743 4339 771 4388 a,
786 4319 817 4377 in
832 4333 901 4377 note
914 4319 951 4378 ad
966 4307 1093 4377 tertium.

522 4413 563 4474 (2)
598 4409 713 4482 Logia,
730 4420 812 4466 tract.
832 4420 870 4468 r.⁰
884 4429 1016 4481 prooem,
1032 4409 1110 4480 disp.
1129 4430 1152 4476 1,
1167 4429 1229 4480 cap.
1245 4429 1273 4481 4,
1290 4429 1319 4467 n.
1336 4429 1362 4478 a,
1379 4429 1461 4482 seqq.

520 4499 562 4569 ις)
596 4491 720 4569 Aliquos
733 4511 830 4556 tamen
839 4500 981 4556 Auctores
990 4499 1075 4557 etiam
1086 4498 1200 4556 actibus
1215 4497 1328 4572 Logicae
1342 4500 1379 4556 ad
1389 4514 1472 4559 actus
1481 4501 1613 4564 ulianam

485 4586 671 4644 scientiarum
686 4607 858 4646 concursum
872 4587 1042 4646 efficientem
1063 4587 1257 4648 attribuentes
1271 4587 1356 4646 tacito
1378 4591 1497 4650 nomine
1517 4593 1615 4654 refert

485 4676 520 4733 P.
536 4674 699 4735 Richardus
716 4677 824 4751 Lynce,
840 4677 968 4736 Dialect.
983 4687 1112 4752 proma
1129 4689 1213 4737 tract.
1231 4699 1256 4750 3,
1271 4696 1334 4750 cap.
1346 4699 1374 4751 7,
1391 4699 1420 4737 n.
1440 4681 1487 4738 66.
