3492 5525
546 488 606 553 314
732 468 858 533 Locren
878 466 1133 531 Minore-Diem
1159 477 1204 547 3.·
1226 464 1304 530 Cnn.
1331 482 1401 531 rum

503 660 637 739 propter
653 668 749 718 suam
773 668 849 716 cum
869 648 925 717 ilio
943 647 1133 716 enuntiabili
1152 648 1426 717 necessitudinem
1445 668 1507 717 nos
1523 650 1627 737 possit

505 760 547 825 ad
580 758 827 827 assentiendum
851 758 904 824 vei
930 754 1190 825 dissentiendum
1224 775 1428 842 permovere.
1454 756 1626 827 Inventum

398 906 402 915 ·
505 864 667 953 ejusmodi
686 874 821 933 vocatur
834 866 936 942 ratio,
952 864 1103 941 rudium,
1122 873 1154 929 et
1167 864 1265 932 etiam
1283 868 1517 949 orgununbun:
1531 867 1626 945 rotro,

505 974 581 1059 quia
604 992 672 1039 rem
692 973 837 1040 ostendit
856 970 1051 1055 intellectui:
1072 971 1225 1049 medium,
1245 972 1321 1056 quia
1336 980 1387 1041 est
1400 974 1491 1041 velut
1510 972 1628 1041 instru-

506 1092 670 1157 mentum,
701 1082 796 1166 cujus
832 1098 895 1164 ope
926 1078 1091 1147 inducitur
1123 1097 1218 1146 mens
1245 1079 1287 1146 ad
1320 1081 1568 1167 conjungendos
1592 1081 1626 1147 in

503 1187 714 1255 conclusione
731 1187 909 1269 terminos;
927 1190 1145 1271 argumentum
1165 1186 1324 1271 denique,
1348 1189 1426 1271 quia
1448 1206 1517 1253 rem
1537 1198 1628 1275 patc-

503 1295 641 1372 faciens,
668 1294 872 1361 inteilectum
891 1294 998 1379 arguit
1015 1302 1049 1359 et
1065 1294 1243 1372 convincit,
1268 1301 1371 1378 atque
1393 1295 1435 1361 ad
1453 1312 1625 1363 assensum

503 1405 556 1470 vei
588 1403 776 1470 dissensum
809 1402 966 1487 perducit.
999 1402 1074 1469 ideo
1104 1400 1233 1469 definiri
1260 1411 1496 1489 argumentum
1527 1404 1624 1471 solet:

463 1514 468 1523 ·
504 1512 666 1579 enimam
682 1486 1254 1597 comarumcomarum).

539 1708 582 1779 (ι)
616 1708 849 1782 Argumentum,
865 1703 963 1778 inquit
977 1704 1124 1777 Aquinus,
1137 1706 1259 1779 proprie
1276 1705 1384 1763 dicitur
1402 1714 1555 1781 processus
1575 1728 1626 1765 ra-

504 1800 595 1879 tionis
609 1800 645 1856 de
658 1798 737 1856 notis
750 1798 788 1855 ad
801 1798 905 1872 ignota
918 1796 1148 1865 manifestanda,
1165 1794 1322 1852 secundum
1333 1796 1407 1869 quod
1420 1795 1496 1853 dicit
1505 1796 1626 1855 Boetius

503 1896 516 1958 (
524 1910 559 1947 ex
573 1887 707 1947 Ciceron.
726 1886 828 1961 Topic.
844 1888 908 1950 aar)
923 1885 996 1957 quod
1009 1892 1052 1941 est
1067 1884 1145 1942 ratio
1159 1883 1205 1941 rei
1215 1884 1312 1941 dubiae
1323 1886 1444 1957 faciens
1456 1883 1550 1952 fidem.
1565 1885 1627 1952 (De
1730 1922 1731 1941 r

502 1978 681 2050 differentiis
695 1976 783 2049 topic.
798 1973 850 2033 lib.
865 1992 891 2041 2,
908 1992 971 2045 cap.
987 1974 1028 2043 a.)
1042 1972 1080 2031 Et
1093 1974 1162 2046 quia
1174 1982 1233 2031 tota
1247 1974 1297 2031 uis
1311 1975 1482 2049 argumenti
1491 1976 1628 2055 consistit

502 2071 537 2127 in
550 2067 642 2126 medio
655 2066 792 2134 termino,
806 2084 845 2122 ex
858 2083 913 2137 quo
927 2064 965 2121 ad
978 2064 1147 2139 ignotorum
1160 2064 1359 2137 probationem
1372 2064 1547 2138 proceditur:
1564 2066 1627 2123 ideo

502 2158 611 2216 dicitur
630 2157 731 2231 ipsum
751 2154 874 2211 medium
896 2166 1102 2225 ammentum,
1130 2152 1194 2211 siue
1213 2153 1254 2209 sit
1275 2154 1413 2227 signum,
1436 2154 1500 2213 siue
1521 2173 1625 2225 causa,

502 2250 566 2309 sioe
579 2254 707 2319 effectus.
721 2244 759 2301 Et
773 2244 845 2317 quia
855 2245 889 2300 in
903 2242 995 2299 medio
1009 2242 1131 2303 termino
1142 2242 1193 2299 uel
1201 2243 1234 2298 in
1247 2242 1408 2317 principio,
1419 2263 1457 2301 ex
1470 2263 1524 2317 quo
1535 2265 1627 2321 argn-

502 2336 655 2395 mentando
667 2334 850 2409 proceditur,
864 2330 1026 2389 continetur
1047 2328 1158 2387 uirtute
1176 2338 1252 2387 totus
1266 2337 1421 2404 processus
1434 2342 1624 2408 argumenta·

501 2427 606 2497 tionis,
630 2426 695 2483 ideo
719 2432 844 2481 tractum
869 2431 914 2479 est
936 2439 1037 2478 nomen
1059 2421 1228 2493 argumenti
1248 2420 1286 2477 ad
1309 2420 1377 2489 lroc,
1400 2422 1473 2495 quorl
1492 2423 1626 2495 qualibet

503 2516 600 2575 breuis
613 2513 777 2590 praelibatio
790 2517 905 2583 suturae
923 2509 1104 2567 narrationis
1125 2508 1240 2567 dicatur
1257 2518 1459 2584 argumentum
1466 2534 1476 2577 ‚·
1496 2512 1575 2569 sicut
1596 2512 1629 2569 in

502 2607 640 2683 epistolis
653 2600 764 2674 Pauli,
777 2600 907 2675 singulis
918 2600 1137 2675 praemittuntur
1156 2607 1339 2674 argumenta.
1362 2598 1401 2659 Et
1419 2600 1491 2673 quia
1509 2601 1627 2673 princi·

502 2697 584 2773 pium
598 2695 647 2753 uel
658 2693 783 2751 medium
804 2692 917 2749 dicitur
938 2696 1151 2763 argumentum,
1169 2691 1357 2763 inquantum
1380 2689 1466 2747 babet
1490 2690 1628 2748 uirtutem

502 2784 709 2858 manifestandi
719 2782 943 2850 conclusionem,
953 2787 981 2838 et
991 2780 1045 2836 boc
1054 2780 1154 2836 uerius
1164 2780 1240 2836 inest
1250 2780 1280 2836 ei
1289 2798 1327 2837 ex
1338 2780 1448 2836 lumine
1457 2779 1627 2838 intellectus
1731 2789 1732 2826 t

502 2876 632 2950 agentis,
643 2873 729 2947 cujus
738 2880 781 2929 est
792 2871 1027 2938 instrumentum,
1039 2867 1106 2941 quia
1115 2870 1211 2925 omnia
1223 2887 1284 2940 quoe
1294 2877 1475 2943 arguuntur,
1487 2891 1506 2926 a
1516 2871 1628 2928 lumine

502 2967 730 3035 manifestantur
739 2961 789 3030 (ut
803 2960 916 3018 dicitur
925 2957 1032 3032 pres.
1049 2957 1101 3028 V),
1115 2959 1179 3014 ideo
1190 2959 1286 3032 ipsum
1298 2958 1405 3027 lumen,
1416 2977 1472 3032 quo
1483 2956 1627 3030 manifes—
1731 2953 1732 2958 '

503 3064 604 3113 tantur
618 3052 784 3128 principia,
799 3052 879 3108 sicut
894 3047 1050 3124 principiis
1066 3047 1293 3113 manifestantur
1304 3048 1519 3118 conclusiones,
1532 3057 1628 3123 potest

503 3145 568 3203 dici
578 3156 784 3216 argumentum,
794 3141 925 3214 ipsorum
933 3137 1157 3213 principiorum.
1169 3139 1226 3210 (33
1235 3135 1304 3195 dist.
1316 3156 1361 3208 23,
1372 3156 1401 3209 q.
1415 3157 1441 3206 a,
1451 3158 1478 3196 s.
1494 3159 1505 3196 s
1517 3137 1556 3197 ed
1565 3149 1626 3212 4.·)

558 3232 651 3290 Paulo
663 3229 749 3290 aliter
762 3228 797 3290 S.
812 3229 1035 3288 Bonnventurn:
1051 3228 1180 3301 Proprie
1201 3227 1331 3299 quidem,
1347 3225 1460 3298 inquit,
1475 3249 1627 3301 umen-

503 3339 564 3381 turn
575 3322 721 3396 accipitur
739 3319 896 3378 secundum
915 3319 1137 3392 quadruplicem
1155 3317 1361 3390 acceptionem.
1377 3317 1456 3374 Nam
1473 3336 1530 3376 uno
1544 3322 1627 3378 modo

503 3414 612 3470 de'citur
624 3419 826 3485 argumentum
840 3408 1043 3466 ratiocinatio:
1058 3409 1120 3464 alio
1135 3406 1334 3464 maledicitur
1345 3415 1547 3480 argumentum
1557 3417 1624 3482 pro·

504 3503 575 3560 lixae
600 3502 753 3560 sententiae
774 3498 874 3557 breuis
896 3497 1042 3556 collectio:
1070 3497 1153 3553 tertio
1177 3496 1258 3552 modo
1282 3495 1392 3552 dicitur
1419 3507 1624 3574 argumentum

502 3594 601 3666 ipsum
619 3590 762 3658 medium,
784 3589 817 3645 in
837 3607 891 3661 quo
915 3587 1048 3644 consistit
1069 3593 1129 3642 tota
1147 3585 1197 3641 uis
1221 3586 1504 3656 argumentationis:
1524 3597 1626 3660 quarto

502 3683 583 3739 modo
597 3681 710 3739 dicitur
722 3685 924 3754 argumentum
940 3678 1009 3751 ipsa
1022 3676 1152 3732 maxima
1169 3673 1342 3747 propositio,
1362 3674 1395 3730 in
1410 3694 1466 3747 qua
1487 3677 1627 3735 consistit

492 3769 625 3846 firmitas
637 3770 727 3827 totius
740 3768 901 3826 illationis.
918 3766 952 3822 ln
966 3765 1098 3824 omnibus
1112 3773 1216 3822 tamem
1229 3763 1274 3820 iris
1285 3763 1517 3838 acceptionibus,
1532 3787 1627 3842 argu-

502 3869 626 3918 mentum
641 3859 764 3926 dicitur,
779 3857 847 3930 quia
860 3865 982 3913 mentem
1000 3856 1101 3930 arguit
1118 3863 1145 3912 et
1159 3853 1309 3910 illuminat
1323 3853 1361 3910 ad
1374 3853 1488 3928 aliquid
1509 3855 1626 3914 intuen-

502 3950 583 4017 dum,
596 3956 625 4006 et
639 3949 668 4005 ei
671 3947 802 4022 firmiter
816 3947 1029 4003 adbcerendum.
1042 3947 1095 4015 (ς.ο
1104 3943 1173 4002 dist.
1189 3962 1238 4016 23,
1252 3955 1307 4000 nrt.
1323 3961 1386 4014 1,q.
1400 3943 1460 4015 5ad
1472 3965 1536 4017 urg.
1549 3951 1626 4012 ψ)

557 4038 600 4096 Ex
621 4036 668 4096 his
680 4035 799 4095 ridetur
811 4034 923 4108 colligi,
948 4033 1108 4094 secuudum
1126 4035 1201 4092 duos
1221 4033 1276 4092 hos
1297 4030 1473 4092 clarissimos
1492 4033 1627 4094 ΕαοΙοείω

504 4127 654 4195 Doctores,
669 4134 875 4200 argumentum
888 4137 917 4182 et
930 4125 1053 4181 medium
1066 4123 1163 4206 quoad
1178 4141 1239 4180 rem
1250 4119 1342 4193 ipsum
1355 4139 1408 4192 pro
1418 4121 1520 4182 eodem
1535 4125 1625 4194 sumi3

503 4230 533 4276 et
546 4217 586 4275 its
599 4215 688 4274 etism
701 4214 834 4276 sentiunt
848 4215 975 4274 Fonsecs
989 4212 1057 4279 (lib.
1070 4213 1099 4282 6,
1111 4211 1179 4270 lnst.
1189 4211 1308 4268 dialect.
1326 4229 1390 4282 cap.
1408 4231 1433 4279 r,
1445 4225 1473 4270 et
1484 4211 1512 4282 6,
1530 4212 1582 4270 lib.
1597 4235 1624 4286 7,

503 4325 568 4379 cap.
581 4305 638 4380 9.),
652 4305 695 4364 De
710 4289 888 4374 Benedictis,
907 4301 1024 4374 aliique.
1039 4301 1104 4360 Non
1126 4313 1223 4360 nutem
1237 4298 1359 4368 desunt,
1375 4298 1427 4370 qui
1443 4313 1544 4360 contra
1558 4301 1627 4374 opi-

505 4409 627 4461 nentur,
642 4393 731 4454 lstius
742 4406 841 4466 potere
859 4405 1022 4450 asserentes
1039 4399 1241 4468 argumentum
1261 4408 1350 4459 quam
1374 4389 1515 4460 medium,
1531 4411 1626 4466 argu·

506 4498 637 4543 mentum
650 4483 761 4555 quippe
773 4496 818 4541 est
832 4481 985 4540 inventum
1005 4479 1117 4552 aliquid
1136 4479 1172 4538 nd
1188 4476 1348 4536 iaciendum
1369 4475 1455 4536 iidem
1475 4476 1624 4552 idoneum,

504 4575 631 4633 medium
642 4591 711 4631 vcro
725 4571 841 4644 proprie
854 4592 887 4630 sc
901 4569 1000 4630 stricte
1012 4569 1129 4628 videtur
1142 4587 1205 4636 esse
1220 4564 1377 4633 terminus,
1395 4565 1445 4638 qui
1459 4567 1580 4641 ponitur
1595 4569 1625 4630 in

504 4661 700 4730 antecedente,
727 4674 758 4720 et
777 4680 838 4720 non
853 4659 1018 4733 ingreditur
1035 4679 1087 4724 noc
1105 4672 1201 4732 potest
1224 4657 1256 4716 iu
1274 4667 1352 4732 recto
1372 4655 1626 4732 argumentatione

503 4750 717 4814 conclusionem
734 4749 858 4826 ngredi.
883 4751 928 4812 Ex
947 4769 1006 4824 quo
1023 4749 1156 4823 sequitur
1178 4747 1267 4811 etism
1290 4748 1435 4812 discordis
1453 4747 1624 4812 eorumdem
