3492 5525
404 419 523 536 Anric.
547 485 607 553 3³²·
628 470 678 536 De
698 470 855 536 Temno
876 489 973 537 onem
1152 485 1206 554 ¹²5

171 653 251 719 Drco
275 660 325 720 2.⁰
371 660 484 721 Voces
506 661 603 737 prius
625 667 660 722 et
682 659 917 722 immediatius
940 659 1103 722 videntur
1120 659 1251 736 signifi·
1274 648 1459 777 fflsseffi

122 783 205 828 care
222 783 281 830 nes
303 776 405 844 prout
431 776 628 845 conceptas,
649 785 712 831 seu
725 767 914 844 obiectivos
927 775 1132 845 conceptus,
1146 783 1251 845 quam
1265 801 1329 847 ,mi
1340 803 1464 848 mmm,

123 881 185 934 aut
197 883 385 951 conceptus
397 876 561 938 formales
575 883 706 938 autres
720 875 829 952 ipsas,
844 885 947 954 prout
959 874 997 936 in
1011 882 1160 938 cesant.

171 1083 281 1148 Prima
300 1090 391 1165 pars.
437 1083 626 1170 significare
649 1093 699 1150 est
727 1071 960 1168 repraesentare
984 1085 1087 1150 menti
1113 1084 1250 1167 aliquid,

124 1208 185 1254 seu
194 1191 332 1256 excitare
341 1191 489 1256 notitiam
499 1190 635 1275 alicujus
646 1190 1038 1276 rei.Atqui,experientia
1047 1201 1253 1267 teste,voca·
1292 1174 1298 1181 ⁵

126 1299 204 1362 bula
227 1299 317 1381 prius
338 1297 479 1364 excitant
502 1315 610 1363 rerum
635 1317 653 1362 a
678 1299 834 1381 loquente
853 1299 1061 1383 cognitarum
1087 1297 1267 1374 notitiam„
1374 1332 1378 1340 ·

125 1423 227 1488 quam
247 1405 474 1489 cognitionum
500 1424 558 1472 seu
583 1418 805 1490 conceptuum
833 1406 999 1490 ejusdem.
1026 1404 1155 1470 Etenim
1173 1423 1251 1470 cum

125 1513 328 1578 locutionem
349 1513 489 1595 aliquam
515 1513 684 1588 audimus,
709 1512 796 1578 illico
822 1513 1105 1589 noseradinus,
1127 1512 1253 1595 absquo

126 1621 192 1683 ulla
220 1637 320 1702 supra
348 1629 545 1703 conceptum
575 1619 740 1703 loquentis
766 1619 961 1697 reflexione,
991 1620 1032 1686 ad
1059 1638 1127 1686 rem
1147 1619 1253 1702 ipsam

123 1725 335 1811 cogitandam
356 1727 514 1810 pervolat.
531 1725 618 1802 Quin
632 1745 719 1811 saepe
736 1746 802 1793 non
819 1728 906 1792 aliud
921 1727 1091 1793 advertere
1105 1723 1255 1792 videmur

124 1841 244 1918 praeter
255 1834 342 1917 ipsas
355 1851 405 1899 res
415 1834 555 1900 auditas.
569 1833 712 1910 Quando
722 1846 967 1918 veropraeterea
982 1836 1023 1900 de
1033 1835 1104 1919 ipsa
1114 1835 1254 1916 loquen-

123 1941 166 2006 tis
185 1939 375 2026 cognitione
394 1942 482 2007 subit
510 1943 660 2016 animum
679 1941 853 2028 cogitatio,
873 1942 907 2007 id
925 1941 1144 2012 tierividetur
1158 1939 1252 2024 quasi

124 2067 165 2114 ex
184 2047 420 2130 consequenti,
441 2057 606 2132 quatenus
626 2049 780 2116 nimirum
801 2068 843 2114 ex
863 2048 962 2114 rebus
980 2048 1100 2114 auditis
1118 2045 1254 2113 scientia

124 2157 177 2220 vel
203 2155 407 2239 ignorantia,
434 2175 519 2223 verae
543 2157 595 2222 vel
619 2157 708 2222 talsae
736 2155 903 2240 loquentis
930 2155 1137 2240 cognitiones
1164 2154 1254 2220 colli-

122 2272 264 2347 guntur.
761 2259 764 2266 '

193 2369 418 2455 Confirnmtur.
440 2369 524 2442 Quia
537 2371 625 2436 aliud
639 2369 762 2436 anobis
774 2368 1130 2462 priusetinmediatuls
1140 2387 1255 2453 appre-

123 2477 567 2553 henditur,cumaudimus:
591 2479 689 2546 Roma
700 2478 824 2560 existit;
838 2489 870 2544 et
883 2477 986 2560 aliud,
998 2461 1074 2543 cum
1085 2475 1252 2542 audimus:

123 2584 233 2668 Cogita
274 2585 326 2648 vel
364 2585 502 2666 concipio
537 2585 666 2652 Romam
700 2585 843 2652 existere.
882 2586 916 2650 ln
953 2584 1124 2668 posteriori
1158 2601 1254 2668 porro

121 2691 280 2775 exemplo
293 2691 409 2775 prima,
425 2709 500 2776 quae
516 2692 618 2758 menti
644 2692 783 2758 occurrit
805 2692 1039 2778 apprehensio,
1066 2698 1117 2757 est
1141 2690 1183 2756 de
1207 2691 1255 2756 lo-

119 2799 258 2883 quentis
286 2809 462 2884 conceptu.
486 2799 570 2885 Ergo
593 2800 782 2885 oppositum
807 2802 985 2867 dicendum
1005 2809 1056 2865 est
1080 2800 1121 2865 de
1147 2797 1254 2884 primo

122 2906 297 2990 exemplo.
1174 2902 1179 2910 '

188 3013 441 3096 secundumn.
486 3017 571 3081 Nam
586 3033 663 3080 cum
682 3015 840 3081 vocabula
858 3014 892 3081 in
914 3016 1027 3080 locum
1049 3014 1252 3081 internorum

118 3129 348 3204 conceptuum
375 3122 614 3207 subrogentur,
641 3123 697 3205 qui
718 3131 883 3206 patescere
905 3122 973 3187 aliis
989 3121 1178 3188 bominibus
1198 3139 1255 3205 per

116 3249 154 3293 se
182 3246 253 3293 non
281 3238 436 3311 possunt;
467 3246 518 3293 res
542 3228 629 3313 ipsas
656 3248 722 3295 non
752 3229 951 3313 patefaciunt
981 3227 1042 3295 nisi
1068 3228 1253 3295 secundum

116 3352 315 3401 mensuram
341 3345 374 3400 et
396 3336 541 3420 regulam
564 3336 790 3421 cognitionum
818 3336 996 3419 loquentis.
1022 3336 1056 3403 ld
1070 3337 1161 3420 quod
1183 3336 1255 3402 nul-

116 3442 174 3508 libi
203 3443 330 3507 'melius
357 3441 501 3508 cernitur
525 3460 626 3526 quam
659 3444 692 3508 in
721 3442 857 3509 vocibus
884 3453 1017 3510 naturas
1040 3444 1253 3518 universales,

115 3569 150 3617 v.
168 3570 210 3635 g.
225 3548 390 3633 bemineru,
405 3549 539 3626 animai,
558 3549 609 3614 vel
629 3552 749 3616 formas
763 3550 960 3626 abstractas,
978 3559 1056 3635 puta
1067 3549 1253 3626 alicam,

114 3655 383 3733 rationalitatem,
400 3667 432 3722 et
452 3656 634 3742 generatim
648 3656 776 3741 objecta
796 3657 979 3742 praecisive,
1001 3656 1208 3741 inadaequate
1223 3677 1256 3735 et

113 3766 313 3849 imperfecte
340 3764 614 3847 exprimentibus.
646 3764 739 3830 Unde
770 3775 878 3851 patet,
902 3784 954 3831 res
977 3783 1045 3831 non
1069 3764 1256 3848 quomodo-

111 3890 270 3955 cumque
287 3868 464 3957 ¹significari
484 3873 636 3949 vocibus,
654 3872 711 3939 sed
734 3882 831 3958 prout
849 3874 1001 3939 substant
1025 3872 1253 3957 conceptibus,

111 4000 174 4047 seu
201 3988 302 4064 prout
322 3977 553 4063 exprimuntur
571 3980 797 4064 conceptibus.
820 3980 1034 4046 Locutionem
1065 3978 1154 4046 enim
1177 3998 1257 4046 con·

110 4070 241 4173 ceptus
254 4094 288 4151 et
301 4085 447 4171 cognitio
463 4086 645 4171 praecedere
657 4086 768 4165 debet,
784 4097 817 4153 et
846 4106 906 4173 pro
930 4086 1118 4156 diversitate
1137 4105 1256 4153 conce·

111 4206 198 4281 ptus
214 4193 413 4260 adhibentur
427 4212 525 4260 voces
538 4213 607 4260 rem
619 4194 792 4279 perfectius
804 4203 861 4261 aut
874 4195 985 4262 minus
997 4196 1139 4281 perfecte
1149 4193 1257 4261 decla·
1338 4188 1347 4199 ⁰

111 4312 244 4370 rantes.

183 4409 296 4478 Ereti:
323 4424 421 4493 voces
445 4409 587 4475 inventae
608 4419 687 4476 sunt
703 4418 736 4477 et
751 4417 969 4494 usurpantur,
998 4418 1035 4475 ut
1053 4408 1125 4477 alils
1146 4416 1255 4494 pateat

110 4520 144 4584 id
162 4518 283 4605 ipsum
305 4516 398 4599 quod
416 4516 564 4599 loquenti
582 4526 672 4602 patet
687 4536 744 4603 per
762 4536 841 4584 suos
865 4516 1014 4603 proprios
1027 4526 1208 4603 conceptus
1222 4526 1256 4581 et

107 4624 340 4713 cognitiones.
368 4624 471 4708 Atqui
496 4624 643 4708 loquenti
672 4624 779 4710 primo
804 4635 837 4693 et
852 4624 1043 4693 immediate
1068 4632 1182 4712 patent
1207 4642 1258 4690 res

111 4742 221 4823 prout
233 4730 530 4818 conceptae.Ergo.
621 4808 625 4815 ‚
1023 4710 1031 4727 ’
