3492 5525
368 463 484 527 Anne.
511 474 569 526 re·
589 460 685 541 Quro
707 478 965 527 osuousrrunro
1131 460 1193 546 859

174 651 280 731 Reep.
300 645 373 713 licet
391 664 504 712 verum
524 645 627 731 possit
644 645 791 713 concludi
815 662 857 718 ex
885 644 991 722 ialsis,
1023 662 1090 711 non
1117 651 1228 711 tamen

107 761 216 837 potest
233 752 312 821 sciri
335 771 376 819 ex
394 751 492 819 falsis.
517 752 602 820 Cum
630 752 739 836 iraque
766 752 1002 819 demonstratio
1027 751 1068 819 sit
1096 749 1231 838 syllogi-

105 861 337 931 smuslaciens
353 861 449 938 scire,
472 878 538 927 non
559 870 666 946 potest
686 860 859 946 procedere
879 861 941 927 nisi
959 879 1000 926 ex
1014 858 1100 926 veris
1117 856 1183 948 (r).

151 974 329 1052 Obiie.·3.⁰
374 968 462 1035 idem
481 977 532 1035 est
549 968 862 1035 demonstrationem
878 967 997 1034 debere
1015 985 1088 1035 esse
1106 985 1148 1033 ex
1166 967 1231 1051 pri·

107 1074 187 1153 mis,
208 1094 245 1143 ac
272 1094 313 1143 ex
340 1074 512 1160 prioribus.
532 1076 616 1161 Ergo
642 1074 675 1142 in
694 1075 838 1142 secunda
856 1073 1048 1142 delinitione
1066 1073 1230 1141 redundat

105 1185 260 1251 alterutra
273 1202 319 1249 ex
338 1182 389 1250 his
407 1182 544 1250 vocibus
562 1179 628 1271 (2).

173 1296 278 1375 lteep.
302 1288 378 1357 dist.
398 1300 519 1372 antec.;
544 1288 652 1374 quoad
681 1308 751 1357 rem
775 1288 900 1376 ipsam,
925 1308 1028 1368 corrc..
1055 1289 1165 1373 quoad
1184 1308 1230 1355 re·

104 1408 274 1484 spectum,
294 1416 380 1483 neg„
400 1404 434 1463 et
452 1416 523 1483 neg.
544 1416 679 1483 conseq.

173 1506 298 1573 Etenim
309 1504 571 1591 «propositiones
585 1504 873 1573 demonstrationis
882 1514 1014 1591 propter
1026 1504 1106 1590 quid
1116 1503 1229 1573 dicun·

102 1625 159 1681 tur
178 1613 293 1698 primre
311 1612 343 1680 in
369 1612 483 1679 ordine
505 1612 546 1678 ad
565 1611 658 1688 alias,
680 1631 737 1697 per
757 1631 841 1697 quas
865 1612 992 1698 probari
1019 1614 1163 1698 possint,
1191 1620 1229 1680 ut

105 1722 315 1797 dictumest,
336 1729 369 1785 et
392 1719 544 1787 dicuntur
563 1719 684 1805 priores
702 1718 735 1785 in
764 1720 877 1787 ordine
902 1720 944 1785 ad
966 1718 1225 1796 conclusionem,

106 1848 184 1895 nam
200 1826 441 1914 propositiones
450 1826 620 1895 continent
632 1844 784 1904 causam,
799 1827 964 1895 conclusio
978 1828 1147 1907 eflectum,
1160 1845 1227 1911 quo

104 1935 191 2021 prior
205 1954 336 2021 semper
349 1943 399 2003 est
412 1936 593 2003 secundum
609 1944 757 2003 naturam
773 1953 897 2003 eausa»
916 1931 981 2022 (3).
1169 1981 1175 1989 .

149 2049 259 2127 obite.
275 2051 326 2128 4.⁰
372 2042 423 2108 Ab
436 2041 612 2109 Aristotele
626 2042 780 2111 definitur
788 2043 1024 2110 demonstratio
1032 2042 1228 2128 syllogismus

104 2150 225 2218 iaciens
244 2149 336 2217 scire.
362 2150 462 2233 Atqui
482 2150 611 2217 videtur
629 2149 726 2216 etiam
755 2149 970 2238 enthymema
995 2169 1092 2235 posse
1111 2150 1227 2219 eadem

103 2260 224 2326 virtute
239 2259 372 2344 pollere,
387 2266 424 2324 ut
443 2276 562 2341 nempe
576 2257 669 2326 iaciat
684 2257 777 2325 scire.
793 2257 877 2343 Ergo
896 2276 1064 2343 perperam
1089 2258 1229 2325 demon·

102 2364 216 2434 stratio
234 2365 388 2433 desinitur
405 2384 445 2431 eo
464 2365 577 2433 modo.
1009 2365 1013 2374 '

170 2479 275 2557 Reep.
307 2472 384 2539 dist.
421 2470 541 2540 Minor.
575 2470 610 2538 Si
638 2470 900 2557 subintelligatur
926 2470 1123 2558 propositio,
1152 2491 1228 2557 que

102 2583 135 2649 in
154 2581 400 2668 enthymemate
417 2578 586 2655 reticetur,
606 2598 709 2656 conc..
729 2596 840 2655 secus,
857 2599 930 2664 neg.
944 2579 1013 2647 Nisi
1029 2580 1116 2647 enim
1132 2581 1227 2647 redu·

101 2698 194 2757 catur
211 2689 252 2755 ad
271 2690 410 2774 formam
429 2686 681 2775 syllogisticam,
702 2688 888 2773 supplendo
908 2706 1009 2754 unam
1024 2706 1065 2755 ex
1081 2689 1228 2774 praemis·

102 2799 165 2875 sis,
185 2806 300 2882 aptum
329 2795 463 2880 quidem
482 2813 556 2862 esse
575 2795 693 2880 poterit
720 2795 761 2860 ad
780 2796 924 2880 aliquem
948 2814 1121 2864 assensum
1152 2816 1228 2881 pro-

101 2905 243 2974 habilem
270 2903 513 2990 generandum,
535 2921 601 2970 non
626 2921 705 2970 vero
732 2903 773 2969 ad
799 2903 1023 2990 generandum
1051 2922 1224 2973 assensum

100 3023 229 3081 certum
258 3020 357 3096 atque
384 3009 589 3088 evidentem,
618 3017 719 3095 alque
736 3010 819 3076 adeo
844 3008 1032 3088 scientiam,
1060 3011 1138 3095 quia
1161 3031 1225 3079 una
1267 3067 1273 3079 .

99 3132 231 3190 tantum
255 3119 435 3206 propositio
465 3118 498 3185 in
527 3118 731 3186 antecedenti
759 3137 913 3202 expressa
944 3136 1011 3186 non
1040 3119 1160 3188 sufficit
1185 3120 1226 3186 ad

100 3229 338 3298 ostendendam
357 3226 560 3296 identitatem
580 3225 630 3293 vei
661 3227 911 3312 repugnantiam
934 3237 1159 3296 extremorum
1192 3227 1225 3296 in

99 3337 311 3406 conclusione
329 3331 394 3423 (4).

144 3449 254 3528 obite.
280 3449 330 3512 ⁵.⁰
375 3440 618 3509 Demonstratio
632 3439 750 3508 dicitur
763 3440 832 3509 lieri
846 3461 889 3509 ex
908 3441 1104 3512 notioribus.
1122 3441 1225 3529 Atqui

100 3555 164 3619 lroc
183 3569 255 3618 esse
275 3549 400 3634 nequit.
425 3549 509 3617 Nam
533 3544 568 3636 α)
596 3547 773 3616 Praemissae
803 3549 957 3618 dicuntur
984 3552 1145 3629 notiores,
1171 3554 1223 3619 vel

100 3661 178 3745 quia
196 3657 354 3734 veriores,
370 3658 421 3724 vel
440 3657 516 3741 quia
535 3656 699 3723 certiores.
719 3658 794 3724 Non
814 3657 978 3742 primum,
1003 3660 1080 3743 quia
1107 3659 1224 3727 veritas
1297 3677 1301 3685 ·

98 3778 148 3835 est
167 3765 200 3833 in
219 3764 421 3841 indivisibili,
441 3781 501 3830 nec
520 3763 661 3830 admittit
690 3765 794 3849 magis
812 3772 844 3831 et
861 3765 985 3834 minus.
1005 3767 1078 3834 Non
1108 3784 1226 3834 secun·

98 3876 200 3950 dum,
220 3872 296 3957 quia
316 3870 491 3957 praemissae
518 3878 596 3938 sunt
620 3889 727 3938 causae
752 3874 930 3950 naturales,
959 3881 992 3942 et
1023 3882 1120 3958 prout
1143 3874 1224 3941 tales

99 3983 242 4050 influunt
260 3982 293 4048 in
308 3980 570 4048 conclusionem:
587 3997 667 4064 ergo
680 3986 784 4046 totam
800 3999 895 4048 suam
910 3981 1141 4067 perlectionem
1155 4001 1224 4049 cer·

97 4089 246 4156 titudinis
263 4088 307 4155 illi
325 4086 570 4156 communicent
589 4105 723 4154 necesse
742 4095 810 4165 est,
835 4090 1015 4176 praesertim
1042 4108 1118 4157 cum
1142 4109 1223 4158 con-

134 4307 175 4371 (ι)
212 4301 275 4362 Cir.
303 4303 439 4362 Alamau.
464 4301 504 4361 ib.
528 4301 566 4362 ad
587 4312 648 4361 a.··
670 4301 746 4362 Vide
769 4302 893 4372 Senam,
917 4303 1006 4362 totius
1027 4305 1102 4380 Lag.
1126 4303 1221 4364 Arist.

96 4406 183 4453 treet.
198 4414 226 4467 9.
242 4412 305 4465 cap.
322 4413 348 4466 3.

135 4488 176 4552 (a)
213 4479 311 4554 Apud.
322 4480 430 4551 Alam„
447 4478 492 4539 loe
505 4479 553 4541 cit.
569 4501 632 4556 erg.
648 4493 689 4558 7.·

135 4573 178 4644 (3)
214 4569 495 4644 Almmuiadp*

134 4661 175 4733 (4)
212 4659 274 4718 Cir.
290 4656 480 4730 Conimbric.,
496 4657 547 4718 lib.
566 4661 784 4731 tereretur„
797 4680 859 4733 cap.
876 4679 904 4730 a,
919 4681 950 4733 q.
966 4679 992 4730 a,
1008 4674 1066 4723 ert.
1080 4683 1105 4733 ις
1115 4661 1220 4733 Joann.

96 4772 114 4810 e
134 4748 166 4809 S.
183 4749 251 4818 Th..
268 4750 387 4825 Legio..
402 4767 431 4817 o.
447 4766 493 4821 ay,
512 4767 541 4808 a.
559 4769 581 4807 r.
