3492 5525
536 422 613 496 1⁰96
644 422 768 487 Locren
785 423 1015 499 Maron-Lm.
1033 439 1103 501 are,
1116 424 1201 487 Drsn.
1222 438 1262 507 5.·
1276 425 1354 487 Cae.
1374 438 1440 487 rcum

491 528 754 543 Π--ῃ

491 606 598 671 solum
619 624 691 673 esse
718 605 750 673 in
774 614 864 690 parte
890 605 997 691 topica
1013 614 1048 673 et
1064 606 1253 691 sophistica,
1274 606 1400 692 proprie
1422 605 1607 689 loquendo.

490 712 529 781 Et
546 699 675 781 videtur
687 732 837 801 expressa
849 714 1009 783 sententia
1027 714 1063 783 S.
1083 715 1219 781 Thomas
1235 712 1300 803 (ι).

556 820 679 899 Quinta
697 822 833 889 demum
855 822 1015 891 sententia
1041 830 1132 890 tenet
1158 822 1309 908 Logicam
1331 822 1428 888 etiam
1452 829 1608 887 utentem

490 930 600 1015 vagari
625 949 685 1015 por
707 948 824 997 omnes
849 930 974 1016 Logicae
997 938 1119 1014 partes,
1146 930 1219 996 licet
1248 940 1397 1017 respectu
1425 931 1544 1015 topicae
1572 940 1612 993 et

490 1038 685 1125 sophystica
704 1038 854 1122 peculiari
878 1038 1001 1104 ratione
1021 1038 1146 1105 dicatur
1164 1046 1273 1104 utens.
1300 1038 1343 1104 ita
1355 1037 1482 1105 Rubius
1499 1035 1555 1125 (a)
1572 1049 1610 1104 et

491 1145 594 1211 Amici
606 1143 659 1233 (3)
672 1156 706 1213 et
724 1146 862 1213 Lossada
881 1143 944 1233 (4).

556 1254 656 1320 Addit
683 1262 793 1320 tamen
813 1254 954 1321 Lossada
971 1252 1038 1343 (5),
1069 1253 1141 1320 licet
1168 1255 1283 1339 Logica
1312 1266 1408 1321 utens
1432 1253 1563 1337 proprie
1572 1264 1611 1319 et

491 1360 600 1429 stricte
613 1360 656 1429 sit
667 1381 718 1437 ea,
732 1381 806 1446 quae
821 1364 950 1448 regulas
961 1373 994 1427 et
1006 1371 1165 1447 praecepta
1176 1370 1302 1429 exercet
1316 1363 1347 1429 in
1361 1363 1487 1447 propria
1498 1362 1611 1446 ipsius

490 1468 616 1554 Logicae
648 1470 801 1553 materia;
834 1469 1045 1537 nihilominus
1076 1489 1133 1553 per
1165 1469 1341 1553 quamdam
1373 1470 1609 1536 extensionem

489 1577 777 1663 accessionemque
803 1563 923 1644 versari
951 1577 1102 1663 logicam
1121 1586 1266 1644 utentem
1294 1577 1390 1642 etiam
1408 1586 1498 1642 extra
1527 1596 1611 1661 pro-

489 1684 591 1769 priam
612 1684 800 1760 materiam,
822 1683 955 1769 quando
985 1703 1102 1769 nempe
1126 1694 1372 1770 argumentatur
1394 1684 1612 1769 probabiliter

484 1794 580 1878 juxta
602 1792 783 1858 doctrinam
805 1793 961 1876 topicam.
988 1792 1027 1858 Et
1054 1791 1221 1860 contendit
1251 1794 1332 1857 hanc
1355 1810 1427 1857 esse
1453 1801 1609 1857 mentem

489 1899 672 1967 Aristotelis
690 1895 741 1987 (6)
760 1907 793 1966 et
809 1898 846 1967 S.
863 1898 1001 1965 Thomae
1020 1898 1082 1987 (7);
1108 1900 1258 1983 quamvis
1276 1918 1338 1985 ego
1364 1909 1443 1982 puto
1461 1899 1498 1967 S.
1513 1900 1611 1965 Tho-

489 2026 576 2072 mam
592 2015 701 2092 aperte
719 2006 870 2093 refragari
893 2008 967 2073 huic
982 2008 1135 2074 doctrinae
1153 2006 1217 2094 (8),
1232 2016 1394 2091 quatenus
1407 2008 1478 2073 vult
1500 2007 1608 2073 etiam

488 2113 638 2199 Logicam
668 2122 815 2183 utentem
841 2114 903 2179 dici
926 2114 1115 2183 exercitium
1143 2115 1320 2200 logicarum
1349 2115 1534 2201 regularum
1568 2116 1608 2181 in

487 2232 578 2306 parte
605 2220 738 2307 Logices
761 2222 1029 2288 demonstrativa.
1055 2222 1121 2287 Sed
1147 2224 1217 2306 ipsa
1243 2222 1379 2290 varietas
1405 2221 1608 2306 opinionum

488 2328 566 2396 satis
579 2328 722 2395 ostendit
737 2328 955 2412 questionem
967 2331 1066 2407 hanc,
1094 2349 1168 2414 qua·
1189 2329 1362 2414 caeteroqui
1389 2348 1453 2396 non
1471 2332 1610 2398 videmr

487 2437 568 2505 tanti
587 2437 766 2513 momenti,
786 2437 864 2503 satis
884 2455 955 2503 esse
970 2436 1166 2514 intricatam,
1187 2455 1371 2522 necparum
1385 2438 1417 2504 in
1432 2458 1470 2503 ea
1482 2437 1609 2524 litigari

487 2550 527 2615 de
546 2564 638 2614 voce.
760 2628 765 2639 ι

553 2655 642 2721 Circa
660 2652 861 2721 identitatem
879 2653 978 2735 ‘etiam
993 2654 1044 2717 vel
1059 2652 1297 2719 distinctionem
1312 2652 1436 2737 Logicae
1450 2654 1609 2722 docentis

487 2775 520 2832 et
536 2767 657 2832 utentis
673 2773 749 2829 sunt
763 2762 858 2828 variae
873 2760 1059 2846 opiniones,
1073 2770 1109 2826 ut
1123 2760 1229 2826 videre
1243 2773 1293 2827 est
1307 2762 1390 2846 apud
1406 2762 1566 2841 loannem
1586 2786 1608 2829 a

487 2875 523 2942 S.
544 2873 671 2940 Thoma
696 2869 761 2956 (9),
794 2889 893 2954 quem
913 2870 987 2936 vide
1014 2869 1039 2934 si
1068 2870 1174 2945 lubet,
1204 2878 1239 2935 ut
1266 2870 1362 2936 etiam
1385 2868 1610 2955 Compluten-

487 3001 538 3049 ses
557 2978 643 3069 (ιο),
664 2989 697 3046 et
716 2977 856 3044 Lossada
875 2975 961 3064 (11),
983 2996 1058 3043 nam
1074 2996 1125 3043 res
1143 2977 1269 3043 videtur
1287 2978 1360 3060 plus
1379 2978 1497 3043 habere
1514 2979 1609 3045 diiii-

486 3087 626 3164 cultatis,
646 3105 746 3170 quam
766 3084 925 3154 utilitatis.

361 3218 426 3300 inm
530 3214 608 3283 33¹·
650 3196 720 3277 Jam
747 3202 784 3262 ut
806 3193 928 3277 aliquid
948 3192 1208 3278 respondeamus
1229 3191 1271 3258 ad
1289 3192 1488 3277 propositam
1512 3213 1607 3278 quae-

356 3306 359 3314 ’
484 3304 640 3380 stionem,

487 3530 751 3548 *an—¹·-

536 3645 577 3714 (ι)
614 3639 677 3698 Lib.
688 3657 716 3708 4.
729 3635 867 3710 Meropia,
884 3635 948 3694 lect.
967 3654 996 3709 4,
1009 3633 1059 3694 ubi
1068 3645 1165 3706 aperte
1175 3633 1204 3692 id
1218 3633 1315 3693 doceri
1328 3633 1453 3693 videtur.

537 3737 576 3801 (2)
613 3729 833 3805 tegimen.
851 3746 877 3795 3.

536 3828 576 3892 (3)
613 3819 728 3894 Logr'c„
746 3828 829 3874 tract.
843 3836 866 3884 r,
883 3826 986 3886 quaet.
997 3812 1093 3871 ultim.
1103 3814 1172 3872 dub.
1190 3835 1216 3884 3.

536 3917 575 3987 (4)
613 3905 841 3976 Loc.cit.n.19.

535 4008 575 4074 (ς)
611 3997 684 4057 lbid.
697 4015 783 4068 naa,
803 4013 884 4065 seqq.

534 4091 574 4158 (6)
611 4086 675 4145 Lib.
697 4105 725 4157 4.
747 4083 888 4157 Metaplr„
909 4102 970 4154 cup.
987 4102 1018 4151 23
1039 4081 1088 4140 lib.
1117 4090 1154 4139 r.·
1167 4081 1325 4150 Posten'or,
1343 4101 1407 4155 cap.
1427 4082 1462 4152 83
1484 4083 1537 4142 lib.
1560 4095 1604 4144 1.⁰

481 4183 598 4244 Rhetor.
613 4177 650 4236 ed
666 4175 926 4243 Theodeci,eap.1‚
942 4192 968 4240 a,
986 4193 1011 4244 3.

533 4275 573 4344 (7)
609 4277 650 4340 4⁰
661 4263 802 4338 Metellis.¹
814 4262 877 4320 lect.
892 4280 925 4335 43
938 4269 973 4319 r.'
986 4262 1100 4331 Poster,
1110 4259 1175 4320 lect.
1187 4280 1232 4331 203
1244 4260 1354 4333 Opusc.
1365 4263 1399 4320 de
1411 4262 1519 4322 Triuia.
1530 4273 1596 4338 sup.

479 4363 574 4428 Boea,
585 4355 654 4430 q.6‚
670 4374 695 4411 a.
716 4374 738 4410 ι.
753 4350 829 4408 Vide
838 4349 978 4416 Losseda,
997 4349 1051 4408 loc.
1062 4349 1109 4409 cit.
1125 4369 1155 4409 n.
1174 4370 1263 4422 19-23,
1276 4363 1303 4409 et
1322 4370 1413 4424 arao.

532 4449 572 4514 (8)
609 4444 762 4503 Videatur.
773 4439 805 4498 S.
818 4440 959 4509 Thomas,
974 4439 1024 4498 lib.
1038 4446 1079 4511 4.·
1091 4439 1234 4513 Meropia,
1247 4438 1311 4498 lect.
1323 4459 1351 4513 4.

532 4542 572 4610 (9)
609 4537 693 4608 Lag..
711 4528 830 4589 secund.
847 4532 922 4602 part.
937 4548 967 4601 q.
986 4549 1010 4599 r,
1025 4541 1081 4587 art.
1097 4545 1124 4600 ς,
1138 4527 1214 4586 Dico
1227 4529 1341 4588 ultimo.

515 4630 574 4695 (ro)
611 4619 742 4682 loacit.
794 4668 796 4676 .

513 4721 572 4783 (11)
608 4713 675 4771 Luc.
690 4708 739 4768 cit.
