3492 5525
270 471 392 538 Aurio.
412 486 470 537 m·
484 470 670 538 Orrosnto
684 488 782 536 enne.
800 488 909 537 srueu.
930 490 974 569 ule
990 491 1108 539 {sessu
1157 491 1219 557 ²79

178 672 254 744 129.
300 664 414 742 leges
439 663 733 727 aubatoemrum.
779 658 921 725 Possunt
945 660 1044 727 ambo
1069 658 1167 725 notul
1194 676 1259 725 esee
1279 666 1464 715 Suburanam

128 783 231 844 uerae;
248 767 280 831 ei
288 769 497 847 possuntesse
509 767 603 832 etiam
611 764 729 851 solnm
745 784 854 832 venem
877 766 932 832 boc
950 766 1073 846 ordine,
1090 770 1130 834 ut
1142 766 1259 833 veritos

125 873 373 941 srualremonnt
397 874 517 960 boserat
541 874 715 940 necessartb
739 874 901 940 veritatem
933 876 1167 957 nrbaltrrrtntae,
1195 894 1259 942 non

126 998 203 1047 vero
219 980 372 1058 vicissim,
395 986 427 1049 et
441 982 575 1068 falsitas
590 981 810 1049 subalternatae
827 983 1002 1049 necessario
1023 983 1144 1069 inferat
1155 980 1257 1068 falsi·

130 1091 226 1155 ianm
243 1088 498 1167 subaltemantis,
512 1107 577 1155 non
594 1092 700 1157 aulem
716 1088 868 1157 vicissim.
923 1079 931 1095 ⁶

1339 740 1399 796 leues

198 1195 293 1265 Ratio
311 1196 407 1282 printl
424 1207 487 1273 est,
503 1198 579 1281 quia
594 1197 628 1263 in
642 1196 814 1265 universali
833 1198 1057 1283 propositione
1069 1198 1139 1284 jam
1154 1196 1257 1264 conti·
1363 1168 1366 1175 ’

130 1312 229 1371 netur
246 1303 446 1389 particularis
463 1304 508 1371 illi
527 1304 760 1373 subalternata.
780 1304 865 1390 Ergo
883 1304 910 1371 si
939 1324 1016 1371 vera
1034 1313 1085 1371 est
1102 1304 1167 1381 illa,
1188 1306 1258 1371 baec

129 1430 265 1495 quoque
283 1402 360 1479 uera
377 1411 420 1481 sit
440 1431 572 1479 necesse
590 1422 653 1481 est.
675 1412 713 1477 Et
731 1410 775 1479 ob
798 1412 985 1497 oppositam
1004 1414 1163 1479 rationem
1191 1430 1258 1478 non

130 1518 283 1603 sequitur
295 1538 337 1587 ex
352 1519 488 1586 veritate
505 1521 734 1586 subalternatae
753 1520 870 1585 ueritas
888 1519 1160 1601 subalternantis;
1182 1521 1259 1605 quia

74 1636 85 1655 ·
131 1624 200 1693 lieri
214 1627 300 1693 bene
320 1636 443 1711 potest,
464 1635 502 1695 ut
520 1626 732 1713 praedicatum
748 1628 880 1712 aliquod
895 1628 1079 1694 verificetur
1092 1628 1133 1694 de
1149 1628 1259 1711 aliquo

133 1736 185 1800 vel
205 1735 386 1818 aliquibus,
408 1744 440 1801 et
459 1754 526 1803 non
541 1737 583 1802 de
598 1734 766 1802 omnibus.

200 1844 295 1910 Ratio
309 1842 445 1909 secundi
457 1852 525 1921 est,
545 1842 621 1927 quia
636 1842 663 1910 si
679 1844 890 1928 praedicatum
906 1845 987 1914 lalso
1005 1844 1190 1910 attribuitur
1202 1843 1258 1909 uni

131 1959 190 2016 aut
209 1952 312 2028 alteri,
334 1971 353 2017 a
370 1952 492 2017 fortiori
506 1952 588 2017 salso
606 1937 801 2018 attribuetur
819 1952 988 2019 omnibus.
1014 1953 1088 2018 Non
1113 1970 1189 2017 vero
1210 1971 1261 2018 se-

131 2057 246 2141 quitur
273 2079 292 2123 e
318 2076 478 2126 converso
499 2078 540 2125 ex
559 2059 695 2125 falsitate
723 2058 975 2125 subalternantis
1004 2060 1124 2125 salsitas
1152 2060 1261 2127 subal-

130 2174 281 2243 ternatae,
302 2166 378 2250 quia
391 2166 466 2233 licet
481 2166 691 2251 praedicatum
702 2184 768 2233 non
779 2167 954 2235 conveniat
967 2168 1136 2244 omnibus,
1154 2176 1260 2253 potest
1324 2152 1327 2158 ¹

129 2274 314 2349 convenire,
327 2273 501 2357 aliquibus,
522 2282 559 2340 ut
578 2283 680 2359 patet.

199 2380 281 2447 Hinc
300 2381 334 2447 in
353 2381 488 2447 materia
503 2383 680 2447 necessaria
699 2390 839 2465 utraque
858 2381 1043 2448 subalterna
1065 2382 1260 2450 affirmativa

129 2507 209 2556 vera
227 2496 291 2566 est,
311 2489 390 2555 ialsa
408 2488 573 2575 negativa3
592 2496 626 2553 et
644 2508 662 2554 e
680 2508 840 2556 converso
859 2489 892 2555 in
914 2490 1046 2555 materia
1065 2488 1259 2575 impossibili

129 2607 272 2680 utraque
297 2596 447 2681 negativa
475 2616 552 2663 vera
576 2605 637 2675 est,
657 2606 691 2662 et
717 2598 796 2663 falsa
826 2597 1033 2679 affirmative
1066 2598 1097 2664 in
1127 2598 1261 2663 materia

129 2722 211 2771 vero
237 2704 440 2791 contingenti
468 2705 663 2791 plerumque
689 2704 910 2772 subalternata
938 2714 987 2772 est
1015 2724 1102 2784 vera,
1121 2714 1154 2772 et
1183 2706 1262 2773 ialsa

128 2813 373 2880 subalternans.

174 2928 288 3003 Leges
304 2920 782 2988 contradictoriarum-Non
799 2923 903 3003 potest
926 2923 1059 3006 utraque
1082 2923 1180 2988 simul
1198 2941 1262 2988 esse
1284 2959 1469 3006 0„„„„·„„„.

127 3046 224 3104 vera,
243 3047 301 3092 nec
318 3030 451 3113 utraque
466 3027 676 3115 simulsalsa,
695 3030 752 3094 sed
776 3027 951 3094 necessario
980 3031 1082 3095 altera
1108 3034 1155 3095 est
1169 3049 1258 3108 vera,

126 3137 233 3202 altera
243 3134 335 3220 falso
353 3132 419 3224 (ι).

200 3240 357 3309 Probatur
382 3243 487 3327 prima
514 3261 588 3327 pars
612 3261 653 3308 ex
672 3241 829 3327 principio
856 3243 1140 3321 contradictionis,
1170 3246 1261 3328 quod

131 3350 179 3416 sic
205 3350 406 3418 enuntiatur.
434 3350 518 3416 Idem
535 3369 599 3416 non
621 3353 725 3432 potest
739 3350 837 3416 simul
856 3369 922 3416 esse
943 3353 1055 3418 elnon
1080 3371 1156 3418 esse.
1176 3355 1261 3419 Nam

131 3458 210 3524 duae
227 3457 484 3526 contradictoriae
503 3458 547 3524 ita
565 3476 601 3524 se
615 3458 748 3533 habent,
770 3467 806 3523 ut
820 3460 920 3524 altera
935 3458 975 3524 de
996 3478 1063 3526 uno
1078 3461 1262 3543 eodemque

131 3564 282 3642 subiecto
297 3565 436 3632 affirmet
451 3565 484 3631 id
494 3566 616 3650 ipsum,
633 3565 724 3649 quod
736 3567 835 3632 altera
850 3575 959 3651 negat.
979 3565 1077 3650 Atqui
1088 3565 1262 3635 affirmatio

132 3681 167 3738 et
185 3675 317 3758 negatio
329 3661 427 3739 u'nius
442 3672 659 3757 ejusdemque
678 3673 721 3738 de
734 3692 801 3739 uno
823 3673 1009 3759 eodemque
1029 3673 1143 3758 nequit
1162 3675 1261 3742 simul

131 3798 209 3846 esse
244 3798 335 3862 vera3
374 3778 547 3846 affirmatio
584 3779 707 3864 quippe
743 3779 826 3873 dicit
857 3800 922 3847 esse
957 3801 993 3847 ac
1027 3781 1158 3868 negatio
1196 3788 1262 3849 non

132 3905 214 3954 esse.
234 3887 332 3972 Ergo.

201 3996 306 4081 Major
327 4003 416 4080 patet
434 4014 475 4061 ex
497 3997 566 4080 ipsa
589 3993 792 4079 inspectione
815 3996 1149 4064 contradictoriarum.
1178 3999 1262 4064 Nam

128 4102 318 4169 cumvdicis:
340 4101 454 4169 Omnis
467 4102 555 4170 borno
571 4106 621 4173 est
626 4105 748 4189 justes,
764 4102 909 4168 affirmas
924 4103 1083 4188 justitiam
1099 4105 1140 4170 de
1156 4105 1264 4170 omni-

131 4212 198 4276 bus
223 4228 261 4275 ac
289 4209 429 4295 singulis
456 4209 661 4291 bominibus;
686 4229 763 4276 cum
789 4229 868 4277 vero
896 4210 990 4277 dicis:
1021 4213 1151 4298 Aliquis
1177 4211 1264 4278 homo

130 4337 198 4384 non
216 4319 388 4404 estjusius,
405 4319 446 4384 de
457 4335 524 4384 uno
537 4335 581 4384 ex
594 4317 668 4394 illis,
679 4317 720 4383 de
730 4317 850 4400 quibus
859 4317 1079 4388 affirmaveras
1092 4319 1262 4404 justitiam,

131 4426 283 4510 denegas
310 4424 475 4491 eamdem.
507 4425 546 4513 lit
565 4424 627 4492 boc
656 4425 744 4491 idem
772 4427 882 4491 locum
912 4427 1011 4492 habet
1034 4427 1067 4494 in
1092 4428 1264 4496 universali
1294 4487 1297 4492 ,

135 4649 218 4825 ὦ).
247 4675 326 4736 Vide
340 4675 373 4736 S.
387 4675 494 4734 Thom.
512 4686 553 4733 r.·
565 4675 741 4742 Peribem„
756 4674 808 4733 lec.
826 4695 869 4744 ιι,
898 4694 1015 4748 paragr.
1030 4678 1059 4748 cl,
1082 4629 1261 4737 cum-Arist·

134 4789 145 4826 ι
202 4785 334 4839 .cap.q.

1311 3045 1360 3078 rum
1370 3031 1437 3088 leges.

1309 3353 1444 3411 Principium

1289 3423 1467 3472 contradictioni·
