3492 5525
548 435 609 500 4²4
663 415 790 480 Loorcn
805 393 1037 489 utnon-lin.
1058 411 1232 488 1.¹¹⁸‚Drsr›‚
1252 423 1294 476 1.·
1308 409 1387 474 Cre.
1404 422 1476 472 as·

505 601 573 686 jam
604 599 805 686 possidetur3
838 597 1122 684 quemadmodum
1146 595 1179 664 in
1201 595 1352 680 sequenti
1369 593 1505 660 articulo
1526 591 1634 676 expli·

508 709 650 776 cendum
668 704 746 797 cst(
770 706 796 796 ).
1712 724 1714 839 p

836 923 1030 992 Solvurmun
1051 937 1300 991 meneutrm'rs.

558 1141 608 1206 ¹5·
655 1129 731 1207 obj.
758 1143 806 1190 ω
829 1123 1021 1190 Aristoteles
1037 1141 1074 1188 ac
1086 1121 1125 1188 S.
1139 1119 1285 1186 'ibomas
1296 1119 1409 1186 multis
1426 1118 1460 1184 in
1478 1119 1558 1184 locis
1570 1137 1631 1182 ne-
1713 1058 1715 1203 Ι

508 1241 589 1318 gant
602 1231 806 1317 simplicibus
822 1230 1037 1316 conceptibus
1054 1229 1239 1296 veritatem.

574 1345 680 1436 Resp.
699 1340 774 1406 dr'si.
787 1345 975 1440 ,assertum
1003 1347 1128 1423 negant
1143 1336 1314 1404 veritatem
1336 1337 1427 1402 illam
1452 1335 1629 1420 specialem

506 1465 545 1512 ac
558 1446 720 1532 propriam
729 1445 946 1532 judiciorum,
961 1465 1037 1530 quae
1051 1464 1131 1512 mox
1144 1443 1371 1520 declarabitur,
1385 1462 1490 1518 conc„
1504 1455 1630 1529 negant

506 1573 627 1620 omnem
640 1553 810 1622 veritatem
828 1553 968 1640 simplici
985 1552 1249 1639 apprehensioni,
1266 1571 1356 1636 nego.

574 1663 639 1730 Res
658 1671 748 1746 patet
770 1682 811 1728 ex
837 1661 907 1728 eliis
925 1661 1004 1728 locis
1019 1662 1054 1727 in
1072 1661 1194 1746 quibus
1215 1670 1327 1746 aperte
1351 1660 1498 1726 doctrina
1516 1669 1629 1726 nostra

506 1768 691 1836 continetur
707 1767 773 1856 (a).

501 1920 505 1945 .
573 1883 652 1961 obj.
668 1885 719 1946 a.⁰
737 1877 771 1944 Si
789 1877 932 1964 simplex
949 1877 1167 1963 apprehensio
1183 1879 1353 1944 veritatem
1371 1878 1518 1952 haberet,
1538 1889 1630 1944 esset

507 2002 642 2068 quoque
661 1985 808 2052 falsitatis
825 2004 940 2069 capax.
962 1985 1047 2051 Nam
1065 1985 1225 2052 contraria
1242 1997 1322 2053 sunt
1338 1987 1421 2052 circa
1438 1986 1529 2050 idem
1546 1985 1630 2052 sub-

504 2095 645 2179 jectum.
668 2101 702 2158 et
730 2093 848 2159 veritas
875 2112 913 2159 ac
937 2094 1059 2160 falsitas
1084 2095 1245 2160 contrarie
1270 2103 1494 2178 opponuntur.
1522 2094 1628 2176 Atqui

508 2200 629 2268 salsitas
645 2199 760 2266 cadere
783 2198 816 2265 in
835 2198 1018 2285 simplicem
1041 2202 1335 2285 apprehensionem
1353 2220 1421 2266 non
1438 2209 1561 2285 potest,
1591 2212 1631 2267 ut

509 2327 597 2374 nunc
614 2308 834 2392 supponimus
851 2327 890 2374 ac
908 2306 1121 2392 probabimus
1138 2309 1285 2375 interius.
1304 2309 1401 2394 Ergo.
1447 2315 1452 2322 ’

575 2422 681 2499 Resp.
705 2433 773 2499 neg.
795 2417 887 2500 Mai:
907 2435 945 2481 ac
963 2415 1164 2501 probationis
1181 2417 1351 2502 distinguo
1368 2417 1507 2500 primam
1520 2435 1632 2483 asser·

508 2523 646 2592 tionem.
664 2521 832 2590 Contraria
849 2533 929 2591 sunt
939 2523 1022 2590 circa
1034 2525 1121 2589 idem
1136 2525 1334 2608 subjectum,
1347 2523 1394 2589 ita
1406 2535 1445 2590 ut
1455 2525 1631 2607 quodlibet

507 2634 692 2718 subjectum
710 2651 814 2716 capax
832 2633 932 2698 unius
950 2634 1076 2708 forma,
1099 2653 1202 2717 capax
1223 2631 1267 2698 sit
1283 2631 1381 2697 etiam
1409 2635 1524 2698 tonna
1546 2653 1632 2698 con-

507 2740 625 2817 trariae,
651 2759 719 2825 neg.
752 2738 921 2807 Contraria
946 2749 1024 2807 sunt
1042 2741 1126 2807 cirea
1154 2741 1241 2806 idem
1267 2740 1464 2826 subjectum,
1490 2743 1631 2824 ornndo

507 2849 694 2931 subjectum
720 2858 771 2914 est
799 2856 913 2931 aptum
939 2848 1132 2932 recipiendis
1149 2850 1264 2915 tonnus
1280 2849 1462 2923 contrariis,
1488 2850 1628 2919 subdiri.

506 2958 665 3025 contraria
680 2966 761 3023 tunc
778 2966 857 3023 sunt
870 2958 953 3023 circa
970 2958 1058 3024 idem
1076 2959 1262 3042 subjectum
1281 2966 1316 3023 et
1331 2958 1514 3023 secundum
1529 2978 1630 3023 euni-

507 3066 584 3131 dem
603 3073 728 3141 actum,
747 3083 836 3147 neg..
862 3065 1044 3131 secundum
1067 3065 1228 3141 diversos,
1248 3084 1337 3134 conc.
1356 3064 1442 3131 Nam
1465 3068 1630 3133 centania

506 3182 602 3247 sunt,
617 3192 693 3256 quce
706 3174 739 3238 in
753 3171 870 3239 eodem
883 3190 1005 3256 genere
1018 3172 1162 3238 maxime
1175 3174 1299 3239 distant
1310 3184 1344 3240 ct
1356 3173 1463 3237 eidem
1476 3173 1630 3257 abjecte

507 3280 650 3347 vicissim
671 3281 797 3361 insunt;
827 3279 894 3345 m'sr'
913 3282 1049 3344 altem
1068 3298 1177 3345 eoram
1196 3281 1312 3346 insita
1328 3285 1458 3347 utera.
1484 3281 1630 3349 um

507 3407 588 3473 ergo
615 3396 763 3464 nonest,
783 3397 821 3453 ut
841 3386 1014 3470 quodlibet
1038 3388 1222 3471 subjectum
1247 3386 1347 3454 unius
1372 3390 1485 3453 forme
1506 3408 1628 3475 apex,

508 3498 611 3581 possit
629 3496 727 3563 etiam
746 3496 914 3579 suscipere
930 3495 1126 3560 contrariam
1144 3493 1210 3581 (3).
1228 3496 1283 3561 Sic
1299 3493 1431 3563 divinus
1442 3495 1631 3565 intellotms

508 3603 700 3670 verissimus
717 3611 782 3679 est,
802 3612 836 3667 et
853 3602 1067 3669 nibilominus
1078 3602 1293 3669 essentialiter
1304 3602 1475 3669 ἡιςὶυῑιω
1486 3623 1627 3670 omnem

508 3710 647 3795 repellit.
666 3710 851 3777 lmellectus
868 3712 1036 3775 humanus
1051 3728 1155 3794 capax
1172 3718 1223 3776 est
1240 3718 1274 3776 et
1294 3711 1438 3777 veritatis
1452 3720 1486 3775 et
1505 3712 1628 3777 buia»

508 3822 562 3896 tis,
585 3820 643 3887 sed
671 3836 739 3885 non
765 3818 1002 3885 circaeosdem
1021 3816 1229 3885 actus.Nam
1250 3818 1284 3884 io
1305 3822 1631 3886 actuccrtoeteri-

507 3927 616 4007 denti,
642 3938 678 3993 et
694 3927 907 4012 potissimum
924 3927 959 3991 in
976 3938 1052 3993 actu
1074 3926 1151 3992 lidei
1163 3927 1416 4011 supernaturalis
1432 3927 1477 3995 ita
1488 3930 1628 3996 meare

544 4166 586 4229 (ι)
621 4162 698 4220 Vide
711 4160 744 4218 S.
761 4160 818 4219 Tb.
839 4182 850 4219 r
865 4180 894 4232 p.
904 4180 936 4231 q.
953 4162 997 4227 ab,
1010 4180 1039 4217 a.
1053 4180 1083 4225 ²2
1097 4162 1260 4219 Pen'don.
1272 4160 1323 4218 tib.
1337 4182 1362 4227 r,
1375 4161 1442 4217 lect.
1453 4180 1481 4231 33
1495 4160 1626 4235 Merop&

507 4252 558 4311 lib.
570 4252 599 4319 6,
614 4252 679 4317 leet,
693 4270 723 4323 43
743 4252 861 4310 Smne
874 4252 966 4307 Μία
977 4249 1100 4325 Loficae
1111 4250 1211 4307 Arist.
1229 4263 1314 4307 tract.
1327 4252 1364 4307 de
1375 4250 1540 4307 Eunu..
1554 4272 1583 4308 c.
1599 4274 1627 4305 z.

507 4340 953 4414 Clr.1p.q.17,a.nd3.·

542 4432 585 4501 (ι)
620 4432 749 4490 Mentem
762 4430 928 4490 Aristotelis
941 4429 1080 4503 expendit
1090 4427 1207 4503 egregie
1219 4428 1330 4488 Suam
1343 4429 1376 4487 in
1385 4431 1486 4488 tedia
1496 4429 1631 4503 tuear-'e

506 4522 632 4589 tissinm
652 4519 821 4591 quemfecit
841 4520 872 4578 in
886 4520 1053 4579 Aristotelis
1066 4520 1299 4592 Metapkysa‘can
1309 4518 1371 4583 ssib.
1389 4520 1419 4587 6,
1438 4537 1502 4589 cap.
1516 4538 1534 4574 a
1547 4518 1627 4577 cina

507 4610 609 4679 med),
623 4608 844 4681 insemirqoein
854 4609 1084 4667 timbemmn
1094 4609 1334 4681 oepwim
1343 4608 1624 4683 Uetepkyse'oe-

542 4704 583 4771 (3)
618 4698 694 4757 vide
704 4700 844 4773 Loge'can
859 4699 1012 4767 bremen,
1027 4698 1079 4757 ubi
1089 4698 1128 4756 de
1139 4698 1305 4767 eoum&
1314 4716 1347 4757 rt.
1356 4718 1403 4769 37.
