3492 5525
548 506 605 576 514
667 490 793 558 Locren
807 492 1037 569 blason-Lm.
1056 509 1124 573 nv,
1140 492 1232 559 Dran.
1248 508 1292 559 a·
1306 495 1386 560 Cae.
1405 510 1475 576 ψ

505 686 560 743 aut
578 696 619 743 ex
640 679 815 745 necessaria
838 678 1046 746 connexione
1068 698 1144 746 curn
1163 680 1234 746 aliis
1251 678 1378 764 judiciis
1402 646 1648 756 evidentibus,x

505 784 657 850 nimirum
678 796 775 870 prout
786 786 946 872 judicium
962 787 1005 854 sit
1024 786 1251 855 immediatum
1272 790 1323 853 vel
1344 788 1538 857 mediatum.

319 936 411 967 „men
434 922 455 965 r„
466 936 489 966 01
548 908 603 979 7¹·
651 891 734 968 Quae
753 911 828 959 eum
847 894 892 958 ita
910 896 988 971 sint,
1005 892 1096 961 vides
1109 896 1179 980 jarn
1194 894 1369 961 discrimen
1387 895 1473 961 inter
1494 892 1630 963 certitu-

502 998 612 1065 dinem
631 1011 665 1066 et
683 999 893 1067 evidentiam.
914 1000 999 1067 Nam
1013 1002 1173 1068 certitudo
1191 1021 1233 1067 ex
1251 1020 1312 1068 suo
1325 1010 1488 1087 conceptu
1502 1002 1628 1087 impor-

502 1115 549 1172 tat
563 1106 750 1175 tirmitatem
761 1117 860 1193 atque
871 1109 1130 1177 infallibilitatem
1142 1112 1193 1176 vel
1206 1110 1450 1187 necessitatem,
1465 1108 1628 1176 evidentia

501 1233 579 1280 vero
597 1214 793 1283 claritatem:
815 1235 889 1300 quae
907 1217 974 1282 duo
988 1216 1114 1283 diversa
1130 1220 1225 1302 plane
1238 1230 1333 1295 sunt,
1354 1227 1391 1282 ut
1405 1235 1507 1301 perse
1520 1226 1623 1301 patet.

501 1322 539 1387 Et
557 1322 604 1390 sic
623 1325 725 1390 multa
740 1335 820 1391 sunt
837 1325 983 1409 objecta,
999 1325 1032 1391 in
1047 1344 1083 1391 se
1102 1326 1237 1409 quidem
1252 1334 1356 1402 certa,
1373 1324 1465 1391 idest
1480 1343 1628 1392 necessa·

502 1430 559 1507 ria,
571 1438 603 1495 et
614 1430 827 1498 nihilominus
840 1431 979 1497 obscura
990 1443 1139 1517 respectu
1154 1431 1340 1504 intellectus
1358 1433 1471 1517 nostri,
1485 1440 1518 1497 et
1531 1441 1627 1499 actus

501 1536 599 1605 etiam
622 1537 697 1605 ndei
717 1536 836 1605 divine
854 1540 1027 1605 certissimi
1046 1548 1141 1618 sunt,
1171 1551 1205 1606 at
1232 1540 1485 1617 simulobscuri‚
1511 1559 1627 1624 quem·

501 1646 679 1712 admodum
698 1646 819 1713 docent
838 1646 1010 1732 Theologi.

546 1876 600 1945 72.
648 1861 822 1929 Scuouou.
844 1860 934 1927 Solet
957 1882 976 1925 a
1003 1862 1202 1946 quibusdam
1226 1862 1401 1947 disputari,
1427 1862 1506 1946 quid
1534 1862 1625 1946 prius

263 2046 264 2053 ἵ
324 1965 409 2046 „mm
425 1978 465 2009 ⁰⁰·
498 1968 626 2035 evidens
643 1967 779 2044 dicatur,
801 1969 1010 2055 objectumne
1029 1988 1069 2035 an
1089 1970 1233 2055 cognitio
1251 1967 1315 2057 (r).
1343 1969 1411 2055 Ego
1430 1988 1499 2037 rem
1518 1971 1626 2037 brevi-

320 2124 334 2151 ,
352 2050 388 2151 ζ’
393 2050 459 2152 31„
500 2084 548 2141 ter
560 2076 604 2142 sic
615 2076 766 2161 expedio.
783 2075 882 2147 Quod
894 2076 1010 2142 attinet
1025 2076 1326 2142 denominationem
1341 2077 1445 2161 ipsam
1458 2077 1622 2153 evadentis,

333 2192 345 2221 ¹¹
397 2178 457 2221 ¹¹⁵³·
500 2202 537 2249 ea
556 2184 684 2250 videtur
708 2182 844 2249 derivari
875 2204 917 2249 ex
940 2192 1014 2249 actu
1042 2184 1239 2269 cognitionis
1267 2184 1300 2249 in
1328 2185 1507 2270 objectum,
1532 2188 1624 2269 quod

500 2311 566 2358 non
586 2293 764 2376 appellatur
777 2292 913 2359 evidens
929 2292 989 2359 nisi
1009 2292 1085 2376 quia
1103 2293 1230 2359 valetur
1241 2312 1300 2359 seu
1315 2292 1348 2358 in
1363 2312 1399 2359 se
1417 2293 1622 2378 perspicitur,

499 2412 554 2468 aut
569 2412 654 2467 certe
668 2401 773 2466 velleri
790 2410 911 2483 potest.
931 2400 1151 2467 Nihilominus
1171 2420 1222 2466 res
1246 2419 1303 2484 per
1322 2401 1410 2466 illam
1429 2402 1625 2467 denomina-

498 2508 622 2573 tionem
641 2506 832 2593 signiticata,
848 2508 1058 2593 perspicuitas
1073 2508 1228 2573 nimirum
1242 2509 1333 2575 adest
1344 2508 1375 2573 in
1389 2510 1516 2593 objecto
1531 2520 1626 2575 ante-

498 2618 652 2682 cedenter
670 2617 710 2681 ad
730 2623 838 2683 actum
859 2616 1055 2701 cognitionis
1073 2616 1244 2683 evidentis:
1262 2618 1433 2684 nonenim
1453 2618 1621 2703 objectum

499 2725 530 2791 in
551 2723 675 2791 ratione
705 2723 860 2791 luminosi
891 2726 940 2790 vel
965 2724 1125 2810 perspicui
1152 2724 1360 2792 constituitur
1389 2744 1445 2810 per
1473 2726 1621 2792 ordinem

498 2834 538 2897 nd
557 2833 741 2898 evidentem
762 2832 1001 2917 cognitionem,
1022 2832 1081 2898 sed
1101 2852 1157 2917 per
1175 2833 1324 2898 ordinem
1343 2833 1383 2898 ad
1403 2833 1620 2909 intellectum,

497 2941 553 3023 qui
573 2940 790 3006 abstrahendo
816 2939 941 3024 species
960 2939 1177 3024 intelligibiles
1203 2961 1221 3004 a
1249 2941 1486 3025 phantasmatis
1517 2943 1622 3006 reddit

496 3048 621 3133 objecta
639 3049 732 3134 clare
743 3047 965 3132 intelligibilia,
982 3067 1023 3113 ex
1042 3066 1110 3130 quo
1121 3047 1238 3112 deinde
1255 3048 1480 3133 consequitur,
1497 3057 1533 3114 ut
1545 3061 1620 3114 actu

495 3156 578 3221 clare
598 3155 830 3240 intelligantur.
853 3153 1014 3220 Nimirum
1034 3155 1060 3220 si
1079 3175 1154 3220 vera
1173 3163 1266 3232 sunt,
1288 3174 1363 3238 quae
1383 3156 1542 3223 hactenus
1564 3175 1623 3222 ex-

496 3265 679 3346 posuimus,
704 3262 782 3329 illud
802 3262 892 3346 quod
910 3262 1142 3346 correspondet
1168 3263 1200 3327 in
1220 3262 1388 3328 intellectu
1414 3263 1530 3331 lumini
1549 3281 1622 3328 eor*

496 3389 606 3456 poreo,
628 3370 752 3456 objecta
773 3370 958 3446 illustranti,
978 3372 1128 3454 clareque
1145 3369 1284 3436 visibilia
1302 3369 1469 3447 reddenti,
1490 3371 1621 3437 videtur

494 3497 530 3544 se
549 3487 659 3544 tenere
678 3497 719 3543 ex
747 3489 836 3561 parte
857 3476 984 3543 virtutis
1011 3477 1252 3553 intellectualis,
1282 3496 1357 3560 quae
1379 3477 1537 3561 spirituali
1556 3497 1619 3544 suo

495 3586 617 3652 lumine
637 3585 799 3652 illuminat
818 3586 961 3670 objecta,
982 3594 1015 3650 et
1034 3585 1082 3651 sic
1100 3598 1176 3653 ante
1205 3587 1366 3651 actualem
1394 3585 1619 3671 cognitionem
1740 3644 1741 3649 ,

493 3693 678 3761 evidentem
703 3695 771 3778 jam
792 3702 1091 3778 praesupponuntur
1114 3693 1168 3758 illa
1186 3695 1354 3778 perspicua
1384 3703 1418 3758 et
1440 3695 1617 3769 luminosa,

492 3819 550 3867 seu
570 3801 732 3867 evidentia
751 3799 815 3888 (a).
833 3799 938 3874 Brevi,
959 3801 1086 3886 objecta
1104 3802 1256 3884 quaedam
1276 3819 1318 3866 ex
1332 3820 1393 3882 sua
1411 3811 1527 3868 natura
1540 3811 1619 3868 sunt
1739 3872 1740 3883 ,

492 3910 751 3993 proportionata,
774 3919 810 3974 ut
837 3909 879 3974 ab
897 3909 1064 3976 intellectu
1092 3917 1209 3997 agente
1229 3909 1460 3977 abstrahantur
1489 3929 1530 3975 ex
1556 3909 1618 3976 illis

491 4019 614 4102 species
630 4017 815 4094 viridiores,
832 4016 952 4100 quibus
964 4016 1146 4092 abstractis,
1161 4017 1287 4104 objecta
1300 4016 1353 4082 illa
1365 4017 1524 4099 applicata
1537 4027 1618 4083 sunt

524 4251 566 4323 (ι)
583 4263 587 4270 ’
603 4249 666 4308 cir.
682 4269 748 4320 qure
770 4246 885 4306 erudite
905 4248 1038 4320 disputat
1052 4248 1083 4305 in
1102 4248 1178 4306 hanc
1192 4268 1253 4306 rem
1268 4249 1303 4306 cl.
1321 4248 1354 4306 Ρ.
1375 4247 1523 4318 Mendive,
1543 4250 1618 4308 Ele-

489 4329 598 4397 menlos
607 4340 641 4398 de
651 4341 776 4412 Legata,
787 4337 928 4413 Segunde
937 4347 1029 4413 perte,
1038 4356 1101 4409 cap.
1116 4359 1142 4410 3,
1158 4351 1212 4396 art.
1222 4356 1251 4411 4,
1267 4358 1296 4396 n.
1308 4339 1360 4410 568
1369 4357 1451 4410 seqq.
1463 4337 1540 4396 Vide
1550 4339 1618 4412 syt-

488 4443 562 4488 vest.
578 4429 686 4498 Mauri,
701 4429 842 4504 Theolog.
861 4442 931 4486 tom.
949 4447 976 4484 a.
990 4441 1095 4498 quaest.
1113 4447 1178 4500 ¹273
1196 4427 1331 4500 Arriaga,
1342 4427 1465 4501 Logr'co,
1479 4428 1559 4500 disp.
1573 4431 1616 4498 16,

489 4539 517 4576 n.
532 4539 575 4592 593
589 4517 749 4590 laquierdo,
762 4517 852 4575 Phar.
864 4518 979 4586 scient..
995 4515 1071 4589 disp.
1083 4533 1112 4589 4,
1122 4530 1228 4587 quaest.
1243 4537 1270 4585 a,
1285 4535 1314 4575 n.
1330 4537 1375 4591 373
1387 4517 1483 4588 Ulloa,
1494 4518 1529 4576 de
1540 4519 1618 4576 Ani-

488 4627 545 4674 ma,
561 4608 636 4678 disp.
654 4627 680 4677 2,
695 4627 759 4679 eap.
771 4608 800 4674 8,
812 4625 842 4664 n.
864 4623 928 4678 105,
949 4607 1059 4664 Anton.
1075 4607 1180 4678 Meyn,
1202 4607 1318 4664 Philos.
1332 4608 1473 4681 perspice,
1494 4621 1572 4678 pert.
1591 4628 1616 4676 ι,

486 4696 562 4768 disp.
577 4699 650 4769 ⁶,-q.
666 4718 693 4765 a,
709 4709 764 4755 art.
786 4715 809 4766 r,
825 4716 855 4754 n.
874 4697 938 4768 965,
955 4695 1135 4768 aliosque-ab
1148 4696 1250 4754 eodem
1265 4696 1300 4754 P.
1316 4695 1455 4756 Mendive
1468 4697 1615 4758 laudatos.

522 4791 563 4855 la)
600 4785 675 4846 Vide
690 4785 723 4846 S.
736 4785 854 4856 Thom.¹
870 4786 905 4843 de
924 4784 1030 4857 Verit,
1045 4805 1075 4860 q.
1094 4805 1136 4844 rr.
1152 4805 1179 4844 a.
1198 4807 1221 4844 1.
