3492 5525
357 432 474 497 Amic.
501 449 558 495 tn·
579 433 632 498 Du
651 429 808 498 Tcamno
828 453 1029 502 ouuuaann
1160 456 1215 520 117

124 527 987 560 Μ

552 715 753 858 canui
784 771 837 858 n.

454 954 556 1019 DE
577 951 932 1022 TERMINO

625 1093 757 1107 m·-

416 1325 418 1331 ,
517 1273 819 1350 ARTICULUS
841 1275 871 1348 Ι.

399 1405 469 1470 De
491 1405 688 1470 termino
720 1408 987 1484 generatim.
1099 1496 1103 1502 Ι

171 1601 205 1668 9.
255 1581 429 1650 Terminus
447 1604 465 1650 a
489 1583 608 1670 Logico
622 1585 748 1662 deliniri
774 1603 850 1651 cum
870 1585 1045 1652 Aristotele
1076 1594 1201 1672 potest:
1222 1587 1258 1651 id
1276 1601 1450 1658 Quiremuu·

121 1689 158 1754 in
170 1691 258 1773 quod
270 1693 438 1758 resolvitur
445 1691 630 1773 propositio,
648 1696 685 1757 ut
700 1692 736 1756 in
746 1692 919 1780 subjectum
932 1695 966 1757 et
971 1691 1179 1774 predicatum
1189 1689 1253 1780 (r).

192 1795 305 1872 Quam
335 1797 556 1866 definitionem
581 1806 619 1863 ut
645 1799 822 1883 intelligas,
850 1808 964 1864 notare
991 1799 1091 1864 debes
1111 1800 1257 1884 proposi·

119 1909 253 1970 tionem
284 1891 419 1971 omnen'r
445 1905 663 1980 affirmatione
695 1916 752 1972 aut
785 1906 961 1991 negatione
983 1906 1157 1983 contineri,
1190 1925 1255 1988 qua

119 2013 250 2094 aliquid
264 2013 306 2077 de
318 2012 382 2077 alio
406 2013 606 2080 enuntiatur.
623 2013 677 2080 Sic
701 2013 835 2096 quando
849 2014 938 2080 dico:
956 2013 1044 2079 Deus
1060 2018 1108 2079 est
1129 2013 1255 2079 immor-

119 2120 218 2200 talis;
230 2119 331 2184 Homo
343 2139 407 2184 non
432 2121 589 2203 asturam
607 2139 716 2186 assero
735 2120 912 2203 tribuoque
936 2120 1005 2185 Deo
1028 2118 1255 2186 immortalita-
1345 2168 1348 2175 .

120 2237 213 2302 tem,
233 2227 274 2290 ab
293 2224 428 2294 homine
454 2236 564 2293 autem
580 2226 803 2292 conditionem
819 2227 934 2311 lapidis
956 2245 1124 2293 removeo.
1146 2226 1196 2303 ld,
1213 2228 1254 2292 de

119 2352 194 2416 quo
212 2333 336 2417 aliquid
359 2333 541 2400 affirmatur
558 2343 615 2400 aut
639 2345 776 2420 negatur
798 2335 830 2399 in
857 2333 1095 2419 propositione,
1119 2342 1255 2400 vocatur

116 2441 297 2528 subjectum
319 2441 484 2526 ejusdem3
511 2442 542 2507 id
571 2449 667 2519 tem,
697 2442 787 2524 quod
811 2441 993 2509 affirmatur
1020 2453 1077 2508 aut
1099 2450 1250 2526 negatur,
1297 2460 1436 2515 sabaeum,

114 2549 349 2629 predicatum
386 2548 455 2632 ipsa
482 2548 625 2632 denique
659 2547 831 2616 affirmatio
865 2560 922 2617 aut
952 2549 1101 2634 negatio,
1135 2551 1254 2630 copule
1292 2532 1443 2647 'md'uffm’

119 2673 250 2721 nomen
266 2657 421 2740 accepite
445 2655 583 2742 Logicis.
604 2655 729 2740 Copula
754 2674 833 2742 ergo
847 2666 898 2724 est
917 2658 1010 2740 quasi
1030 2656 1199 2722 vinculum
1220 2665 1253 2720 et
1324 2617 1365 2658 ⁶⁰⁹
1405 2629 1412 2645 ’

117 2762 344 2831 commissura
366 2784 441 2847 quae
452 2764 709 2850 propositionem
724 2764 886 2833 construit
899 2784 941 2831 ex
960 2763 1109 2849 subjecto
1124 2776 1156 2831 et
1171 2782 1253 2850 prae-

117 2871 245 2937 dicato.
260 2872 428 2939 Resolutio
443 2891 520 2939 vero
536 2871 770 2957 propositionis
785 2880 834 2937 est
848 2871 966 2955 divisio
976 2872 1124 2956 ejusdem
1140 2890 1175 2937 ac
1187 2870 1253 2937 dis-

116 2978 243 3063 ,ipatio
256 2980 287 3043 in
303 2997 362 3045 sua
377 2981 539 3045 elementa
554 2988 747 3063 partesque,
767 2979 889 3061 quibus
898 2979 1062 3045 coalescit.
1140 3018 1146 3029 -

191 3088 306 3168 ltaque
317 3087 384 3172 jam
406 3085 561 3170 perspicis
586 3088 691 3153 allatae
704 3086 771 3151 vim
788 3083 997 3154 definitionis.
1009 3085 1184 3151 Terminus
1202 3094 1253 3151 est

117 3196 173 3270 id,
192 3194 229 3259 in
250 3194 340 3277 quod
354 3194 526 3279 resolvitur
541 3194 718 3277 propositio
733 3202 906 3276 tamquam
921 3192 1107 3278 subjectum
1124 3203 1156 3258 et
1172 3210 1253 3276 prae·

116 3302 289 3367 dicatum:
311 3300 460 3367 videlicet
478 3301 511 3365 id
534 3300 642 3383 quod,
665 3300 787 3385 analysi
810 3297 914 3384 logica
936 3299 1084 3365 instituta
1105 3298 1253 3384 proposi-

118 3408 225 3473 tionis
249 3406 441 3492 cujuslibet,
463 3424 585 3473 munus
607 3425 720 3493 gerere
739 3406 877 3492 subjecti
901 3426 938 3478 ac
958 3405 1122 3490 praedicati
1136 3407 1252 3490 depre-

117 3515 316 3581 hendimus.
420 3572 424 3581 .
484 3562 488 3569 .
930 3540 934 3545 ·

190 3620 269 3687 Non
285 3639 363 3707 ergo
376 3621 507 3689 termini
528 3630 607 3687 sunt
630 3640 747 3687 omnes
762 3620 824 3686 iuae
839 3629 964 3706 partes,
982 3622 1015 3686 in
1031 3639 1114 3704 quas
1133 3639 1252 3706 propo-
1283 3637 1334 3685 uon
1345 3639 1454 3696 quarm

117 3732 199 3796 sitio
225 3729 477 3811 quomodolibet
502 3729 638 3814 dispesci
663 3737 790 3825 potest,
817 3730 886 3793 haec
911 3729 998 3793 enirn
1019 3728 1046 3792 si
1069 3725 1251 3812 composita
1266 3709 1461 3828 fflffil‘:

11 3902 12 3907 ,
118 3839 183 3914 sit,
202 3837 362 3904 dividitur
376 3834 482 3921 primo
496 3836 529 3901 in
550 3835 628 3901 alias
642 3837 825 3919 simplices,
847 3852 922 3918 quae
937 3843 1025 3901 certe
1039 3834 1168 3900 termini
1185 3852 1252 3899 non

118 3953 218 4011 sunt.
246 3940 449 4017 Quinetiam
466 3944 537 4027 ipsa
556 3944 697 4027 simplex
712 3940 906 4027 propositio,
932 3943 1049 4007 saltem
1072 3941 1099 4006 si
1114 3941 1156 4007 de
1174 3942 1252 4007 orali

118 4062 178 4117 aut
195 4052 320 4133 scripta
340 4052 533 4132 loquamur,
550 4051 661 4115 nonin
675 4050 832 4115 vocabula
850 4050 978 4126 solum,
992 4050 1051 4114 sed
1067 4050 1203 4114 ulterius
1218 4048 1251 4114 in

12 4234 13 4237 Ἴ
118 4159 273 4244 syllabas
288 4174 422 4240 quoque
437 4176 473 4221 ac
488 4158 626 4233 litteras,
639 4155 760 4240 quibus
770 4155 928 4222 vocabula
937 4156 1142 4232 coalescunt,
1159 4153 1252 4222 dissi·

120 4266 190 4351 pari
210 4273 339 4349 potest,
360 4283 435 4347 quae
446 4264 565 4349 pariter
580 4282 646 4329 non
662 4274 822 4330 vocantur
844 4262 987 4331 termini.
1004 4262 1070 4329 Sed
1086 4262 1149 4329 illis
1173 4261 1251 4329 solis

155 4538 202 4601 (r)
240 4502 307 4589 [ib.
326 4553 335 4588 1
348 4574 355 4600 ‚
372 4532 470 4589 Prior.
482 4530 605 4603 Anoiyt.
621 4552 646 4588 c.
663 4552 687 4587 1.
702 4529 841 4587 Eomdem
855 4527 1055 4587 definitionem
1069 4528 1251 4601 amplectun-

121 4638 171 4681 tur
185 4622 222 4681 S.
240 4620 350 4680 Thom.
371 4622 515 4689 Fonseca,
537 4618 715 4678 Conimbric.
731 4620 867 4688 Toletus,
889 4618 1041 4677 liurtadus
1054 4617 1163 4691 aliique
1175 4640 1252 4678 com-

122 4730 310 4771 munissrme.
