3492 5525
477 467 596 531 Andre.
621 476 680 551 att·
700 467 791 546 Qum
811 486 874 531 aas
1135 484 1196 547 qoq

118 651 226 717 raliter
258 658 352 715 rectae
384 648 453 715 sive
485 652 677 733 honestae3u
705 670 781 717 cum
816 652 904 717 enirn
936 651 1105 737 prudentia
1135 653 1236 719 dictat

117 778 153 823 v.
169 778 205 843 g.
226 775 313 823 nunc
331 758 535 840 loquendum
563 777 651 836 esse,
677 758 797 825 locutio
817 760 1006 844 hujusmodi
1038 769 1158 844 aprout
1185 768 1235 825 est

117 866 224 949 praxis
242 876 328 930 recta
347 865 527 940 moraliter,
546 866 755 932 constituitur
772 866 812 931 ab
841 878 915 933 actu
946 866 1125 933 voluntatis
1153 876 1189 932 ut
1217 886 1236 930 a

118 975 233 1039 torma.
254 972 291 1037 Et
311 972 373 1037 hoc
391 990 490 1039 sensu
509 973 619 1039 docuit
636 972 753 1039 Scotus
771 972 896 1059 praxim
917 973 1096 1039 formaliter
1114 980 1147 1038 et
1172 972 1237 1057 pri-

116 1078 220 1145 mario
237 1080 413 1145 consistere
427 1080 460 1144 in
479 1098 577 1164 opere
590 1080 776 1146 immediate
792 1080 895 1146 libero
910 1099 968 1146 seu
982 1080 1177 1147 voluntario.
1193 1082 1237 1146 At

116 1186 293 1271 practicum
307 1186 467 1252 artificiale
482 1188 589 1253 solum
606 1189 747 1272 postulat
762 1196 871 1253 actum
887 1188 1065 1254 voluntatis
1075 1195 1234 1271 tanquam

116 1313 233 1379 puram
263 1294 484 1360 conditionem
512 1295 553 1359 ad
583 1295 831 1379 applicationem
860 1294 1017 1379 potentie
1044 1292 1232 1361 executivae:

117 1402 329 1486 nequeenim
348 1401 469 1468 domus
487 1421 520 1469 ν.
536 1423 570 1487 g.
591 1411 688 1485 prout
702 1411 751 1468 est
770 1403 877 1488 praxis
896 1402 1087 1479 artificiosa,
1117 1402 1237 1469 consti-

115 1510 219 1576 tuitur
237 1528 294 1591 per
311 1518 421 1575 actum
437 1510 641 1575 voluntatis»
659 1508 674 1596 (
697 1508 725 1596 ).
1063 1514 1066 1521 ’

183 1621 271 1683 Illud
300 1621 448 1700 denique
476 1622 666 1683 notandum
696 1626 747 1682 est
770 1617 900 1699 praxim
929 1636 988 1682 seu
1016 1617 1232 1699 operationem,
1302 1628 1402 1684 [luiticis

116 1742 217 1807 quarn
245 1723 379 1789 scientia
408 1724 543 1806 practica
562 1723 689 1808 dirigit,
710 1715 849 1807 duplicis
877 1723 1006 1809 generis
1032 1742 1103 1789 esse
1123 1741 1231 1808 posse,
1261 1714 1435 1817 ξζζζᾟζζζζξζ

116 1833 267 1909 alteram,
289 1848 389 1914 quam
410 1840 505 1896 vocat
524 1830 715 1897 Aristoteles
732 1832 885 1897 actionem
903 1828 1053 1921 (πράξιν),
1085 1831 1231 1907 alteram,

116 1955 217 2021 quam
247 1938 392 2003 nominat
407 1939 576 2023 factionem
609 1935 810 2027 (ποιητικὴν).
847 1938 1006 2015 Quamvis
1034 1938 1121 2003 enim
1148 1956 1234 2021 saepe

113 2045 196 2110 actio
213 2045 392 2129 generatim
420 2044 580 2130 significet
608 2045 787 2128 quamlibet
809 2045 1049 2130 operationem,
1071 2043 1232 2111 interdurn

115 2166 227 2219 tamen
246 2172 265 2219 a
283 2150 481 2236 Philosopho
499 2154 744 2236 contraponitur
763 2152 892 2219 factioni
912 2148 975 2240 (2).

185 2260 305 2324 llarum
339 2278 436 2344 porro
466 2260 694 2343 operationum
727 2260 901 2325 discrimen
928 2260 997 2343 ipse
1016 2259 1233 2343 Philosophus
1257 2270 1439 2315 detrimentare

115 2366 277 2451 assignat,
297 2366 448 2450 quamvis
463 2368 549 2431 varie
562 2367 647 2444 ¹illud
668 2368 771 2451 possit
796 2366 929 2451 exponi.
951 2367 1060 2433 Primo
1084 2366 1172 2433 eninr
1193 2367 1235 2432 ita

115 2473 304 2557 distinguit,
330 2483 367 2538 ut
394 2474 478 2539 actio
503 2474 650 2540 videatur
667 2475 729 2539 dici
748 2484 840 2539 actus
868 2486 965 2559 prout
995 2473 1158 2539 moraliter
1186 2492 1236 2539 re-

115 2581 283 2665 gulabilis,
303 2580 398 2646 tactio
425 2600 503 2645 vero
531 2590 622 2646 actus
641 2589 677 2646 ut
696 2581 864 2647 artificiose
884 2580 1079 2666 regulabilis.
1101 2580 1233 2659 «Quem

114 2673 248 2753 sen'sum
267 2686 386 2754 indicat
412 2687 602 2752 Aristoteles
629 2684 678 2753 6.ο
704 2686 983 2772 Metapaysicorram
1012 2684 1080 2777 (3),
1106 2688 1162 2753 ubi
1188 2685 1236 2752 di-

1290 2350 1414 2401 utramque.

116 2798 287 2881 stinguens
318 2795 486 2860 scientiam
517 2797 688 2879 practicam
716 2796 749 2861 in
776 2796 911 2862 activam
935 2805 967 2862 et
988 2795 1157 2875 fmuaam,
1177 2796 1232 2873 ait,

116 2904 203 2969 idern
221 2921 292 2969 esse
310 2903 425 2986 agila'le
443 2904 532 2987 quod
552 2903 698 2986 eligibile.
720 2903 757 2967 Et
779 2904 872 2987 juxta
893 2905 975 2969 hanc
998 2903 1236 2988 interpretatio-

117 3030 193 3076 nem
213 3010 299 3075 idem
319 3023 411 3077 actus
429 3010 547 3094 poterit
566 3029 638 3077 esse
657 3011 752 3076 tactio
770 3012 832 3077 sub
851 3029 916 3077 una
937 3011 1078 3088 ratione,
1098 3019 1131 3075 et
1150 3010 1235 3077 actio

116 3119 179 3185 sub
206 3119 282 3200 alia;
302 3117 386 3183 inter
413 3116 542 3183 habltus
560 3135 639 3184 vero
655 3135 710 3184 ars
734 3119 792 3186 erit
811 3119 942 3197 factiva,
961 3115 1129 3202 prudentia
1157 3137 1235 3185 vero
1275 3197 1278 3204 Ι

116 3225 260 3292 activa.»

184 3332 361 3398 «Secunda
378 3332 538 3416 expositio
552 3341 603 3400 est
617 3342 655 3398 ut
668 3333 888 3414 peractionem
905 3333 1062 3419 intelligat
1078 3332 1236 3400 Aristote-

116 3444 165 3507 les
183 3450 273 3506 actus
296 3441 532 3518 immanentes,
559 3457 615 3525 per
624 3440 797 3524 factionem
813 3459 891 3506 vero
913 3449 1148 3508 transeuntes»
1167 3437 1234 3530 (4).

183 3548 317 3614 «Tertia
334 3549 495 3631 expositio
513 3557 579 3624 est,
600 3549 733 3614 utactio
751 3547 876 3616 dicatur
894 3549 964 3625 illa,
995 3567 1068 3634 quae
1088 3568 1155 3616 non
1186 3559 1237 3616 est

117 3667 249 3742 propter
266 3655 396 3738 aliquod
411 3674 495 3740 opus
512 3655 738 3734 efficiendum,
767 3658 856 3740 quod
877 3666 1007 3723 maneat
1034 3665 1066 3722 et
1085 3676 1236 3742 perseve-

118 3773 166 3831 ret
185 3771 260 3849 post
277 3763 437 3830 actionem
448 3781 456 3845 ;
464 3763 566 3848 factio
581 3783 657 3830 vero
671 3763 730 3842 sit,
745 3783 820 3847 quae
835 3763 986 3849 relinquit
1002 3765 1133 3849 aliquod
1149 3783 1235 3851 opus

133 4012 370 4026 ιι--ι-α

153 4128 193 4190 (ι)
231 4121 438 4181 Lossadmloc.
454 4119 505 4179 eit.
525 4141 553 4179 n.
571 4121 599 4178 6.

153 4217 195 4280 (a)
231 4211 306 4269 Vide
322 4210 456 4280 Ariston,
472 4211 608 4284 Metapa,
625 4210 674 4271 lib.
689 4231 721 4284 9,
738 4232 801 4283 cap.
816 4233 843 4284 9.
860 4210 924 4271 Cle.
940 4211 1019 4281 ibid..
1037 4211 1070 4272 S.
1084 4212 1237 4284 Thomas„

117 4301 229 4370 lect.,8,
253 4301 303 4358 lib.
319 4321 351 4373 93
366 4299 469 4369 Arist,
486 4300 626 4373 Metaplr„
646 4299 696 4358 lib.
710 4301 744 4369 6,
759 4321 822 4371 cap.
845 4322 869 4358 1.
886 4299 949 4359 Cir.
965 4301 1046 4373 ibid,
1070 4301 1103 4362 S.
1120 4303 1237 4373 Thom.,

117 4391 168 4450 lib.
184 4393 212 4460 6,
223 4391 289 4448 lect.
303 4411 332 4458 ις
346 4389 449 4458 Arist,
461 4388 511 4448 lib.
529 4391 705 4466 rzMagnor.
723 4389 841 4459 Marci„
858 4390 907 4448 lib.
928 4411 956 4459 r,
970 4411 1033 4463 cap.
1049 4392 1102 4451 ult.
1113 4405 1143 4451 et
1156 4393 1239 4452 Erui-

117 4502 190 4550 cor.,
204 4480 257 4538 lib.
269 4480 375 4553 6,cep.
393 4497 418 4547 5.
435 4478 498 4536 etr.
519 4477 552 4536 S.
566 4479 682 4547 Thom..
699 4479 739 4539 tib
751 4479 783 4549 6,
796 4480 936 4551 Etlu'cor.‚
949 4481 1016 4542 lect.
1033 4503 1059 4556 3.

153 4570 195 4643 (3)
231 4569 306 4641 Cap.
325 4591 348 4627 r.
368 4567 432 4627 Clr.
447 4567 532 4639 ibid,
548 4567 582 4626 S.
596 4567 714 4639 Tuom..
730 4569 795 4627 leet.
814 4591 837 4626 1.

153 4659 197 4734 (4)
231 4658 307 4716 Vide
327 4658 461 4730 Ariston,
485 4658 535 4718 lib.
560 4659 593 4728 6,
616 4659 756 4734 Metapa..
780 4680 843 4732 cap.
870 4681 895 4727 1,
917 4659 968 4720 lib.
988 4681 1022 4734 9,
1041 4681 1103 4735 cap.
1124 4661 1152 4722 8.
1175 4660 1238 4724 Cir.

120 4749 153 4810 S.
168 4750 286 4820 Thom,
296 4747 347 4809 lib.
357 4749 391 4820 6,
407 4749 471 4808 lect.
489 4757 541 4820 r.·;
555 4760 585 4808 et
598 4747 650 4807 lib.
664 4769 697 4822 9,
712 4748 822 4820 locttiq
836 4762 866 4810 et
880 4771 902 4810 r·.
918 4769 958 4824 n,
968 4764 1073 4823 queat.
1085 4772 1132 4828 57,
1146 4765 1201 4812 art.
1209 4771 1238 4830 4.
