3492 5525
506 469 563 538 roa
956 417 1087 516 Locren

464 656 501 702 ac
522 635 754 704 dictaminibus
777 615 932 722 generata
954 633 1158 701 intellectum
1178 635 1298 721 juvans
1319 643 1352 700 et
1374 632 1535 726 inclinans
1548 633 1590 697 ad

465 743 555 810 facile
570 745 767 829 repetendos
786 751 879 810 actus
897 742 1011 808 talium
1027 742 1215 826 regularum
1228 742 1279 807 vel
1297 737 1590 825 dictaminomn).

535 850 680 918 Celebris
700 851 788 937 apud
807 862 936 918 veteres
954 857 1023 916 erat
1041 849 1158 915 divisio
1181 848 1309 935 logicae
1331 850 1364 914 in
1385 850 1545 914 docentem
1559 855 1592 911 et

466 961 613 1026 anatem.
639 957 770 1026 Docens
789 966 856 1034 est,
881 976 957 1041 quae
980 966 1141 1042 praecepta
1166 965 1253 1023 recte
1275 955 1455 1023 disserendi
1479 954 1590 1021 tradit:

468 1074 578 1142 utens,
591 1083 667 1151 quae
677 1053 840 1151 praecepta
851 1067 921 1132 haec
931 1075 1060 1131 exercet
1070 1075 1169 1147 atque
1179 1065 1211 1130 in
1223 1063 1349 1148 praxim
1359 1062 1504 1128 deducit.
1520 1061 1592 1126 «Ad

467 1173 566 1258 liujus
584 1174 628 1240 rei
654 1173 936 1258 explanationem,
963 1173 1117 1259 inquiunt
1142 1170 1429 1238 Conimbricenses
1445 1167 1515 1257 (2),
1536 1169 1594 1234 ad·

468 1282 663 1348 vertendum
684 1280 783 1350 estin
799 1297 1012 1364 quacumque
1036 1290 1103 1345 arte
1119 1261 1275 1363 practica,
1292 1296 1367 1362 quae
1387 1277 1546 1343 methodo
1561 1285 1593 1341 et

468 1385 519 1454 via
534 1388 688 1466 traditur,
718 1389 829 1470 aliquo
855 1389 957 1454 modo
971 1386 1160 1454 distinctam
1174 1404 1246 1454 esse
1264 1386 1445 1452 doctrinam
1461 1384 1501 1449 ab
1517 1403 1591 1450 usu.

465 1495 550 1562 Nam
574 1495 720 1569 doctrina
739 1505 791 1562 est
809 1495 890 1562 illud
915 1495 1080 1560 dictamen
1100 1495 1169 1561 sive
1193 1512 1325 1570 norma,
1346 1511 1414 1576 qua
1433 1509 1484 1558 ars
1509 1511 1595 1575 prae-

467 1602 579 1670 scribit
591 1602 729 1669 modum
743 1602 852 1688 operis
867 1601 1042 1678 efficiendi,
1055 1613 1088 1669 et
1098 1599 1253 1685 quaesine
1268 1602 1335 1667 ullo
1347 1619 1447 1686 opere
1456 1597 1594 1665 existere

468 1718 594 1798 potest;
616 1727 698 1778 usus
715 1718 828 1778 autem
848 1719 901 1776 est
919 1711 988 1795 ipsa
1011 1710 1119 1794 operis
1133 1708 1300 1785 executio,
1317 1727 1392 1792 quae
1412 1717 1462 1774 est
1482 1724 1596 1790 opera-

468 1817 514 1884 tio
528 1835 721 1904 supponens
735 1817 878 1904 priorem
902 1835 1070 1893 normam,
1094 1835 1169 1900 quae
1197 1815 1346 1901 dirigitur
1363 1823 1397 1880 et
1416 1816 1594 1900 regulatur.

468 1923 663 2009 Exemplum
679 1926 871 1991 desumatur
886 1933 1009 1990 exarte
1027 1922 1200 2008 pingendi,
1225 1942 1291 2006 qua
1311 1922 1369 2006 qui
1382 1923 1518 1989 aflectus
1531 1929 1594 1996 est,
1736 2006 1737 2023 χ

469 2031 575 2118 primo
594 2031 737 2117 concipit
764 2032 950 2108 intellectu,
971 2050 1039 2116 quo
1062 2043 1159 2116 pacto
1181 2031 1372 2098 deducenda
1395 2039 1473 2096 sunt
1497 2029 1598 2094 linea·
1702 2039 1709 2051 ·

469 2147 596 2215 menta,
623 2147 656 2204 et
678 2138 852 2206 inducendi
880 2140 1006 2206 colores
1035 2139 1184 2224 picturae,
1215 2157 1315 2221 quam
1344 2137 1494 2219 molitur;
1521 2155 1597 2220 quae

357 2302 360 2312 .
468 2253 548 2314 sunt
567 2257 729 2332 praecepta
755 2247 848 2314 artis:
880 2247 998 2315 deinde
1027 2244 1216 2331 penicillum
1242 2246 1361 2321 sumit,
1387 2244 1537 2330 producit
1559 2246 1597 2309 li·

470 2371 583 2432 neam,
613 2351 703 2420 addit
730 2355 892 2430 colorem,
919 2348 976 2437 qui
1008 2363 1059 2419 est
1086 2356 1226 2439 ejustem
1252 2355 1330 2420 artis
1356 2370 1449 2420 usus.
1473 2352 1595 2418 Eodem

470 2460 571 2527 modo
586 2479 622 2528 se
636 2479 688 2528 res
702 2461 801 2528 habet
814 2462 847 2528 in
865 2460 1050 2527 Dialectica.
1071 2461 1155 2526 Nam
1170 2461 1228 2544 qui
1250 2462 1429 2528 instructus
1443 2471 1493 2527 est
1507 2459 1598 2526 habi·

469 2577 505 2634 tu
515 2567 683 2634 dialectico
694 2541 868 2635 inclinant'e
881 2569 922 2634 ad
934 2567 1143 2634 efficiendum
1153 2567 1384 2654 syllogismum
1395 2568 1427 2633 in
1441 2568 1596 2641 Barbara,

470 2675 559 2742 verbi
574 2694 690 2752 causa,
706 2677 814 2763 primo
833 2678 953 2742 format
974 2676 1036 2741 hoc
1052 2675 1230 2762 judicium:
1246 2677 1442 2760 syllogismus
1454 2678 1600 2740 constare

468 2784 607 2850 debetex
620 2784 719 2849 tribrts
739 2784 971 2851 universaliores
992 2784 1188 2867 affirmativis
1206 2785 1261 2849 boc
1283 2786 1374 2851 modo
1394 2784 1599 2865 complacatis:

470 2890 526 2975 qui
551 2899 644 2964 actus
681 2900 790 2977 potest
822 2910 896 2958 esse
930 2892 1055 2975 absque
1088 2890 1142 2956 illa
1168 2890 1354 2979 syllogismi
1379 2892 1596 2958 coniectione.

470 2996 593 3067 Deinde
608 3018 666 3083 per
680 3006 789 3064 actum
799 2998 990 3065 distinctum
1001 2998 1134 3064 conficit
1148 2999 1382 3085 syllogismum
1393 2999 1434 3065 ad
1447 3018 1598 3064 normam

470 3104 584 3190 prioris
613 3117 717 3173 actus.
745 3105 793 3170 Ac
817 3106 906 3190 prior
927 3103 1062 3187 quidem
1091 3116 1185 3171 actus
1208 3117 1258 3173 est
1280 3106 1426 3174 docuina
1449 3106 1596 3185 actualis3

469 3221 503 3278 et
516 3210 665 3288 habitus.
690 3212 748 3294 qui
770 3212 855 3279 illius
876 3230 974 3278 causa
995 3221 1063 3287 est,
1088 3213 1249 3297 apellatur
1273 3214 1448 3279 Dralecta'ca
1470 3216 1599 3277 doceres:

470 3316 630 3404 posterior
646 3336 724 3385 vero
747 3327 797 3385 est
816 3336 915 3399 usus;
931 3327 965 3384 et
990 3319 1139 3395 habitus,
1164 3319 1221 3402 qui
1242 3320 1283 3386 ad
1301 3320 1394 3387 illum
1418 3320 1598 3398 concurrit,

470 3428 561 3493 ndns
575 3426 748 3493 Drialcclica
764 3438 995 3512 nuncupatur»
1015 3424 1080 3514 (3).

537 3532 611 3599 Non
635 3542 729 3599 vacat
748 3546 860 3601 autem
882 3552 970 3600 nunc
987 3554 1026 3598 ea
1044 3534 1156 3601 omnia
1173 3534 1384 3612 meminisse,
1405 3554 1482 3620 quae
1502 3535 1599 3620 prisci

471 3640 581 3725 logici
595 3639 636 3707 de
651 3641 710 3707 hac
734 3639 895 3708 divisione
914 3642 1079 3708 fusissime
1097 3641 1130 3707 in
1144 3641 1403 3727 disputationem
1418 3642 1595 3719 vocabant,

470 3748 649 3833 dequibus
668 3746 798 3837 aliquid·
807 3749 882 3815 alibi
895 3749 1035 3816 dicetur.

282 3890 332 3937 gy,
347 3890 431 3947 mg.
537 3854 601 3921 Sed
623 3856 753 3923 omissis
767 3855 837 3923 aliis
854 3854 1083 3930 divisionibus,
1103 3874 1180 3939 quae
1199 3856 1299 3924 videri
1324 3859 1447 3942 passim
1469 3867 1600 3941 queunt

255 3960 457 4079 ffatim-⁸³*
470 3962 558 4049 apud
582 3972 730 4037 veteres,
760 3960 918 4029 dividitur
941 3963 1058 4049 Logica
1072 3964 1106 4029 in
1133 3965 1273 4031 Paroanr
1295 3984 1355 4031 seu
1377 3966 1535 4031 Minorem
1566 3975 1601 4030 et

380 4046 455 4087 Μ’
470 4069 639 4155 Majorcarr.
658 4068 742 4147 Quae
755 4066 872 4136 divisio
895 4079 932 4136 ut
945 4070 1160 4157 intelligatur,
1181 4071 1512 4140 animadvertendum
1532 4084 1599 4151 est,

469 4174 612 4262 logica
638 4187 675 4243 ut
699 4188 793 4245 actus
816 4178 939 4243 mentis
969 4176 1088 4244 doceat
1120 4178 1154 4243 in
1178 4178 1323 4246 veritatis
1354 4180 1598 4247 assecutionem

504 4464 547 4528 (1)
582 4460 646 4521 etr.
662 4461 804 4527 Locsada,
820 4462 876 4521 loc.
891 4462 943 4521 eit.
957 4474 1042 4533 tract.
1060 4484 1089 4530 1,
1102 4462 1182 4536 disp.
1200 4485 1230 4535 1,
1243 4484 1308 4537 cap.
1324 4486 1355 4533 ε,
1367 4486 1399 4524 tt.
1414 4488 1443 4525 2.

504 4556 545 4617 (al
583 4550 652 4609 Loe-
672 4550 724 4611 cit.
738 4566 844 4623 quast.
859 4552 1113 4625 prooemia1.4,a.
1128 4573 1158 4610 a.

503 4646 545 4711 (3)
581 4639 734 4699 Conimbe.
749 4642 804 4701 loe.
818 4640 869 4702 cit.
883 4656 989 4714 qamt,
998 4660 1027 4715 4.
1038 4660 1165 4714 prooem.
1177 4658 1235 4705 art.
1246 4663 1274 4701 a.
1285 4644 1350 4703 Cb.
1360 4646 1452 4705 etim
1460 4646 1602 4722 Arnim,

468 4726 576 4807 tegla.
588 4728 667 4803 disp.
684 4752 712 4801 3,
726 4742 797 4791 sest.
815 4752 840 4791 1.
