3492 5525
167 474 281 541 Anne.
300 490 359 540 μ’
375 474 496 542 Unnun
511 495 598 541 cren.
615 494 737 541 aeeon.
755 494 804 541 sn
822 496 856 541 ru
872 495 1120 542 nncromranc.
1147 491 1202 561 543

186 660 310 728 Verum
343 680 384 727 ne
407 660 713 748 traditionalismum
746 681 833 727 nunc
856 680 898 727 ex
922 662 1049 747 integro
1077 649 1246 745 aggredia-

117 788 206 844 mur,
222 789 260 833 ea
274 776 404 835 tanturn
420 770 635 856 attingemus,
652 788 727 857 quae
742 768 888 837 veritatis
899 768 1064 835 criterium
1079 773 1241 852 spectant.

187 876 273 942 Sunt
282 874 405 961 itaque,
422 876 477 961 qui
493 878 643 963 generale
659 897 694 943 ac
710 896 904 962 supremum
922 876 1064 943 veritatis
1076 874 1241 941 criterium

116 982 151 1048 in
170 982 358 1051 auctoritate
376 984 594 1051 constituunt.
619 984 801 1051 Auctoritas
820 1005 917 1069 porro
933 986 984 1051 vel
999 983 1108 1050 divina
1121 982 1171 1049 vel
1183 982 1245 1046 hu·

117 1109 216 1157 mana
235 1101 296 1163 est.
314 1092 352 1157 Et
370 1092 484 1159 Petrus
502 1092 612 1157 Daniel
627 1092 781 1170 Huetius,
797 1094 972 1177 episcopus
987 1090 1197 1157 Abrincensis
1208 1089 1242 1153 in

116 1197 234 1273 Gallia,
255 1199 304 1265 vir
322 1200 520 1284 caeteroquin
541 1219 607 1266 non
623 1217 690 1267 uno
705 1200 837 1267 nomine
852 1198 1065 1276 clarissimus,
1087 1196 1119 1263 in
1135 1197 1244 1282 Opere

117 1306 298 1391 posthumo
323 1309 364 1373 de
391 1308 601 1375 imbecillitate
624 1308 753 1390 spiritus
771 1307 902 1374 humeri
923 1306 976 1395 (r)
1002 1307 1131 1383 docuit,
1154 1323 1247 1370 men·

116 1428 186 1483 tem
206 1415 385 1481 humanam
405 1416 465 1481 sibi
489 1416 633 1481 relictam
658 1416 782 1500 absque
801 1414 1008 1481 revelationis
1026 1414 1144 1481 divinae
1163 1431 1246 1497 prae·

116 1523 202 1589 sidio
230 1524 350 1589 nullius
369 1523 513 1589 veritatis
541 1541 638 1608 posse
665 1522 891 1589 certitudinem
919 1542 1120 1607 comparare.
1151 1521 1245 1586 Unde

116 1630 266 1714 sequitur
289 1630 434 1698 divinam
454 1632 698 1707 auctoritatem,
720 1630 803 1697 sicut
821 1640 872 1697 est
890 1630 966 1696 ridei
989 1627 1245 1714 supernaturalis

117 1739 301 1816 motivum,
328 1738 371 1804 ita
400 1758 532 1823 quoque
560 1739 715 1805 naturalis
739 1739 848 1805 omnis
866 1736 1068 1823 cognitionis
1087 1755 1160 1803 esse
1187 1736 1246 1803 cri·

115 1846 249 1912 terium.
353 1867 354 1881 ¹

185 1956 300 2020 Postea
326 1973 404 2020 vero
423 1954 569 2020 Felicitas
587 1955 628 2019 de
654 1936 847 2021 Lamennais
874 1954 1043 2021 contendit
1062 1940 1242 2019 humanam

118 2060 296 2147 rationem,
327 2060 406 2145 quin
440 2063 569 2128 accedat
598 2062 733 2129 aliorum
767 2064 941 2129 hominum
974 2078 1171 2134 consensus,
1204 2059 1245 2124 de

117 2170 207 2234 nulla
230 2188 362 2255 prorsus
392 2189 424 2235 re
452 2177 573 2235 certam
599 2188 671 2236 esse
699 2168 930 2236 rationabiliter
953 2187 1065 2253 posse,
1086 2166 1247 2250 quamob-

117 2295 188 2341 rem
208 2275 361 2343 «unicum
392 2277 538 2343 medium
558 2286 646 2343 certo
675 2276 844 2344 veritatem
861 2296 881 2341 a
899 2276 1038 2343 falsitate
1061 2274 1247 2341 discemen-

116 2382 150 2449 di
165 2402 238 2450 esse
257 2384 481 2459 auctoritatem
511 2384 561 2450 vel
590 2403 786 2450 consensum
813 2382 1010 2471 judiciorum
1040 2402 1077 2449 ac
1098 2380 1248 2448 testimo-

119 2492 272 2557 niorum»
292 2488 355 2580 (2).

185 2598 259 2674 Qua
277 2599 309 2665 in
330 2617 362 2663 re
382 2616 421 2664 eo
441 2617 617 2685 progresus
636 2609 686 2665 est
705 2598 946 2666 infelicissimus
964 2598 1015 2663 hic
1035 2596 1187 2681 scriptor,
1209 2606 1246 2663 ut

119 2726 161 2773 ne
187 2706 359 2775 veritatum
389 2706 691 2774 mathematicarum
724 2715 756 2773 et
781 2704 1068 2792 geometricum,
1099 2714 1132 2771 et
1156 2704 1247 2788 quod

118 2815 302 2882 incredibile
331 2819 464 2900 prorsus
494 2817 672 2891 videretur,
704 2834 743 2881 ne
772 2815 875 2898 ipsius
903 2813 1036 2898 quidem
1065 2812 1247 2878 existentiae

119 2924 257 3009 propriae
276 2931 396 2990 certam
417 2942 478 2991 nos
497 2924 718 3009 cognitionem
739 2921 869 3006 assequi
895 2941 992 3006 posse
1011 2920 1242 2998 autumaverit,

120 3033 255 3116 praeciso
273 3050 435 3098 consensu
456 3031 585 3117 generis
613 3031 749 3097 humani
776 3026 839 3118 (3).
854 3029 944 3096 ·l·linc
964 3039 1086 3106 ¹natura
1110 3029 1245 3095 insitum

119 3139 279 3206 habemus
314 3140 504 3218 instinctum
537 3138 613 3204 ridei
647 3139 838 3204 adhibendae
870 3139 1008 3204 aliorum
1038 3136 1241 3213 testimonie,

117 3246 189 3313 sine
206 3265 272 3332 qua
291 3265 422 3313 necesse
441 3255 492 3314 est
510 3266 571 3313 nos
586 3247 618 3312 in
634 3246 797 3332 profundo
811 3244 1026 3313 ineluctabilis
1045 3242 1244 3330 scepticismi

155 3521 195 3582 (ι)
233 3514 359 3588 Scripsit
381 3515 456 3574 inter
474 3515 530 3574 alia
550 3517 829 3576 Demonstrationem
850 3500 1067 3592 evangelicam
1087 3513 1247 3592 Censorem
1324 3586 1329 3595 Ι

116 3606 321 3680 Philosophiae
334 3605 525 3673 Cartesianae,·
537 3606 719 3684 Quaestiones
734 3607 896 3664 Alnetanos
905 3607 940 3662 de
954 3605 1108 3662 concordia
1122 3604 1246 3661 rationis

117 3694 245 3768 cistelei}
260 3714 295 3752 ac
315 3693 485 3753 Tractatum
499 3697 534 3753 de
548 3693 691 3769 infirmate
706 3695 828 3753 rationis
844 3697 986 3752 humanae.

157 3790 198 3850 (a)
234 3785 275 3842 Le
290 3785 356 3842 seul
367 3803 466 3858 moyen
483 3785 517 3842 de
531 3785 677 3843 discerner
691 3805 762 3843 avec
777 3785 918 3842 certitude
932 3786 959 3842 le
973 3786 1045 3843 urai
1058 3786 1097 3841 du
1104 3788 1187 3854 saux
1204 3791 1247 3841 est

118 3875 143 3931 Γ
170 3877 296 3932 auterr'te
321 3893 358 3931 ou
381 3875 405 3931 Γ
427 3875 531 3933 accord
548 3877 597 3933 des
613 3875 783 3951 jugements
802 3883 830 3932 et
849 3877 899 3932 des
923 3876 1125 3951 temoignages
1143 3874 1248 3938 (Essai

118 3977 191 4033 ete,
209 3977 230 4022 t.
246 3983 278 4033 a,
294 3963 340 4022 ch.
359 3969 418 4038 14).
434 3963 473 4024 si
484 3984 516 4022 ce
536 3984 590 4039 que
604 3974 668 4023 tous
691 3966 733 4022 les
748 3966 870 4022 homme
889 3965 1000 4021 croient
1020 3970 1079 4021 erre
1099 3965 1183 4029 orci,
1204 3971 1248 4020 est

117 4053 201 4124 vrci,
217 4053 241 4109 it
251 4052 279 4110 s’
293 4054 390 4112 enauit
404 4073 458 4127 que
472 4053 496 4111 Γ
511 4055 678 4123 uniformit&
692 4056 742 4112 des
753 4055 937 4128 perceptione
948 4063 977 4111 et
990 4054 1125 4112 l'cccord
1133 4052 1248 4129 desju-

117 4153 249 4220 gennente
259 4153 302 4200 est
318 4145 344 4201 le
358 4151 505 4202 caractere
518 4145 552 4201 de
566 4145 597 4202 in
611 4147 712 4202 verite.
730 4147 853 4215 Defensa
866 4146 902 4202 de
916 4143 939 4200 Γ
955 4145 1057 4214 Essai,
1072 4142 1120 4201 ch.
1140 4165 1181 4215 ¹7·

155 4239 195 4310 (3)
232 4232 272 4292 Ce
286 4233 363 4291 n'esl
378 4253 475 4303 assez,
491 4253 640 4292 commeon
655 4233 675 4292 Γ
690 4255 773 4304 auu,
788 4241 863 4307 pour
878 4255 914 4292 ne
926 4236 1051 4307 pouooe'r
1065 4235 1248 4308 rigoureuse·

117 4332 197 4394 ment
219 4322 343 4400 affirener
369 4324 438 4396 quoi
457 4342 509 4396 que
530 4343 561 4382 ce
585 4327 658 4394 soit,
684 4331 742 4398 pas
762 4329 850 4382 meme
873 4334 969 4382 nostre
982 4330 1089 4400 propre
1102 4323 1248 4380 existence

117 4413 225 4478 (Essai
234 4427 300 4482 etc„
316 4427 338 4470 t·
354 4432 381 4483 a,
392 4413 438 4472 ch.
458 4417 511 4486 ¹3)·
528 4415 667 4472 Nosotros
677 4433 728 4472 nos
743 4415 907 4489 obligamus
922 4422 941 4472 d
954 4426 1034 4471 tener
1048 4415 1123 4471 tales
1137 4411 1249 4488 princi-

114 4503 182 4576 ῥέος
198 4501 418 4570 (materndtieos)
432 4511 486 4577 por
499 4505 613 4571 cr'erlos,·
619 4525 643 4577 y
655 4509 673 4561 d
687 4505 855 4576 cualque'era
868 4523 922 4576 que
931 4523 963 4562 se
971 4504 1110 4577 aegaea
1123 4503 1248 4560 creerlos

117 4591 166 4648 sin
180 4591 398 4662 demostracr'on,
416 4595 442 4650 le
457 4592 635 4652 declaramus
649 4593 782 4667 culpabis
792 4595 827 4652 de
841 4595 1082 4651 rebeldiacontra
1094 4594 1124 4650 el
1136 4591 1247 4649 sentido

117 4699 231 4752 comen,
247 4699 299 4754 que
313 4701 348 4739 no
360 4701 391 4741 cs
400 4687 467 4740 'mds
478 4701 532 4756 que
542 4683 572 4740 la
586 4683 742 4742 autoridad
749 4683 881 4759 deigran
893 4687 1021 4743 edmero.
1032 4683 1105 4756 (Ap.
1119 4679 1245 4751 Balmea,

118 4769 232 4828 Hister.
247 4771 283 4829 de
296 4771 326 4830 la
338 4772 468 4844 Filosos..
483 4791 598 4847 paragr.
613 4771 675 4839 60).
