3492 5525
534 500 594 584 35⁶
720 499 846 570 [norm
866 501 1119 578 Minon-Drsn,
1143 516 1187 589 3.·
1208 502 1286 571 Cnn.
1310 518 1383 590 μω
1504 602 1508 609 v

497 604 1023 643 -——.‚-.....

467 706 475 719 ·
494 691 608 753 natum
621 706 755 774 quoque
766 690 1070 773 affirmaredebere3
1083 690 1176 768 item,
1193 709 1270 757 eum
1285 690 1343 774 qui
1355 688 1617 757 conditionatum

495 804 605 880 negat,
619 796 843 863 conditionem
862 817 997 883 quoque
1015 816 1133 883 negare
1147 797 1279 864 debere.
1299 796 1420 863 Pariter
1431 797 1464 863 in
1484 794 1617 871 Minori,

494 920 570 987 quae
588 904 766 988 propositio
788 906 965 991 categorica
979 916 1047 982 est,
1063 925 1140 972 cum
1155 904 1362 972 affirmamus
1373 902 1614 979 conditionem,

494 1010 546 1075 vel
563 1002 823 1081 conditionatum
837 1006 1021 1099 negamus,
1047 1014 1130 1079 tacto
1149 1013 1222 1099 ipso
1240 1012 1401 1089 dicimus,
1422 1012 1509 1077 idern
1528 1008 1621 1075 affir-

495 1118 652 1183 mandum
673 1136 746 1185 esse
764 1121 1030 1207 velnegandum,
1051 1128 1084 1186 ct
1098 1120 1231 1205 quidem
1245 1119 1285 1186 ab
1305 1120 1472 1195 omnibus,
1493 1117 1571 1202 quia
1584 1115 1619 1181 id

494 1223 597 1309 poscit
612 1225 744 1293 veritas.

561 1334 784 1417 Repraesentet
802 1334 902 1422 igitur
932 1342 964 1404 Χ
982 1334 1222 1411 conditionem,
1243 1342 1276 1400 et
1294 1340 1325 1403 Υ
1343 1334 1617 1413 conditionatum;

493 1440 563 1506 lraec
580 1440 641 1507 erit
655 1440 817 1526 generalis
832 1444 1032 1510 reductionis
1046 1444 1186 1510 formula
1203 1443 1236 1508 in
1252 1442 1467 1509 affirmativis:

495 1568 499 1573 ’
562 1548 628 1629 Qui
643 1550 799 1632 apimrare
811 1550 901 1617 dedet
911 1550 1152 1634 propositionem
1164 1557 1214 1627 Χ,
1229 1549 1388 1635 affimure
1406 1550 1497 1615 debet
1505 1554 1623 1631 propo-

491 1654 637 1723 sitionem
647 1662 694 1739 Υ;
1356 1647 1359 1655 ’

558 1763 622 1829 Sed
637 1782 742 1831 omnes
754 1765 911 1851 affirmare
928 1767 1039 1834 debent
1046 1766 1285 1849 propositionem
1302 1772 1352 1847 Χ;

560 1870 642 1956 Ergo
655 1890 762 1939 omnes
787 1871 944 1955 affirniare
956 1874 1068 1940 debent
1086 1874 1328 1956 propositionem
1348 1877 1392 1940 Y.

559 1978 597 2045 Et
616 1978 649 2044 in
669 1980 839 2065 negativis:

560 2086 627 2170 Qui
642 2106 754 2172 negare
778 2090 868 2155 delet
877 2089 1117 2173 propositionem
1130 2094 1181 2177 Y,
1196 2105 1307 2173 negare
1331 2088 1420 2153 dedet
1433 2086 1622 2169 propositio-

491 2212 562 2261 nem
579 2200 632 2277 Χ;
1527 2196 1529 2203 ’

558 2300 622 2369 Sed
637 2320 743 2370 omnes
759 2322 870 2389 negare
882 2306 995 2372 debent
1001 2304 1241 2389 propositionem
1254 2309 1303 2386 Y;

558 2412 639 2493 Ergo
654 2411 759 2478 omnes
771 2430 883 2497 negare
898 2414 1010 2480 debent
1022 2413 1262 2497 propositionem
1279 2417 1324 2479 Χ.

557 2517 642 2594 Quae
672 2520 747 2586 duae
773 2522 923 2587 formulae
948 2532 1026 2590 sunt
1053 2520 1238 2610 syllogismi
1259 2518 1423 2601 simplices
1443 2518 1557 2602 primae
1578 2516 1620 2581 sr-

492 2645 603 2712 guraen
623 2624 689 2715 (r).

822 2857 826 2864 ’
906 2871 1109 2959 CAPUT
1140 2873 1209 2958 tV.

571 3074 642 3139 De
660 3074 837 3140 oaeteris
855 3077 1262 3154 argumentationis
1279 3075 1535 3158 speciebus.

558 3270 885 3355 Argumentationem
900 3269 1049 3356 superius
1067 3269 1239 3337 divisimus
1253 3271 1286 3337 in
1300 3269 1534 3354 syllogismum,
1551 3269 1615 3334 En.

490 3375 659 3458 immoene,
674 3379 902 3456 inductionem,
922 3379 1118 3460 Exemplum,
1131 3379 1265 3446 Soritem
1283 3397 1320 3444 ac
1339 3377 1505 3444 Dilemma.
1525 3377 1613 3442 Cum
1729 3463 1730 3478 ἶ

489 3483 600 3566 itaque
627 3486 785 3551 hactenus
798 3487 1029 3573 syllogismum
1054 3486 1342 3563 declaraverimus,
1364 3483 1527 3571 reliquum
1547 3495 1612 3562 est,

490 3598 528 3655 ut
558 3601 691 3660 caeteras
721 3610 856 3678 quoque
886 3593 1181 3680 argumentationis
1213 3595 1336 3661 formas
1368 3591 1508 3659 breviter
1540 3610 1615 3676 per·
1728 3665 1729 3674 ἵ

490 3697 705 3785 stringamus.
783 3741 787 3747 ·

866 3894 1168 3971 ARTICULUS
1190 3896 1220 3970 t.

859 4046 931 4112 Do
952 4045 1234 4112 Inductione'.

397 4227 428 4274 rto
538 4216 611 4306 169.
659 4220 805 4289 inductio
819 4240 879 4289 seu
893 4223 1089 4308 syllogismus
1107 4221 1306 4299 inductivas,
1327 4220 1619 4306 quemadmodum

305 4297 310 4308 ¹
382 4298 447 4344 '²⁵‘
487 4328 667 4412 appellatur
697 4331 739 4396 ab
769 4331 907 4399 Alberto
925 4332 969 4400 Μ.
997 4327 1050 4419 (a)
1074 4329 1228 4415 aliisque,
1248 4329 1403 4403 definitur
1420 4329 1462 4396 ab
1485 4327 1614 4396 Aristo-

522 4599 567 4660 (1l
599 4593 634 4656 P.
649 4593 760 4658 Salv-at.
772 4596 943 4674 Tongiorgi.
958 4597 1159 4674 institutiones
1172 4595 1398 4672 pltueopllcoe,
1410 4595 1467 4658 vol.
1481 4594 1503 4656 l.
1516 4595 1613 4674 Logi-

485 4703 582 4850 “i's'
597 4707 898 4858 ἕλῗζῖηιὶγεὸων.
911 4779 962 4840 tib.
977 4797 1005 4848 a,
1019 4791 1105 4840 tract.
1115 4797 1143 4852 4.
