3492 5525
543 486 603 551 82b
658 488 782 553 Locren
798 488 948 565 Maron·
960 489 1028 553 Lao.
1047 500 1118 563 μ’,
1134 486 1227 551 [iaso.
1246 499 1290 570 3.·
1304 487 1384 549 Cae.
1406 501 1473 549 ram

502 674 665 759 objectum
686 674 945 759 praemissarum,
966 674 1024 741 sed
1044 674 1152 740 solum
1167 690 1202 740 se
1217 673 1333 738 habeat
1347 674 1447 739 instar
1460 672 1626 755 qualitatis

503 792 641 849 mortuae
660 784 711 849 vel
727 784 860 866 sopitae3
892 782 1005 866 nequit
1033 782 1184 865 supplere
1209 798 1408 872 concursum
1435 779 1627 845 illuminati·
1720 863 1721 876 ἵ

502 906 580 953 vum
613 908 649 954 ac
681 889 873 958 directivum
907 888 1081 956 actualium
1117 888 1372 972 praemissarum.
1407 887 1497 953 Sicut
1526 887 1625 952 etiam

502 995 672 1063 habitualis
688 997 807 1081 objecti
826 997 968 1081 cognitio
988 1014 1054 1062 non
1083 994 1202 1061 sufficit
1231 996 1272 1061 ad
1301 998 1379 1071 hoc,
1409 1003 1445 1061 ut
1473 995 1625 1061 voluntas

500 1102 579 1168 illud
598 1111 745 1189 appetat,
766 1098 1023 1171 ermedramnus
1042 1105 1188 1189 ejusdem
1205 1102 1350 1188 cognitio
1369 1104 1552 1187 praeluceat.

568 1211 660 1277 rldde
678 1212 767 1295 quod
786 1212 812 1277 si
825 1210 955 1278 habitus
969 1211 1199 1296 principiorum
1214 1210 1366 1295 supplere
1385 1221 1495 1295 posset
1514 1218 1626 1277 actua·
1721 1221 1722 1268 r

501 1321 565 1385 lem
586 1320 779 1385 eorumdem
799 1338 972 1387 assensum
992 1320 1033 1384 ad
1051 1317 1254 1383 efficiendam
1272 1316 1527 1393 conclusionem,
1546 1336 1626 1383 con·
1721 1331 1722 1376 3

499 1426 602 1492 clusio
621 1444 660 1491 eo
680 1427 780 1497 modo
799 1426 919 1502 elicita,
941 1444 1052 1491 revera
1076 1430 1142 1491 non
1167 1428 1248 1492 foret
1270 1424 1415 1511 cognitio
1433 1425 1624 1501 discursiva,

500 1543 614 1617 utpote
633 1552 708 1617 quae
728 1552 793 1599 non
815 1534 971 1619 penderet
990 1551 1049 1600 nec
1077 1533 1266 1618 procederet
1293 1543 1368 1599 actu
1385 1552 1403 1597 e
1424 1534 1625 1617 praecedente

499 1640 718 1727 cognitione(
743 1638 768 1728 ).
1241 1714 1256 1751 a
1722 1705 1724 1724 ,

356 1772 416 1828 nura
546 1764 623 1815 221.
670 1754 826 1833 Denique
855 1763 974 1815 utrum
1005 1754 1151 1815 sufficiat
1177 1753 1335 1815 virtualis
1360 1753 1625 1830 praemissarum
1722 1740 1724 1780 ³

306 1844 464 1961 meme&
499 1862 681 1925 existentia
706 1856 737 1921 in
767 1874 805 1921 eo
824 1854 1023 1931 consistens,
1054 1856 1145 1939 quod
1171 1855 1245 1939 quis
1273 1856 1457 1921 recordetur
1484 1872 1520 1921 se
1546 1856 1625 1920 olim
1722 1913 1723 1930 ς

304 1988 468 2043 „lamnam
501 1962 700 2049 praemlssas,
726 1964 814 2029 unde
838 1962 1005 2029 conclusio
1032 1963 1183 2038 infertur,
1208 1964 1417 2047 cognovisse,
1438 1961 1543 2046 iisque
1573 1980 1626 2027 as·

326 2060 449 2107 ‘¹⁵⁸¹‘¹²¹*¹·
501 2089 635 2138 sensum
669 2070 872 2155 prestitisse,
901 2070 1040 2137 sufficiat
1068 2071 1108 2135 ad
1137 2070 1383 2137 assentiendum
1409 2070 1624 2150 conclusioni,

502 2179 680 2245 videndum
696 2180 766 2263 jam
786 2189 847 2243 est.
1494 2237 1500 2248 ,

569 2285 762 2362 Affirmant,
783 2290 819 2351 ut
844 2284 927 2361 dixi,
953 2284 1239 2351 Conimbricenses
1261 2302 1298 2349 ac
1317 2284 1451 2361 Soarez,
1478 2287 1628 2372 neganti-

500 2394 563 2460 bus
581 2393 663 2461 aliis.

568 2500 665 2566 Priori
694 2500 866 2567 sententiae
895 2502 1002 2565 lavere
1031 2500 1160 2566 videtur
1186 2499 1396 2584 experientia,
1423 2500 1507 2567 Nam
1535 2520 1625 2585 saepe
1723 2567 1724 2588 p

501 2607 765 2675 conclusionibus
780 2608 917 2673 firmiter
936 2608 1157 2682 adhaeremus,
1174 2608 1253 2691 quin
1273 2617 1346 2673 actu
1362 2610 1547 2692 praemissas
1567 2628 1627 2695 po

502 2734 635 2792 namus,
657 2716 761 2782 immo
779 2715 908 2782 etiamsi
928 2723 1001 2782 actu
1021 2714 1216 2792 nesciamus,
1236 2733 1301 2799 qua
1320 2716 1444 2783 ratione
1462 2717 1626 2801 quibusve

501 2822 665 2912 principiis
683 2843 721 2890 ea
740 2824 907 2890 conclusio
927 2822 1100 2914 innitatur,
1121 2824 1306 2889 dummodo
1332 2826 1540 2891 recordemur
1562 2845 1626 2892 nos
1724 2902 1725 2905 Ἴ

501 2933 578 2999 olim
597 2951 653 2997 eas
673 2930 815 2997 rationes
834 2951 871 2997 ac
889 2931 1106 2997 fundamenta
1126 2929 1318 3015 percepisse.
1339 2931 1386 2998 Ex
1407 2951 1476 3017 quo
1497 2933 1626 3001 videtur
1724 2928 1725 3001 ζ

500 3041 578 3107 illud
596 3038 707 3106 statim
735 3038 909 3123 consequi,
931 3039 973 3104 ad
997 3037 1244 3105 conclusionem
1268 3037 1412 3123 aliquam
1432 3042 1623 3117 tenendam,

500 3149 648 3214 absolute
676 3165 742 3212 non
763 3147 882 3229 requiri
902 3147 1060 3213 actualem
1088 3163 1262 3212 assensum
1284 3149 1545 3232 praemissarum,
1565 3151 1625 3216 sed

500 3255 647 3322 sufficere
666 3255 770 3320 solam
789 3254 1058 3320 recordationem.

332 3381 446 3427 senemr.
566 3361 655 3428 Circa
674 3362 757 3428 hanc
781 3362 1034 3428 controversiam
1060 3362 1211 3445 equidem
1236 3362 1407 3440 existimo,
1430 3383 1527 3448 posse
1549 3384 1625 3450 pro

327 3455 434 3500 ΝΜ·
500 3469 653 3538 culdubio
679 3489 721 3534 ex
744 3469 813 3535 sola
838 3469 1059 3536 recordatione
1083 3471 1324 3555 praemissarum
1348 3474 1447 3539 asseri
1478 3475 1626 3558 proposi-

500 3581 642 3654 tionem,
659 3595 734 3663 quae
749 3577 828 3644 olim
843 3595 884 3644 ex
898 3579 959 3644 illis
974 3577 1151 3662 praemissis
1169 3587 1337 3662 tamquam
1357 3581 1525 3646 conclusio
1538 3582 1626 3648 illata

501 3687 577 3767 luit;
595 3703 661 3751 non
681 3694 793 3751 tamen
812 3685 894 3751 adeo
914 3686 1121 3770 perspicuum
1136 3695 1202 3761 est,
1219 3694 1329 3752 utrum
1348 3687 1395 3782 sic
1414 3699 1536 3755 asserta
1550 3709 1625 3773 pro

503 3793 619 3878 positio
639 3811 746 3858 revera
775 3793 817 3859 sit
843 3793 1025 3870 conclusio,
1047 3794 1098 3859 vel
1127 3797 1243 3860 saltem
1269 3795 1311 3860 sit
1329 3795 1476 3880 ejusdem
1506 3799 1625 3881 speciei

501 3902 667 3968 conclusio
694 3918 731 3966 ac
758 3899 827 3976 illa,
853 3919 928 3982 quae
956 3918 1013 3984 per
1040 3903 1198 3966 actualem
1228 3901 1407 3968 illationem
1435 3922 1477 3968 ex
1507 3903 1624 3969 iisdem

503 4009 676 4093 praemissis
695 4008 773 4074 olim
795 4008 939 4074 derivata
959 4008 1036 4088 luit;
1055 4009 1123 4093 jam
1149 4009 1237 4074 enim
1261 4010 1411 4093 superius
1435 4010 1626 4078 notavimus

503 4117 652 4182 eamdem
683 4115 833 4202 objectiva
860 4114 1116 4199 propositionem
1148 4133 1243 4200 posse
1270 4134 1343 4182 esse
1374 4118 1426 4181 vel
1454 4137 1522 4183 non
1551 4139 1625 4186 esse

502 4223 762 4297 conclusionem,
791 4229 890 4306 prout
916 4230 1093 4298 asseratur,
1127 4225 1177 4292 vel
1208 4240 1273 4289 non
1303 4235 1465 4291 asseratur
1491 4239 1627 4312 propter

502 4331 679 4398 illationem
700 4349 740 4395 ex
759 4329 830 4394 alia.
848 4329 885 4394 Et
904 4330 994 4412 quod
1013 4332 1130 4396 saltem
1150 4349 1217 4396 non
1236 4331 1277 4396 sit
1295 4331 1460 4398 conclusio
1475 4333 1624 4416 ejusdem

502 4437 618 4523 speciei
639 4456 675 4503 ac
694 4437 764 4514 illa,
782 4454 857 4520 quae
872 4454 914 4503 ex
933 4437 1111 4520 praemissis
1129 4429 1203 4505 a‘ctu
1219 4439 1395 4505 lonnaliter
1407 4441 1628 4509 existentibus

537 4687 577 4758 (r)
613 4641 676 4744 Cir.
693 4683 881 4753 Conimbric.‚
894 4684 925 4743 in
940 4685 990 4745 lib.
1004 4687 1281 4760 1.Posterabr.‚ecp.
1296 4709 1320 4758 r,
1335 4707 1364 4760 q.
1374 4705 1408 4762 4,
1421 4709 1447 4747 a.
1459 4707 1487 4760 a,
1499 4691 1630 4752 Adcon-

498 4775 700 4848 firmationm.
