3492 5525
209 471 325 537 Antra
339 484 399 535 aa·
410 470 463 535 An
475 486 575 535 mmo
589 488 729 535 nunant
743 487 839 537 scine
851 489 958 537 ouum
972 487 1082 535 eossn
1113 480 1172 555 953

86 651 190 716 solus
216 649 321 725 Deus,
346 648 629 733 quemadmodum
654 647 728 714 alibi
756 649 951 719 ostenditur.
981 648 1098 736 Angeli
1125 651 1214 719 enim

86 760 167 825 sive
186 758 264 825 boni
281 758 349 825 sive
368 756 461 833 mali,
481 756 509 823 si
527 756 595 823 suis
614 755 814 825 naturalibus
835 756 958 827 viribus
976 758 1211 842 relinquantur.

87 873 251 950 poterunt
268 865 401 948 quidem
419 865 604 949 conjectura
622 865 727 948 aliqua
755 866 829 949 plus
852 863 962 932 minus
989 866 1145 950 probabili
1164 850 1215 933 fuss

87 985 169 1039 tura
195 972 386 1058 hujusmodi
403 971 550 1055 assequi,
580 981 670 1038 certo
696 982 806 1039 autem
835 972 1011 1056 previdere
1030 982 1211 1057 nequeunt.

87 1082 178 1147 Hinc
191 1082 376 1147 futurorum
391 1079 564 1145 liberorum
586 1078 785 1177 praescientia
797 1081 886 1164 apud
898 1099 1015 1149 omnes
1030 1090 1067 1149 ut
1078 1082 1212 1167 signum

87 1186 273 1255 divinitatis
291 1186 441 1255 habetur.

139 1301 243 1363 Proh.
260 1302 312 1363 2.⁰
356 1293 470 1361 Existit
494 1293 599 1369 Deus,
620 1302 735 1360 natura
751 1294 895 1373 infinita,
915 1314 1014 1379 quarn
1034 1305 1146 1365 noster
1163 1299 1212 1365 in·

84 1404 241 1470 tellectus
256 1401 399 1469 nonalia
418 1402 518 1468 modo
532 1418 732 1486 cognoscere
745 1410 872 1485 potest,
892 1401 925 1468 in
941 1406 1000 1473 hac
1015 1404 1093 1484 vita,
1109 1424 1210 1490 quarn

85 1510 297 1596 assurgendo
326 1529 367 1577 ex
391 1507 506 1577 creatis
533 1508 720 1585 effectibus,
744 1511 1027 1593 quemadmodum
1056 1524 1088 1581 et
1117 1512 1211 1591 docet

84 1617 306 1704 experientia,
326 1626 360 1683 et
378 1616 458 1683 ratio
477 1616 592 1701 probat
615 1617 649 1682 in
668 1616 803 1683 naturali
822 1617 1001 1704 Theologia
1024 1617 1088 1709 (ι).
1110 1620 1209 1705 Atqui

86 1746 131 1793 ex
150 1724 320 1792 effectibus
338 1724 425 1791 hisce
443 1724 557 1791 creatis
575 1723 776 1809 impossibile
805 1733 856 1792 est
873 1724 1034 1793 inlinitum
1060 1740 1209 1797 naturam
1339 1786 1343 1795 .

85 1834 161 1911 Dei,
179 1841 302 1918 quanta
316 1842 348 1899 et
362 1831 465 1917 qualis
483 1831 516 1897 in
531 1831 709 1916 semetipsa
723 1842 786 1909 est,
802 1852 1011 1919 cognoscere.
1031 1835 1112 1902 Nam
1132 1838 1209 1901 elle-

83 1955 161 2009 ctus
179 1941 276 2007 creati
304 1958 437 2017 omnes,
458 1938 528 2005 sive
546 1938 683 2005 seorsim
712 1936 781 2006 sive
807 1941 975 2008 collective
1002 1944 1144 2028 sumpti,
1175 1944 1208 2012 in

84 2051 291 2115 immensum
302 2047 423 2113 distant
435 2045 476 2112 ab
489 2046 615 2113 infinita
630 2055 755 2114 natura.
772 2048 818 2113 Ex
832 2048 1083 2132 perfectionibus
1095 2058 1206 2139 autem

84 2158 224 2222 eftectus
239 2156 455 2239 quantumvis
470 2154 739 2239 comprehensive
757 2156 933 2240 perceptis,
955 2156 1016 2223 nisi
1035 2157 1208 2241 adaequent

85 2265 244 2331 virtulem
263 2282 301 2329 ac
319 2260 549 2348 perfectionem
575 2280 698 2339 cause,
720 2262 833 2346 nequit
852 2282 947 2330 mens
968 2283 1138 2351 assurgere
1166 2268 1207 2334 ad

85 2374 183 2457 plene
201 2371 462 2456 cognoscendam
483 2371 712 2455 perfectionem
731 2389 849 2438 causae.
870 2370 954 2457 Ergo
969 2374 1147 2441 fatendum·
1158 2383 1208 2441 est

82 2480 153 2546 dari
180 2479 329 2546 ordinem
349 2478 522 2545 veritatum
551 2476 592 2544 ad
622 2486 771 2544 naturam
799 2477 943 2545 divinam
969 2482 1203 2565 spectantium,

83 2606 161 2672 quae
179 2587 345 2662 absolute,
366 2585 555 2670 simpliciter
577 2603 614 2649 ac
632 2604 689 2669 per
707 2603 741 2653 se
760 2594 893 2670 captum
913 2588 1066 2655 humanae
1086 2591 1206 2657 mentis

83 2694 391 2781 supergrediuntur.
406 2689 472 2782 (a).

131 2809 233 2870 Proh.
255 2811 303 2871 3.·
347 2801 490 2886 idipsum
510 2801 626 2884 probat
643 2799 679 2866 S.
702 2800 847 2869 Thomas
870 2821 911 2868 ex
935 2804 1030 2871 variis
1056 2803 1208 2892 intelligi·

81 2913 198 2978 bilium
216 2910 383 2996 gradibus.
399 2892 543 2974 Daunum
555 2909 654 2986 enim,
669 2927 802 2993 quarum
815 2928 899 2975 unus
912 2911 976 2976 alio
987 2930 1053 2978 rem
1066 2913 1206 2998 aliquam

81 3022 243 3086 intellectu
268 3017 412 3084 stultitius
429 3017 582 3097 intuetur,
604 3017 657 3082 ille
674 3018 764 3104 casm
786 3017 958 3084 intellectus
982 3023 1029 3085 est
1044 3021 1203 3098 lavator,

81 3131 185 3194 multa
198 3126 363 3210 inlelligit,
383 3143 452 3209 qua
464 3125 548 3190 alius
565 3125 692 3190 omnino
704 3133 812 3207 capere
827 3145 891 3192 nan
904 3129 1015 3208 potest.
1031 3127 1206 3196 Intellectus

80 3239 187 3302 auten
199 3234 302 3317 angeli
309 3234 384 3316 plus
394 3231 517 3299 excedit
527 3232 714 3298 intellectum
727 3232 897 3298 lunanum
907 3283 914 3310 ,
925 3253 1019 3319 quam
1033 3236 1206 3304 innitens

80 3343 190 3427 optimi
205 3340 385 3423 Philosophi
396 3340 584 3405 intellectum
597 3338 761 3406 nudissimi
775 3340 896 3418 idiota,
913 3342 987 3426 quic
1003 3342 1067 3410 hac
1083 3344 1205 3436 distan-

82 3454 129 3518 tia
158 3451 242 3516 inter
268 3447 381 3531 speciei
407 3447 551 3514 bumana
578 3447 692 3515 limites
715 3438 907 3525 continetur,
940 3467 1017 3535 quos
1042 3452 1204 3536 angelicus

81 3560 254 3626 intellectio
270 3555 403 3624 excedit.
420 3554 588 3638 Cognoscit
597 3554 721 3639 quidm
736 3557 867 3640 angelus
882 3557 983 3624 Deum
1000 3575 1040 3624 ex
1057 3559 1206 3626 nobiliori

81 3669 206 3752 effectu,
222 3664 433 3750 quantiano,
453 3665 603 3748 quantum
621 3663 688 3744 ipsa
706 3663 880 3729 nelstantia
897 3665 1018 3750 angeli,
1034 3673 1093 3749 per
1110 3685 1204 3754 mam

82 3776 118 3840 in
136 3773 198 3840 Dei
213 3771 419 3856 cognitionem
435 3770 589 3838 ascendit.
604 3771 765 3855 Multaque
781 3772 917 3852 amptius
934 3772 1108 3840 intellectus
1119 3775 1202 3842 divi-

81 3901 143 3947 nus
163 3879 285 3947 excedit
305 3878 498 3963 angelicum,
517 3897 611 3963 paeane
636 3879 797 3962 angelicus
823 3878 1004 3946 humanum,
1030 3883 1094 3964 lpse
1120 3883 1203 3950 enim

80 3991 252 4056 intellectus
268 3986 397 4052 diuinus
414 4003 476 4052 sua
490 3986 658 4068 capacitate
674 3985 880 4052 mittentium
893 4005 984 4054 neam
996 3991 1157 4076 adaquat,
1171 3995 1206 4058 et

82 4098 151 4162 ideo
162 4096 296 4181 menete
311 4095 351 4158 de
364 4111 397 4160 se
410 4093 573 4177 intelligit,
593 4093 749 4178 quidest,
769 4096 803 4159 et
816 4095 922 4160 onnia
939 4097 1109 4180 cognoscit,
1133 4117 1203 4184 qua

81 4207 122 4270 de
148 4203 246 4286 seipsa
271 4200 484 4285 intelligibilia
514 4205 599 4267 sunt.
627 4200 701 4270 Nan
728 4205 831 4268 autem
858 4201 1005 4271 natur'ati
1028 4205 1203 4290 cognitione

118 4404 156 4466 (r)
190 4397 268 4456 Vide
279 4395 314 4456 S.
328 4396 433 4456 thom.
453 4417 481 4467 1,
497 4417 526 4470 p.
541 4415 572 4468 q.
588 4417 632 4464 ra,
649 4417 677 4455 a.
691 4415 710 4471 4
723 4409 753 4455 et
769 4415 816 4466 υς
840 4404 877 4455 1.⁰
891 4398 960 4458 dist.
978 4421 1008 4472 3,
1025 4420 1055 4472 q.
1079 4423 1107 4472 ι,
1124 4422 1151 4462 ι.
1174 4423 1198 4474 ις

79 4489 397 4565 4.·dist.49,q.a,c.
411 4486 612 4558 deleveris,
628 4487 778 4560 q.8,n3;
795 4498 835 4561 3.·
848 4487 948 4547 Contr.
966 4489 1062 4560 Geni,
1076 4513 1101 4550 c.
1115 4512 1162 4565 49.

117 4585 155 4648 (a)
189 4579 265 4637 Vide
275 4577 307 4637 S.
322 4576 519 4647 Thom.‚locis
530 4597 624 4649 nuper
635 4575 742 4637 citatis:
758 4591 788 4637 et
800 4577 874 4637 adde
883 4578 934 4640 lib.
947 4587 983 4638 r.⁰
993 4579 1091 4642 Cantr.
1101 4583 1198 4654 Geni„

80 4690 141 4741 cap.
153 4690 179 4741 33
193 4668 242 4727 lib.
255 4689 280 4740 3.
293 4666 393 4727 Contr.
404 4666 500 4736 Geni..
513 4687 538 4724 c.
551 4685 595 4738 50,
610 4685 654 4739 523
665 4680 695 4726 et
707 4667 758 4726 lib.
768 4686 797 4741 4,
807 4689 869 4741 cap.
884 4669 1029 4743 130pusc.
1043 4673 1078 4731 de
1090 4672 1200 4732 Trinit.
1245 4669 1249 4676 ’

79 4767 164 4834 super
175 4759 271 4827 Boea,
288 4777 318 4830 q.
336 4779 361 4828 ι,
374 4777 402 4815 n.
418 4777 444 4814 2.
461 4755 524 4816 Cir.
540 4778 564 4816 ι.
577 4770 664 4832 part..
680 4778 710 4829 q.
723 4777 769 4830 32,
784 4779 811 4818 n.
830 4777 854 4815 r.
