3492 5525
670 426 775 490 launx
796 439 913 491 nunna

156 599 221 671 plex
235 618 297 674 257:
318 600 476 661 modalium
494 602 597 674 copula
619 622 682 677 2593
698 624 760 662 ma-

156 690 229 748 teria
254 708 317 762 259,
337 690 488 763 quantitas
508 695 562 750 260
579 706 609 751 et
636 693 762 764 qualitas

155 782 218 839 261:
230 780 388 840 modalium
397 782 596 855 oppositiones
606 803 655 857 291
668 804 760 855 seqq.¹

154 869 372 943 aequipollentia
399 874 452 944 296
484 892 578 945 seqq,
610 873 763 931 conversio

157 960 210 1031 298
222 979 303 1031 seqq.

120 1048 249 1106 nouus
263 1048 375 1123 logicus
386 1049 458 1123 quid
469 1052 532 1126 256:
550 1052 654 1111 modus
668 1053 761 1126 syllo-

153 1137 242 1211 gismi
269 1139 341 1211 quid
369 1160 430 1213 525,
458 1156 487 1199 et
514 1143 674 1215 quotuplex
697 1162 759 1216 374:

155 1227 233 1285 modi
248 1228 366 1299 perlecti
387 1243 416 1287 et
434 1231 593 1303 imperfecti
616 1233 761 1306 549991-

154 1338 220 1376 nam
238 1319 315 1377 modi
330 1320 546 1393 praestantiores
562 1340 624 1395 375:
640 1323 761 1381 demon-

152 1421 286 1466 strantur
299 1409 495 1468 novemdecim
512 1412 589 1469 modi
599 1411 761 1484 syllogismi

154 1497 240 1556 utiles
256 1518 307 1571 540
321 1518 414 1570 seqq:
428 1500 506 1559 modi
522 1501 699 1573 praedicandi
714 1502 760 1558 vel

152 1588 267 1645 dicendi
282 1596 335 1662 per
353 1610 383 1647 se
397 1590 469 1648 varii
488 1592 552 1665 864,
573 1592 636 1662 865:
656 1592 759 1651 modus

153 1676 262 1736 sciendi
277 1678 349 1749 quid
365 1700 424 1749 ιοι,
445 1701 504 1740 ιο2.

115 1758 251 1825 Melina
266 1768 325 1839 (de)
336 1769 508 1827 Ludovicus
524 1753 573 1842 76.h

114 1855 288 1927 Montoya
303 1858 393 1929 (Ruiz
407 1858 454 1930 de)
469 1859 597 1918 Didacus
611 1862 655 1919 89.

113 1946 368 2019 Montesquieu
383 1948 507 2007 Carolus
522 1948 670 2008 Secundat
685 1952 757 2021 (ba-

152 2037 245 2103 rode)

113 2123 347 2184 Monumenta
366 2128 431 2185 600:
455 2128 635 2187 conditiones
650 2129 686 2185 ad
703 2128 756 2186 hoc

151 2228 184 2271 ut
196 2215 312 2273 valcant
327 2214 412 2273 fidem
422 2216 519 2279 ¹lacere
531 2219 594 2289 629.

113 2303 277 2360 marculo
291 2306 389 2363 Foxus
404 2326 446 2379 70.

113 2393 215 2449 More
230 2394 281 2458 (B.
297 2396 443 2459 Thomas)
456 2418 500 2470 70.

114 2483 295 2554 mysteria
308 2484 379 2554 quid
397 2504 460 2557 952:
482 2486 629 2558 mysteria,
645 2486 755 2543 revela-

152 2572 230 2629 tione
244 2574 384 2631 divinitus
398 2568 482 2642 lucia,
496 2576 629 2648 cognosci
644 2592 756 2647 queunt

149 2680 213 2735 955,
225 2663 308 2721 aliter
323 2678 472 2736 nequeunt
484 2666 547 2737 958:
564 2666 755 2723 rationalista·

151 2774 216 2811 rum
230 2754 405 2824 objectiones
419 2767 518 2814 contra
539 2754 677 2828 mysteria
695 2756 754 2814 dis·

149 2841 284 2913 sipantur
295 2863 359 2916 959.

122 2951 175 3079 Ν
186 3024 302 3077 aturae
312 3021 417 3091 triplex
426 3021 620 3078 consideratio
629 3022 691 3094 693:
705 3043 756 3079 na-

149 3123 226 3178 tura,
260 3130 325 3182 quae
354 3111 561 3168 denominatur
582 3111 755 3169 universalis

148 3199 247 3258 existit
268 3199 298 3256 in
322 3199 493 3268 individuis,
513 3201 635 3258 sormam
657 3215 754 3259 autem

150 3289 377 3349 universalitatis
402 3291 505 3362 accipit
532 3312 566 3348 ex
589 3283 754 3362 operatione

150 3379 315 3437 intellectus
328 3381 391 3454 694.

109 3467 753 3540 Necessariumquotapticimodoaliquid

148 3577 213 3616 esse
229 3558 321 3630 possit
334 3578 398 3631 473,
416 3579 480 3632 474,
500 3577 562 3629 595,
581 3559 657 3616 1068.

108 3648 324 3704 Necessitas
355 3647 558 3718 consequentis
590 3661 618 3706 et
650 3667 754 3706 conse-

148 3735 276 3806 qucntiae
292 3757 353 3807 320:
370 3736 524 3794 necessitas
548 3737 753 3809 metaphysica,

150 3827 269 3898 physica
287 3839 315 3884 et
339 3826 467 3895 moralis,
491 3827 552 3882 sive
573 3827 671 3885 stricte
693 3827 754 3884 sive

148 3917 206 3972 late
219 3935 285 3988 475,
301 3915 432 3973 absoluta
447 3930 475 3973 et
492 3917 675 3989 hypothetica
688 3936 752 3991 474,

146 4003 371 4076 specificationis
403 4006 446 4061 vel
479 4005 693 4063 contrarietatis
724 4019 754 4063 ct

144 4094 386 4153 contradictionis
400 4096 445 4152 vel
459 4095 585 4154 exercitii
603 4114 661 4167 5²¹·

104 4184 361 4256 Neoplatonloi
381 4199 410 4242 ct
430 4185 685 4256 Neoplatonismus
700 4187 747 4258 56.

104 4277 139 4334 N
142 4273 321 4331 esctenua
339 4273 533 4346 distinguitur
552 4275 588 4331 ab
610 4275 751 4346 ignoran-
770 4357 772 4362 ι

147 4364 191 4422 tiu
205 4365 270 4436 456.

104 4457 269 4514 Newton
284 4453 363 4514 lsaac
377 4455 422 4527 84.

104 4547 139 4604 N
142 4543 259 4601 iceles
273 4545 426 4616 Augustus
440 4565 484 4616 95.

104 4637 251 4694 Nomen
264 4631 335 4704 quid
351 4634 403 4691 228
414 4653 507 4706 seqq:
519 4634 638 4694 nomina
652 4634 754 4707 primae

86 4752 91 4760 ·
144 4735 177 4779 et
192 4719 327 4778 secundae
340 4719 512 4780 intentionis
525 4723 587 4795 692.

1338 443 1410 508 1171

812 602 1019 661 Nominalttfl
1035 622 1078 676 55,
1093 603 1139 674 6ι,
1154 605 1207 675 654
1221 623 1302 676 seqq.

812 693 1093 752 Nominallflmus
1107 694 1275 752 confutatur
1287 695 1342 767 658
1355 715 1451 767 seqq,

846 784 902 856 674
915 803 997 855 seqq.

811 872 914 929 rtotae
928 872 1051 945 alicujus
1064 870 1135 931 ideae
1149 872 1219 944 quid
1238 893 1297 931 121:
1312 887 1388 933 notae
1401 872 1453 932 in-

800 1002 803 1015 .
847 963 1037 1021 dividuantes
1051 984 1113 1037 741.

814 1070 1038 1214 obiectum
1061 1141 1237 1216 cognitionis
1259 1143 1305 1199 vel
1324 1142 1452 1201 scientias

846 1232 919 1303 quid
940 1246 969 1291 ct
989 1234 1149 1304 quotuplex
1167 1252 1220 1305 917
1243 1252 1339 1303 seqq.,·
1354 1245 1451 1289 mute-

845 1322 917 1379 riale
930 1337 959 1381 et
973 1322 1093 1380 formale
1105 1322 1169 1394 918,
1181 1322 1299 1378 lormalc
1312 1320 1451 1380 intrinse-

845 1432 911 1469 cum
926 1425 955 1469 et
969 1411 1164 1469 extrinsecum
1182 1433 1246 1485 9ι9,
1266 1413 1339 1484 qaod
1354 1423 1382 1468 et
1395 1432 1450 1483 qao

845 1501 889 1558 vel
903 1499 978 1557 ratio
992 1499 1184 1557 formalissub
1196 1521 1251 1573 qao
1260 1518 1324 1573 929,
1339 1499 1450 1570 specili-

843 1590 971 1648 nativum
999 1611 1063 1661 921,
1085 1589 1229 1660 objectum
1250 1587 1450 1647 attributionis

844 1691 873 1737 et
888 1678 1062 1736 attributum
1082 1696 1146 1750 922:
1164 1677 1235 1748 quid
1251 1677 1289 1737 sit
1304 1678 1447 1747 obiectum

843 1766 950 1839 attingi
960 1788 975 1823 a
986 1766 1115 1839 putentia
1124 1767 1187 1837 918:
1201 1766 1345 1835 objectum
1358 1765 1450 1823 scien-

844 1856 892 1913 tiae
909 1856 1065 1927 qualenam
1084 1875 1148 1913 esse
1170 1855 1273 1912 debeat
1286 1875 1339 1927 922
1353 1876 1446 1927 seqq:

841 1946 985 2014 obiectum
1002 1944 1117 2016 Logicae
1135 1962 1201 2001 1110
1215 1963 1295 2014 seqq.

808 2036 962 2106 obliquo
988 2033 1061 2101 (inlt
1083 2033 1155 2105 quid
1175 2033 1213 2091 sit
1233 2032 1394 2105 significari
1418 2034 1447 2093 in

840 2124 1034 2196 obliqu0145.

807 2214 943 2270 Oukam
956 2213 1140 2281 (willelmus,
1155 2213 1263 2270 Ductor
1279 2215 1448 2288 singularis

840 2318 868 2360 et
906 2303 1106 2372 invincibilis,
1146 2304 1333 2361 Venerabilis
1363 2306 1449 2361 ince-

840 2395 964 2467 pteron

807 2482 974 2553 Ontoloqi
994 2480 1164 2552 Philosophi
1178 2494 1206 2537 et
1223 2480 1447 2555 Ontologismus

840 2592 885 2643 94:
913 2570 1125 2644 Ontologorum
1149 2569 1248 2642 opinio
1280 2569 1354 2629 circa
1382 2571 1448 2628 uni·

839 2660 961 2717 versalia
983 2660 1138 2732 exponitur
1164 2660 1228 2731 663,
1261 2675 1291 2719 et
1312 2662 1447 2733 reproba·

841 2765 889 2809 tur
903 2752 967 2823 667.

805 2839 936 2909 Opinio
949 2839 1020 2911 quid
1035 2853 1063 2897 et
1077 2841 1236 2912 quotuplex
1248 2841 1303 2912 458
1320 2861 1393 2911 seq:
1411 2842 1447 2898 dc

839 2928 953 2986 ratione
966 2927 1112 3000 opinionis
1126 2943 1169 2986 cst
1193 2929 1326 2994 formido.
1342 2929 1445 2987 saltem

840 3017 973 3074 radicalis
985 3017 1049 3090 458,
1068 3019 1132 3089 460:
1148 3018 1295 3089 opinionis
1318 3019 1446 3090 proprie·

839 3119 949 3172 tuaest,
962 3121 995 3164 ut
1004 3108 1096 3179 possit
1107 3127 1170 3165 esse
1185 3107 1255 3165 salsa
1267 3110 1331 3181 461:
1347 3109 1447 3179 qualc-

800 3231 805 3254 t
841 3217 907 3253 nam
918 3195 1110 3267 sitoplnionis
1121 3197 1263 3267 objectum
1271 3199 1335 3269 462:
1347 3198 1446 3270 opinio

840 3288 977 3360 importat
990 3289 1116 3359 aliquam
1128 3288 1384 3359 improportionem
1395 3291 1447 3346 ob-

840 3377 903 3445 jecti
919 3398 983 3434 curn
1001 3377 1146 3434 intellectu
1156 3379 1219 3450 467:
1231 3377 1331 3448 opinio
1346 3379 1446 3447 proba·

839 3467 905 3524 bilis
924 3482 952 3524 et
967 3467 1165 3537 improbabilis
1186 3469 1249 3536 465,
1274 3467 1403 3537 prudens
1417 3480 1445 3524 et

840 3555 1011 3625 imprudens
1025 3557 1088 3628 464,
1105 3555 1199 3628 magis
1212 3557 1257 3612 vel
1272 3556 1370 3613 minus
1381 3577 1447 3626 pro-

840 3646 945 3704 babilis
959 3660 988 3703 et
1006 3647 1237 3718 probabilissima
1256 3647 1320 3718 466:
1345 3661 1445 3703 utrum

839 3749 916 3792 stare
943 3736 1034 3806 possit
1055 3734 1152 3806 opinio
1177 3756 1243 3792 cum
1270 3735 1390 3792 scientia
1417 3734 1447 3791 in

839 3823 940 3882 codem
959 3825 1105 3882 intellectu
1132 3838 1160 3882 et
1180 3824 1254 3881 circa
1269 3824 1345 3882 idcm
1364 3825 1448 3894 obje-

839 3927 917 3971 ctum
932 3915 986 3986 936
998 3934 1079 3985 seqq.

805 4002 1031 4074 Opposttioac
1040 4001 1154 4062 termini
1165 4003 1290 4076 oppositi
1306 4023 1448 4076 151:un-

839 4091 1089 4164 tuplcxoppositio
1108 4111 1156 4164 ι52
1169 4114 1262 4164 seqq,
1275 4107 1446 4165 etquaenam

838 4181 876 4239 sit
891 4183 1016 4239 maxima
1033 4200 1092 4255 157:
1112 4182 1257 4254 oppositio
1271 4182 1446 4255 propositio·

840 4272 991 4343 numquid
1007 4291 1069 4346 277,
1078 4285 1107 4330 et
1119 4274 1277 4343 quotuplex
1290 4274 1351 4346 278:
1369 4273 1445 4346 leges

838 4361 1055 4431 oppositionum
1069 4381 1122 4434 279
1144 4381 1237 4432 seqq:
1253 4362 1397 4434 oppositio
1410 4362 1446 4420 de

838 4449 931 4507 [orma
946 4463 975 4508 et
987 4450 1024 4507 dc
1033 4446 1096 4522 lege
1112 4452 1172 4508 282:
1184 4451 1328 4523 oppositio
1343 4472 1445 4525 propo·

839 4540 955 4597 sitionis
978 4539 1137 4613 singularis
1156 4541 1218 4607 282,
1236 4555 1265 4599 et
1287 4541 1445 4601 indefinitae

840 4629 902 4702 283:
918 4628 1114 4700 oppositiones
1128 4631 1252 4688 aliarum
1272 4633 1447 4703 propositio·

840 4739 911 4776 num
943 4719 1005 4792 283:
1035 4718 1177 4792 oppositio
1205 4721 1363 4780 modalium
1393 4743 1442 4796 291
