3492 5525
527 434 587 523 878
819 438 945 504 Locren
957 438 1189 513 Maron-Lan.
1206 453 1265 503 aar·

1285 581 1613 594 ψ

810 676 1006 743 Sotvuurun
1024 692 1273 744 urrrrcutrrres.

531 852 609 921 247.
656 842 765 919 objic.
790 834 841 903 1.⁰
870 833 1008 930 ¹Contra
1023 855 1197 904 numerum
1214 836 1502 921 priecognitorum.
1523 835 1615 903 Prae-

486 952 535 1010 ter
552 943 612 1009 tria
639 950 826 1009 enumerata
846 943 1059 1028 praecognita,
1080 937 1215 1011 necesse
1241 952 1292 1009 est
1316 960 1451 1027 quoque
1476 962 1615 1027 praeno

486 1068 574 1117 scere
596 1061 667 1117 tum
697 1048 732 1139 α)
758 1049 937 1116 bonitatem
961 1053 1218 1135 consequentiae,
1245 1060 1318 1117 tum
1341 1050 1438 1115 etiam
1468 1040 1615 1137 bime-

485 1158 575 1225 dium
595 1156 898 1233 demonstrationis,
918 1157 1080 1243 siquidem
1099 1157 1219 1224 virtute
1237 1158 1335 1225 medii
1350 1158 1382 1224 in
1397 1158 1613 1225 conclusione

485 1265 668 1351 subjectum
688 1273 722 1331 et
749 1263 958 1349 praedicatum
983 1266 1158 1333 uniuntur:
1188 1263 1267 1331 item
1292 1262 1331 1351 γ)
1356 1264 1522 1333 axiomata
1546 1284 1613 1331 seu

486 1372 639 1457 principia
666 1369 953 1449 communissima,
983 1380 1154 1456 quaesunt
1180 1372 1266 1439 basis
1290 1391 1328 1440 ac
1352 1374 1610 1439 tundamentum

485 1480 594 1547 omnis
616 1478 916 1546 demonstrationis.
940 1478 1024 1564 Ergo
1051 1478 1231 1547 Aristotelis
1250 1480 1309 1546 hac
1333 1478 1366 1545 in
1390 1498 1424 1546 re
1444 1490 1611 1565 praecepta

484 1586 674 1672 corrigenda
692 1594 781 1653 sunt.
825 1649 830 1664 ,
1186 1610 1190 1615 ·

551 1701 656 1778 Reep.
675 1695 716 1759 ad
738 1691 773 1782 α)
789 1683 865 1759 disi.
889 1702 1063 1761 assertum.
1081 1694 1224 1761 Necesse
1251 1705 1302 1761 est
1329 1712 1530 1777 prenoscere
1548 1714 1612 1761 ex·

485 1801 591 1887 plicite
610 1801 852 1885 consequentiae
869 1801 1068 1877 bonitatem,
1081 1818 1168 1885 neg„
1189 1799 1341 1886 implicite
1359 1821 1397 1867 ac
1413 1801 1609 1879 virtualiter,

482 1928 569 1977 conc.
596 1906 671 1985 Qua
697 1909 738 1974 de
765 1926 799 1973 re
821 1908 969 1993 superius
986 1915 1095 1973 actum
1121 1906 1232 1975 estin
1260 1908 1454 1991 praecedenti
1482 1910 1607 1993 capite.
1727 1955 1729 1962 .

485 2016 595 2093 Adde,
624 2017 715 2100 quod
734 2016 760 2083 si
787 2016 920 2083 deberet
938 2014 1066 2082 bonitas
1092 2016 1334 2099 consequentiae
1366 2017 1539 2101 praenosci,
1572 2016 1609 2082 id

484 2126 566 2192 leret
585 2124 802 2191 necessarium
831 2124 954 2190 ratione
981 2123 1151 2189 dumtaxat
1170 2124 1299 2204 iormae3
1330 2142 1391 2190 nos
1417 2134 1531 2190 autem
1550 2124 1609 2190 bic

484 2250 550 2298 non
570 2232 698 2317 agimus
724 2230 766 2297 de
785 2229 1017 2314 praerequisitis
1043 2238 1192 2314 exparte
1216 2231 1346 2307 iormae,
1373 2232 1431 2297 sed
1457 2242 1611 2315 exparte

484 2339 637 2407 materiae.

549 2446 600 2514 Ad
630 2444 672 2535 β)
702 2446 819 2530 pariter
851 2446 1037 2532 distinguo.
1075 2445 1220 2511 Medium
1251 2446 1349 2513 debet
1381 2447 1609 2531 praecognosci
1727 2451 1729 2512 ἱ

482 2565 572 2623 extra
591 2554 791 2639 praemissas,
812 2572 898 2637 neg„
919 2554 951 2619 in
972 2552 1050 2637 ipsis
1069 2552 1262 2636 praemissis,
1281 2571 1370 2619 conc.
1389 2554 1474 2619 Nam
1493 2554 1609 2641 subje·
1727 2593 1729 2632 r

482 2672 572 2730 ctum
591 2672 624 2730 et
643 2661 752 2747 passio
771 2669 1081 2747 praecognoseumur
1098 2669 1189 2727 extra
1215 2660 1419 2745 praemissas,
1440 2669 1478 2729 ut
1495 2671 1608 2748 partes

482 2771 682 2854 quaestionis,
694 2779 870 2853 antequam
885 2766 1122 2836 demonstratio
1133 2769 1332 2836 instituatur.
1348 2769 1477 2837 Medius
1490 2780 1604 2838 autem
1727 2780 1729 2861 j

481 2880 640 2946 terminus
658 2877 790 2954 sufficit,
812 2886 849 2944 ut
867 2885 1085 2962 cognoscatur
1103 2875 1136 2942 in
1155 2877 1234 2960 ipsis
1253 2875 1430 2962 praemissis
1448 2875 1512 2966 (r).

548 2987 599 3052 Ad
617 2984 654 3077 γ)
672 2985 868 3070 Respondeo
897 2982 1051 3069 principia
1074 2981 1224 3067 quaedam
1252 2984 1525 3050 communissima
1542 2984 1608 3050 im·

481 3092 587 3179 plicite
606 3091 899 3178 praecognoscentia
916 3108 989 3158 csse
1012 3089 1045 3156 in
1064 3089 1143 3175 ipsis
1157 3089 1336 3175 praemissis
1354 3093 1407 3158 vel
1431 3099 1605 3175 tamquam

480 3200 567 3268 basis
584 3199 693 3266 omnis
720 3197 889 3285 objectivae
916 3195 1134 3277 certitudinis,
1155 3207 1192 3264 ut
1219 3198 1412 3283 principium
1441 3199 1607 3265 contradi·

480 3308 612 3386 ctionis,
643 3309 694 3373 vel
722 3314 759 3373 ut
782 3307 1032 3387 fundamentum
1067 3313 1163 3371 rectae
1188 3307 1302 3372 iormae
1333 3306 1603 3390 argumentandi.

479 3415 553 3482 Non
571 3422 682 3480 tamen
703 3432 835 3480 necesse
853 3425 920 3491 est,
942 3413 1011 3477 haec
1032 3420 1107 3479 actu
1127 3431 1280 3498 expresse
1307 3431 1506 3498 cognoscere
1526 3424 1604 3480 ante

481 3541 614 3588 omnem
641 3519 972 3604 demonstrationem,
993 3538 1068 3586 cum
1088 3520 1209 3603 passim
1233 3519 1445 3587 instituantur
1462 3521 1604 3589 demon-

481 3629 653 3696 strationes
671 3626 741 3694 sine
761 3629 826 3694 ulla
840 3628 957 3693 saltem
976 3626 1126 3712 explicita
1149 3628 1328 3694 attentione
1346 3627 1387 3694 ad
1410 3629 1604 3710 hujusmodi

482 3735 649 3822 principia.

523 3849 620 3927 Oinc
639 3841 692 3910 2.⁰
738 3840 945 3926 Quandoque
963 3842 1004 3907 de
1022 3840 1095 3925 ipso
1113 3841 1260 3925 subjecto
1275 3842 1471 3926 inquirimus
1483 3861 1527 3910 an
1545 3843 1604 3921 sit,

480 3959 517 4018 ut
540 3970 619 4017 curn
638 3949 671 4015 in
690 3949 761 4034 ipso
779 3947 892 4014 limine
910 3947 1099 4034 Theologlae
1116 3950 1360 4016 demonstratur
1377 3969 1419 4015 an
1438 3949 1527 4017 Deus
1545 3951 1601 4018 sit:

480 4058 623 4142 itemque
642 4059 750 4124 solent
767 4074 854 4141 sepe
874 4055 1000 4122 misceri
1019 4057 1248 4123 controversiae
1273 4056 1356 4124 circa
1372 4056 1461 4143 ipsas
1487 4057 1606 4125 defini-

479 4166 602 4244 tiones,
623 4185 641 4231 e
661 4164 782 4249 quibus
800 4163 870 4229 allae
889 4171 1102 4248 respuuntur,
1124 4163 1195 4229 aliae
1218 4164 1455 4249 approbantur,
1475 4174 1606 4232 toturn·

479 4293 544 4361 que
561 4274 595 4343 id
613 4293 676 4359 ope
694 4267 982 4340 demonstrationis
999 4269 1057 4338 fiat
1071 4289 1204 4341 necesse
1218 4283 1280 4340 est.

514 4552 554 4615 (r)
581 4544 665 4610 ,Vide
678 4539 867 4610 Conimbric.,
886 4547 924 4606 u·
942 4540 1068 4610 poster..
1084 4561 1147 4613 cap.
1165 4563 1190 4611 r,
1206 4562 1234 4615 q.
1252 4563 1278 4615 3,
1292 4562 1325 4601 n.
1338 4561 1367 4613 2,
1382 4557 1450 4616 post
1470 4542 1606 4618 intrim

476 4636 579 4709 Joaun.
596 4655 613 4694 a
630 4633 663 4694 S.
678 4633 784 4693 Thom.
798 4633 886 4707 Lug„
901 4649 931 4704 q·
947 4647 997 4702 24,
1011 4648 1038 4686 a.
1057 4631 1229 4702 13Rhodea,
1244 4633 1362 4694 Pullos.
1377 4634 1493 4710 Perip„
1506 4635 1562 4696 lib.
1581 4658 1608 4708 r,

476 4727 553 4802 disp.
570 4743 595 4800 ς,
611 4735 716 4801 quaeat.
731 4721 822 4792 unic„
837 4733 907 4782 sect.
922 4738 951 4790 a,
965 4718 1066 4793 Neque
1078 4721 1161 4782 dicas
1171 4728 1214 4782 2.·
