3492 5525
545 481 808 560 'proci-:comm
1144 499 1197 544 ror
1234 477 1240 488 '

115 665 220 726 actam
237 663 382 740 rationis,
397 662 482 729 sicut
497 659 582 728 circa
596 664 758 746 propriam
778 663 953 728 materiam.
978 665 1020 729 Et
1030 663 1099 728 adeo
1116 664 1241 728 m'delur

115 789 168 834 ars
186 770 317 848 artium,
332 771 407 855 quia
426 771 460 836 in
471 773 544 836 actu
558 771 691 838 rationis
710 791 767 838 nos
785 770 909 854 dirigit,
928 790 1023 857 aquo
1040 790 1145 837 omnes
1156 775 1240 837 arias
1332 819 1338 840 .

112 875 317 965 procedunt(
343 875 367 966 ).

183 985 329 1050 Vocatur
343 985 441 1051 etiam
458 986 647 1063 Dialectica,
664 1006 706 1052 ex
722 1005 827 1072 graeca
843 1006 924 1064 uoce
942 981 1135 1079 διαλέγεσθαι
1145 987 1239 1071 quasi
1294 998 1420 1051 viatere.

115 1111 168 1156 ars
182 1096 264 1156 recle
276 1093 462 1160 disserendi.
480 1093 606 1160 Etenim
622 1113 826 1178 quamquam
841 1113 956 1160 verum
972 1095 1031 1171 sit,
1047 1095 1239 1160 dialecticam

116 1218 203 1283 saepe
218 1199 259 1263 ab
274 1199 445 1266 Aristotele
456 1199 506 1288 (2)
517 1202 651 1284 aliisque
663 1201 805 1285 antiquis
814 1201 1004 1268 doctoribus
1024 1223 1096 1267 eam
1110 1213 1238 1268 tantum

117 1305 243 1391 Logicae
257 1318 381 1390 partem
397 1307 577 1393 specialiter
589 1310 759 1394 appellari,
777 1329 851 1393 quae
866 1311 906 1374 de
920 1309 1115 1395 syllogismo
1124 1310 1241 1391 proba-

116 1413 172 1478 bili
194 1415 357 1498 disputat,
373 1425 485 1482 tamen
510 1434 591 1483 usus
610 1419 678 1502 jam
703 1419 902 1495 communis,
922 1418 1023 1502 ipsius
1042 1417 1237 1495 Aristotelis,

115 1519 280 1588 Ciceronis
307 1523 513 1608 aliorumque
539 1533 689 1590 veterum
709 1525 900 1592 auctoritate
917 1525 1149 1600 confirmatus,
1180 1544 1241 1591 nos

116 1629 212 1694 docet
223 1638 325 1695 totam
337 1649 471 1714 quoque
482 1631 649 1716 logicam,
665 1631 845 1699 Dialecticae
856 1630 1238 1726 nominedesignaress).

183 1737 351 1821 Denique,
369 1748 405 1804 ut
427 1739 487 1806 alia
510 1739 669 1821 omittam,
686 1739 835 1816 nomina,
852 1739 968 1806 dicitur
989 1739 1087 1805 etiam
1108 1739 1238 1824 logica,

116 1862 155 1908 ex
168 1845 332 1929 praecipuo
344 1845 447 1930 ipsius
461 1848 608 1932 objecto,
624 1845 739 1912 Modus
756 1846 887 1923 scr'endi,
903 1846 1053 1930 itemque
1075 1845 1240 1930 Orgonum
1266 1853 1436 1900 manmena

115 1951 275 2028 scientiae,
289 1953 364 2035 quia
378 1953 475 2020 docet
491 1954 629 2020 modum
642 1954 838 2030 disserendi,
855 1964 971 2037 estque
984 1955 1073 2019 velut
1088 1972 1241 2020 commu·
1273 1936 1294 1972 ‘¹

116 2077 154 2124 ne
173 2059 383 2126 scientiarum
403 2061 696 2148 comparandarum
717 2063 997 2137 instrumentum,
1018 2062 1099 2128 dum
1120 2064 1240 2146 praece*

115 2166 179 2248 ptis
193 2168 262 2233 suis
282 2165 368 2234 viam
386 2170 503 2235 sternit
517 2168 557 2234 ad
573 2189 626 2235 eas
641 2168 866 2245 addiscendas,

159 2291 192 2358 3.
239 2275 286 2340 Ex
314 2273 417 2359 prima
442 2273 578 2342 istarum
609 2276 839 2343 definitionum
869 2276 957 2342 lacile
984 2277 1159 2361 colligitur:
1195 2283 1239 2342 ιθ

115 2379 278 2446 Materiale
292 2384 458 2468 objectum
475 2383 643 2467 proprium
657 2383 783 2470 Logicae
800 2403 919 2468 nempe
934 2391 1027 2449 actus
1041 2384 1237 2459 intellectus,
1267 2408 1384 2464 Obiecrum
1394 2423 1443 2453 mt-

113 2489 188 2552 licet
201 2489 242 2553 de
258 2489 320 2554 hoc
335 2491 408 2556 alibi
419 2489 655 2575 disputandum
670 2501 736 2574 est,
749 2500 798 2557 2.⁰
811 2490 1005 2574 Obiectum,
1020 2492 1110 2574 quod
1121 2500 1240 2557 vocant
1254 2479 1455 2606 '‘mmm'‘

113 2596 248 2661 formale
265 2596 390 2682 logicae
405 2607 589 2667 suntactus
604 2599 806 2675 intellectus,
824 2609 922 2682 prout
936 2598 1109 2665 artificiose
1130 2599 1241 2682 dispo-
1394 2587 1399 2604 '
1423 2597 1428 2603 '

114 2705 212 2771 nendi
239 2723 277 2770 ac
304 2705 465 2791 dirigendi
486 2707 526 2772 ad
552 2725 668 2773 verum
697 2707 958 2791 assequendum:
984 2707 1047 2773 sub
1070 2707 1130 2773 hac
1150 2704 1238 2773 enim

112 2813 236 2879 ratione
257 2822 289 2878 et
307 2811 566 2881 consideratione
580 2813 748 2899 disciplina
768 2817 837 2881 haec
851 2823 967 2881 tractat
987 2825 1079 2899 actus
1093 2814 1237 2892 rationis,

112 2932 143 2987 et
162 2920 210 2987 sic
231 2919 393 3007 discrepat
412 2922 578 2991 ascientia
600 2923 640 2989 de
656 2924 792 3000 Anima,
814 2942 888 3006 quae
907 2923 949 2989 de
968 2924 1083 2989 iisdem
1105 2942 1240 3007 quoque

111 3029 240 3095 actibus
268 3029 430 3115 disputat,
457 3032 516 3097 sed
541 3032 604 3097 sub
627 3030 689 3096 alio
715 3042 883 3116 respectu,
909 3050 1029 3116 nempe
1056 3031 1239 3097 secundum

111 3156 226 3202 eorum
259 3156 325 3203 esse
349 3138 523 3225 physicum
548 3158 585 3204 ac
614 3139 775 3205 naturale.
801 3138 855 3225 3.⁰
872 3137 969 3209 ‚Finis
996 3137 1167 3223 proximus
1190 3148 1240 3204 est
1327 3158 1386 3221 (ὦ,

112 3261 246 3311 normas
262 3254 349 3310 recle
371 3245 551 3311 disserendi
572 3246 714 3323 tradere,
732 3255 882 3312 remotus
896 3256 1006 3311 autem
1022 3259 1072 3312 est
1092 3254 1240 3310 mentem

111 3352 140 3417 in
169 3353 388 3436 assequendis
413 3352 556 3419 scientiis
584 3352 722 3438 dirigere
751 3372 786 3417 ac
809 3335 926 3439 juvare
944 3349 1009 3440 (4).
1037 3364 1088 3437 4⁰
1110 3353 1240 3419 Utilitas
1308 3383 1399 3427 mun„

109 3460 254 3542 denique
272 3458 434 3537 maxima,
461 3479 519 3525 nec
543 3462 652 3547 solum
674 3460 715 3524 ad
739 3461 918 3536 humanas,
935 3477 1050 3525 verum
1075 3460 1173 3527 etiam
1199 3460 1240 3524 ad

110 3564 197 3651 ipsas
211 3566 338 3633 divinas
357 3567 508 3634 scientias
526 3567 754 3655 addiscendas:
772 3586 873 3650 quare
888 3568 966 3633 nihil
983 3567 1122 3640 mirum,
1138 3566 1165 3632 si
1185 3568 1236 3632 vel

110 3676 148 3740 ab
174 3674 256 3759 ipsis
281 3675 431 3742 Ecclesiae
453 3674 601 3742 Patribus
626 3674 762 3759 aliisque
790 3675 977 3742 auctoribus
1001 3675 1237 3742 commendata

142 3968 184 4029 (r)
222 3960 257 4021 S.
273 3960 380 4019 Thom.
397 3960 428 4019 ln
444 3961 492 4021 lib.
510 3971 570 4020 ι.““ιι
585 3962 690 4019 Postar
704 3960 769 4019 lect.
791 3982 815 4019 1.

143 4052 186 4123 (2)
224 4050 302 4109 Vide
320 4052 456 4126 Topicor.
469 4051 520 4110 lib.
537 4070 561 4108 1.
577 4071 602 4108 c.
622 4072 645 4119 r,
661 4070 691 4119 2,
708 4063 737 4108 et
750 4049 924 4122 saepealias.

142 4142 185 4215 (3)
223 4141 267 4200 lta
278 4141 442 4212 loquuntur
454 4139 543 4200 etiam
558 4140 663 4198 Petrus
678 4139 801 4211 Hispan.
816 4159 884 4198 cum
894 4159 949 4199 suo
957 4137 1117 4213 interprete
1131 4138 1240 4199 Verso·

109 4231 149 4289 rio
179 4231 212 4291 in
241 4230 407 4291 Summulis
428 4228 635 4307 Lagicalibus,⁸
661 4230 768 4288 Petrus
792 4229 924 4288 Fonseca
950 4227 982 4287 in
1004 4231 1238 4309 [restitutionibus

108 4322 279 4379 dialecticis
299 4333 329 4379 et
348 4319 414 4379 Lib.
440 4340 457 4376 2
480 4318 674 4395 Metaphysic.
697 4340 723 4377 c.
744 4340 771 4393 3,
793 4338 823 4391 q.
851 4340 862 4377 r
888 4332 958 4378 sect.
973 4340 1005 4391 23
1020 4320 1125 4380 Franc.
1143 4320 1238 4381 Tolet.

108 4410 338 4469 introductionis
352 4411 386 4467 in
398 4410 605 4479 malcolmum,
622 4407 671 4467 lib.
692 4430 715 4479 1,
730 4430 755 4467 c.
775 4430 799 4479 ις
815 4407 994 4469 Conimbric.
1009 4411 1042 4468 in
1060 4412 1237 4472 Universum

108 4501 238 4559 Dialect.
254 4500 352 4558 Arist.
370 4500 482 4571 Quaest.
496 4519 617 4571 prooem.
631 4510 672 4569 4.·
687 4520 714 4556 a.
726 4521 751 4569 1,
762 4496 812 4558 ubi
826 4498 891 4557 fuse
904 4513 992 4572 atque
1002 4500 1119 4574 egregie
1132 4501 1168 4558 de
1177 4500 1234 4571 his,

108 4588 182 4650 sieut
195 4604 227 4649 et
241 4588 364 4649 Fonsec.
381 4590 548 4663 Metapltys.
562 4588 613 4647 lib.
628 4608 659 4659 a,
671 4588 724 4647 l'oc.
742 4588 791 4646 cit.

141 4686 182 4753 (4)
222 4678 285 4740 etr.
301 4678 462 4738 Coimbric.
477 4678 530 4737 loc.
546 4678 595 4737 cit.
611 4698 641 4751 q.
655 4696 689 4751 4,
705 4700 722 4737 a
738 4699 747 4737 t
765 4678 818 4747 lint
834 4678 954 4738 Fonsec.
970 4680 1100 4739 institut.
1116 4680 1235 4739 dialect.

109 4768 155 4831 lib.
173 4789 284 4845 r,cap.
303 4790 315 4829 r
332 4782 363 4830 et
375 4769 576 4831 Commentar.
591 4770 626 4827 in
639 4768 770 4843 Melaplr.
787 4768 853 4828 libr.
866 4788 894 4827 2.
909 4791 935 4828 c.
951 4790 978 4842 3.
993 4790 1024 4845 q.
1043 4791 1054 4829 ι
1068 4790 1096 4829 a·
1111 4790 1139 4831 a.

1306 1926 1429 1982 Oceanum.
1501 1931 1510 1948 ·
