3492 5525
286 392 402 456 Anne.
419 406 481 475 4¹¹⁸
493 390 616 457 Urnun
628 390 708 457 loo.
722 408 920 455 srrsnucur..
935 408 978 453 nn
988 407 1101 453 enam.
1137 404 1211 471 1107

133 590 186 649 ea,
201 590 333 657 quonam
346 574 539 657 principium
549 572 722 651 estelectio,
737 573 860 640 «debet
877 571 1012 658 intelligi
1031 572 1206 640 formaliter
1219 580 1253 637 et

135 698 193 764 per
209 698 262 758 se,
278 700 316 747 ac
333 681 470 767 proinde
482 682 524 748 de
542 682 711 766 operibus,
736 680 858 765 quibus
882 680 1060 747 formaliter
1079 691 1111 749 et
1134 699 1193 765 per
1216 698 1252 747 se

133 789 286 854 convenit
304 790 477 873 procedere
499 789 539 855 ab
551 790 725 866 electione,
746 808 820 873 quae
839 797 968 857 constat
992 807 1090 873 opera
1109 786 1250 864 virtutis,

133 895 253 977 quibus
271 897 355 963 sicut
374 897 546 964 intrinseca
564 904 615 963 est
629 896 812 973 moralitas,
828 896 873 964 ita
891 896 991 963 etiarn
1009 892 1197 983 libertasse(
1221 893 1249 982 ).

200 1003 323 1071 Verum
344 1022 430 1089 nego
443 1004 533 1088 quod
552 1003 632 1069 ratio
651 1002 827 1089 Vazquezii
846 996 873 1069 a¹
885 1003 980 1072 nobis
1003 1004 1114 1081 allata,
1135 1003 1252 1089 probet

132 1110 230 1177 etiam
245 1111 335 1195 quod
356 1113 442 1177 nulla
465 1112 507 1179 sit
529 1112 662 1179 scientia
680 1104 897 1195 specularium
926 1130 1004 1177 nam
1031 1130 1072 1179 ex
1096 1129 1136 1177 eo
1161 1109 1252 1195 quod

132 1229 224 1286 actus
237 1216 439 1296 intellectus,
461 1228 498 1285 ut
516 1219 557 1285 sit
575 1218 699 1303 praxis,
716 1218 833 1285 debeat
847 1219 1031 1305 dependere
1041 1220 1082 1285 ab
1093 1219 1251 1285 electione
1336 1282 1339 1288 .

133 1326 326 1403 voluntatis,
348 1326 484 1393 minime
510 1329 675 1412 sequitur,
695 1346 830 1394 omnem
855 1340 965 1394 actum
991 1328 1176 1394 intellectus
1195 1328 1252 1394 de·

132 1433 330 1517 pendentem
358 1436 400 1501 ab
418 1435 573 1501 electione
592 1435 768 1503 voluntatis
787 1452 859 1501 esse
873 1432 1018 1520 praxim;
1033 1434 1134 1512 sicut,
1151 1454 1192 1501 ex
1210 1452 1250 1500 eo

131 1542 222 1625 quod
240 1543 466 1609 omnishomo
484 1544 600 1609 debeat
619 1542 736 1609 habere
754 1552 869 1628 caput,
891 1560 957 1609 non
972 1543 1135 1625 sequitur,
1157 1542 1252 1626 quid·

132 1649 212 1733 quid
232 1650 330 1715 habet
352 1658 451 1736 caput
472 1670 544 1717 esse
564 1652 746 1719 hominem.
768 1652 877 1733 ltaque
894 1661 1129 1735 argumentum
1150 1650 1251 1717 Com-

132 1758 334 1843 plutensium
354 1758 433 1823 nihil
460 1759 560 1834 valet,
584 1759 611 1825 si
633 1758 742 1825 valent
764 1759 853 1842 leges
872 1757 1094 1825 conversionis
1121 1758 1249 1843 logicae.

131 1864 174 1929 Ea
194 1882 273 1951 ergo
291 1866 435 1933 conditio
453 1867 522 1933 sola
541 1884 607 1933 non
626 1865 749 1951 suflicit
772 1867 813 1932 ad
838 1874 950 1932 actum
976 1864 1152 1951 practicum
1172 1885 1251 1933 con-

131 1972 354 2048 stituendum,
371 1973 430 2039 sed
442 1983 595 2059 praeterea
611 1973 793 2058 requiritur,
808 1982 845 2039 ut
857 1983 949 2042 actus
963 1973 1122 2059 dirigens,
1144 1974 1250 2041 media

131 2080 307 2157 electione,
328 2078 405 2146 alias
430 2082 635 2165 operationes
658 2081 857 2157 intellectus,
883 2080 1032 2164 respiciat
1055 2081 1126 2147 illas
1150 2080 1250 2148 modo

130 2187 286 2271 operabili
296 2237 304 2281 ξ
321 2186 405 2255 sicut
423 2188 551 2272 respicit
569 2187 641 2254 illos
654 2187 769 2273 logica
782 2184 846 2275 (2).
1027 2261 1031 2269 ,

174 2300 283 2377 ObJ'ie.
310 2302 360 2364 5.⁰
406 2295 524 2380 logica
543 2314 609 2363 non
628 2295 756 2380 proprie
774 2295 884 2380 dirigit
907 2295 1145 2379 operationem.
1166 2296 1250 2383 Ergo

131 2418 198 2467 non
227 2410 276 2468 est
308 2401 445 2487 practica
472 2412 617 2488 respectu
647 2402 749 2480 illius,
783 2422 820 2469 ac
853 2401 988 2487 proinde
1014 2422 1075 2470 nec
1100 2415 1248 2490 respectu

129 2508 282 2578 aliorum.

198 2622 299 2685 Prob.
319 2626 425 2687 antec.
449 2620 533 2686 Nam
555 2619 588 2685 in
608 2616 720 2703 primis
740 2636 805 2685 non
825 2617 934 2703 dirigit
953 2618 1154 2702 praemissas,
1175 2629 1248 2687 tum

129 2724 206 2808 quia
223 2742 309 2810 saepe
329 2734 407 2793 sunt
425 2727 466 2792 de
486 2726 619 2794 materia
639 2734 805 2820 spectante
828 2725 869 2791 ad
888 2724 966 2793 alias
986 2726 1153 2804 scientias,
1175 2737 1247 2795 turn

129 2833 206 2915 quia
224 2844 303 2900 sunt
321 2835 559 2920 propositiones
578 2834 761 2910 evidentes,
788 2832 908 2916 quibus
934 2836 1112 2902 necessario
1136 2855 1249 2904 assen-

129 2939 208 3005 titur
222 2940 421 3025 intellectus3
439 2945 525 3009 nulla
538 2961 616 3009 vero
630 2960 683 3010 ars
693 2941 801 3027 dirigit
815 2941 1020 3024 operationes
1036 2945 1246 3021 necessarias,

127 3065 203 3131 quae
217 3049 394 3116 voluntatis
411 3049 547 3135 imperio
567 3068 633 3117 non
652 3050 804 3118 subsunt.
826 3047 951 3116 Deinde
973 3068 1034 3116 nec
1051 3049 1160 3136 dirigit
1173 3071 1250 3118 con-

128 3155 327 3235 clusionem,
347 3157 470 3242 quippe
497 3176 571 3243 quae
590 3157 769 3226 necessario
788 3160 937 3244 sequitur
961 3158 1158 3244 praemissam
1187 3178 1247 3225 nec

127 3264 258 3330 aliunde
285 3263 436 3354 imperari
451 3275 580 3350 posset,
603 3265 663 3334 nisi
683 3276 952 3351 praenosceretur,
981 3268 1008 3333 si
1033 3277 1145 3334 autem
1167 3285 1249 3350 prae·

129 3369 286 3448 noscitur,
303 3373 372 3459 jam
391 3373 501 3440 existit
515 3373 706 3459 priusquam
719 3375 897 3460 imperetur
911 3373 976 3464 (3).

195 3483 300 3563 Resp.
318 3499 389 3564 neg.
406 3489 512 3547 antec.

195 3585 248 3651 Ad
266 3587 392 3670 probat.
411 3589 606 3674 respondeo.
626 3590 767 3676 «logica
781 3589 890 3676 dirigit
906 3590 1090 3677 praemissas
1109 3591 1248 3657 demon-

127 3693 294 3762 strationis
311 3697 501 3782 cujuslibet,
523 3716 590 3765 non
613 3709 774 3782 quantum
798 3700 840 3765 ad
859 3698 1048 3775 materiam,
1067 3698 1126 3765 sed
1144 3717 1248 3783 quan·

127 3812 201 3868 tum
221 3802 262 3869 ad
289 3805 428 3870 sormam
455 3805 662 3872 artificiosam
682 3807 715 3873 in
732 3807 846 3893 figura
868 3817 901 3871 et
917 3810 1021 3889 modq
1039 3806 1149 3892 dirigit
1166 3806 1246 3873 item

127 3917 181 3985 ut,
203 3911 368 3994 proposita
395 3912 482 3978 varia
512 3913 661 3991 materia,
681 3913 924 3982 enuntiationes
946 3915 1106 4000 eligantur
1119 3915 1245 3996 prime,

126 4017 325 4096 immediato,
345 4019 479 4086 notiores
497 4029 575 4096 etc..
593 4022 686 4106 juxta
705 4021 886 4089 doctrinam
904 4023 1164 4090 demonstrandi.
1179 4023 1247 4089 Nec

126 4124 238 4190 obstat
266 4125 444 4204 evidentia,
478 4145 553 4194 nam
574 4128 722 4196 terminis
742 4129 909 4197 evidenter
930 4130 1152 4215 apprehensis,
1184 4130 1249 4196 sal-

126 4241 195 4298 tem
215 4227 399 4302 indifferens
426 4242 476 4302 est
499 4235 700 4314 intellectuS,
730 4247 766 4304 ut
796 4237 906 4322 potius
923 4239 957 4303 A
975 4239 1125 4324 praedicet
1144 4239 1185 4304 de
1207 4238 1247 4314 Β,

161 4505 203 4570 (ι)
240 4499 455 4576 Complutene.,
468 4503 522 4564 loc.
537 4505 586 4564 eit.
603 4525 633 4564 n.
648 4505 693 4580 67.

161 4599 202 4662 (a)
239 4592 302 4653 cn.
314 4591 451 4664 lossada,
466 4595 545 4667 apud
555 4615 642 4668 quem
657 4595 752 4668 plura,
767 4615 795 4653 n.
816 4613 913 4665 12-15.

160 4689 202 4757 (3)
237 4683 629 4758 npud.lossada.1oc.cit.‚
646 4705 675 4743 n.
694 4703 736 4760 ις.
