3492 5525
475 480 480 490 -
579 460 653 523 ¹094
681 440 805 505 Locren
820 442 1051 536 hinton-jhm.
1068 457 1139 519 aaa,
1157 443 1242 505 Dtsa.
1262 454 1307 525 5.⁸
1320 442 1398 505 Cre.
1418 456 1487 504 ram

520 626 676 711 aliquam,
691 625 902 693 araturam
918 627 985 713 ejus
1007 622 1072 714 (1).
1092 619 1222 703 Quibus
1239 624 1385 711 Angelici
1403 625 1552 693 Doctoris
1568 644 1636 693 ver·

521 732 572 799 bis
601 734 723 817 duplex
753 733 942 819 indigitatur
973 752 1070 811 usus,
1099 734 1180 800 alter
1208 734 1346 811 acubus,
1378 735 1458 800 alter
1480 735 1634 817 passivus.

522 843 608 909 Usus
626 841 752 908 ictinus
770 850 821 907 est
847 842 1017 926 applicatio
1042 840 1085 907 rei
1109 841 1149 907 ad
1169 842 1410 931 operationem,
1439 842 1636 909 considerata

521 961 665 1034 exparte
687 948 840 1033 potentiae
859 948 1066 1033 applicantis:
1088 951 1175 1016 unde
1199 949 1343 1034 potentia
1361 950 1411 1015 vel
1432 951 1568 1016 facultas
1585 970 1637 1033 ap
1719 959 1721 1022 1

521 1058 642 1142 plicans
661 1057 792 1125 Musicae
811 1058 940 1141 regulas
963 1058 1004 1122 ad
1024 1068 1176 1133 cantum,
1197 1065 1247 1123 est
1265 1058 1364 1123 artaba
1387 1062 1478 1125 alans
1496 1076 1555 1124 seu
1580 1059 1637 1124 uti-

520 1176 573 1232 tur
592 1166 724 1250 regulis.
745 1166 831 1232 Usus
852 1183 931 1231 vero
950 1164 1099 1248 passivus
1117 1174 1167 1230 est
1186 1166 1330 1249 operatio
1354 1165 1423 1248 ipsa
1440 1150 1637 1232 considerata

522 1276 666 1357 passive,
697 1291 754 1339 seu
775 1292 833 1357 per
856 1282 1040 1357 respectum
1059 1273 1100 1337 ad
1127 1292 1195 1337 rem
1225 1272 1435 1356 applicatam:
1456 1272 1503 1338 sic
1526 1283 1637 1339 cantus

520 1384 588 1466 ipse
607 1390 657 1447 est
684 1400 764 1447 usus
784 1381 929 1447 musicae.
954 1382 1041 1447 Usus
1061 1399 1139 1465 ergo
1157 1380 1282 1446 activus
1313 1380 1357 1446 rei
1380 1381 1573 1449 denominat
1585 1389 1638 1463 po

520 1490 646 1555 tentiam
665 1492 816 1570 utentem,
838 1496 870 1553 et
889 1508 957 1553 rem
973 1488 1076 1572 ipsam
1098 1489 1257 1555 usitatam.
1278 1488 1366 1554 Usus
1389 1491 1496 1554 mallei
1514 1489 1637 1556 activus

520 1605 570 1663 est
591 1598 623 1663 in
647 1597 754 1672 fabro,
775 1595 830 1679 qui
850 1596 1026 1671 coutitur,
1047 1598 1098 1661 vel
1118 1597 1210 1662 illum
1227 1598 1381 1680 applicat,
1398 1605 1431 1662 et
1449 1597 1582 1663 adhibet
1600 1599 1637 1662 ad
1719 1587 1721 1630 ³

520 1698 759 1788 operationem,
781 1702 931 1787 passivus
951 1722 1028 1768 vero
1048 1711 1098 1770 est
1121 1704 1153 1768 in
1173 1704 1245 1787 ipso
1265 1704 1400 1779 malleo,
1426 1704 1482 1787 qui
1501 1704 1638 1789 applica-

519 1824 589 1888 tur,
611 1809 847 1895 adhibeturque
867 1810 908 1876 ad
927 1828 1012 1894 opus
1028 1807 1093 1898 (a).
1111 1809 1192 1875 ilinc
1211 1810 1360 1894 sequitur
1374 1830 1510 1877 omnem
1530 1821 1637 1878 actum

519 1921 721 1986 conformem
742 1918 861 2003 regulis
879 1917 1020 2003 Logicae,
1039 1926 1136 2002 atque
1160 1938 1200 1983 ex
1219 1938 1330 1985 earum
1355 1917 1474 2002 praevia
1491 1918 1639 1985 directio

520 2045 561 2092 ne
581 2028 718 2101 iactum,
740 2044 813 2091 esse
832 2024 959 2110 Logicae
979 2043 1077 2091 usum
1090 2025 1271 2107 passivum
1291 2036 1324 2091 at
1342 2028 1405 2092 sub
1426 2028 1485 2091 hac
1509 2028 1639 2110 praecisa

520 2133 643 2200 ratione
664 2151 729 2199 non
745 2132 975 2198 denominatur
995 2132 1112 2217 topica
1125 2136 1230 2209 utens,
1245 2134 1302 2198 sed
1320 2133 1448 2201 rasitata.
1466 2133 1509 2199 Ut
1527 2144 1638 2199 autem

521 2241 647 2326 proprie
666 2240 707 2306 sit
722 2249 813 2306 actus
829 2239 955 2324 Logicae
968 2241 1099 2316 nantis,
1120 2248 1266 2324 oportet,
1288 2251 1325 2305 ut
1340 2250 1432 2306 actus
1446 2241 1501 2305 ille
1513 2253 1638 2325 spectet
1719 2297 1721 2308 .

520 2350 561 2417 ad
579 2348 747 2415 scientiam
769 2348 938 2433 Logicam,
958 2348 1010 2413 vel
1026 2357 1063 2414 ut
1081 2347 1224 2413 eliciatur
1241 2347 1281 2412 ab
1297 2336 1408 2414 habitu
1427 2349 1555 2433 Logicae
1576 2348 1638 2439 (3).

519 2458 565 2523 Ex
583 2475 650 2541 quo
664 2457 733 2541 jam
749 2454 885 2540 judicari
904 2463 1045 2538 possunt
1063 2455 1159 2521 variae
1180 2456 1365 2530 sententiae,
1386 2474 1461 2539 quae
1474 2455 1561 2523 circa
1583 2460 1640 2524 Lo

519 2564 625 2651 gicam
645 2571 792 2629 utentem
808 2562 1031 2645 perhibentur.
1719 2571 1721 2712 (

346 2695 465 2741 sentenia
586 2670 760 2735 Pn'ma‘est
780 2687 912 2745 eorum,
932 2670 988 2753 qui
1007 2681 1121 2735 tenent
1139 2688 1256 2735 omnes
1275 2679 1365 2736 actus
1383 2671 1517 2737 aliarum
1537 2675 1642 2739 scien-

368 2769 441 2850 '³.¹⁵²²
519 2781 655 2854 tiarum,
681 2779 737 2864 qui
766 2778 946 2844 secundum
976 2780 1065 2862 leges
1092 2779 1226 2862 Logicas
1252 2779 1354 2855 hunt,
1384 2799 1456 2846 esse
1486 2782 1638 2866 Logicam

367 2853 446 2894 'mma'
520 2895 682 2956 utentem.
704 2886 748 2954 lta
767 2887 921 2970 Vazquez
939 2882 992 2972 (4)
1010 2894 1043 2951 et
1062 2885 1198 2972 Semery
1212 2885 1265 2974 (5)
1283 2887 1412 2970 aliique.

355 3017 456 3073 terrenus:
587 2995 652 3061 Sed
671 2993 811 3079 rejicitur
828 2993 1049 3060 communiter
1067 2995 1134 3059 haec
1154 2994 1281 3077 opinio,
1297 2995 1374 3078 quia
1392 3006 1484 3062 actus
1499 2999 1638 3065 aliarum
1719 3040 1721 3059 .

520 3103 727 3169 scientiarum
748 3119 813 3167 non
832 3111 911 3167 sunt
930 3111 1020 3167 actus
1039 3101 1181 3186 Logicae,
1204 3101 1263 3167 nisi
1290 3101 1371 3168 velis
1390 3103 1543 3188 Logicam
1562 3127 1640 3174 cum
1719 3068 1721 3205 Ι

487 3220 489 3224 ’
520 3211 643 3278 caeteris
661 3209 803 3275 scientiis
822 3210 1033 3276 confundere.
1049 3210 1116 3275 Nec
1137 3208 1252 3294 Logica
1271 3221 1321 3277 est
1339 3219 1450 3288 utens,
1468 3213 1495 3277 si
1512 3217 1641 3299 proprie
1719 3234 1721 3299 (

521 3320 609 3402 loqui
628 3318 784 3394 velimus,
806 3317 867 3382 nisi
893 3327 1056 3400 quatenus
1080 3326 1224 3392 exercet,
1251 3319 1301 3381 vel
1324 3318 1514 3403 exsequitur
1530 3337 1639 3388 actus.
1719 3304 1721 3325 '

586 3432 689 3494 Dices
708 3427 789 3490 iorte
810 3424 960 3510 Logicam
980 3442 1053 3490 esse
1072 3431 1203 3489 causam
1223 3423 1436 3501 efficientem,
1453 3430 1504 3492 vel
1520 3432 1639 3496 saltem
1719 3382 1721 3535 Ι

519 3533 707 3602 directivam
728 3541 859 3598 actuum
880 3532 1014 3597 aliarum
1034 3531 1253 3600 scientiarum.
1270 3532 1354 3618 Ergo
1369 3551 1401 3599 re
1416 3554 1491 3600 vera
1509 3551 1641 3604 exercet

520 3643 592 3710 illos
611 3650 719 3716 actus,
741 3659 777 3705 ac
797 3639 933 3723 proinde
959 3640 1061 3706 utitur
1087 3638 1206 3724 regulis
1232 3639 1315 3716 suis,
1346 3642 1425 3708 dum
1453 3643 1642 3712 efficiuntur
1719 3660 1721 3711 5

519 3758 610 3816 actus
629 3750 763 3814 aliarum
784 3746 1005 3812 scientiarum.
1459 3790 1463 3798 .

517 3935 522 3944 ,
585 3865 689 3940 Resp.
724 3871 797 3940 neg.
831 3854 982 3941 Logicam
1014 3872 1086 3919 esse
1112 3873 1243 3920 causam
1276 3855 1469 3923 efficientem
1503 3869 1640 3927 actuum

518 3966 652 4032 aliarum
673 3963 893 4030 scientiarum.
915 3963 952 4026 Et
969 3959 1121 4044 quamvis
1141 3963 1183 4029 sit
1199 3964 1332 4047 quidem
1352 3983 1449 4031 causa
1469 3967 1639 4044 directiva;

519 4093 585 4139 non
604 4081 715 4138 tamen
735 4072 778 4136 ob
797 4072 859 4137 boc
878 4069 939 4135 dici
956 4077 1064 4154 potest
1079 4077 1175 4136 utens
1192 4071 1312 4156 regulis
1326 4071 1407 4138 suis.
1423 4073 1525 4140 Secus
1541 4077 1640 4142 etiam
1719 4142 1721 4167 Ι

519 4181 725 4267 magistrum,
742 4180 797 4262 qui
813 4177 935 4263 praebet
949 4177 1108 4261 discipulo
1122 4177 1333 4245 directionem
1349 4181 1438 4256 artis,
1454 4180 1582 4249 diceres
1596 4183 1639 4249 uti

549 4382 594 4445 (ι)1
626 4375 661 4445 S,
677 4375 732 4434 Th.
753 4396 776 4445 1,
794 4373 863 4446 αξη.
883 4375 926 4443 16,
940 4395 969 4432 a.
988 4395 1011 4443 r,
1030 4394 1110 4446 corp.

548 4473 588 4534 (a)
623 4465 701 4524 Vide
715 4464 857 4530 Losaada,
875 4465 961 4539 Log„
978 4476 1062 4523 tract.
1080 4485 1104 4533 1,
1119 4463 1195 4536 disp.
1212 4485 1404 4538 1,cap.a,n.
1421 4486 1448 4536 ς.

547 4561 588 4628 (3)
625 4553 758 4622 Loesad,
776 4553 814 4611 ib.
828 4572 857 4611 n.
873 4553 901 4610 6.
918 4551 980 4610 Cir.
997 4553 1095 4613 Ulloa.
1110 4555 1184 4628 Lag.
1201 4555 1324 4626 Minor„
1338 4554 1415 4628 disp.
1431 4578 1459 4630 3,
1474 4577 1503 4617 n.
1521 4559 1551 4618 8.

545 4651 585 4719 (4)
623 4645 654 4704 ln
673 4655 728 4702 12⁵¹
741 4657 816 4716 part.
831 4641 907 4714 disp.
921 4643 955 4711 8,
970 4662 1001 4701 n.
1019 4663 1061 4715 ¹9·

544 4740 586 4807 (ς)
621 4736 739 4812 Logia,
754 4732 829 4805 disp.
850 4754 877 4802 r,
893 4744 997 4804 quaest.
1014 4754 1045 4805 3,
1060 4747 1114 4791 art.
1133 4754 1156 4790 t.
