3492 5525
465 479 469 488 ’
503 505 558 559 roa·
956 497 1084 563 Locren

465 593 1049 616 ..affl-..-

243 699 334 757 ¹stoan
348 702 432 756 mere.
452 675 575 760 Logica
586 673 649 765 sit(
658 675 700 766 r).
719 679 792 745 ldeo
807 698 825 744 a
841 678 1040 763 quibusdam
1051 679 1268 765 scriptoribus
1278 690 1415 748 vocatur
1427 699 1584 746 «examen

457 784 576 850 ellibra
585 785 744 866 callatim
758 787 800 852 ab
814 787 882 852 aliis
886 787 1062 872 samareae
1074 788 1254 872 sapientie,
1272 792 1381 872 regula
1396 797 1428 854 et
1437 807 1587 854 mensura

456 891 591 969 artium,
606 895 731 975 clypeus
746 894 1004 976 disciplinarum,
1020 896 1133 961 mundi
1145 897 1332 973 rationalis,
1349 895 1461 974 idest,
1477 898 1588 962 buma-

457 1017 507 1063 nae
524 1002 634 1065 mentis
653 1003 716 1077 sol,
737 1002 871 1068 rationis
888 1005 1015 1079 oculus,
1037 1003 1168 1070 scientia
1185 1003 1331 1080 ordinis,
1354 1003 1454 1069 clauis
1471 1022 1582 1081 aurea,

455 1107 585 1172 recentia
598 1109 798 1175 scientiarum
807 1132 823 1173 u
836 1107 901 1198 (2).
912 1113 980 1178 Nec
990 1113 1099 1177 solum
1114 1112 1201 1180 utilis
1213 1111 1343 1197 Logica,
1357 1112 1583 1177 verumetiam

457 1215 635 1281 necessaria
650 1217 760 1299 aliquo
783 1219 901 1285 saltem
924 1220 1025 1285 modo
1046 1219 1087 1284 ad
1108 1220 1185 1286 alias
1207 1220 1358 1286 scientias
1372 1219 1585 1306 addiscendas

455 1322 726 1390 communissime
741 1322 962 1403 existimatur,
979 1326 1265 1409 quemadmodum
1280 1327 1355 1392 alibi
1371 1327 1511 1392 dicetur.

523 1429 590 1496 Nec
605 1451 683 1498 vero
697 1442 729 1498 te
745 1442 877 1498 moveat
894 1433 926 1499 in
945 1435 1144 1515 contrarium
1164 1453 1304 1500 censura
1328 1434 1364 1500 8.
1392 1430 1581 1523 Augustini,

455 1555 519 1619 qua
536 1539 665 1624 regulas
676 1537 857 1607 dialecticas
869 1561 1000 1626 carpere
1014 1551 1186 1625 tamquam
1202 1559 1317 1626 parum
1331 1542 1427 1608 utiles
1437 1540 1579 1606 videtur:

456 1645 662 1732 «Plerumque
683 1647 812 1724 accidit,
841 1648 959 1733 inquit,
985 1655 1022 1714 ul
1037 1649 1171 1734 facilius
1199 1649 1335 1715 homines
1354 1669 1405 1715 res
1424 1667 1476 1713 eas
1496 1667 1583 1713 asse-

452 1755 606 1836 quantur,
618 1759 745 1838 propter
757 1775 835 1840 quas
852 1759 1059 1842 assequendas
1078 1757 1138 1822 ista
1157 1758 1341 1833 discuntur,
1357 1775 1451 1840 quam
1469 1755 1580 1820 talium

448 1865 670 1941 preceptorum
700 1863 922 1929 nodosissimas
944 1869 977 1929 et
996 1865 1227 1947 spinosissimas
1252 1864 1437 1945 disciplinas
1441 1911 1508 1930 .....
1532 1863 1580 1928 lla

447 1968 628 2053 plerumque
646 1969 739 2034 citius
757 1969 933 2054 ingeniosus
949 1972 1036 2036 uidet
1051 1991 1114 2037 non
1134 1977 1200 2038 e'sse
1218 1976 1319 2037 ratam
1338 1970 1576 2044 conclusionem,

450 2093 542 2156 quam
552 2081 706 2158 praecepta
720 2080 785 2164 ejus
798 2079 900 2161 capit:
915 2082 1025 2144 lardus
1038 2084 1223 2144 autemeam
1235 2097 1298 2144 uon
1311 2078 1472 2154 aidel,sed
1482 2079 1580 2142 mullo

450 2181 571 2258 minus,
599 2187 683 2268 quod
707 2188 745 2250 de
772 2185 827 2251 illa
851 2187 1047 2268 praemitur.
1081 2186 1243 2270 Magisque
1275 2186 1310 2252 in
1340 2186 1482 2250 amnibus
1508 2185 1577 2265 ipsa

448 2293 620 2370 spectacula
632 2293 773 2357 veritalis
782 2302 861 2377 sape
872 2294 1043 2370 delectant,
1053 2313 1148 2378 qnam
1161 2313 1202 2358 ex
1215 2295 1260 2359 eis
1274 2295 1308 2358 in
1321 2294 1509 2374 disputando
1520 2295 1582 2356 aut

442 2397 617 2482 judicando
626 2401 838 2484 adunamur»
850 2398 915 2488 (3).
928 2402 1088 2486 Origenes
1100 2420 1178 2467 vero
1187 2396 1239 2489 (4)
1252 2409 1285 2465 et
1297 2399 1515 2467 Tertullianus
1524 2394 1578 2485 (5)

449 2499 483 2566 S.
505 2503 727 2593 Hieronymus
750 2504 801 2596 (6)
816 2507 935 2592 aliique
953 2509 1050 2593 Apud
1069 2509 1166 2574 Card.
1189 2507 1328 2593 Aguirre
1342 2505 1412 2594 (7),
1432 2507 1514 2588 disp.
1542 2524 1574 2582 1,

448 2614 521 2678 secl.
532 2631 554 2696 5
567 2615 642 2679 talia
653 2615 816 2692 scribunt,
829 2617 917 2680 unde
929 2615 1080 2700 Logicam
1094 2635 1160 2681 non
1176 2617 1326 2681 inutilem
1343 2614 1444 2680 modo
1458 2631 1573 2679 verum

450 2717 547 2784 etiarn
565 2719 779 2805 perniciosam
798 2741 869 2788 esse
888 2723 1152 2789 concludendum
1169 2723 1210 2789 sit
1241 2720 1301 2811 (8).

516 2825 610 2893 Hisce
629 2848 707 2894 vero
725 2829 760 2896 8.
777 2830 985 2915 Augustinus
1005 2849 1071 2896 non
1087 2832 1173 2897 aliud
1189 2849 1321 2915 carpere
1336 2830 1452 2905 voluit,
1471 2847 1572 2911 quarn

448 2946 608 3019 praecepta
622 2937 787 3021 superflua
802 2958 842 3003 ac·
853 2957 936 3022 pene
956 2940 988 3003 in
1003 2938 1169 3006 infinitum
1192 2938 1418 3022 multiplicata.
1441 2937 1479 3001 Et
1491 2936 1574 3001 ratio

446 3050 513 3126 est,
538 3052 609 3108 tum
626 3045 702 3128 quia
725 3063 821 3111 secus
841 3046 1018 3111 dicendum
1043 3048 1125 3112 loret
1140 3046 1174 3111 S.
1200 3045 1426 3131 Augustinum
1451 3062 1572 3111 omnes

446 3166 540 3231 aeque
550 3160 647 3227 artes,
657 3170 693 3217 ac
705 3154 898 3221 nominatim
914 3152 1103 3229 oratoriam,
1119 3173 1160 3219 eo
1173 3152 1205 3218 in
1221 3155 1294 3218 loco
1306 3152 1569 3236 reprehendisse,

445 3254 475 3320 id
501 3258 590 3339 quod
611 3278 709 3324 nemo
729 3270 816 3325 certe
836 3260 1025 3338 crediderit,
1055 3271 1127 3327 tum
1153 3261 1229 3345 quia
1254 3261 1350 3345 paulo
1372 3268 1447 3324 ante
1472 3260 1575 3323 relata

445 3363 542 3429 verba
560 3364 702 3449 ipsemet
720 3366 752 3436 8.
766 3367 900 3434 Doctor:
921 3368 1116 3451 Disciplina,
1137 3368 1260 3453 inquit,
1287 3366 1521 3433 conclusionum
1539 3370 1578 3431 et

478 3636 519 3697 (r)
555 3630 630 3691 Vide
649 3632 770 3707 origen.
787 3638 897 3694 Hamil.
915 3648 956 3694 a.·
970 3637 1001 3693 in
1014 3636 1122 3704 exora
1138 3635 1282 3695 Clement.
1299 3634 1458 3693 Alexandr.
1471 3633 1533 3691 Lib.
1556 3655 1568 3691 r

441 3722 501 3779 eto
519 3722 673 3793 Stromat.;
689 3724 808 3783 Hieron.
831 3727 1035 3793 inEzeclrie15
1056 3724 1140 3797 epist.
1168 3745 1216 3799 ιο]
1239 3726 1278 3782 ad
1298 3724 1422 3783 Pauline.
1447 3736 1476 3781 et
1498 3723 1573 3782 stibi

441 3830 523 3883 saep.;
540 3810 572 3871 S.
589 3814 716 3885 August.
736 3814 785 3872 lib.
801 3818 865 3873 ade
880 3815 992 3873 Ordine
1006 3836 1069 3887 cup.
1093 3837 1139 3887 133
1154 3815 1205 3873 lib.
1222 3816 1287 3871 ade
1301 3816 1446 3873 Doctrina
1460 3814 1569 3870 christ.

364 3958 367 3965 ,
440 3920 502 3970 cap.
530 3902 564 3973 36
591 3915 657 3961 ete:
687 3923 746 3974 qus
769 3902 805 3961 de
828 3925 859 3961 re
882 3903 945 3963 Cir.
970 3902 1238 3974 Conimbricenses‚
1262 3904 1391 3962 Dialect.
1420 3916 1525 3974 quaest.
1549 3904 1573 3961 6

441 3990 679 4060 prooemis1.art.
704 4014 732 4063 ¹3
756 3993 902 4063 Lossadu,
918 3994 1033 4053 Cursus
1046 3995 1214 4069 philosoph.
1233 4006 1255 4052 t.
1282 4014 1293 4051 r
1319 3992 1419 4067 logie.
1444 4004 1528 4052 tract.
1555 4012 1568 4052 t

440 4079 599 4150 prooemial.
615 4082 691 4153 disp.
711 4102 740 4150 r,
756 4102 818 4155 cap.
837 4105 861 4142 1.
878 4104 908 4142 n.
924 4086 1003 4151 (nro.

475 4172 515 4235 (a)
553 4168 730 4231 Conimbric.
745 4172 800 4231 loc.
816 4192 912 4245 nuper
924 4173 986 4245 cita
1002 4172 1064 4233 Cir.
1084 4173 1204 4233 Fonsec.
1218 4174 1314 4232 instit.
1333 4173 1454 4230 dialect.
1469 4169 1520 4230 lib.
1539 4192 1570 4234 r.

438 4276 501 4329 cap.
521 4280 545 4316 r.

472 4350 513 4417 (3)
551 4346 584 4405 S.
600 4348 727 4421 August.
743 4350 792 4409 lib.
808 4371 825 4410 a
840 4352 877 4410 de
888 4352 988 4411 Doctr.
1004 4354 1105 4412 christ.
1121 4373 1184 4426 cop.
1201 4374 1245 4428 37.

473 4440 514 4507 (4)
551 4436 848 4499 Homilainlixod.

472 4532 513 4597 (5)
552 4527 596 4585 De
610 4530 885 4603 Praescriptionibus
899 4534 1040 4592 aduersus
1052 4526 1295 4606 lraerelicas‚'cnp.
1311 4554 1339 4605 7.
1378 4542 1382 4546 ’

466 4616 512 4701 ’(6)
549 4616 623 4693 Cap.
639 4618 692 4677 ult.
708 4620 741 4677 in
755 4620 911 4680 Nelumet
922 4624 1078 4681 inPsalm.
1097 4642 1147 4697 ro4
1161 4636 1190 4681 et
1207 4641 1267 4696 ¹05·

470 4708 511 4777 (7)
547 4705 667 4781 Disput.
682 4708 782 4767 select.
795 4710 945 4785 inLagic.
966 4724 1050 4771 tract.
1070 4734 1094 4785 r,
1109 4712 1185 4785 disp.
1205 4733 1230 4781 r,
1245 4724 1314 4769 sect.
1329 4728 1355 4781 ς.

469 4794 511 4862 (8)
546 4793 616 4854 Vid.
629 4796 709 4869 apud
724 4798 904 4859 Conimbrie.
917 4800 975 4873 Op.
990 4815 1021 4862 et
1034 4802 1089 4861 loe.
1103 4800 1154 4863 cit.
1168 4822 1199 4877 q.
1213 4802 1233 4859 6
1246 4812 1302 4859 art.
1321 4821 1345 4859 r.
