3492 5525
560 425 618 509 718
660 427 784 492 Lourca
797 426 1024 502 Maron-Lau.
1045 440 1115 501 2.¹¹⁸,
1132 425 1222 489 Drsn.
1244 439 1290 488 1.·
1303 427 1383 490 Can.
1402 441 1473 508 ψ

520 611 581 677 illis
600 611 713 677 formis
731 609 903 694 separatis,
928 627 1068 692 quarum
1097 609 1336 694 participatione
1354 611 1532 676 coalescere
1549 608 1622 672 indi-

520 717 618 784 vidua
646 718 848 784 dicebantur.
882 717 982 802 Atqui
1012 719 1126 782 sormae
1153 715 1230 791 illae,
1262 718 1289 783 si
1317 716 1489 800 possibiles
1517 718 1620 791 iurent,

521 826 697 915 formaliter
723 826 921 892 universales
950 833 1079 900 essent,
1112 823 1379 907 quandoquidem
1412 825 1453 888 ab
1481 823 1623 888 omnibus
1713 860 1714 869 .

521 932 721 1016 Philosopbis
740 934 918 998 atteruntur
936 943 1105 1015 tamquam
1126 932 1314 1014 exemplum
1334 929 1525 996 universalis
1544 929 1625 994 reali·
1713 984 1714 989 ,

520 1051 569 1104 ter
587 1048 677 1106 extra
686 1048 830 1105 mentem
850 1039 1034 1114 existentis,
1054 1050 1087 1105 et
1105 1039 1148 1104 ob
1166 1057 1239 1102 eant
1255 1057 1387 1104 causam
1411 1039 1622 1104 confutantur.

521 1146 604 1230 Ergo
618 1148 657 1212 ad
678 1147 856 1214 universale
870 1165 946 1212 vere
965 1165 1001 1212 ac
1014 1145 1189 1211 formaliter
1206 1144 1239 1210 in
1258 1144 1423 1210 intellectu
1447 1145 1624 1210 habendum

521 1255 641 1321 sufficit
655 1256 838 1324 abstractio.

565 1362 617 1430 3.⁰
668 1361 875 1446 Comparatio
898 1369 1021 1426 naturae
1048 1360 1220 1445 praecisivae
1244 1377 1321 1425 curn
1349 1358 1543 1435 individuis,
1564 1360 1625 1442 jam

519 1471 675 1555 supponit
693 1471 779 1536 illam
801 1469 1017 1536 universalem
1037 1469 1223 1535 formaliter.
1253 1468 1338 1552 Ergo
1363 1469 1544 1534 necessaria
1567 1487 1626 1533 non

519 1586 568 1643 est
587 1577 628 1642 ad
642 1596 756 1643 verum
776 1577 956 1644 universale
971 1577 1064 1660 plene
1078 1575 1355 1641 constituendum.

587 1691 687 1753 Prob.
719 1693 824 1750 antec.
849 1685 931 1752 Nam
956 1693 1047 1749 actus
1069 1682 1277 1766 comparandi
1301 1682 1380 1747 nihil
1398 1682 1513 1750 tribuit
1540 1683 1628 1748 rebus

518 1791 596 1875 ipsis
615 1793 824 1876 comparatis,
855 1792 912 1856 sed
931 1799 1058 1856 tanturn
1087 1788 1225 1874 detegit,
1255 1790 1345 1872 quod
1367 1790 1401 1854 in
1425 1791 1463 1855 iis
1486 1791 1626 1857 habetur.

517 1897 627 1974 Qrare
641 1918 716 1964 curn
737 1906 850 1965 natura
870 1898 1029 1964 abstracta
1047 1908 1254 1982 comparatur
1273 1915 1351 1962 cum
1370 1897 1564 1975 individuiS,
1582 1899 1627 1962 vel

517 2007 610 2072 adest
628 2007 660 2072 in
679 2006 732 2070 illa
750 2004 1001 2072 universalitatis
1017 2005 1096 2069 ratio
1114 2005 1165 2068 vel
1186 2022 1267 2072 non.
1287 2003 1320 2069 Si
1335 2023 1402 2070 non
1421 2007 1531 2081 adest,
1550 2016 1628 2072 certe

518 2132 623 2197 neque
643 2133 700 2194 per
711 2113 987 2197 comparationem
1002 2111 1115 2177 aderit.
1136 2110 1169 2176 Si
1187 2112 1252 2193 iarn
1265 2112 1373 2188 adest,
1394 2131 1473 2198 ergo
1487 2131 1554 2180 non
1567 2112 1630 2178 elii·

517 2221 800 2288 cituruniversalis
811 2239 867 2305 per
879 2219 1171 2304 comparationem,
1187 2219 1243 2285 sed
1254 2220 1441 2305 agnoscitur
1452 2221 1627 2286 dumtaxat.

518 2329 615 2395 Aliud
634 2339 744 2395 autem
765 2337 814 2394 est
833 2326 960 2394 efficere
979 2327 1176 2402 universale,
1197 2335 1231 2392 et
1254 2328 1341 2393 aliud
1367 2346 1546 2412 agnoscere
1569 2332 1628 2414 jam

413 2502 416 2510 ,
518 2439 654 2504 iactum.

584 2543 747 2610 Caeterum
768 2543 936 2626 quodnam
955 2542 997 2606 sit
1015 2541 1179 2626 objectum
1194 2539 1389 2626 cognitionis
1400 2542 1630 2611 'constituentis

439 2700 443 2710 .
519 2653 716 2727 universale,
738 2652 809 2716 fuse
828 2650 972 2733 disputat
990 2649 1026 2716 P.
1047 2648 1230 2713 ludovicus
1247 2648 1288 2713 de
1303 2648 1444 2714 Lossada
1462 2648 1527 2739 (1).

570 2778 641 2844 ¹75·
688 2762 806 2843 Quaeri
824 2766 935 2823 autem
951 2775 1039 2822 nunc
1054 2764 1176 2841 potest,
1198 2775 1255 2840 per
1273 2775 1372 2839 quam
1388 2756 1629 2825 abstractionem

519 2866 575 2932 frat
594 2865 777 2932 universale
796 2865 1001 2939 absolutum,
1023 2883 1081 2947 per
1098 2862 1268 2948 agentisne
1282 2883 1323 2929 an
1340 2884 1398 2948 per
1413 2867 1574 2950 possibilis
1587 2867 1631 2931 in·
1713 2936 1715 2954 Ι

519 2975 666 3039 tellectus
696 2972 958 3038 abstractionem.
990 2972 1024 3038 Ρ.
1051 2970 1218 3055 sylvester
1246 2972 1348 3038 Mauri
1377 2976 1551 3058 respondet
1580 2992 1630 3057 per
1713 3041 1714 3048 χ

519 3080 677 3147 utramvis
696 3079 946 3147 abstractionem
967 3078 1035 3143 fieri
1054 3096 1162 3162 posse.
1184 3077 1198 3164 (
1224 3075 1248 3166 ).

566 3195 636 3255 'lix
651 3194 686 3255 S.
707 3192 845 3255 Thorna
863 3184 960 3251 etiarn
977 3185 1109 3269 produci
1130 3196 1268 3270 possunt
1283 3188 1471 3254 testimonia
1491 3208 1548 3274 pro
1564 3188 1632 3254 abs·

349 3387 355 3402 ·
394 3302 471 3403 ἵζω·
512 3297 674 3395 'trac-tione
704 3295 886 3363 intellectus
913 3312 988 3359 curn
1016 3292 1159 3377 agentis,
1187 3302 1258 3358 tum
1280 3293 1461 3378 possibilis.
1488 3294 1568 3361 Nam
1596 3296 1630 3360 de
1713 3289 1715 3304 '

518 3412 635 3487 agente
654 3402 782 3470 videtur
801 3400 889 3484 loqui
905 3402 936 3466 in
953 3400 1122 3484 Opusculo
1136 3400 1243 3485 primo
1257 3401 1299 3466 de
1320 3402 1556 3470 universalitas
1569 3400 1627 3490 (3)

518 3518 550 3574 et
569 3510 649 3575 libro
668 3509 762 3575 tertio
779 3511 818 3574 de
833 3509 952 3574 Anima
964 3504 1016 3595 (4)
1031 3507 1156 3583 scribit,
1172 3509 1199 3575 si
1212 3508 1405 3575 universalia
1423 3521 1535 3578 essent
1548 3522 1631 3577 extra

518 3618 679 3694 animam,
699 3616 783 3682 sicut
796 3635 834 3680 ea
847 3633 985 3700 posuere
996 3614 1167 3689 Platonici,
1184 3617 1306 3681 nullam
1327 3618 1394 3682 lore
1409 3619 1629 3685 necessitatem

517 3724 700 3791 intellectus
719 3723 861 3809 agentis:
890 3742 965 3807 quae
988 3722 1135 3802 doctrina
1161 3724 1297 3790 traditur
1323 3725 1421 3790 etiam
1451 3726 1485 3792 in
1512 3728 1630 3794 Summa

518 3832 684 3916 theologica
713 3828 776 3920 (5)
805 3830 900 3897 Unde
933 3830 1032 3897 videri
1061 3839 1169 3916 potest
1187 3832 1227 3895 ad
1254 3832 1456 3899 intellectum
1484 3844 1628 3920 agentern

552 4088 591 4149 (r)
628 4084 743 4156 Logia,
760 4092 843 4145 tract.
860 4100 887 4147 a,
903 4080 978 4153 disp.
994 4100 1020 4149 a,
1031 4100 1094 4152 cap.
1110 4100 1138 4153 4.

553 4172 592 4244 (a)
630 4172 739 4253 Quaest.
760 4170 935 4246 philosoph„
957 4184 1027 4229 tom.
1047 4193 1071 4240 1,
1086 4183 1190 4241 quaeat.
1205 4192 1248 4243 33,
1266 4173 1305 4229 od
1321 4174 1465 4245 quintum.

553 4268 592 4335 (3)
633 4263 699 4321 Una
719 4271 747 4320 et
769 4262 866 4319 eadem
885 4272 1003 4329 natura,
1022 4281 1084 4334 quoe
1097 4261 1266 4337 singularis
1280 4272 1380 4325 erat..
1401 4263 1527 4341 efficitm
1538 4272 1630 4343 postea

517 4352 697 4409 uniuersalis
710 4352 911 4425 peractionem
921 4351 1087 4408 intellectus
1101 4352 1275 4424 depurunta's
1284 4352 1376 4424 ipsam
1387 4374 1406 4410 a
1417 4356 1630 4416 conditionrban.

517 4462 579 4516 quae
597 4450 664 4498 sunt
679 4443 726 4498 lic
745 4449 773 4498 et
790 4461 877 4499 nunc.
897 4440 934 4499 Et
952 4439 1058 4499 clarius
1073 4439 1163 4508 infra,
1185 4441 1288 4499 Utrum
1304 4451 1401 4499 autem
1414 4445 1584 4505 uniuersale
1599 4446 1632 4501 sit

517 4534 599 4609 prius
615 4552 697 4605 quam
711 4532 899 4606 singulare...

553 4630 592 4695 (4)
630 4622 709 4680 Lect.
726 4639 757 4679 ro
773 4619 866 4678 initio.

552 4716 593 4789 (5)
633 4732 642 4768 ι
661 4732 689 4783 p.
705 4730 738 4783 q.
755 4732 800 4784 79,
816 4723 872 4769 art.
890 4730 916 4784 3.
939 4753 945 4765 .
