3492 5525
558 500 615 583 566
669 500 793 567 lootcn
804 502 1037 576 Mesoa-Lis.
1056 502 1388 585 1.¹¹·,Dtse.4.⁸Cns>.
1409 518 1477 569 ψ·

514 689 653 757 veniens.
668 690 710 755 Et
724 688 792 771 apsa
809 690 892 756 ratio
904 688 1074 772 menan,
1097 706 1191 773 quam
1212 688 1345 755 attendit
1365 690 1530 787 numana,
1551 691 1642 755 inter

516 794 694 884 bulusmadi
709 796 895 863 intentiones
911 792 1136 883 computatur(
1161 793 1186 883 ).

581 906 727 974 internos
741 905 840 971 hosce
854 922 970 971 sensus
980 904 1013 971 in
1024 902 1127 969 brutis
1140 903 1289 988 agnmcit
1300 902 1336 970 S.
1349 902 1575 988 Augustinus,
1587 905 1639 971 sic

514 1013 678 1097 eleganter
695 1011 857 1095 scribens3
878 1012 919 1077 Et
932 1019 992 1095 per
1014 1013 1082 1077 laea
1099 1014 1173 1077 nota
1189 1009 1259 1075 sine
1282 1029 1388 1101 creare
1401 1013 1547 1097 jumenta
1560 1018 1641 1093 per-

511 1124 611 1204 gunl;
627 1122 662 1186 et
674 1119 789 1186 cubilia
805 1137 864 1185 sua
877 1121 1143 1201 bestiarepetunt,
1152 1122 1286 1185 etcanes
1297 1118 1493 1184 daminonem
1503 1138 1639 1185 suorum

513 1234 642 1308 corpora
660 1231 897 1311 recognoscunt,
916 1231 946 1291 et
966 1226 1153 1293 dormientes
1170 1228 1351 1310 plerumque
1378 1226 1635 1302 immunnurant,
1734 1283 1735 1288 ,

512 1338 546 1400 et
564 1334 599 1399 in
617 1336 766 1400 labamm
782 1335 953 1419 aliquando
978 1336 1161 1415 erumpunt;
1187 1335 1270 1418 qnod
1286 1335 1374 1398 nulla
1391 1334 1637 1415 modopassent,
1734 1419 1736 1430 ἱ

513 1440 579 1507 nisi
594 1440 749 1509 incorum
762 1436 928 1520 maria,
943 1442 1102 1515 visarum,
1117 1442 1329 1522 vetcerteper
1346 1444 1639 1526 capuanumque

513 1566 694 1627 sensarum,
710 1554 913 1617 uersarentur
926 1550 1090 1632 imagines.
1111 1546 1176 1635 (2).
1197 1547 1263 1613 Sed
1283 1548 1438 1615 hactenus
1456 1549 1497 1614 de
1516 1557 1638 1633 poten·

513 1656 567 1723 tiis
584 1648 757 1723 sensitiv'is.
1734 1643 1735 1662 ³

299 1778 499 1841 Qutatnteuecnn.
563 1782 636 1849 103.
684 1764 868 1831 Intellectus
888 1776 937 1832 est
956 1764 1090 1831 facultas
1109 1762 1295 1848 inorganica
1306 1762 1422 1846 objecti
1437 1762 1636 1847 cognosciti-
1734 1827 1736 1856 ‚

514 1890 571 1949 va,
592 1889 731 1954 eamque
744 1872 924 1938 necessario
936 1864 1171 1939 'admittendam
1182 1888 1254 1937 esse
1264 1869 1297 1936 in
1312 1870 1406 1937 nobis
1420 1888 1520 1937 nemo
1533 1890 1638 1956 nega-

514 1979 613 2055 verit,
633 1977 658 2045 sl
679 1988 825 2045 mentem
844 1980 1009 2065 paulisper
1031 1979 1168 2064 applicet
1193 1978 1234 2043 ad
1262 1978 1515 2045 considerandas
1536 1976 1636 2045 innu-
1734 2033 1735 2050 .

513 2104 621 2151 meras
640 2103 747 2151 rerum
766 2087 988 2172 cognitiones,
1010 2104 1084 2170 quae
1103 2086 1216 2151 cadere
1226 2085 1257 2149 in
1272 2102 1406 2151 sensum
1421 2104 1631 2169 nequaquam

513 2200 663 2277 possunt.
685 2192 810 2259 Sensus
825 2193 913 2259 enim
931 2192 1015 2259 sistit
1026 2193 1112 2259 circa
1125 2193 1278 2258 celerima
1286 2192 1459 2259 accidentia
1470 2192 1520 2259 rei
1531 2190 1635 2279 (qua-
1734 2249 1735 2268 ,

512 2300 618 2369 litotes
635 2298 840 2387 sensibiles);
862 2301 1035 2366 intellectus
1051 2318 1125 2365 aero
1136 2303 1282 2382 penetrat
1296 2318 1391 2384 sasque
1405 2302 1450 2364 ad
1466 2300 1515 2366 rei
1529 2319 1635 2365 essen·
1734 2283 1735 2292 ἵ

512 2407 604 2485 taam
624 2408 775 2496 objectum
791 2408 875 2473 enim
889 2408 1062 2475 intellectus
1081 2411 1231 2491 estquod
1247 2413 1415 2491 quidest,
1435 2410 1475 2472 nt
1493 2410 1636 2492 loquitur

510 2512 752 2603 AngelumO).
767 2516 804 2581 Et
816 2515 890 2581 ideo
902 2515 1018 2590 etiam,
1036 2516 1154 2580 eodem
1164 2515 1320 2589 docente,
1336 2533 1448 2580 nomen
1458 2514 1634 2581 intellectus

511 2626 677 2707 quamdam
687 2622 828 2688 intimam
836 2622 1042 2706 cogecitianem
1051 2622 1215 2704 inportat·
1227 2621 1344 2686 dicitur
1352 2620 1436 2686 enim
1444 2622 1631 2707 intelligere,

510 2730 602 2815 quasi
618 2729 704 2796 intus
721 2730 828 2815 tegere.
852 2729 891 2796 lit
901 2728 956 2796 boc
973 2729 1135 2814 manijesle
1147 2731 1236 2811 patet
1253 2728 1524 2796 considerantibus
1541 2731 1632 2814 diffe-

510 2838 643 2904 rentiam
660 2838 831 2904 intellectus
848 2842 880 2902 et
893 2855 1014 2902 sennes.
1034 2837 1118 2904 llam
1139 2836 1274 2920 cognitio
1295 2837 1444 2903 sensitiva
1461 2843 1634 2920 occupatur
1734 2830 1735 2919 J

509 2945 593 3012 circa
612 2945 775 3030 qualitates
792 2944 951 3010 sensibiles
964 2945 1151 3024 cautiorem
1171 2945 1305 3028 cognitio
1322 2949 1424 3010 aulem
1443 2944 1632 3012 intellectiva
1734 2985 1736 2999 ·

402 3075 424 3108 υ
505 3057 649 3136 penetrat
669 3071 764 3137 usque
786 3055 830 3118 ad
850 3052 1013 3117 essentiam
1030 3053 1093 3128 rei,
1118 3053 1267 3139 objectum
1288 3052 1373 3116 enim
1389 3051 1563 3119 intellectus
1587 3059 1635 3120 est
1734 3079 1736 3107 :

510 3167 602 3244 quod
619 3165 700 3244 quid
718 3174 788 3236 est,
808 3163 846 3224 ut
860 3160 980 3224 dicitnr
996 3161 1030 3225 in
1047 3171 1097 3242 3.⁰
1114 3163 1153 3224 de
1171 3159 1289 3224 Anima
1312 3157 1414 3246 (text.
1443 3157 1524 3248 26).
1549 3163 1634 3227 Sunt
1734 3238 1735 3247 χ

510 3272 613 3336 aulem
630 3269 727 3334 mulla
740 3285 854 3351 genem
868 3286 990 3343 eorum,
1010 3286 1079 3352 qua
1097 3265 1234 3332 interius
1243 3269 1357 3342 munt,
1372 3269 1417 3333 aa
1432 3285 1503 3351 qne
1514 3274 1635 3349 oportet

510 3374 715 3458 cognitionem
732 3373 863 3440 bominis
880 3375 973 3459 qnasi
990 3374 1178 3439 intrinsecus
1191 3377 1366 3456 penetrare.
1385 3373 1633 3442 Namsnbacci-
1734 3442 1735 3451 ,

509 3482 652 3548 dentibus
668 3484 744 3548 latet
760 3485 875 3548 natura
899 3482 947 3547 rei
971 3481 1201 3561 substantiatis;
1221 3481 1278 3546 sub
1295 3480 1396 3547 aerbi‘s
1414 3482 1514 3546 labet
1531 3482 1633 3566 signi·

499 3591 601 3678 ficata
618 3590 800 3670 verborum
817 3589 875 3654 stab
892 3588 1150 3654 similitudinibus
1166 3591 1199 3654 et
1201 3588 1317 3673 muris
1329 3591 1408 3655 latet
1416 3590 1533 3656 veritas
1543 3589 1633 3674 figu-

510 3701 581 3763 rata
599 3696 619 3782 (
618 3715 668 3763 ms
680 3695 763 3762 enim
774 3696 984 3780 intelligibiles
990 3698 1294 3780 suntquoaammoao
1308 3695 1470 3762 inermes
1490 3702 1630 3779 respectu
1734 3764 1735 3779 ¹

509 3823 615 3870 rerum
631 3805 841 3879 sensibilium,
861 3803 1079 3888 quaesierim
1095 3804 1314 3901 sentiuntur),
1333 3812 1365 3870 et
1374 3802 1409 3870 in
1419 3804 1523 3871 caenis
1531 3807 1634 3872 latam
1734 3838 1735 3843 =

508 3913 650 3996 effectus:
669 3917 732 3978 ete
753 3917 875 3978 contra.
897 3911 988 3978 Unde
1005 3915 1142 3994 respectu
1160 3912 1269 3977 borum
1290 3911 1428 3978 omniun
1445 3916 1548 3995 potest
1565 3913 1633 3980 dici

508 4025 700 4089 intellectus
723 4016 785 4108 (4)·

544 4257 585 4320 (1)
622 4251 693 4310 ibid.
707 4249 783 4309 Vide
796 4249 895 4320 Suum,
910 4249 985 4323 disp.
1005 4251 1161 4325 1Metapls.
1177 4263 1247 4308 sect.
1261 4249 1289 4319 6,
1305 4269 1335 4308 n.
1354 4250 1387 4308 16
1400 4250 1450 4309 fin.

545 4345 585 4408 (a)
621 4339 654 4398 S.
670 4342 797 4415 August.
813 4353 913 4399 contra
926 4340 1053 4414 Epistol.
1068 4341 1274 4407 Fundamenli,
1295 4359 1358 4412 cap.
1377 4359 1418 4412 17.

545 4433 585 4501 (³)
623 4429 655 4489 S.
669 4429 774 4488 Thom.
797 4451 821 4488 t.
833 4450 859 4488 a.
871 4450 901 4502 q.
915 4451 963 4502 31,
978 4450 1005 4488 a.
1021 4447 1047 4502 5.

544 4525 585 4592 (4)
622 4539 647 4576 a.
664 4539 688 4576 a.
705 4539 734 4590 q.
750 4520 781 4586 8,
798 4539 825 4577 a.
844 4541 867 4578 ι.
885 4518 947 4578 etr.
962 4531 1002 4592 3.·
1020 4519 1089 4578 dist.
1112 4535 1163 4590 35,
1186 4537 1215 4590 q.
1231 4537 1305 4588 ω.
1326 4519 1483 4576 a.sd1.·
1506 4517 1632 4590 Pulchre
1734 4572 1735 4585 2

509 4607 596 4667 etiam
611 4608 788 4667 intellectum
803 4608 940 4668 describit
951 4609 992 4667 M.
1008 4608 1194 4681 Augustinus
1208 4607 1275 4674 (lib.
1300 4629 1327 4665 11
1341 4609 1376 4664 de
1388 4607 1470 4666 civis
1480 4607 1552 4676 Dei,
1566 4628 1629 4680 cap.

509 4703 575 4772 apl:
597 4698 702 4758 Omnia
720 4700 888 4773 corporalia
903 4700 1025 4758 latentes
1039 4701 1073 4756 in
1086 4709 1193 4758 natura
1205 4717 1312 4757 causas
1324 4698 1443 4764 labem·
1461 4699 1631 4768 sedsarmas

510 4808 593 4858 suas,
613 4788 715 4862 quibus
727 4790 830 4846 mundi
843 4789 932 4864 liujus
945 4789 1077 4848 ua'sc'bilc's
1090 4798 1239 4848 structura
1244 4793 1378 4858 somnosa
1392 4796 1449 4855 est,
1465 4789 1631 4848 sentiendas
