3492 5525
218 466 333 530 Anne.
350 481 411 549 4³²·
424 466 475 528 Au
490 482 642 528 rrusrrns
657 481 708 528 sir
722 483 754 526 nr
769 481 877 528 siuns.
894 479 1104 557 npnnsnsrrs.
1127 477 1186 542 433

909 564 1228 582 —un-——1-——U-

2 653 3 686 ³
104 654 220 728 posset
233 665 328 713 mens
343 655 454 714 nostra
472 645 633 732 ejusmodi
648 645 806 730 judicium
826 644 992 730 amplecti,
1013 642 1136 727 quippe
1153 660 1228 725 quae

104 751 147 816 ad
165 754 334 820 veritatem
354 765 429 822 nata
451 763 513 820 est.
534 752 642 824 Quare
667 753 785 820 falsum
815 751 987 820 admittere
1008 749 1138 833 nequit,
1167 746 1228 814 nisi

104 859 294 945 subspecie
319 862 404 944 veri;
429 862 514 928 sicut
540 862 638 927 etiam
667 862 820 928 voluntas
851 861 974 926 malum
999 878 1066 925 non
1090 855 1227 942 appetit,

107 967 169 1033 nisi
187 968 249 1034 suh
275 969 352 1036 boni
376 969 498 1054 specie.
524 967 608 1034 Cum
628 987 706 1054 ergo
732 969 917 1035 intellectus
939 984 1073 1032 erronea
1092 963 1228 1050 judicat,

106 1075 272 1142 existimat
285 1095 322 1142 se
334 1076 367 1142 in
382 1095 441 1142 sua
452 1076 638 1162 cognitione
653 1077 781 1162 objecto
795 1072 1002 1159 conformari,
1022 1092 1098 1139 cum
1118 1090 1229 1138 revera

107 1201 174 1250 non
200 1185 435 1252 conformetur.
464 1183 538 1250 ldeo
565 1184 734 1270 cognoscit
760 1182 882 1266 aliquid
905 1182 995 1267 quod
1021 1182 1138 1246 salsum
1163 1189 1226 1256 est,

105 1291 187 1374 quin
201 1298 312 1358 tamen
326 1292 377 1358 hic
389 1299 422 1358 et
436 1309 524 1358 nunc
537 1302 715 1388 cognoscat
729 1292 848 1360 salsum
862 1308 935 1358 esse
949 1287 963 1377 (
988 1287 1013 1377 ).

463 1535 764 1611 ARTICULUS
786 1535 857 1611 IV.

169 1703 338 1768 Utrum
354 1703 403 1768 in
425 1703 622 1785 simplici
643 1681 1009 1786 apprehensione
1027 1702 1174 1784 possit

364 1831 367 1837 '
518 1845 622 1896 esse
639 1830 830 1896 falsitas.

176 2040 400 2128 Supponimus
424 2042 458 2109 in
486 2044 617 2129 judiciis
643 2062 680 2108 ac
714 2041 887 2109 ratiociniis
908 2041 1087 2108 ‘falsitatem
1116 2041 1230 2108 adesse
1331 2083 1381 2115 ,n

106 2169 219 2234 posse:
240 2151 272 2218 id
292 2152 383 2235 quod
401 2142 606 2236 compertum
627 2151 721 2217 nobis
739 2159 790 2217 est
806 2149 997 2234 quotidiana
1015 2147 1228 2234 experientia,
1291 2143 1409 2258 2¹22?

107 2275 186 2324 curn
207 2257 357 2326 videmus
375 2267 426 2324 tot
444 2259 607 2326 erroribus
626 2259 745 2326 misere
764 2258 887 2343 turpari
904 2276 1011 2342 genus
1030 2259 1227 2323 humanum.

179 2367 289 2450 ltaque
320 2367 541 2433 controversia
581 2368 793 2434 solummodo
833 2364 974 2451 agitatur
1018 2366 1059 2431 de
1092 2363 1231 2448 simplici

108 2474 383 2560 apprehensione.
404 2475 441 2540 Et
459 2493 661 2559 quamquam
688 2493 755 2540 non
782 2493 848 2540 una
875 2482 926 2539 est
953 2483 1123 2540 auctorum
1149 2471 1231 2538 ratio

109 2583 279 2666 loquendi,
295 2575 406 2648 tamen
421 2583 449 2650 si
467 2583 551 2649 bene
566 2583 797 2669 perpendatur,
812 2582 891 2668 quid
906 2581 967 2648 sibi
978 2581 1119 2665 quisque
1138 2579 1229 2658 velit,

109 2690 268 2768 maxima,
284 2691 396 2777 quoad
414 2710 482 2756 rem
501 2691 619 2777 ipsam,
639 2691 811 2756 consensio
831 2689 1019 2775 reperietur.

162 2854 213 2920 18.
260 2854 465 2927 Phorosrrro.
490 2858 632 2937 Proprie
656 2874 695 2921 ac
711 2875 773 2937 per
791 2874 830 2919 se
851 2856 1022 2936 loquendo
1044 2855 1175 2918 falsitas
1193 2854 1230 2916 in
1309 2871 1311 2878 ·

109 2965 304 3043 simplicem
326 2964 636 3044 apprehensionem
662 2965 784 3027 cadere
814 2964 950 3044 nequit,
978 2972 1092 3043 potest
1114 2972 1252 3025 tamen·

108 3090 172 3152 per
190 3074 349 3137 accidens
363 3065 427 3157 (a).

181 3236 283 3299 Proh.
313 3228 504 3297 1.⁰—Sicut
524 3246 575 3295 res
601 3229 759 3295 neutralis
782 3248 846 3295 uon
862 3228 971 3313 deficit
989 3228 1031 3293 ab
1047 3246 1128 3306 esse,
1153 3227 1238 3313 quod

110 3338 176 3429 sihi
191 3337 336 3421 comperit
351 3339 520 3403 secuudum
540 3354 631 3403 suum
639 3336 797 3422 formam,
812 3339 1032 3421 potestantem
1051 3336 1181 3424 dulcere
1198 3335 1238 3401 ab

110 3444 271 3530 aliquibus
288 3444 530 3511 accidentalibus
547 3446 598 3511 uel
612 3444 879 3529 consequentibus,
897 3443 982 3509 suut
1000 3444 1088 3510 homo
1112 3444 1153 3509 alr
1169 3444 1236 3519 loc,

110 3554 199 3638 quod
214 3556 263 3618 est
276 3553 387 3617 halim
399 3554 478 3617 duos
487 3553 596 3635 pedu,
613 3570 677 3617 non
694 3554 797 3617 aulem
808 3553 848 3617 ab
866 3551 933 3628 hoc,
948 3553 1033 3636 quod
1048 3554 1095 3617 esi
1108 3569 1173 3617 esse
1186 3550 1239 3615 ho-

109 3659 242 3727 minem:
258 3660 303 3726 ila
317 3659 418 3727 uirtus
431 3658 636 3743 cognoscitiua
647 3677 710 3724 non
718 3659 826 3747 deficit
834 3659 870 3723 in
882 3661 1088 3743 cognoscendo
1100 3661 1240 3739 respectu

110 3768 202 3835 iuius
219 3768 282 3845 rei,
302 3769 401 3853 cujus·
413 3766 620 3835 similitudine
637 3766 825 3852 informatur
845 3764 910 3855 (3).
936 3765 1037 3850 Atqui
1055 3765 1240 3834 intellectus

110 3894 183 3943 rem
203 3874 392 3960 simpliciter
409 3874 637 3961 apprehendit,
663 3874 696 3940 in
723 3884 884 3959 quantum
911 3874 1124 3942 similitudine
1153 3872 1240 3939 illius

111 3983 324 4059 informatur,
347 4000 468 4067 nempe
484 3981 592 4068 specie
609 3982 782 4068 impressa.
802 3981 927 4069 Ergo...

150 4219 193 4289 (r)
228 4214 308 4274 Vide
320 4213 409 4287 Suar,
423 4213 500 4287 disp.
517 4214 588 4273 Met.
603 4214 632 4285 8,
647 4226 718 4273 sect.
739 4235 764 4285 1,
779 4234 810 4282 n,
828 4235 871 4289 ¹7·

151 4313 195 4375 (a)
232 4304 276 4364 lta
285 4302 384 4365 suu.
403 4325 414 4362 1
431 4324 459 4376 p.
471 4304 558 4377 q.'17,
569 4306 688 4377 a.3;De
705 4304 796 4363 Verit.
814 4316 921 4377 quaest.
932 4325 957 4375 1,
967 4325 994 4363 a.
1010 4324 1052 4375 123
1066 4312 1104 4365 n·
1115 4305 1185 4365 dise
1198 4326 1241 4379 ις.

111 4417 147 4472 q,
163 4414 190 4471 5,
206 4410 262 4455 art.
281 4416 305 4455 1.
317 4395 355 4454 ad
369 4402 445 4468 7.'¹¹;
456 4394 557 4453 cour.
575 4393 657 4453 Geni.
672 4392 722 4453 lib.
742 4415 767 4465 r,
779 4415 805 4452 e.
823 4412 866 4467 59,
881 4395 1030 4469 Amplius,
1045 4408 1076 4455 et
1087 4396 1133 4453 61:
1148 4396 1198 4453 lib.
1215 4418 1242 4468 3,

112 4510 138 4558 c,
160 4486 223 4554 108,
239 4485 322 4553 Item,-
336 4484 445 4543 Auctor
460 4484 564 4542 Totius
577 4483 651 4557 Lag.
672 4483 770 4541 Arist.
785 4482 921 4554 Summoe,
937 4497 1022 4543 tract.
1041 4488 1077 4543 de
1090 4486 1243 4545 Enuntiut.

111 4602 139 4639 c.
158 4594 185 4649 5.
201 4574 273 4632 Vid.
288 4572 378 4632 etism
391 4572 490 4641 Suan,
503 4572 579 4646 disp.
596 4572 667 4631 Mel.
682 4594 708 4647 9,
725 4586 795 4633 sect.
809 4576 878 4645 13'et
892 4573 1082 4647 Conimbric.,
1093 4578 1138 4636 De
1150 4575 1246 4636 luter-

111 4662 1067 4746 fflmnrfflwmffinmmffianmemstma.

152 4760 200 4827 (l)
240 4774 251 4811 ¹
269 4772 298 4827 Ρ·
313 4772 343 4825 <l-
362 4774 405 4827 17,
419 4773 447 4813 ⁸·
463 4774 489 4827 3·

1147 4856 1185 4921 28
