3492 5525
292 600 295 609 ‚
405 533 521 598 Anne.
547 546 607 616 3³¹·
626 531 678 597 Da
698 531 987 599 Penurcanenrts
1161 533 1213 598 181

201 713 423 792 Qralitasest
445 716 606 794 accidens,
628 720 784 803 perquod
811 736 863 784 res
884 718 1038 785 deantur
1053 719 1178 804 quates,
1206 717 1257 784 vel
1284 732 1345 792 Quid
1354 737 1457 797 quirina

128 824 280 890 madens
289 823 489 916 perfecturam
497 825 688 909 adstantia,
702 829 766 892 mm
775 826 810 892 in
824 827 964 904 essendo,
977 845 1072 912 quam
1083 826 1260 909 inoperan-

129 933 190 1008 do,
212 939 250 996 ut
266 931 392 1022 albedo,
408 932 534 1017 justitia
552 929 645 1021 etc(
669 931 697 1020 ).

201 1038 362 1106 Dividitur
378 1040 597 1107 communiter
617 1061 693 1107 cum
713 1042 889 1110 Aristotele
907 1043 940 1108 in
959 1051 1101 1127 quatuor
1118 1041 1255 1126 species.
1311 1077 1437 1136 quinaret.
1490 1081 1492 1090 ·

133 1147 243 1214 Prima
262 1157 314 1213 est
336 1147 456 1213 habitas
475 1161 508 1217 et
523 1149 697 1232 dispositio.
718 1149 872 1227 Habitus,
899 1150 1016 1217 relictis
1035 1150 1104 1226 aliis
1122 1148 1259 1216 diversis

19 1256 23 1262 “
132 1255 393 1339 acceptionibus,
409 1265 508 1339 prout
521 1275 608 1323 nunc
619 1258 778 1336 sumitur,
793 1267 844 1324 est
858 1259 997 1342 qualitas
1006 1258 1090 1324 bene
1104 1258 1157 1323 vel
1172 1257 1259 1322 male
1286 1287 1359 1336 pam,
1374 1293 1460 1346 w„

131 1362 281 1429 afficiens
297 1364 499 1450 subjectum,
526 1383 600 1448 quae
622 1363 794 1432 difficulter
811 1366 903 1450 abjici
922 1374 1047 1450 potest,
1068 1357 1113 1431 ⁴ut
1128 1364 1260 1430 scantia
1313 1363 1434 1422 imitati·

130 1472 251 1539 virtu.
270 1470 447 1555 Dispositio
465 1484 575 1539 autem
594 1481 644 1539 est
662 1472 802 1557 qualitas
820 1475 903 1540 bene
921 1477 971 1539 vel
992 1474 1077 1539 maile
1095 1471 1258 1546 afficiens,

131 1599 211 1666 quae
228 1587 341 1645 tamen
359 1581 448 1645 facile
463 1580 622 1647 removeri
640 1590 767 1665 potest:
783 1601 818 1648 v.
834 1602 869 1666 g.
889 1581 1036 1660 Sanitas,
1050 1576 1212 1666 agritudo.

202 1687 314 1756 Altera
331 1687 454 1771 species
467 1689 630 1772 qualitatis
644 1699 694 1755 est
703 1690 841 1772 poantb
851 1698 884 1754 et
895 1689 1074 1772 impotentia
1087 1687 1258 1754 nataralia.
1336 1721 1412 1774 mm,

131 1797 285 1862 Potentia
303 1796 458 1862 naturalis
483 1803 533 1862 est
560 1796 708 1881 aptitudo
734 1817 792 1863 seu
817 1798 868 1864 vis
885 1798 981 1864 insita
1006 1805 1174 1872 anatura,
1195 1813 1261 1878 qua

132 1905 225 1996 facile
244 1923 385 1989 quaeque
404 1922 455 1970 res
472 1905 555 1989 agit,
577 1914 610 1969 et
627 1905 795 1971 contrariis
808 1905 945 1984 resistit,
962 1914 999 1971 ut
1007 1905 1153 2000 facultas
1169 1903 1261 1968 intei

131 2012 260 2089 lectica,
283 2011 333 2079 vis
347 2012 545 2080 comburmai
561 2010 594 2077 in
612 2012 701 2097 igne.
725 2013 919 2096 lmpotentia
943 2011 1165 2080 naturalisest
1182 2025 1263 2092 qua-

132 2123 227 2196 litas,
243 2139 310 2202 qua
318 2138 403 2204 aegre
414 2138 464 2184 res
474 2119 579 2202 aliqua
589 2119 667 2204 agit,
682 2121 733 2186 vel
748 2120 916 2186 contrariis
932 2119 1060 2196 resistit,
1076 2128 1113 2184 ut
1127 2117 1264 2183 imbecil-

131 2229 210 2295 titas
237 2228 396 2293 naturalis
404 2258 419 2304 ,·
441 2235 498 2292 aut
515 2227 678 2304 hebetudo,
698 2227 843 2294 mollitias
875 2229 907 2293 in
940 2229 1073 2314 butyro.
1104 2225 1161 2294 Hae
1188 2226 1262 2291 duae

131 2336 328 2420 qualitates,
350 2344 386 2400 ut
405 2342 511 2418 patet,
527 2352 593 2399 non
612 2333 768 2409 differunt
785 2335 1015 2412 essentialiter,
1043 2335 1102 2400 sed
1128 2341 1259 2398 tantum

132 2442 389 2518 accidentaliter,
419 2451 453 2506 et
477 2443 660 2507 secundum
687 2441 792 2526 magis
816 2451 849 2507 et
869 2442 979 2508 minus
1004 2443 1089 2507 intra
1109 2442 1260 2506 eamdem

132 2552 294 2635 speciem.
329 2551 472 2632 Utraque
509 2551 595 2614 enim
629 2550 782 2634 importat
808 2551 875 2615 vim
901 2549 1098 2634 operativam
1133 2556 1262 2613 natura-

3 2690 4 2693 *
131 2663 216 2734 lem,
242 2677 330 2742 quae,
359 2657 490 2741 quando
518 2657 706 2723 imbecillior
725 2659 815 2743 justo
843 2667 906 2734 est,
928 2665 1134 2740 nuncupatur
1154 2657 1262 2739 impo-

3 2771 4 2798 ¹
130 2768 240 2836 tentia
260 2765 326 2852 (2).

205 2874 319 2939 Diiiert
337 2892 433 2957 porro
451 2876 520 2939 haec
538 2876 637 2939 altera
655 2873 778 2958 species
807 2874 999 2957 qualitatum
1016 2892 1035 2938 a
1055 2870 1259 2958 praecedenti,

3 2979 4 2988 ’
131 2985 215 3069 quia
233 2982 377 3066 potentia
395 2990 493 3064 atque
510 2981 704 3066 impotentia
717 2980 890 3065 qualitates
910 2982 1071 3047 naturales
1090 2991 1185 3058 sunt,
1206 2981 1262 3044 ha-

3 3123 4 3190 p
131 3093 227 3159 bitus
245 3097 357 3154 autem
376 3098 409 3153 et
426 3089 594 3173 dispositio
614 3107 680 3155 non
699 3087 712 3176 (
720 3087 768 3177 3).

3 3197 4 3200 ’
205 3197 312 3264 Tertia
326 3196 449 3280 species
456 3198 549 3282 juxta
559 3195 767 3262 Aristotelem
783 3206 833 3263 est
842 3196 987 3279 patibilis
995 3196 1132 3282 qualitas
1146 3204 1178 3260 et
1188 3202 1264 3278 pas·
1343 3220 1414 3273 aare..
1539 3194 1545 3206 “

3 3261 4 3288 )

3 3349 4 3354 =
131 3309 197 3375 sio.
219 3303 362 3372 Patibilis
375 3304 513 3387 qualitas
525 3313 575 3370 est
589 3301 645 3369 diu
660 3323 854 3389 permanens
868 3305 1023 3388 qualitas,
1035 3323 1109 3387 quae
1127 3322 1261 3369 sensum

3 3394 4 3402 ἵ
132 3413 255 3490 aflicit,
276 3422 331 3478 aut
349 3411 450 3476 oritur
468 3430 509 3476 ex
527 3408 643 3488 motu,
658 3412 691 3477 id
709 3420 777 3489 est,
798 3412 929 3479 advenit
948 3412 991 3477 rei
1015 3430 1055 3476 ex
1081 3410 1263 3495 receptione

133 3521 275 3607 alicujus
294 3521 421 3594 turmae,
442 3519 511 3585 sive
531 3520 654 3586 nocivae
669 3519 737 3585 sive
755 3518 996 3596 contenientis,
1014 3527 1051 3585 ut
1069 3539 1103 3584 v.
1123 3540 1158 3603 g.
1178 3520 1265 3583 color

131 3629 267 3695 rtatim
283 3628 456 3711 cujusque,
472 3626 633 3692 amarities
651 3627 684 3692 in
700 3638 791 3694 aceto
806 3624 858 3716 (4)
871 3627 983 3692 Passio
996 3635 1046 3693 est
1062 3626 1149 3692 breui
1158 3634 1264 3693 trans-

133 3739 210 3803 iens
228 3734 384 3819 qualitas,
404 3752 478 3818 quae
496 3743 552 3800 aut
580 3752 714 3801 sensum
745 3745 872 3812 movet,
894 3745 950 3800 aut
968 3755 1009 3801 ex
1033 3744 1126 3801 motu
1145 3734 1261 3812 oritur,

134 3858 174 3913 ut
200 3844 300 3909 rubor
323 3861 363 3907 ex
388 3843 596 3919 verecundia,
619 3844 728 3924 pallor
751 3842 926 3909 extimare
951 3843 1093 3909 existens
1111 3842 1144 3916 in
1170 3844 1260 3908 facie.

133 3952 250 4029 Quare
268 3951 467 4033 haequoque
485 3949 559 4014 duae
578 3949 749 4032 qualitates
767 3950 1003 4017 accidentaliter
1020 3958 1148 4017 tantum
1173 3950 1264 4017 diffe-

133 4066 230 4137 runt,
251 4057 375 4123 ratione
394 4056 548 4123 nimirum
568 4055 746 4124 durationis
765 4077 801 4124 ac
818 4057 1062 4142 permanentia.

171 4294 217 4356 (r)
253 4288 332 4346 Vide
349 4287 528 4347 Conimbric.
551 4288 585 4346 ln
605 4309 668 4361 cap.
692 4289 711 4347 8
732 4289 768 4347 de
786 4289 902 4366 Qualit.
919 4302 1023 4361 quaest.
1047 4311 1077 4359 1,
1100 4310 1126 4348 a.
1150 4311 1172 4347 1.
1200 4289 1263 4348 Cir.

133 4382 168 4440 S.
186 4378 247 4438 Th.
265 4398 289 4436 r.
305 4397 332 4435 a.
345 4390 440 4450 quaest
450 4398 501 4451 49,
522 4390 579 4437 art.
598 4398 632 4448 ης
648 4378 726 4437 unde
745 4379 872 4451 qualitas
892 4392 937 4438 cst
959 4380 991 4437 id
1011 4380 1169 4439 secandum
1191 4381 1266 4455 quod

3 4434 4 4510 i
131 4463 347 4530 detminatur
357 4470 490 4542 potentia
502 4468 629 4544 sabjecti
635 4471 793 4526 secandum
806 4488 869 4527 esse
884 4470 1073 4527 accidentale.

169 4560 216 4633 (a)
253 4556 433 4615 Conimbric.
448 4556 514 4628 loe..
528 4577 600 4629 nup.
616 4557 676 4629 cit.¹
692 4572 795 4630 quaest.
812 4580 843 4631 3,
854 4579 882 4617 a.
899 4578 927 4617 a.
988 4633 992 4642 1

169 4653 216 4718 (3)
252 4646 347 4705 Tolet.
362 4646 394 4705 in
405 4647 578 4719 exposition.
590 4659 687 4707 textus
699 4647 805 4718 Arima
819 4648 998 4708 Conimbric.
1013 4648 1123 4723 pariter
1135 4648 1166 4709 in
1177 4648 1266 4709 Com-

133 4750 241 4800 menta
254 4748 328 4796 text.
338 4736 432 4796 Arist.

167 4829 214 4901 (4)
252 4823 435 4886 Conimbrie.
451 4827 482 4886 in
498 4826 664 4888 Comment.
680 4840 751 4887 text.
763 4828 854 4887 Arist.
