<?xml version="1.0" encoding="UTF-8"?>
<!DOCTYPE html PUBLIC "-//W3C//DTD XHTML 1.0 Transitional//EN"
    "http://www.w3.org/TR/xhtml1/DTD/xhtml1-transitional.dtd">
<html xmlns="http://www.w3.org/1999/xhtml" xml:lang="en" lang="en">
 <head>
  <title>
</title>
<meta http-equiv="Content-Type" content="text/html;charset=utf-8" />
  <meta name='ocr-system' content='tesseract 3.04.00' />
  <meta name='ocr-capabilities' content='ocr_page ocr_carea ocr_par ocr_line ocrx_word'/>
</head>
<body>
  <div class='ocr_page' id='page_1' title='image "./institutionesph00urrgoog/institutionesph00urrgoog_0700.png"; bbox 0 0 3492 5525; ppageno 0'>
   <div class='ocr_carea' id='block_1_1' title="bbox 552 460 1472 537">
    <p class='ocr_par' dir='ltr' id='par_1_1' title="bbox 552 460 1472 537">
     <span class='ocr_line' id='line_1_1' title="bbox 552 460 1472 537; baseline -0.001 -14"><span class='ocrx_word' id='word_1_1' title='bbox 552 460 613 523; x_wconf 84' lang='lat'>680</span> <span class='ocrx_word' id='word_1_2' title='bbox 674 462 801 525; x_wconf 76' lang='lat' dir='ltr'>Lootca</span> <span class='ocrx_word' id='word_1_3' title='bbox 811 462 1042 537; x_wconf 72' lang='lat' dir='ltr'>Maron—Lm.</span> <span class='ocrx_word' id='word_1_4' title='bbox 1059 476 1130 525; x_wconf 84' lang='lat' dir='ltr'>a.·¹·.</span> <span class='ocrx_word' id='word_1_5' title='bbox 1144 461 1230 525; x_wconf 74' lang='lat' dir='ltr'>Dtsn.</span> <span class='ocrx_word' id='word_1_6' title='bbox 1250 474 1292 524; x_wconf 82' lang='lat'>1.¹</span> <span class='ocrx_word' id='word_1_7' title='bbox 1306 461 1384 525; x_wconf 75' lang='lat' dir='ltr'>Can.</span> <span class='ocrx_word' id='word_1_8' title='bbox 1402 473 1472 522; x_wconf 65' lang='lat' dir='ltr'>aum</span> 
     </span>
    </p>
   </div>
   <div class='ocr_carea' id='block_1_2' title="bbox 493 642 1639 2772">
    <p class='ocr_par' dir='ltr' id='par_1_2' title="bbox 495 642 1635 841">
     <span class='ocr_line' id='line_1_2' title="bbox 495 642 1635 730; baseline -0.004 -20"><span class='ocrx_word' id='word_1_9' title='bbox 495 653 677 728; x_wconf 36' lang='lat' dir='ltr'>*quatenus</span> <span class='ocrx_word' id='word_1_10' title='bbox 696 654 865 729; x_wconf 88' lang='lat' dir='ltr'>nequeunt</span> <span class='ocrx_word' id='word_1_11' title='bbox 895 666 914 711; x_wconf 89' lang='lat' dir='ltr'>a</span> <span class='ocrx_word' id='word_1_12' title='bbox 940 654 1009 712; x_wconf 87' lang='lat' dir='ltr'>tota</span> <span class='ocrx_word' id='word_1_13' title='bbox 1034 646 1214 712; x_wconf 81' lang='lat' dir='ltr'>aeternitate</span> <span class='ocrx_word' id='word_1_14' title='bbox 1241 664 1308 711; x_wconf 93' lang='lat' dir='ltr'>non</span> <span class='ocrx_word' id='word_1_15' title='bbox 1333 642 1527 730; x_wconf 76' lang='lat' dir='ltr'>cognoscis</span> <span class='ocrx_word' id='word_1_16' title='bbox 1551 642 1635 707; x_wconf 84' lang='lat' dir='ltr'>Deo.</span> 
     </span>
     <span class='ocr_line' id='line_1_3' title="bbox 514 750 1160 841; baseline 0.005 -23"><span class='ocrx_word' id='word_1_17' title='bbox 514 751 578 819; x_wconf 88' lang='lat' dir='ltr'>Sed</span> <span class='ocrx_word' id='word_1_18' title='bbox 595 753 637 818; x_wconf 85' lang='lat' dir='ltr'>de</span> <span class='ocrx_word' id='word_1_19' title='bbox 655 752 706 820; x_wconf 85' lang='lat' dir='ltr'>his</span> <span class='ocrx_word' id='word_1_20' title='bbox 723 754 827 821; x_wconf 81' lang='lat' dir='ltr'>fusius</span> <span class='ocrx_word' id='word_1_21' title='bbox 844 754 878 820; x_wconf 91' lang='lat' dir='ltr'>in</span> <span class='ocrx_word' id='word_1_22' title='bbox 896 753 1074 841; x_wconf 84' lang='lat' dir='ltr'>Ontologla</span> <span class='ocrx_word' id='word_1_23' title='bbox 1095 750 1160 841; x_wconf 87' lang='lat' dir='ltr'>(r).</span> 
     </span>
    </p>

    <p class='ocr_par' dir='ltr' id='par_1_3' title="bbox 493 858 1638 1271">
     <span class='ocr_line' id='line_1_4' title="bbox 558 858 1638 944; baseline -0.007 -15"><span class='ocrx_word' id='word_1_24' title='bbox 558 866 667 943; x_wconf 80' lang='lat' dir='ltr'>objtc.</span> <span class='ocrx_word' id='word_1_25' title='bbox 688 870 739 930; x_wconf 82' lang='lat'>3.⁰</span> <span class='ocrx_word' id='word_1_26' title='bbox 784 860 899 927; x_wconf 89' lang='lat' dir='ltr'>Sinon</span> <span class='ocrx_word' id='word_1_27' title='bbox 917 861 1094 930; x_wconf 80' lang='lat' dir='ltr'>existerent</span> <span class='ocrx_word' id='word_1_28' title='bbox 1116 860 1308 927; x_wconf 83' lang='lat' dir='ltr'>universalia</span> <span class='ocrx_word' id='word_1_29' title='bbox 1324 868 1488 944; x_wconf 88' lang='lat' dir='ltr'>separata,</span> <span class='ocrx_word' id='word_1_30' title='bbox 1512 858 1638 923; x_wconf 83' lang='lat' dir='ltr'>tallere·</span> 
     </span>
     <span class='ocr_line' id='line_1_5' title="bbox 514 966 1637 1053; baseline -0.002 -21"><span class='ocrx_word' id='word_1_31' title='bbox 514 978 569 1033; x_wconf 88' lang='lat' dir='ltr'>tur</span> <span class='ocrx_word' id='word_1_32' title='bbox 586 966 785 1046; x_wconf 88' lang='lat' dir='ltr'>intellectus,</span> <span class='ocrx_word' id='word_1_33' title='bbox 807 978 940 1037; x_wconf 88' lang='lat' dir='ltr'>naturas</span> <span class='ocrx_word' id='word_1_34' title='bbox 969 986 1078 1035; x_wconf 87' lang='lat' dir='ltr'>rerum</span> <span class='ocrx_word' id='word_1_35' title='bbox 1096 986 1300 1053; x_wconf 84' lang='lat' dir='ltr'>cognoscens</span> <span class='ocrx_word' id='word_1_36' title='bbox 1324 966 1472 1053; x_wconf 87' lang='lat' dir='ltr'>praecisas</span> <span class='ocrx_word' id='word_1_37' title='bbox 1499 984 1518 1031; x_wconf 83' lang='lat' dir='ltr'>a</span> <span class='ocrx_word' id='word_1_38' title='bbox 1548 966 1637 1031; x_wconf 91' lang='lat' dir='ltr'>notis</span> 
     </span>
     <span class='ocr_line' id='line_1_6' title="bbox 516 1073 1638 1153; baseline -0.004 -11"><span class='ocrx_word' id='word_1_39' title='bbox 516 1073 806 1145; x_wconf 88' lang='lat' dir='ltr'>individuantibus.</span> <span class='ocrx_word' id='word_1_40' title='bbox 837 1077 871 1144; x_wconf 92' lang='lat' dir='ltr'>ld</span> <span class='ocrx_word' id='word_1_41' title='bbox 898 1095 989 1153; x_wconf 87' lang='lat' dir='ltr'>vero,</span> <span class='ocrx_word' id='word_1_42' title='bbox 1017 1077 1044 1143; x_wconf 91' lang='lat' dir='ltr'>si</span> <span class='ocrx_word' id='word_1_43' title='bbox 1072 1094 1189 1143; x_wconf 81' lang='lat' dir='ltr'>veruna</span> <span class='ocrx_word' id='word_1_44' title='bbox 1214 1078 1314 1153; x_wconf 85' lang='lat' dir='ltr'>toret,</span> <span class='ocrx_word' id='word_1_45' title='bbox 1344 1074 1487 1141; x_wconf 80' lang='lat' dir='ltr'>scientia</span> <span class='ocrx_word' id='word_1_46' title='bbox 1514 1091 1638 1139; x_wconf 86' lang='lat' dir='ltr'>omnes</span> 
     </span>
     <span class='ocr_line' id='line_1_7' title="bbox 493 1181 1270 1271; baseline 0.005 -24"><span class='ocrx_word' id='word_1_47' title='bbox 493 1202 496 1210; x_wconf 90' lang='lat'>·</span> <span class='ocrx_word' id='word_1_48' title='bbox 515 1181 672 1269; x_wconf 83' lang='lat' dir='ltr'>figmenta</span> <span class='ocrx_word' id='word_1_49' title='bbox 692 1183 825 1252; x_wconf 88' lang='lat' dir='ltr'>rationis</span> <span class='ocrx_word' id='word_1_50' title='bbox 844 1194 966 1252; x_wconf 82' lang='lat' dir='ltr'>nostrae</span> <span class='ocrx_word' id='word_1_51' title='bbox 984 1194 1270 1271; x_wconf 80' lang='lat' dir='ltr'>prosequerentur.</span> 
     </span>
    </p>

    <p class='ocr_par' dir='ltr' id='par_1_4' title="bbox 513 1288 1636 1592">
     <span class='ocr_line' id='line_1_8' title="bbox 583 1288 1636 1379; baseline -0.006 -22"><span class='ocrx_word' id='word_1_52' title='bbox 583 1297 688 1375; x_wconf 83' lang='lat' dir='ltr'>Resp.</span> <span class='ocrx_word' id='word_1_53' title='bbox 708 1292 785 1357; x_wconf 89' lang='lat' dir='ltr'>dist.</span> <span class='ocrx_word' id='word_1_54' title='bbox 816 1292 945 1378; x_wconf 86' lang='lat' dir='ltr'>Major.;</span> <span class='ocrx_word' id='word_1_55' title='bbox 967 1292 994 1358; x_wconf 92' lang='lat' dir='ltr'>si</span> <span class='ocrx_word' id='word_1_56' title='bbox 1013 1299 1224 1377; x_wconf 79' lang='lat' dir='ltr'>cognosceret</span> <span class='ocrx_word' id='word_1_57' title='bbox 1244 1290 1423 1379; x_wconf 85' lang='lat' dir='ltr'>judicando</span> <span class='ocrx_word' id='word_1_58' title='bbox 1452 1288 1496 1353; x_wconf 81' lang='lat' dir='ltr'>ita</span> <span class='ocrx_word' id='word_1_59' title='bbox 1523 1306 1636 1353; x_wconf 86' lang='lat' dir='ltr'>essea</span> 
     </span>
     <span class='ocr_line' id='line_1_9' title="bbox 515 1399 1635 1484; baseline -0.004 -21"><span class='ocrx_word' id='word_1_60' title='bbox 515 1406 605 1482; x_wconf 88' lang='lat' dir='ltr'>parte</span> <span class='ocrx_word' id='word_1_61' title='bbox 624 1400 668 1464; x_wconf 91' lang='lat' dir='ltr'>rei</span> <span class='ocrx_word' id='word_1_62' title='bbox 686 1400 837 1484; x_wconf 87' lang='lat' dir='ltr'>praecisas</span> <span class='ocrx_word' id='word_1_63' title='bbox 856 1409 1001 1476; x_wconf 87' lang='lat' dir='ltr'>naturas,</span> <span class='ocrx_word' id='word_1_64' title='bbox 1016 1400 1101 1466; x_wconf 88' lang='lat' dir='ltr'>sicut</span> <span class='ocrx_word' id='word_1_65' title='bbox 1115 1400 1148 1465; x_wconf 90' lang='lat' dir='ltr'>in</span> <span class='ocrx_word' id='word_1_66' title='bbox 1166 1399 1330 1476; x_wconf 79' lang='lat' dir='ltr'>intellectu</span> <span class='ocrx_word' id='word_1_67' title='bbox 1345 1403 1635 1481; x_wconf 82' lang='lat' dir='ltr'>repraesentantur,</span> 
     </span>
     <span class='ocr_line' id='line_1_10' title="bbox 513 1504 1429 1592; baseline 0.002 -22"><span class='ocrx_word' id='word_1_68' title='bbox 513 1524 614 1581; x_wconf 68' lang='lat' dir='ltr'>cone„</span> <span class='ocrx_word' id='word_1_69' title='bbox 636 1504 662 1573; x_wconf 92' lang='lat' dir='ltr'>si</span> <span class='ocrx_word' id='word_1_70' title='bbox 681 1516 893 1592; x_wconf 83' lang='lat' dir='ltr'>cognosceret</span> <span class='ocrx_word' id='word_1_71' title='bbox 912 1507 1049 1591; x_wconf 75' lang='lat' dir='ltr'>simplici</span> <span class='ocrx_word' id='word_1_72' title='bbox 1067 1506 1337 1591; x_wconf 85' lang='lat' dir='ltr'>apprehensione,</span> <span class='ocrx_word' id='word_1_73' title='bbox 1357 1522 1429 1588; x_wconf 82' lang='lat' dir='ltr'>neg.</span> 
     </span>
    </p>

    <p class='ocr_par' dir='ltr' id='par_1_5' title="bbox 508 1611 1639 2772">
     <span class='ocr_line' id='line_1_11' title="bbox 582 1611 1638 1696; baseline -0.001 -17"><span class='ocrx_word' id='word_1_74' title='bbox 582 1612 668 1679; x_wconf 83' lang='lat' dir='ltr'>nudi</span> <span class='ocrx_word' id='word_1_75' title='bbox 681 1613 716 1679; x_wconf 92' lang='lat' dir='ltr'>S.</span> <span class='ocrx_word' id='word_1_76' title='bbox 731 1612 907 1681; x_wconf 84' lang='lat' dir='ltr'>Thomarn:</span> <span class='ocrx_word' id='word_1_77' title='bbox 918 1614 1110 1680; x_wconf 79' lang='lat' dir='ltr'>Abstralrere</span> <span class='ocrx_word' id='word_1_78' title='bbox 1121 1613 1274 1696; x_wconf 84' lang='lat' dir='ltr'>contingit</span> <span class='ocrx_word' id='word_1_79' title='bbox 1283 1611 1461 1694; x_wconf 82' lang='lat' dir='ltr'>dupliciter:</span> <span class='ocrx_word' id='word_1_80' title='bbox 1470 1630 1535 1677; x_wconf 87' lang='lat' dir='ltr'>uno</span> <span class='ocrx_word' id='word_1_81' title='bbox 1544 1614 1638 1678; x_wconf 91' lang='lat' dir='ltr'>modo</span> 
     </span>
     <span class='ocr_line' id='line_1_12' title="bbox 508 1719 1638 1803; baseline -0.002 -18"><span class='ocrx_word' id='word_1_82' title='bbox 508 1724 568 1801; x_wconf 86' lang='lat' dir='ltr'>per</span> <span class='ocrx_word' id='word_1_83' title='bbox 583 1724 708 1787; x_wconf 87' lang='lat' dir='ltr'>modum</span> <span class='ocrx_word' id='word_1_84' title='bbox 732 1722 962 1803; x_wconf 82' lang='lat' dir='ltr'>compositionis</span> <span class='ocrx_word' id='word_1_85' title='bbox 985 1726 1018 1787; x_wconf 85' lang='lat' dir='ltr'>et</span> <span class='ocrx_word' id='word_1_86' title='bbox 1041 1720 1223 1796; x_wconf 76' lang='lat' dir='ltr'>divisionis,</span> <span class='ocrx_word' id='word_1_87' title='bbox 1243 1720 1326 1785; x_wconf 80' lang='lat' dir='ltr'>sicut</span> <span class='ocrx_word' id='word_1_88' title='bbox 1340 1738 1412 1784; x_wconf 86' lang='lat' dir='ltr'>cnm</span> <span class='ocrx_word' id='word_1_89' title='bbox 1427 1719 1638 1803; x_wconf 75' lang='lat' dir='ltr'>intelliginus</span> 
     </span>
     <span class='ocr_line' id='line_1_13' title="bbox 512 1827 1639 1913; baseline 0 -20"><span class='ocrx_word' id='word_1_90' title='bbox 512 1827 636 1913; x_wconf 84' lang='lat' dir='ltr'>aliquid</span> <span class='ocrx_word' id='word_1_91' title='bbox 651 1846 715 1893; x_wconf 88' lang='lat' dir='ltr'>esse</span> <span class='ocrx_word' id='word_1_92' title='bbox 733 1829 767 1893; x_wconf 89' lang='lat' dir='ltr'>in</span> <span class='ocrx_word' id='word_1_93' title='bbox 785 1829 861 1905; x_wconf 87' lang='lat' dir='ltr'>alio,</span> <span class='ocrx_word' id='word_1_94' title='bbox 882 1831 933 1893; x_wconf 85' lang='lat' dir='ltr'>vel</span> <span class='ocrx_word' id='word_1_95' title='bbox 948 1847 1011 1894; x_wconf 86' lang='lat' dir='ltr'>csse</span> <span class='ocrx_word' id='word_1_96' title='bbox 1038 1830 1213 1909; x_wconf 83' lang='lat' dir='ltr'>separatum</span> <span class='ocrx_word' id='word_1_97' title='bbox 1236 1828 1277 1893; x_wconf 87' lang='lat' dir='ltr'>ab</span> <span class='ocrx_word' id='word_1_98' title='bbox 1292 1846 1339 1892; x_wconf 91' lang='lat' dir='ltr'>eo.</span> <span class='ocrx_word' id='word_1_99' title='bbox 1363 1827 1439 1892; x_wconf 80' lang='lat' dir='ltr'>Alio</span> <span class='ocrx_word' id='word_1_100' title='bbox 1462 1830 1555 1893; x_wconf 89' lang='lat' dir='ltr'>modo</span> <span class='ocrx_word' id='word_1_101' title='bbox 1576 1835 1639 1908; x_wconf 85' lang='lat' dir='ltr'>per</span> 
     </span>
     <span class='ocr_line' id='line_1_14' title="bbox 512 1934 1637 2019; baseline -0.001 -19"><span class='ocrx_word' id='word_1_102' title='bbox 512 1938 636 2000; x_wconf 87' lang='lat' dir='ltr'>modum</span> <span class='ocrx_word' id='word_1_103' title='bbox 655 1935 884 2019; x_wconf 86' lang='lat' dir='ltr'>simplicitatis;</span> <span class='ocrx_word' id='word_1_104' title='bbox 901 1936 1064 2001; x_wconf 85' lang='lat' dir='ltr'>sicutcum</span> <span class='ocrx_word' id='word_1_105' title='bbox 1085 1935 1288 2018; x_wconf 74' lang='lat' dir='ltr'>intelligimus</span> <span class='ocrx_word' id='word_1_106' title='bbox 1305 1952 1415 2010; x_wconf 86' lang='lat' dir='ltr'>unum,</span> <span class='ocrx_word' id='word_1_107' title='bbox 1435 1934 1518 1999; x_wconf 80' lang='lat' dir='ltr'>nihil</span> <span class='ocrx_word' id='word_1_108' title='bbox 1531 1936 1637 2000; x_wconf 89' lang='lat' dir='ltr'>consi-</span> 
     </span>
     <span class='ocr_line' id='line_1_15' title="bbox 512 2042 1637 2131; baseline -0.001 -22"><span class='ocrx_word' id='word_1_109' title='bbox 512 2046 651 2109; x_wconf 87' lang='lat' dir='ltr'>derando</span> <span class='ocrx_word' id='word_1_110' title='bbox 668 2042 718 2131; x_wconf 64' lang='lat' dir='ltr'>de}</span> <span class='ocrx_word' id='word_1_111' title='bbox 729 2043 805 2109; x_wconf 74' lang='lat' dir='ltr'>alre.</span> <span class='ocrx_word' id='word_1_112' title='bbox 827 2044 1017 2109; x_wconf 83' lang='lat' dir='ltr'>Abstrahere</span> <span class='ocrx_word' id='word_1_113' title='bbox 1033 2044 1133 2127; x_wconf 82' lang='lat' dir='ltr'>igitter</span> <span class='ocrx_word' id='word_1_114' title='bbox 1144 2049 1205 2123; x_wconf 86' lang='lat' dir='ltr'>per</span> <span class='ocrx_word' id='word_1_115' title='bbox 1219 2042 1406 2107; x_wconf 81' lang='lat' dir='ltr'>intellectum</span> <span class='ocrx_word' id='word_1_116' title='bbox 1421 2061 1471 2117; x_wconf 89' lang='lat' dir='ltr'>ea,</span> <span class='ocrx_word' id='word_1_117' title='bbox 1500 2062 1572 2126; x_wconf 83' lang='lat' dir='ltr'>quae</span> <span class='ocrx_word' id='word_1_118' title='bbox 1586 2062 1637 2108; x_wconf 88' lang='lat' dir='ltr'>se·</span> 
     </span>
     <span class='ocr_line' id='line_1_16' title="bbox 512 2150 1635 2231; baseline -0.001 -14"><span class='ocrx_word' id='word_1_119' title='bbox 512 2154 649 2217; x_wconf 78' lang='lat' dir='ltr'>nandum</span> <span class='ocrx_word' id='word_1_120' title='bbox 675 2170 742 2217; x_wconf 86' lang='lat' dir='ltr'>rem</span> <span class='ocrx_word' id='word_1_121' title='bbox 767 2170 830 2217; x_wconf 89' lang='lat' dir='ltr'>non</span> <span class='ocrx_word' id='word_1_122' title='bbox 858 2154 936 2216; x_wconf 86' lang='lat' dir='ltr'>sunt</span> <span class='ocrx_word' id='word_1_123' title='bbox 961 2152 1130 2227; x_wconf 81' lang='lat' dir='ltr'>abstracta,</span> <span class='ocrx_word' id='word_1_124' title='bbox 1158 2152 1325 2216; x_wconf 88' lang='lat' dir='ltr'>secundum</span> <span class='ocrx_word' id='word_1_125' title='bbox 1347 2150 1485 2231; x_wconf 87' lang='lat' dir='ltr'>primum</span> <span class='ocrx_word' id='word_1_126' title='bbox 1508 2154 1635 2216; x_wconf 79' lang='lat' dir='ltr'>modum</span> 
     </span>
     <span class='ocr_line' id='line_1_17' title="bbox 511 2257 1637 2345; baseline -0.003 -19"><span class='ocrx_word' id='word_1_127' title='bbox 511 2259 714 2326; x_wconf 77' lang='lat' dir='ltr'>abstrahendi</span> <span class='ocrx_word' id='word_1_128' title='bbox 730 2277 794 2324; x_wconf 87' lang='lat' dir='ltr'>non</span> <span class='ocrx_word' id='word_1_129' title='bbox 810 2262 859 2323; x_wconf 88' lang='lat' dir='ltr'>est</span> <span class='ocrx_word' id='word_1_130' title='bbox 872 2259 987 2343; x_wconf 80' lang='lat' dir='ltr'>absque</span> <span class='ocrx_word' id='word_1_131' title='bbox 996 2257 1153 2345; x_wconf 83' lang='lat' dir='ltr'>salsitate.</span> <span class='ocrx_word' id='word_1_132' title='bbox 1172 2258 1236 2324; x_wconf 88' lang='lat' dir='ltr'>Sed</span> <span class='ocrx_word' id='word_1_133' title='bbox 1250 2259 1384 2322; x_wconf 89' lang='lat' dir='ltr'>secundo</span> <span class='ocrx_word' id='word_1_134' title='bbox 1400 2260 1490 2323; x_wconf 89' lang='lat' dir='ltr'>modo</span> <span class='ocrx_word' id='word_1_135' title='bbox 1510 2258 1637 2324; x_wconf 82' lang='lat' dir='ltr'>abstra-</span> 
     </span>
     <span class='ocr_line' id='line_1_18' title="bbox 513 2367 1635 2451; baseline 0 -18"><span class='ocrx_word' id='word_1_136' title='bbox 513 2370 583 2434; x_wconf 81' lang='lat' dir='ltr'>lere</span> <span class='ocrx_word' id='word_1_137' title='bbox 593 2376 655 2451; x_wconf 86' lang='lat' dir='ltr'>per</span> <span class='ocrx_word' id='word_1_138' title='bbox 668 2368 866 2443; x_wconf 80' lang='lat' dir='ltr'>intellectum,</span> <span class='ocrx_word' id='word_1_139' title='bbox 882 2385 951 2451; x_wconf 76' lang='lat' dir='ltr'>qud</span> <span class='ocrx_word' id='word_1_140' title='bbox 964 2386 1029 2432; x_wconf 91' lang='lat' dir='ltr'>non</span> <span class='ocrx_word' id='word_1_141' title='bbox 1041 2370 1116 2432; x_wconf 88' lang='lat' dir='ltr'>sunt</span> <span class='ocrx_word' id='word_1_142' title='bbox 1127 2367 1282 2432; x_wconf 77' lang='lat' dir='ltr'>abstracta</span> <span class='ocrx_word' id='word_1_143' title='bbox 1294 2368 1463 2432; x_wconf 85' lang='lat' dir='ltr'>secundum</span> <span class='ocrx_word' id='word_1_144' title='bbox 1475 2386 1554 2442; x_wconf 89' lang='lat' dir='ltr'>rem,</span> <span class='ocrx_word' id='word_1_145' title='bbox 1570 2388 1635 2433; x_wconf 88' lang='lat' dir='ltr'>non</span> 
     </span>
     <span class='ocr_line' id='line_1_19' title="bbox 512 2474 1637 2561; baseline -0.001 -19"><span class='ocrx_word' id='word_1_146' title='bbox 512 2476 798 2561; x_wconf 80' lang='lat' dir='ltr'>babetfalsitatem,</span> <span class='ocrx_word' id='word_1_147' title='bbox 823 2479 860 2541; x_wconf 88' lang='lat' dir='ltr'>nt</span> <span class='ocrx_word' id='word_1_148' title='bbox 880 2475 915 2539; x_wconf 87' lang='lat' dir='ltr'>in</span> <span class='ocrx_word' id='word_1_149' title='bbox 932 2492 1025 2540; x_wconf 87' lang='lat' dir='ltr'>sensu</span> <span class='ocrx_word' id='word_1_150' title='bbox 1040 2477 1178 2556; x_wconf 85' lang='lat' dir='ltr'>apparet.</span> <span class='ocrx_word' id='word_1_151' title='bbox 1204 2474 1242 2540; x_wconf 89' lang='lat' dir='ltr'>Si</span> <span class='ocrx_word' id='word_1_152' title='bbox 1257 2474 1340 2539; x_wconf 89' lang='lat' dir='ltr'>enim</span> <span class='ocrx_word' id='word_1_153' title='bbox 1357 2474 1569 2557; x_wconf 80' lang='lat' dir='ltr'>intelligamus</span> <span class='ocrx_word' id='word_1_154' title='bbox 1584 2478 1637 2541; x_wconf 83' lang='lat' dir='ltr'>vel</span> 
     </span>
     <span class='ocr_line' id='line_1_20' title="bbox 511 2581 1635 2663; baseline -0.001 -14"><span class='ocrx_word' id='word_1_155' title='bbox 511 2583 665 2659; x_wconf 83' lang='lat' dir='ltr'>dicamus,</span> <span class='ocrx_word' id='word_1_156' title='bbox 685 2586 816 2649; x_wconf 89' lang='lat' dir='ltr'>colorem</span> <span class='ocrx_word' id='word_1_157' title='bbox 829 2602 893 2647; x_wconf 88' lang='lat' dir='ltr'>non</span> <span class='ocrx_word' id='word_1_158' title='bbox 907 2583 1007 2647; x_wconf 86' lang='lat' dir='ltr'>inesse</span> <span class='ocrx_word' id='word_1_159' title='bbox 1019 2581 1142 2662; x_wconf 76' lang='lat' dir='ltr'>corpori</span> <span class='ocrx_word' id='word_1_160' title='bbox 1153 2584 1305 2657; x_wconf 87' lang='lat' dir='ltr'>colorato,</span> <span class='ocrx_word' id='word_1_161' title='bbox 1319 2584 1371 2646; x_wconf 85' lang='lat' dir='ltr'>vel</span> <span class='ocrx_word' id='word_1_162' title='bbox 1380 2600 1444 2646; x_wconf 89' lang='lat' dir='ltr'>esse</span> <span class='ocrx_word' id='word_1_163' title='bbox 1455 2588 1635 2663; x_wconf 79' lang='lat' dir='ltr'>separatum</span> 
     </span>
     <span class='ocr_line' id='line_1_21' title="bbox 511 2689 1637 2772; baseline 0 -15"><span class='ocrx_word' id='word_1_164' title='bbox 511 2692 551 2757; x_wconf 81' lang='lat' dir='ltr'>ab</span> <span class='ocrx_word' id='word_1_165' title='bbox 561 2710 607 2768; x_wconf 93' lang='lat' dir='ltr'>eo,</span> <span class='ocrx_word' id='word_1_166' title='bbox 627 2691 689 2756; x_wconf 89' lang='lat' dir='ltr'>erit</span> <span class='ocrx_word' id='word_1_167' title='bbox 701 2690 826 2770; x_wconf 81' lang='lat' dir='ltr'>falsitas</span> <span class='ocrx_word' id='word_1_168' title='bbox 844 2690 880 2754; x_wconf 91' lang='lat' dir='ltr'>in</span> <span class='ocrx_word' id='word_1_169' title='bbox 897 2689 1051 2772; x_wconf 81' lang='lat' dir='ltr'>opimone.</span> <span class='ocrx_word' id='word_1_170' title='bbox 1071 2689 1109 2755; x_wconf 86' lang='lat' dir='ltr'>Si</span> <span class='ocrx_word' id='word_1_171' title='bbox 1124 2707 1197 2753; x_wconf 85' lang='lat' dir='ltr'>vero</span> <span class='ocrx_word' id='word_1_172' title='bbox 1213 2690 1438 2755; x_wconf 74' lang='lat' dir='ltr'>consideremus</span> <span class='ocrx_word' id='word_1_173' title='bbox 1454 2694 1588 2757; x_wconf 81' lang='lat' dir='ltr'>colorem</span> <span class='ocrx_word' id='word_1_174' title='bbox 1605 2696 1637 2757; x_wconf 85' lang='lat' dir='ltr'>el</span> 
     </span>
    </p>
   </div>
   <div class='ocr_carea' id='block_1_3' title="bbox 322 2797 1634 3528">
    <p class='ocr_par' dir='ltr' id='par_1_6' title="bbox 418 2797 1634 3205">
     <span class='ocr_line' id='line_1_22' title="bbox 507 2797 1631 2885; baseline 0.002 -21"><span class='ocrx_word' id='word_1_175' title='bbox 507 2801 726 2883; x_wconf 64' lang='lat' dir='ltr'>proprietatem</span> <span class='ocrx_word' id='word_1_176' title='bbox 743 2802 809 2885; x_wconf 80' lang='lat' dir='ltr'>ejus</span> <span class='ocrx_word' id='word_1_177' title='bbox 827 2797 909 2864; x_wconf 81' lang='lat' dir='ltr'>nihil</span> <span class='ocrx_word' id='word_1_178' title='bbox 933 2797 1164 2863; x_wconf 80' lang='lat' dir='ltr'>considerantes</span> <span class='ocrx_word' id='word_1_179' title='bbox 1179 2799 1219 2862; x_wconf 80' lang='lat' dir='ltr'>dc</span> <span class='ocrx_word' id='word_1_180' title='bbox 1232 2804 1323 2878; x_wconf 90' lang='lat' dir='ltr'>pomo</span> <span class='ocrx_word' id='word_1_181' title='bbox 1345 2801 1500 2880; x_wconf 70' lang='lat' dir='ltr'>colorato,</span> <span class='ocrx_word' id='word_1_182' title='bbox 1519 2803 1574 2866; x_wconf 82' lang='lat' dir='ltr'>ael</span> <span class='ocrx_word' id='word_1_183' title='bbox 1589 2802 1631 2879; x_wconf 89' lang='lat' dir='ltr'>si,</span> 
     </span>
     <span class='ocr_line' id='line_1_23' title="bbox 511 2904 1634 2992; baseline 0.003 -20"><span class='ocrx_word' id='word_1_184' title='bbox 511 2910 594 2992; x_wconf 86' lang='lat' dir='ltr'>quod</span> <span class='ocrx_word' id='word_1_185' title='bbox 604 2905 812 2990; x_wconf 73' lang='lat' dir='ltr'>intelligimur,</span> <span class='ocrx_word' id='word_1_186' title='bbox 827 2924 899 2971; x_wconf 82' lang='lat' dir='ltr'>noce</span> <span class='ocrx_word' id='word_1_187' title='bbox 911 2905 1133 2987; x_wconf 81' lang='lat' dir='ltr'>exprimamus,</span> <span class='ocrx_word' id='word_1_188' title='bbox 1149 2904 1212 2970; x_wconf 87' lang='lat' dir='ltr'>erit</span> <span class='ocrx_word' id='word_1_189' title='bbox 1225 2904 1338 2990; x_wconf 76' lang='lat' dir='ltr'>absque</span> <span class='ocrx_word' id='word_1_190' title='bbox 1348 2905 1495 2990; x_wconf 81' lang='lat' dir='ltr'>falsitate</span> <span class='ocrx_word' id='word_1_191' title='bbox 1509 2910 1634 2990; x_wconf 68' lang='lat' dir='ltr'>opimo</span> 
     </span>
     <span class='ocr_line' id='line_1_24' title="bbox 511 3013 1631 3104; baseline 0.006 -26"><span class='ocrx_word' id='word_1_192' title='bbox 511 3015 562 3081; x_wconf 87' lang='lat' dir='ltr'>nis</span> <span class='ocrx_word' id='word_1_193' title='bbox 579 3020 610 3080; x_wconf 87' lang='lat' dir='ltr'>et</span> <span class='ocrx_word' id='word_1_194' title='bbox 625 3013 830 3096; x_wconf 87' lang='lat' dir='ltr'>operationis,</span> <span class='ocrx_word' id='word_1_195' title='bbox 854 3021 982 3096; x_wconf 62' lang='lat' dir='ltr'>menum</span> <span class='ocrx_word' id='word_1_196' title='bbox 998 3013 1081 3078; x_wconf 89' lang='lat' dir='ltr'>enim</span> <span class='ocrx_word' id='word_1_197' title='bbox 1097 3031 1162 3078; x_wconf 91' lang='lat' dir='ltr'>non</span> <span class='ocrx_word' id='word_1_198' title='bbox 1178 3017 1228 3078; x_wconf 86' lang='lat' dir='ltr'>est</span> <span class='ocrx_word' id='word_1_199' title='bbox 1241 3016 1281 3078; x_wconf 90' lang='lat' dir='ltr'>de</span> <span class='ocrx_word' id='word_1_200' title='bbox 1296 3014 1417 3080; x_wconf 77' lang='lat' dir='ltr'>rationu</span> <span class='ocrx_word' id='word_1_201' title='bbox 1432 3017 1548 3082; x_wconf 80' lang='lat' dir='ltr'>coloris</span> <span class='ocrx_word' id='word_1_202' title='bbox 1564 3015 1581 3103; x_wconf 93' lang='lat'><strong>(</strong></span> <span class='ocrx_word' id='word_1_203' title='bbox 1605 3015 1631 3104; x_wconf 89' lang='lat'>).</span> 
     </span>
     <span class='ocr_line' id='line_1_25' title="bbox 418 3119 1631 3205; baseline 0.004 -20"><span class='ocrx_word' id='word_1_204' title='bbox 418 3164 448 3195; x_wconf 64' lang='lat' dir='ltr'>m,</span> <span class='ocrx_word' id='word_1_205' title='bbox 578 3121 659 3187; x_wconf 86' lang='lat' dir='ltr'>Hinc</span> <span class='ocrx_word' id='word_1_206' title='bbox 674 3119 907 3187; x_wconf 84' lang='lat' dir='ltr'>manavitillud</span> <span class='ocrx_word' id='word_1_207' title='bbox 921 3119 1072 3205; x_wconf 83' lang='lat' dir='ltr'>adagium</span> <span class='ocrx_word' id='word_1_208' title='bbox 1084 3121 1356 3205; x_wconf 88' lang='lat' dir='ltr'>philosophicum:</span> <span class='ocrx_word' id='word_1_209' title='bbox 1373 3123 1631 3190; x_wconf 80' lang='lat' dir='ltr'>Abstrahcntium</span> 
     </span>
    </p>

    <p class='ocr_par' dir='ltr' id='par_1_7' title="bbox 322 3222 1629 3528">
     <span class='ocr_line' id='line_1_26' title="bbox 364 3222 1413 3317; baseline 0.004 -22"><span class='ocrx_word' id='word_1_210' title='bbox 364 3236 377 3266; x_wconf 81' lang='lat'>⁸</span> <span class='ocrx_word' id='word_1_211' title='bbox 394 3237 421 3266; x_wconf 75' lang='lat'>‘¹³</span> <span class='ocrx_word' id='word_1_212' title='bbox 432 3222 481 3266; x_wconf 69' lang='lat'>¹⁰⁰¹</span> <span class='ocrx_word' id='word_1_213' title='bbox 508 3249 572 3296; x_wconf 91' lang='lat' dir='ltr'>non</span> <span class='ocrx_word' id='word_1_214' title='bbox 589 3233 635 3297; x_wconf 88' lang='lat' dir='ltr'>est</span> <span class='ocrx_word' id='word_1_215' title='bbox 650 3229 855 3304; x_wconf 85' lang='lat' dir='ltr'>mendacium,</span> <span class='ocrx_word' id='word_1_216' title='bbox 875 3228 1088 3311; x_wconf 89' lang='lat' dir='ltr'>desumptum</span> <span class='ocrx_word' id='word_1_217' title='bbox 1103 3246 1145 3294; x_wconf 91' lang='lat' dir='ltr'>ex</span> <span class='ocrx_word' id='word_1_218' title='bbox 1159 3227 1331 3295; x_wconf 83' lang='lat' dir='ltr'>Aristotele</span> <span class='ocrx_word' id='word_1_219' title='bbox 1349 3227 1413 3317; x_wconf 76' lang='lat'>(3).</span> 
     </span>
     <span class='ocr_line' id='line_1_27' title="bbox 322 3335 1627 3421; baseline 0 -13"><span class='ocrx_word' id='word_1_220' title='bbox 322 3378 343 3408; x_wconf 65' lang='grc' dir='ltr'><strong><em>ω</em></strong></span> <span class='ocrx_word' id='word_1_221' title='bbox 402 3364 422 3409; x_wconf 77' lang='lat' dir='ltr'>u</span> <span class='ocrx_word' id='word_1_222' title='bbox 463 3393 469 3408; x_wconf 93' lang='lat'>.</span> <span class='ocrx_word' id='word_1_223' title='bbox 554 3342 662 3420; x_wconf 83' lang='lat' dir='ltr'>objic.</span> <span class='ocrx_word' id='word_1_224' title='bbox 691 3344 743 3419; x_wconf 82' lang='lat'>4.⁰</span> <span class='ocrx_word' id='word_1_225' title='bbox 788 3336 822 3402; x_wconf 87' lang='lat' dir='ltr'>Si</span> <span class='ocrx_word' id='word_1_226' title='bbox 840 3335 1038 3412; x_wconf 87' lang='lat' dir='ltr'>universale,</span> <span class='ocrx_word' id='word_1_227' title='bbox 1064 3354 1130 3418; x_wconf 87' lang='lat' dir='ltr'>qua</span> <span class='ocrx_word' id='word_1_228' title='bbox 1154 3335 1234 3410; x_wconf 87' lang='lat' dir='ltr'>tale,</span> <span class='ocrx_word' id='word_1_229' title='bbox 1256 3354 1321 3403; x_wconf 91' lang='lat' dir='ltr'>non</span> <span class='ocrx_word' id='word_1_230' title='bbox 1348 3346 1456 3421; x_wconf 87' lang='lat' dir='ltr'>potest</span> <span class='ocrx_word' id='word_1_231' title='bbox 1477 3342 1627 3419; x_wconf 88' lang='lat' dir='ltr'>existere,</span> 
     </span>
     <span class='ocr_line' id='line_1_28' title="bbox 511 3441 1629 3528; baseline 0.005 -18"><span class='ocrx_word' id='word_1_232' title='bbox 511 3463 570 3510; x_wconf 90' lang='lat' dir='ltr'>nec</span> <span class='ocrx_word' id='word_1_233' title='bbox 589 3452 697 3528; x_wconf 90' lang='lat' dir='ltr'>potest</span> <span class='ocrx_word' id='word_1_234' title='bbox 716 3443 854 3528; x_wconf 90' lang='lat' dir='ltr'>concipi.</span> <span class='ocrx_word' id='word_1_235' title='bbox 875 3444 958 3510; x_wconf 86' lang='lat' dir='ltr'>Nam</span> <span class='ocrx_word' id='word_1_236' title='bbox 973 3442 1063 3526; x_wconf 91' lang='lat' dir='ltr'>quod</span> <span class='ocrx_word' id='word_1_237' title='bbox 1075 3451 1125 3508; x_wconf 89' lang='lat' dir='ltr'>est</span> <span class='ocrx_word' id='word_1_238' title='bbox 1137 3441 1338 3526; x_wconf 89' lang='lat' dir='ltr'>impossibile</span> <span class='ocrx_word' id='word_1_239' title='bbox 1356 3444 1388 3510; x_wconf 92' lang='lat' dir='ltr'>in</span> <span class='ocrx_word' id='word_1_240' title='bbox 1407 3447 1521 3513; x_wconf 89' lang='lat' dir='ltr'>ordine</span> <span class='ocrx_word' id='word_1_241' title='bbox 1540 3452 1629 3525; x_wconf 90' lang='lat' dir='ltr'>reali,</span> 
     </span>
    </p>
   </div>
   <div class='ocr_carea' id='block_1_4' title="bbox 449 3548 1632 4295">
    <p class='ocr_par' dir='ltr' id='par_1_8' title="bbox 449 3548 1632 4295">
     <span class='ocr_line' id='line_1_29' title="bbox 510 3548 1632 3636; baseline 0.005 -20"><span class='ocrx_word' id='word_1_242' title='bbox 510 3561 559 3617; x_wconf 89' lang='lat' dir='ltr'>est</span> <span class='ocrx_word' id='word_1_243' title='bbox 579 3552 676 3617; x_wconf 87' lang='lat' dir='ltr'>etlam</span> <span class='ocrx_word' id='word_1_244' title='bbox 696 3549 898 3634; x_wconf 87' lang='lat' dir='ltr'>impossibile</span> <span class='ocrx_word' id='word_1_245' title='bbox 915 3551 949 3615; x_wconf 94' lang='lat' dir='ltr'>in</span> <span class='ocrx_word' id='word_1_246' title='bbox 967 3549 1081 3615; x_wconf 91' lang='lat' dir='ltr'>ordine</span> <span class='ocrx_word' id='word_1_247' title='bbox 1100 3548 1205 3616; x_wconf 88' lang='lat' dir='ltr'>ideali.</span> <span class='ocrx_word' id='word_1_248' title='bbox 1222 3550 1305 3636; x_wconf 81' lang='lat' dir='ltr'>Ergo</span> <span class='ocrx_word' id='word_1_249' title='bbox 1319 3552 1347 3618; x_wconf 90' lang='lat' dir='ltr'>si</span> <span class='ocrx_word' id='word_1_250' title='bbox 1368 3571 1434 3619; x_wconf 92' lang='lat' dir='ltr'>non</span> <span class='ocrx_word' id='word_1_251' title='bbox 1448 3555 1544 3622; x_wconf 87' lang='lat' dir='ltr'>datur</span> <span class='ocrx_word' id='word_1_252' title='bbox 1558 3558 1632 3624; x_wconf 89' lang='lat' dir='ltr'>uni-</span> 
     </span>
     <span class='ocr_line' id='line_1_30' title="bbox 510 3656 1540 3741; baseline 0.003 -16"><span class='ocrx_word' id='word_1_253' title='bbox 510 3660 665 3726; x_wconf 85' lang='lat' dir='ltr'>versalea</span> <span class='ocrx_word' id='word_1_254' title='bbox 684 3667 774 3741; x_wconf 86' lang='lat' dir='ltr'>parte</span> <span class='ocrx_word' id='word_1_255' title='bbox 793 3657 849 3733; x_wconf 88' lang='lat' dir='ltr'>rei,</span> <span class='ocrx_word' id='word_1_256' title='bbox 870 3657 978 3723; x_wconf 89' lang='lat' dir='ltr'>solum</span> <span class='ocrx_word' id='word_1_257' title='bbox 998 3657 1030 3721; x_wconf 93' lang='lat' dir='ltr'>in</span> <span class='ocrx_word' id='word_1_258' title='bbox 1045 3656 1180 3723; x_wconf 87' lang='lat' dir='ltr'>vocibus</span> <span class='ocrx_word' id='word_1_259' title='bbox 1198 3659 1266 3724; x_wconf 89' lang='lat' dir='ltr'>dari</span> <span class='ocrx_word' id='word_1_260' title='bbox 1284 3659 1458 3728; x_wconf 88' lang='lat' dir='ltr'>dicendum</span> <span class='ocrx_word' id='word_1_261' title='bbox 1477 3673 1540 3728; x_wconf 85' lang='lat' dir='ltr'>est.</span> 
     </span>
     <span class='ocr_line' id='line_1_31' title="bbox 575 3765 1629 3858; baseline 0.003 -23"><span class='ocrx_word' id='word_1_262' title='bbox 575 3774 680 3850; x_wconf 83' lang='lat' dir='ltr'>Resp.</span> <span class='ocrx_word' id='word_1_263' title='bbox 699 3765 774 3830; x_wconf 88' lang='lat' dir='ltr'>dist.</span> <span class='ocrx_word' id='word_1_264' title='bbox 794 3765 957 3845; x_wconf 88' lang='lat' dir='ltr'>anteced.;</span> <span class='ocrx_word' id='word_1_265' title='bbox 978 3783 1038 3829; x_wconf 90' lang='lat' dir='ltr'>nec</span> <span class='ocrx_word' id='word_1_266' title='bbox 1060 3773 1167 3848; x_wconf 89' lang='lat' dir='ltr'>potest</span> <span class='ocrx_word' id='word_1_267' title='bbox 1181 3765 1307 3850; x_wconf 88' lang='lat' dir='ltr'>concipi</span> <span class='ocrx_word' id='word_1_268' title='bbox 1326 3775 1518 3852; x_wconf 86' lang='lat' dir='ltr'>utcumque,</span> <span class='ocrx_word' id='word_1_269' title='bbox 1542 3793 1629 3858; x_wconf 73' lang='lat' dir='ltr'>neg„</span> 
     </span>
     <span class='ocr_line' id='line_1_32' title="bbox 510 3871 1632 3966; baseline 0.006 -26"><span class='ocrx_word' id='word_1_270' title='bbox 510 3893 569 3940; x_wconf 91' lang='lat' dir='ltr'>nec</span> <span class='ocrx_word' id='word_1_271' title='bbox 588 3881 696 3958; x_wconf 90' lang='lat' dir='ltr'>potest</span> <span class='ocrx_word' id='word_1_272' title='bbox 714 3871 839 3956; x_wconf 89' lang='lat' dir='ltr'>concipi</span> <span class='ocrx_word' id='word_1_273' title='bbox 859 3881 896 3937; x_wconf 92' lang='lat' dir='ltr'>ut</span> <span class='ocrx_word' id='word_1_274' title='bbox 914 3871 1057 3937; x_wconf 88' lang='lat' dir='ltr'>existens</span> <span class='ocrx_word' id='word_1_275' title='bbox 1078 3871 1110 3937; x_wconf 89' lang='lat' dir='ltr'>in</span> <span class='ocrx_word' id='word_1_276' title='bbox 1130 3892 1167 3937; x_wconf 87' lang='lat' dir='ltr'>ea</span> <span class='ocrx_word' id='word_1_277' title='bbox 1185 3872 1410 3952; x_wconf 89' lang='lat' dir='ltr'>abstractione,</span> <span class='ocrx_word' id='word_1_278' title='bbox 1430 3894 1495 3960; x_wconf 89' lang='lat' dir='ltr'>qua</span> <span class='ocrx_word' id='word_1_279' title='bbox 1508 3881 1632 3966; x_wconf 79' lang='lat' dir='ltr'>cogita</span> 
     </span>
     <span class='ocr_line' id='line_1_33' title="bbox 508 3991 686 4060; baseline -0.028 -11"><span class='ocrx_word' id='word_1_280' title='bbox 508 3991 577 4060; x_wconf 88' lang='lat' dir='ltr'>tur,</span> <span class='ocrx_word' id='word_1_281' title='bbox 597 4000 686 4048; x_wconf 86' lang='lat' dir='ltr'>cone.</span> 
     </span>
     <span class='ocr_line' id='line_1_34' title="bbox 575 4084 1632 4174; baseline 0.008 -19"><span class='ocrx_word' id='word_1_282' title='bbox 575 4089 662 4156; x_wconf 87' lang='lat' dir='ltr'>Dist.</span> <span class='ocrx_word' id='word_1_283' title='bbox 682 4087 780 4152; x_wconf 90' lang='lat' dir='ltr'>etiarn</span> <span class='ocrx_word' id='word_1_284' title='bbox 797 4085 996 4169; x_wconf 86' lang='lat' dir='ltr'>probation.;</span> <span class='ocrx_word' id='word_1_285' title='bbox 1013 4084 1127 4170; x_wconf 89' lang='lat' dir='ltr'>idest,</span> <span class='ocrx_word' id='word_1_286' title='bbox 1144 4087 1234 4170; x_wconf 86' lang='lat' dir='ltr'>quod</span> <span class='ocrx_word' id='word_1_287' title='bbox 1253 4096 1304 4153; x_wconf 90' lang='lat' dir='ltr'>est</span> <span class='ocrx_word' id='word_1_288' title='bbox 1317 4089 1520 4174; x_wconf 86' lang='lat' dir='ltr'>impossibile</span> <span class='ocrx_word' id='word_1_289' title='bbox 1531 4095 1565 4160; x_wconf 90' lang='lat' dir='ltr'>in</span> <span class='ocrx_word' id='word_1_290' title='bbox 1580 4115 1632 4162; x_wconf 91' lang='lat' dir='ltr'>or·</span> 
     </span>
     <span class='ocr_line' id='line_1_35' title="bbox 449 4183 1630 4295; baseline 0.005 -31"><span class='ocrx_word' id='word_1_291' title='bbox 449 4284 455 4295; x_wconf 38' lang='grc' dir='ltr'>Ι</span> <span class='ocrx_word' id='word_1_292' title='bbox 508 4196 584 4264; x_wconf 90' lang='lat' dir='ltr'>dine</span> <span class='ocrx_word' id='word_1_293' title='bbox 603 4196 692 4282; x_wconf 84' lang='lat' dir='ltr'>reali,</span> <span class='ocrx_word' id='word_1_294' title='bbox 713 4213 779 4260; x_wconf 90' lang='lat' dir='ltr'>non</span> <span class='ocrx_word' id='word_1_295' title='bbox 799 4201 908 4278; x_wconf 89' lang='lat' dir='ltr'>potest</span> <span class='ocrx_word' id='word_1_296' title='bbox 935 4193 1069 4278; x_wconf 85' lang='lat' dir='ltr'>cogitari</span> <span class='ocrx_word' id='word_1_297' title='bbox 1088 4202 1125 4260; x_wconf 91' lang='lat' dir='ltr'>ut</span> <span class='ocrx_word' id='word_1_298' title='bbox 1143 4183 1308 4278; x_wconf 88' lang='lat' dir='ltr'>possibile,</span> <span class='ocrx_word' id='word_1_299' title='bbox 1332 4215 1434 4274; x_wconf 70' lang='lat' dir='ltr'>conc„</span> <span class='ocrx_word' id='word_1_300' title='bbox 1458 4201 1549 4285; x_wconf 89' lang='lat' dir='ltr'>quod</span> <span class='ocrx_word' id='word_1_301' title='bbox 1564 4222 1630 4270; x_wconf 91' lang='lat' dir='ltr'>non</span> 
     </span>
    </p>
   </div>
   <div class='ocr_carea' id='block_1_5' title="bbox 427 4390 1630 4646">
    <p class='ocr_par' dir='ltr' id='par_1_9' title="bbox 427 4390 1630 4646">
     <span class='ocr_line' id='line_1_36' title="bbox 427 4390 1421 4479; baseline -0.002 -27"><span class='ocrx_word' id='word_1_302' title='bbox 427 4470 432 4479; x_wconf 35' lang='lat'><strong>·</strong></span> <span class='ocrx_word' id='word_1_303' title='bbox 543 4395 585 4466; x_wconf 87' lang='lat' dir='ltr'>(r)</span> <span class='ocrx_word' id='word_1_304' title='bbox 621 4391 684 4452; x_wconf 83' lang='lat' dir='ltr'>ctr.</span> <span class='ocrx_word' id='word_1_305' title='bbox 700 4390 733 4450; x_wconf 83' lang='lat' dir='ltr'>S.</span> <span class='ocrx_word' id='word_1_306' title='bbox 748 4390 817 4460; x_wconf 72' lang='lat' dir='ltr'>Th,</span> <span class='ocrx_word' id='word_1_307' title='bbox 832 4391 867 4448; x_wconf 85' lang='lat' dir='ltr'>de</span> <span class='ocrx_word' id='word_1_308' title='bbox 881 4390 1009 4457; x_wconf 69' lang='lat' dir='ltr'>Parem..</span> <span class='ocrx_word' id='word_1_309' title='bbox 1020 4401 1125 4461; x_wconf 64' lang='lat' dir='ltr'>qums.</span> <span class='ocrx_word' id='word_1_310' title='bbox 1140 4408 1167 4460; x_wconf 81' lang='grc' dir='ltr'>ς.</span> <span class='ocrx_word' id='word_1_311' title='bbox 1178 4401 1233 4448; x_wconf 78' lang='lat' dir='ltr'>art.</span> <span class='ocrx_word' id='word_1_312' title='bbox 1249 4411 1278 4464; x_wconf 84' lang='lat'>9,</span> <span class='ocrx_word' id='word_1_313' title='bbox 1292 4391 1329 4450; x_wconf 85' lang='lat' dir='ltr'>ad</span> <span class='ocrx_word' id='word_1_314' title='bbox 1346 4392 1421 4452; x_wconf 85' lang='grc' dir='ltr'><strong>ι6.“·</strong></span> 
     </span>
     <span class='ocr_line' id='line_1_37' title="bbox 543 4477 1629 4556; baseline 0.007 -16"><span class='ocrx_word' id='word_1_315' title='bbox 543 4489 584 4551; x_wconf 86' lang='lat' dir='ltr'>(a)</span> <span class='ocrx_word' id='word_1_316' title='bbox 624 4504 647 4540; x_wconf 89' lang='lat' dir='ltr'>r.</span> <span class='ocrx_word' id='word_1_317' title='bbox 667 4483 747 4554; x_wconf 86' lang='lat' dir='ltr'>p,&#39;q.</span> <span class='ocrx_word' id='word_1_318' title='bbox 766 4481 859 4550; x_wconf 71' lang='lat' dir='ltr'>85,a.</span> <span class='ocrx_word' id='word_1_319' title='bbox 886 4499 909 4536; x_wconf 90' lang='lat' dir='ltr'>r.</span> <span class='ocrx_word' id='word_1_320' title='bbox 929 4477 966 4535; x_wconf 86' lang='lat' dir='ltr'>ad</span> <span class='ocrx_word' id='word_1_321' title='bbox 991 4488 1048 4535; x_wconf 81' lang='lat' dir='ltr'>r.¹⁸</span> <span class='ocrx_word' id='word_1_322' title='bbox 1078 4477 1141 4536; x_wconf 83' lang='lat' dir='ltr'>Cir.</span> <span class='ocrx_word' id='word_1_323' title='bbox 1164 4479 1273 4550; x_wconf 85' lang='lat' dir='ltr'>Opuse.</span> <span class='ocrx_word' id='word_1_324' title='bbox 1296 4481 1331 4539; x_wconf 86' lang='lat' dir='ltr'>de</span> <span class='ocrx_word' id='word_1_325' title='bbox 1350 4484 1495 4542; x_wconf 71' lang='lat' dir='ltr'>Potentiss</span> <span class='ocrx_word' id='word_1_326' title='bbox 1513 4488 1629 4556; x_wconf 68' lang='lat' dir='ltr'>anime,</span> 
     </span>
     <span class='ocr_line' id='line_1_38' title="bbox 507 4568 1630 4646; baseline 0.004 -14"><span class='ocrx_word' id='word_1_327' title='bbox 507 4593 570 4646; x_wconf 83' lang='lat' dir='ltr'>cap.</span> <span class='ocrx_word' id='word_1_328' title='bbox 585 4573 614 4642; x_wconf 70' lang='lat'>63</span> <span class='ocrx_word' id='word_1_329' title='bbox 632 4583 670 4630; x_wconf 84' lang='lat' dir='ltr'>r.·</span> <span class='ocrx_word' id='word_1_330' title='bbox 684 4568 959 4645; x_wconf 80' lang='lat' dir='ltr'>Metapirysieornm,</span> <span class='ocrx_word' id='word_1_331' title='bbox 974 4568 1037 4627; x_wconf 84' lang='lat' dir='ltr'>lect.</span> <span class='ocrx_word' id='word_1_332' title='bbox 1054 4587 1095 4636; x_wconf 87' lang='lat' dir='ltr'>ro,</span> <span class='ocrx_word' id='word_1_333' title='bbox 1111 4581 1142 4627; x_wconf 84' lang='lat' dir='ltr'>et</span> <span class='ocrx_word' id='word_1_334' title='bbox 1154 4569 1339 4641; x_wconf 83' lang='lat' dir='ltr'>potissimum</span> <span class='ocrx_word' id='word_1_335' title='bbox 1348 4571 1398 4630; x_wconf 90' lang='lat' dir='ltr'>lib.</span> <span class='ocrx_word' id='word_1_336' title='bbox 1413 4575 1630 4646; x_wconf 49' lang='lat' dir='ltr'>andenam,</span> 
     </span>
    </p>
   </div>
   <div class='ocr_carea' id='block_1_6' title="bbox 505 4664 1556 4827">
    <p class='ocr_par' dir='ltr' id='par_1_10' title="bbox 505 4664 1556 4827">
     <span class='ocr_line' id='line_1_39' title="bbox 505 4664 1556 4827; baseline 0.004 -17"><span class='ocrx_word' id='word_1_337' title='bbox 505 4664 585 4825; x_wconf 55' lang='grc' dir='ltr'>Ιωίὲ)</span> <span class='ocrx_word' id='word_1_338' title='bbox 594 4681 686 4810; x_wconf 33' lang='lat' dir='ltr'>¹2[zib.</span> <span class='ocrx_word' id='word_1_339' title='bbox 702 4769 729 4810; x_wconf 80' lang='lat' dir='ltr'>a.</span> <span class='ocrx_word' id='word_1_340' title='bbox 743 4749 908 4824; x_wconf 63' lang='lat' dir='ltr'>Physica..</span> <span class='ocrx_word' id='word_1_341' title='bbox 924 4759 994 4807; x_wconf 82' lang='lat' dir='ltr'>text.</span> <span class='ocrx_word' id='word_1_342' title='bbox 1008 4747 1051 4807; x_wconf 79' lang='lat'>18.</span> <span class='ocrx_word' id='word_1_343' title='bbox 1066 4745 1143 4808; x_wconf 84' lang='lat' dir='ltr'>Vide</span> <span class='ocrx_word' id='word_1_344' title='bbox 1156 4744 1197 4807; x_wconf 85' lang='lat' dir='ltr'>ib.</span> <span class='ocrx_word' id='word_1_345' title='bbox 1208 4747 1242 4808; x_wconf 83' lang='lat' dir='ltr'>S.</span> <span class='ocrx_word' id='word_1_346' title='bbox 1257 4748 1324 4818; x_wconf 85' lang='lat' dir='ltr'>Th..</span> <span class='ocrx_word' id='word_1_347' title='bbox 1340 4750 1392 4810; x_wconf 83' lang='lat' dir='ltr'>tib.</span> <span class='ocrx_word' id='word_1_348' title='bbox 1405 4771 1434 4824; x_wconf 81' lang='lat' dir='ltr'>a,</span> <span class='ocrx_word' id='word_1_349' title='bbox 1448 4752 1516 4813; x_wconf 82' lang='lat' dir='ltr'>lect.</span> <span class='ocrx_word' id='word_1_350' title='bbox 1529 4775 1556 4827; x_wconf 84' lang='lat'>3.</span> 
     </span>
    </p>
   </div>
   <div class='ocr_carea' id='block_1_7' title="bbox 0 0 1750 5525">
    <p class='ocr_par' dir='ltr' id='par_1_11' title="bbox 0 0 1750 5525">
     <span class='ocr_line' id='line_1_40' title="bbox 0 0 1750 5525; baseline 0 0"><span class='ocrx_word' id='word_1_351' title='bbox 0 0 1750 5525; x_wconf 95' lang='lat' dir='ltr'> </span> 
     </span>
    </p>
   </div>
  </div>
 </body>
</html>
