<?xml version="1.0" encoding="UTF-8"?>
<!DOCTYPE html PUBLIC "-//W3C//DTD XHTML 1.0 Transitional//EN"
    "http://www.w3.org/TR/xhtml1/DTD/xhtml1-transitional.dtd">
<html xmlns="http://www.w3.org/1999/xhtml" xml:lang="en" lang="en">
 <head>
  <title>
</title>
<meta http-equiv="Content-Type" content="text/html;charset=utf-8" />
  <meta name='ocr-system' content='tesseract 3.04.00' />
  <meta name='ocr-capabilities' content='ocr_page ocr_carea ocr_par ocr_line ocrx_word'/>
</head>
<body>
  <div class='ocr_page' id='page_1' title='image "./institutionesph00urrgoog/institutionesph00urrgoog_0196.png"; bbox 0 0 3492 5525; ppageno 0'>
   <div class='ocr_carea' id='block_1_1' title="bbox 529 451 1380 553">
    <p class='ocr_par' dir='ltr' id='par_1_1' title="bbox 529 451 1380 553">
     <span class='ocr_line' id='line_1_1' title="bbox 529 451 1380 553; baseline -0.036 2"><span class='ocrx_word' id='word_1_1' title='bbox 529 488 586 553; x_wconf 85' lang='lat'><em>¹74</em></span> <span class='ocrx_word' id='word_1_2' title='bbox 719 468 843 534; x_wconf 75' lang='lat' dir='ltr'><em>Locren</em></span> <span class='ocrx_word' id='word_1_3' title='bbox 864 467 1113 533; x_wconf 78' lang='lat' dir='ltr'><em>Minoa-Dtse.</em></span> <span class='ocrx_word' id='word_1_4' title='bbox 1141 481 1182 532; x_wconf 87' lang='lat' dir='ltr'><em>t.·</em></span> <span class='ocrx_word' id='word_1_5' title='bbox 1203 467 1284 532; x_wconf 77' lang='lat' dir='ltr'><em>Can.</em></span> <span class='ocrx_word' id='word_1_6' title='bbox 1308 451 1380 550; x_wconf 55' lang='lat' dir='ltr'><em>adn</em></span> 
     </span>
    </p>
   </div>
   <div class='ocr_carea' id='block_1_2' title="bbox 480 653 1609 1495">
    <p class='ocr_par' dir='ltr' id='par_1_2' title="bbox 480 653 1609 1495">
     <span class='ocr_line' id='line_1_2' title="bbox 487 653 1608 741; baseline -0.003 -20"><span class='ocrx_word' id='word_1_7' title='bbox 487 654 671 741; x_wconf 84' lang='lat' dir='ltr'><strong>philosophi</strong></span> <span class='ocrx_word' id='word_1_8' title='bbox 690 656 844 722; x_wconf 82' lang='lat' dir='ltr'><em>exsertis</em></span> <span class='ocrx_word' id='word_1_9' title='bbox 867 653 1119 740; x_wconf 88' lang='lat' dir='ltr'><em>proprietatibus</em></span> <span class='ocrx_word' id='word_1_10' title='bbox 1138 654 1178 720; x_wconf 91' lang='lat' dir='ltr'><em>ad</em></span> <span class='ocrx_word' id='word_1_11' title='bbox 1200 663 1305 720; x_wconf 87' lang='lat' dir='ltr'><em>certas</em></span> <span class='ocrx_word' id='word_1_12' title='bbox 1328 653 1540 739; x_wconf 81' lang='lat' dir='ltr'><em>assignandas</em></span> <span class='ocrx_word' id='word_1_13' title='bbox 1558 671 1608 718; x_wconf 90' lang='lat' dir='ltr'><em>es·</em></span> 
     </span>
     <span class='ocr_line' id='line_1_3' title="bbox 485 759 1606 854; baseline -0.004 -24"><span class='ocrx_word' id='word_1_14' title='bbox 485 764 606 831; x_wconf 89' lang='lat' dir='ltr'><em>sentias</em></span> <span class='ocrx_word' id='word_1_15' title='bbox 629 763 819 831; x_wconf 81' lang='lat' dir='ltr'><em>firmissimo</em></span> <span class='ocrx_word' id='word_1_16' title='bbox 844 771 1041 847; x_wconf 83' lang='lat' dir='ltr'><em>argumento</em></span> <span class='ocrx_word' id='word_1_17' title='bbox 1066 771 1250 846; x_wconf 77' lang='lat' dir='ltr'><strong>assurgant.</strong></span> <span class='ocrx_word' id='word_1_18' title='bbox 1278 759 1315 854; x_wconf 84' lang='grc' dir='ltr'><em>γ)</em></span> <span class='ocrx_word' id='word_1_19' title='bbox 1335 759 1475 828; x_wconf 76' lang='lat' dir='ltr'>Additur</span> <span class='ocrx_word' id='word_1_20' title='bbox 1492 769 1526 826; x_wconf 91' lang='lat' dir='ltr'><em>et</em></span> <span class='ocrx_word' id='word_1_21' title='bbox 1548 759 1606 826; x_wconf 88' lang='lat' dir='ltr'><em>alia</em></span> 
     </span>
     <span class='ocr_line' id='line_1_4' title="bbox 485 867 1607 957; baseline -0.004 -20"><span class='ocrx_word' id='word_1_22' title='bbox 485 870 681 949; x_wconf 80' lang='lat' dir='ltr'><em>differentia,</em></span> <span class='ocrx_word' id='word_1_23' title='bbox 700 872 784 957; x_wconf 80' lang='lat' dir='ltr'><em>quod</em></span> <span class='ocrx_word' id='word_1_24' title='bbox 800 871 964 955; x_wconf 83' lang='lat' dir='ltr'><em>proprium</em></span> <span class='ocrx_word' id='word_1_25' title='bbox 977 869 1069 954; x_wconf 85' lang='lat' dir='ltr'><em>prius</em></span> <span class='ocrx_word' id='word_1_26' title='bbox 1090 869 1239 936; x_wconf 84' lang='lat' dir='ltr'><em>convenit</em></span> <span class='ocrx_word' id='word_1_27' title='bbox 1252 867 1377 950; x_wconf 85' lang='lat' dir='ltr'><em>speciei,</em></span> <span class='ocrx_word' id='word_1_28' title='bbox 1407 879 1439 936; x_wconf 91' lang='lat' dir='ltr'><em>et</em></span> <span class='ocrx_word' id='word_1_29' title='bbox 1454 867 1607 951; x_wconf 74' lang='lat' dir='ltr'><em>posterius</em></span> 
     </span>
     <span class='ocr_line' id='line_1_5' title="bbox 484 973 1609 1061; baseline -0.005 -15"><span class='ocrx_word' id='word_1_30' title='bbox 484 979 699 1047; x_wconf 80' lang='lat' dir='ltr'><em>individuis...</em></span> <span class='ocrx_word' id='word_1_31' title='bbox 730 977 900 1061; x_wconf 76' lang='lat' dir='ltr'><em>oppositam</em></span> <span class='ocrx_word' id='word_1_32' title='bbox 925 980 1027 1042; x_wconf 84' lang='lat' dir='ltr'><em>eutem</em></span> <span class='ocrx_word' id='word_1_33' title='bbox 1053 979 1099 1042; x_wconf 85' lang='lat' dir='ltr'><em>esi</em></span> <span class='ocrx_word' id='word_1_34' title='bbox 1122 977 1161 1042; x_wconf 81' lang='lat' dir='ltr'><em>dc</em></span> <span class='ocrx_word' id='word_1_35' title='bbox 1185 976 1345 1042; x_wconf 75' lang='lat' dir='ltr'><em>occidente</em></span> <span class='ocrx_word' id='word_1_36' title='bbox 1371 975 1539 1041; x_wconf 87' lang='lat' dir='ltr'><em>cornmuni.</em></span> <span class='ocrx_word' id='word_1_37' title='bbox 1570 973 1609 1039; x_wconf 85' lang='lat' dir='ltr'><em>Si</em></span> 
     </span>
     <span class='ocr_line' id='line_1_6' title="bbox 482 1081 1606 1169; baseline -0.006 -15"><span class='ocrx_word' id='word_1_38' title='bbox 482 1088 564 1153; x_wconf 87' lang='lat' dir='ltr'><em>enim</em></span> <span class='ocrx_word' id='word_1_39' title='bbox 577 1085 741 1169; x_wconf 75' lang='lat' dir='ltr'><em>proprium</em></span> <span class='ocrx_word' id='word_1_40' title='bbox 764 1083 893 1167; x_wconf 77' lang='lat' dir='ltr'><em>respicit</em></span> <span class='ocrx_word' id='word_1_41' title='bbox 915 1083 1079 1148; x_wconf 71' lang='lat' dir='ltr'><em>individuo</em></span> <span class='ocrx_word' id='word_1_42' title='bbox 1102 1084 1137 1149; x_wconf 84' lang='lat' dir='ltr'><em>in</em></span> <span class='ocrx_word' id='word_1_43' title='bbox 1161 1086 1313 1168; x_wconf 75' lang='lat' dir='ltr'><em>quandem</em></span> <span class='ocrx_word' id='word_1_44' title='bbox 1332 1081 1606 1168; x_wconf 71' lang='lat' dir='ltr'><em>porncrpautsor-</em></span> 
     </span>
     <span class='ocr_line' id='line_1_7' title="bbox 481 1190 1607 1280; baseline -0.004 -20"><span class='ocrx_word' id='word_1_45' title='bbox 481 1213 564 1260; x_wconf 88' lang='lat' dir='ltr'><em>mam</em></span> <span class='ocrx_word' id='word_1_46' title='bbox 580 1193 769 1280; x_wconf 73' lang='lat' dir='ltr'><em>specificam,</em></span> <span class='ocrx_word' id='word_1_47' title='bbox 786 1191 950 1275; x_wconf 83' lang='lat' dir='ltr'><em>perprius</em></span> <span class='ocrx_word' id='word_1_48' title='bbox 967 1209 1041 1275; x_wconf 78' lang='lat' dir='ltr'><em>ergo</em></span> <span class='ocrx_word' id='word_1_49' title='bbox 1057 1191 1239 1278; x_wconf 73' lang='lat' dir='ltr'><em>verificatur</em></span> <span class='ocrx_word' id='word_1_50' title='bbox 1250 1191 1289 1256; x_wconf 85' lang='lat' dir='ltr'><em>dc</em></span> <span class='ocrx_word' id='word_1_51' title='bbox 1305 1190 1418 1274; x_wconf 81' lang='lat' dir='ltr'><em>speeie,</em></span> <span class='ocrx_word' id='word_1_52' title='bbox 1434 1207 1528 1275; x_wconf 80' lang='lat' dir='ltr'><em>quarn</em></span> <span class='ocrx_word' id='word_1_53' title='bbox 1538 1193 1607 1273; x_wconf 83' lang='lat' dir='ltr'><em>pri-</em></span> 
     </span>
     <span class='ocr_line' id='line_1_8' title="bbox 481 1299 1607 1386; baseline -0.002 -19"><span class='ocrx_word' id='word_1_54' title='bbox 481 1321 531 1367; x_wconf 87' lang='lat' dir='ltr'><em>mo</em></span> <span class='ocrx_word' id='word_1_55' title='bbox 548 1301 687 1384; x_wconf 78' lang='lat' dir='ltr'><em>respicit,</em></span> <span class='ocrx_word' id='word_1_56' title='bbox 707 1319 801 1386; x_wconf 85' lang='lat' dir='ltr'><em>quam</em></span> <span class='ocrx_word' id='word_1_57' title='bbox 817 1301 855 1365; x_wconf 85' lang='lat' dir='ltr'><em>de</em></span> <span class='ocrx_word' id='word_1_58' title='bbox 871 1299 1071 1375; x_wconf 75' lang='lat' dir='ltr'><em>individuis,</em></span> <span class='ocrx_word' id='word_1_59' title='bbox 1096 1303 1128 1364; x_wconf 84' lang='lat' dir='ltr'><em>et</em></span> <span class='ocrx_word' id='word_1_60' title='bbox 1137 1305 1196 1380; x_wconf 84' lang='lat' dir='ltr'><em>per</em></span> <span class='ocrx_word' id='word_1_61' title='bbox 1221 1315 1409 1384; x_wconf 79' lang='lat' dir='ltr'><em>consequens</em></span> <span class='ocrx_word' id='word_1_62' title='bbox 1434 1299 1607 1367; x_wconf 73' lang='lat' dir='ltr'><em>individuis</em></span> 
     </span>
     <span class='ocr_line' id='line_1_9' title="bbox 480 1405 1607 1495; baseline 0 -19"><span class='ocrx_word' id='word_1_63' title='bbox 480 1410 640 1487; x_wconf 83' lang='lat' dir='ltr'><em>convenit,</em></span> <span class='ocrx_word' id='word_1_64' title='bbox 668 1410 745 1495; x_wconf 81' lang='lat' dir='ltr'><em>quio</em></span> <span class='ocrx_word' id='word_1_65' title='bbox 770 1406 915 1473; x_wconf 82' lang='lat' dir='ltr'><em>convenil</em></span> <span class='ocrx_word' id='word_1_66' title='bbox 942 1405 1108 1489; x_wconf 78' lang='lat' dir='ltr'><em>speciebus.</em></span> <span class='ocrx_word' id='word_1_67' title='bbox 1137 1406 1293 1472; x_wconf 75' lang='lat' dir='ltr'><em>Accidens</em></span> <span class='ocrx_word' id='word_1_68' title='bbox 1318 1410 1421 1472; x_wconf 68' lang='lat' dir='ltr'><em>ouum</em></span> <span class='ocrx_word' id='word_1_69' title='bbox 1446 1426 1518 1473; x_wconf 87' lang='lat' dir='ltr'><em>cum</em></span> <span class='ocrx_word' id='word_1_70' title='bbox 1543 1429 1607 1476; x_wconf 87' lang='lat' dir='ltr'><em>non</em></span> 
     </span>
    </p>
   </div>
   <div class='ocr_carea' id='block_1_3' title="bbox 422 1513 1724 1604">
    <p class='ocr_par' dir='ltr' id='par_1_3' title="bbox 422 1513 1724 1604">
     <span class='ocr_line' id='line_1_10' title="bbox 422 1513 1724 1604; baseline 0.001 -21"><span class='ocrx_word' id='word_1_71' title='bbox 422 1513 431 1524; x_wconf 81' lang='grc'><em>“</em></span> <span class='ocrx_word' id='word_1_72' title='bbox 480 1517 628 1600; x_wconf 77' lang='lat' dir='ltr'><em>respiciat</em></span> <span class='ocrx_word' id='word_1_73' title='bbox 642 1517 826 1604; x_wconf 66' lang='lat' dir='ltr'><em>subiectum,</em></span> <span class='ocrx_word' id='word_1_74' title='bbox 846 1515 911 1580; x_wconf 88' lang='lat' dir='ltr'><em>nisi</em></span> <span class='ocrx_word' id='word_1_75' title='bbox 923 1514 1042 1580; x_wconf 80' lang='lat' dir='ltr'><em>ratrbne</em></span> <span class='ocrx_word' id='word_1_76' title='bbox 1060 1513 1267 1590; x_wconf 69' lang='lat' dir='ltr'><em>inhaerentiae,</em></span> <span class='ocrx_word' id='word_1_77' title='bbox 1285 1517 1318 1579; x_wconf 84' lang='lat' dir='ltr'><em>ct</em></span> <span class='ocrx_word' id='word_1_78' title='bbox 1326 1515 1485 1600; x_wconf 81' lang='lat' dir='ltr'><em>perprius</em></span> <span class='ocrx_word' id='word_1_79' title='bbox 1497 1537 1607 1584; x_wconf 84' lang='lat' dir='ltr'><em>conae·</em></span> <span class='ocrx_word' id='word_1_80' title='bbox 1723 1525 1724 1534; x_wconf 78' lang='grc'>’</span> 
     </span>
    </p>
   </div>
   <div class='ocr_carea' id='block_1_4' title="bbox 411 1621 1640 4073">
    <p class='ocr_par' dir='ltr' id='par_1_4' title="bbox 478 1621 1640 1929">
     <span class='ocr_line' id='line_1_11' title="bbox 479 1621 1608 1710; baseline 0.004 -20"><span class='ocrx_word' id='word_1_81' title='bbox 479 1625 531 1690; x_wconf 81' lang='lat' dir='ltr'><em>nit</em></span> <span class='ocrx_word' id='word_1_82' title='bbox 550 1626 691 1690; x_wconf 80' lang='lat' dir='ltr'><em>substare</em></span> <span class='ocrx_word' id='word_1_83' title='bbox 710 1622 900 1698; x_wconf 74' lang='lat' dir='ltr'><em>indebrduis,</em></span> <span class='ocrx_word' id='word_1_84' title='bbox 920 1639 1013 1706; x_wconf 87' lang='lat' dir='ltr'><em>quam</em></span> <span class='ocrx_word' id='word_1_85' title='bbox 1030 1621 1173 1687; x_wconf 70' lang='lat' dir='ltr'><em>secundis</em></span> <span class='ocrx_word' id='word_1_86' title='bbox 1190 1622 1359 1688; x_wconf 79' lang='lat' dir='ltr'><em>substantie</em></span> <span class='ocrx_word' id='word_1_87' title='bbox 1385 1621 1423 1710; x_wconf 92' lang='lat' dir='ltr'><em>(i.</em></span> <span class='ocrx_word' id='word_1_88' title='bbox 1443 1644 1474 1693; x_wconf 89' lang='lat' dir='ltr'><em>e.</em></span> <span class='ocrx_word' id='word_1_89' title='bbox 1494 1645 1608 1694; x_wconf 90' lang='lat' dir='ltr'><em>essen-</em></span> 
     </span>
     <span class='ocr_line' id='line_1_12' title="bbox 479 1715 1640 1819; baseline 0.001 -21"><span class='ocrx_word' id='word_1_90' title='bbox 479 1732 533 1798; x_wconf 81' lang='lat' dir='ltr'><em>tia</em></span> <span class='ocrx_word' id='word_1_91' title='bbox 560 1728 743 1819; x_wconf 84' lang='lat' dir='ltr'><em>specificae).</em></span> <span class='ocrx_word' id='word_1_92' title='bbox 769 1731 926 1796; x_wconf 77' lang='lat' dir='ltr'><em>Accidens</em></span> <span class='ocrx_word' id='word_1_93' title='bbox 947 1746 1018 1813; x_wconf 80' lang='lat' dir='ltr'><em>ergo</em></span> <span class='ocrx_word' id='word_1_94' title='bbox 1040 1729 1185 1795; x_wconf 83' lang='lat' dir='ltr'><em>convenit</em></span> <span class='ocrx_word' id='word_1_95' title='bbox 1203 1729 1315 1812; x_wconf 84' lang='lat' dir='ltr'><em>speciei</em></span> <span class='ocrx_word' id='word_1_96' title='bbox 1339 1729 1461 1796; x_wconf 82' lang='lat' dir='ltr'><em>ratione</em></span> <span class='ocrx_word' id='word_1_97' title='bbox 1488 1732 1607 1799; x_wconf 82' lang='lat' dir='ltr'><em>indivi-</em></span> <span class='ocrx_word' id='word_1_98' title='bbox 1638 1715 1640 1719; x_wconf 33' lang='lat'>⁸</span> 
     </span>
     <span class='ocr_line' id='line_1_13' title="bbox 478 1833 1450 1929; baseline -0.003 -22"><span class='ocrx_word' id='word_1_99' title='bbox 478 1842 537 1907; x_wconf 85' lang='lat' dir='ltr'><em>dui</em></span> <span class='ocrx_word' id='word_1_100' title='bbox 553 1837 618 1929; x_wconf 87' lang='lat' dir='ltr'><em>(t).</em></span> <span class='ocrx_word' id='word_1_101' title='bbox 1047 1833 1050 1840; x_wconf 83' lang='lat'>&#39;</span> <span class='ocrx_word' id='word_1_102' title='bbox 1446 1911 1450 1920; x_wconf 52' lang='grc'>,</span> 
     </span>
    </p>

    <p class='ocr_par' dir='ltr' id='par_1_5' title="bbox 411 1936 1606 4073">
     <span class='ocr_line' id='line_1_14' title="bbox 545 1936 1602 2032; baseline -0.001 -17"><span class='ocrx_word' id='word_1_103' title='bbox 545 1951 640 2015; x_wconf 86' lang='lat' dir='ltr'><em>Nunc</em></span> <span class='ocrx_word' id='word_1_104' title='bbox 661 1947 840 2032; x_wconf 85' lang='lat' dir='ltr'><em>intelligere</em></span> <span class='ocrx_word' id='word_1_105' title='bbox 867 1936 1017 2031; x_wconf 71' lang='lat' dir='ltr'><em>poteris,</em></span> <span class='ocrx_word' id='word_1_106' title='bbox 1036 1965 1094 2013; x_wconf 93' lang='lat' dir='ltr'><em>cur</em></span> <span class='ocrx_word' id='word_1_107' title='bbox 1113 1946 1259 2030; x_wconf 85' lang='lat' dir='ltr'><em>quinque</em></span> <span class='ocrx_word' id='word_1_108' title='bbox 1285 1947 1349 2013; x_wconf 92' lang='lat' dir='ltr'><em>sint</em></span> <span class='ocrx_word' id='word_1_109' title='bbox 1378 1948 1602 2032; x_wconf 73' lang='lat' dir='ltr'><em>predicanda,</em></span> 
     </span>
     <span class='ocr_line' id='line_1_15' title="bbox 411 2053 1606 2146; baseline 0 -25"><span class='ocrx_word' id='word_1_110' title='bbox 411 2058 439 2088; x_wconf 78' lang='lat'><em>¹²⁰</em></span> <span class='ocrx_word' id='word_1_111' title='bbox 480 2075 539 2122; x_wconf 88' lang='lat' dir='ltr'><em>nec</em></span> <span class='ocrx_word' id='word_1_112' title='bbox 557 2057 649 2141; x_wconf 89' lang='lat' dir='ltr'><em>plura</em></span> <span class='ocrx_word' id='word_1_113' title='bbox 668 2074 728 2121; x_wconf 87' lang='lat' dir='ltr'><em>nec</em></span> <span class='ocrx_word' id='word_1_114' title='bbox 746 2055 908 2140; x_wconf 88' lang='lat' dir='ltr'><em>pauciora.</em></span> <span class='ocrx_word' id='word_1_115' title='bbox 934 2055 1017 2120; x_wconf 91' lang='lat' dir='ltr'><em>Nam</em></span> <span class='ocrx_word' id='word_1_116' title='bbox 1038 2055 1193 2137; x_wconf 82' lang='lat' dir='ltr'><em>quaelibet</em></span> <span class='ocrx_word' id='word_1_117' title='bbox 1212 2054 1292 2120; x_wconf 87' lang='lat' dir='ltr'><em>tatio</em></span> <span class='ocrx_word' id='word_1_118' title='bbox 1313 2053 1502 2146; x_wconf 83' lang='lat' dir='ltr'><em>universalis</em></span> <span class='ocrx_word' id='word_1_119' title='bbox 1525 2075 1606 2141; x_wconf 87' lang='lat' dir='ltr'><em>prae-</em></span> 
     </span>
     <span class='ocr_line' id='line_1_16' title="bbox 478 2161 1605 2248; baseline 0.001 -19"><span class='ocrx_word' id='word_1_120' title='bbox 478 2164 603 2230; x_wconf 87' lang='lat' dir='ltr'><em>dicatur</em></span> <span class='ocrx_word' id='word_1_121' title='bbox 615 2163 656 2229; x_wconf 92' lang='lat' dir='ltr'><em>de</em></span> <span class='ocrx_word' id='word_1_122' title='bbox 674 2163 821 2248; x_wconf 87' lang='lat' dir='ltr'><em>subjecto</em></span> <span class='ocrx_word' id='word_1_123' title='bbox 840 2170 897 2227; x_wconf 89' lang='lat' dir='ltr'><em>aut</em></span> <span class='ocrx_word' id='word_1_124' title='bbox 915 2161 948 2226; x_wconf 92' lang='lat' dir='ltr'><em>in</em></span> <span class='ocrx_word' id='word_1_125' title='bbox 963 2161 1144 2245; x_wconf 84' lang='lat' dir='ltr'><em>quaestione</em></span> <span class='ocrx_word' id='word_1_126' title='bbox 1159 2161 1238 2246; x_wconf 86' lang='lat' dir='ltr'><em>quid</em></span> <span class='ocrx_word' id='word_1_127' title='bbox 1250 2167 1314 2240; x_wconf 87' lang='lat' dir='ltr'><em>esl,</em></span> <span class='ocrx_word' id='word_1_128' title='bbox 1331 2172 1388 2228; x_wconf 92' lang='lat' dir='ltr'><em>aut</em></span> <span class='ocrx_word' id='word_1_129' title='bbox 1401 2163 1434 2229; x_wconf 93' lang='lat' dir='ltr'><em>in</em></span> <span class='ocrx_word' id='word_1_130' title='bbox 1450 2165 1605 2246; x_wconf 87' lang='lat' dir='ltr'><em>quaestio-</em></span> 
     </span>
     <span class='ocr_line' id='line_1_17' title="bbox 480 2269 1606 2356; baseline 0 -19"><span class='ocrx_word' id='word_1_131' title='bbox 480 2291 520 2338; x_wconf 90' lang='lat' dir='ltr'><em>ne</em></span> <span class='ocrx_word' id='word_1_132' title='bbox 534 2273 694 2356; x_wconf 85' lang='lat' dir='ltr'><em>qualcest.</em></span> <span class='ocrx_word' id='word_1_133' title='bbox 716 2270 749 2336; x_wconf 88' lang='lat' dir='ltr'><em>Si</em></span> <span class='ocrx_word' id='word_1_134' title='bbox 770 2270 932 2354; x_wconf 89' lang='lat' dir='ltr'><em>primum,</em></span> <span class='ocrx_word' id='word_1_135' title='bbox 958 2270 1009 2336; x_wconf 90' lang='lat' dir='ltr'><em>vel</em></span> <span class='ocrx_word' id='word_1_136' title='bbox 1033 2269 1188 2354; x_wconf 83' lang='lat' dir='ltr'><em>importat</em></span> <span class='ocrx_word' id='word_1_137' title='bbox 1202 2269 1362 2354; x_wconf 85' lang='lat' dir='ltr'><em>integram</em></span> <span class='ocrx_word' id='word_1_138' title='bbox 1384 2280 1533 2338; x_wconf 88' lang='lat' dir='ltr'><em>naturam</em></span> <span class='ocrx_word' id='word_1_139' title='bbox 1549 2291 1606 2337; x_wconf 92' lang='lat' dir='ltr'><em>eo-</em></span> 
     </span>
     <span class='ocr_line' id='line_1_18' title="bbox 479 2376 1602 2463; baseline 0 -19"><span class='ocrx_word' id='word_1_140' title='bbox 479 2397 570 2456; x_wconf 88' lang='lat' dir='ltr'><em>rum,</em></span> <span class='ocrx_word' id='word_1_141' title='bbox 587 2381 627 2444; x_wconf 90' lang='lat' dir='ltr'><em>de</em></span> <span class='ocrx_word' id='word_1_142' title='bbox 643 2378 762 2463; x_wconf 83' lang='lat' dir='ltr'><em>qubus</em></span> <span class='ocrx_word' id='word_1_143' title='bbox 779 2376 940 2462; x_wconf 88' lang='lat' dir='ltr'><em>praedicari</em></span> <span class='ocrx_word' id='word_1_144' title='bbox 956 2386 1080 2462; x_wconf 89' lang='lat' dir='ltr'><em>potest,</em></span> <span class='ocrx_word' id='word_1_145' title='bbox 1102 2385 1135 2442; x_wconf 90' lang='lat' dir='ltr'><em>et</em></span> <span class='ocrx_word' id='word_1_146' title='bbox 1153 2386 1232 2442; x_wconf 89' lang='lat' dir='ltr'><em>tunc</em></span> <span class='ocrx_word' id='word_1_147' title='bbox 1250 2379 1385 2444; x_wconf 88' lang='lat' dir='ltr'><em>habetur</em></span> <span class='ocrx_word' id='word_1_148' title='bbox 1402 2379 1533 2460; x_wconf 81' lang='lat' dir='ltr'><em>speeies,</em></span> <span class='ocrx_word' id='word_1_149' title='bbox 1551 2383 1602 2446; x_wconf 91' lang='lat' dir='ltr'><em>vel</em></span> 
     </span>
     <span class='ocr_line' id='line_1_19' title="bbox 478 2484 1604 2570; baseline 0.002 -20"><span class='ocrx_word' id='word_1_150' title='bbox 478 2495 602 2570; x_wconf 86' lang='lat' dir='ltr'><em>partem</em></span> <span class='ocrx_word' id='word_1_151' title='bbox 625 2495 754 2552; x_wconf 90' lang='lat' dir='ltr'><em>tantum</em></span> <span class='ocrx_word' id='word_1_152' title='bbox 778 2495 900 2552; x_wconf 87' lang='lat' dir='ltr'><em>naturae</em></span> <span class='ocrx_word' id='word_1_153' title='bbox 924 2497 956 2552; x_wconf 89' lang='lat' dir='ltr'><em>et</em></span> <span class='ocrx_word' id='word_1_154' title='bbox 977 2493 1110 2550; x_wconf 87' lang='lat' dir='ltr'><em>vocatur</em></span> <span class='ocrx_word' id='word_1_155' title='bbox 1130 2503 1240 2567; x_wconf 82' lang='lat' dir='ltr'><em>genus.</em></span> <span class='ocrx_word' id='word_1_156' title='bbox 1266 2484 1298 2549; x_wconf 92' lang='lat' dir='ltr'><em>Si</em></span> <span class='ocrx_word' id='word_1_157' title='bbox 1314 2505 1396 2559; x_wconf 78' lang='lat' dir='ltr'><em>¹uero</em></span> <span class='ocrx_word' id='word_1_158' title='bbox 1415 2487 1604 2570; x_wconf 84' lang='lat' dir='ltr'><em>praedicatur</em></span> 
     </span>
     <span class='ocr_line' id='line_1_20' title="bbox 477 2591 1604 2679; baseline 0 -19"><span class='ocrx_word' id='word_1_159' title='bbox 477 2593 509 2660; x_wconf 94' lang='lat' dir='ltr'><em>in</em></span> <span class='ocrx_word' id='word_1_160' title='bbox 529 2595 708 2679; x_wconf 82' lang='lat' dir='ltr'><em>quaestione</em></span> <span class='ocrx_word' id='word_1_161' title='bbox 721 2595 829 2678; x_wconf 70' lang='lat' dir='ltr'><em>quob,</em></span> <span class='ocrx_word' id='word_1_162' title='bbox 846 2601 901 2658; x_wconf 90' lang='lat' dir='ltr'><em>aut</em></span> <span class='ocrx_word' id='word_1_163' title='bbox 920 2591 1052 2658; x_wconf 89' lang='lat' dir='ltr'><em>exhibet</em></span> <span class='ocrx_word' id='word_1_164' title='bbox 1070 2591 1192 2676; x_wconf 88' lang='lat' dir='ltr'><em>aliquid</em></span> <span class='ocrx_word' id='word_1_165' title='bbox 1206 2593 1353 2678; x_wconf 86' lang='lat' dir='ltr'><em>subjecto</em></span> <span class='ocrx_word' id='word_1_166' title='bbox 1371 2594 1554 2672; x_wconf 82' lang='lat' dir='ltr'><em>essentiale,</em></span> <span class='ocrx_word' id='word_1_167' title='bbox 1571 2604 1604 2660; x_wconf 91' lang='lat' dir='ltr'><em>et</em></span> 
     </span>
     <span class='ocr_line' id='line_1_21' title="bbox 475 2699 1603 2787; baseline 0 -18"><span class='ocrx_word' id='word_1_168' title='bbox 475 2709 526 2769; x_wconf 87' lang='lat' dir='ltr'><em>est</em></span> <span class='ocrx_word' id='word_1_169' title='bbox 549 2702 723 2787; x_wconf 55' lang='lat' dir='ltr'><em>differentia</em></span> <span class='ocrx_word' id='word_1_170' title='bbox 740 2699 900 2786; x_wconf 63' lang='lat' dir='ltr'><em>specificas</em></span> <span class='ocrx_word' id='word_1_171' title='bbox 923 2701 974 2767; x_wconf 89' lang='lat' dir='ltr'><em>vel</em></span> <span class='ocrx_word' id='word_1_172' title='bbox 997 2699 1208 2783; x_wconf 83' lang='lat' dir='ltr'><em>accidentale3</em></span> <span class='ocrx_word' id='word_1_173' title='bbox 1230 2708 1263 2767; x_wconf 93' lang='lat' dir='ltr'><em>et</em></span> <span class='ocrx_word' id='word_1_174' title='bbox 1283 2709 1361 2769; x_wconf 87' lang='lat' dir='ltr'><em>tunc</em></span> <span class='ocrx_word' id='word_1_175' title='bbox 1381 2703 1432 2768; x_wconf 88' lang='lat' dir='ltr'><em>vel</em></span> <span class='ocrx_word' id='word_1_176' title='bbox 1453 2703 1603 2787; x_wconf 80' lang='lat' dir='ltr'><em>praedica·</em></span> 
     </span>
     <span class='ocr_line' id='line_1_22' title="bbox 475 2808 1598 2895; baseline -0.001 -19"><span class='ocrx_word' id='word_1_177' title='bbox 475 2819 528 2876; x_wconf 91' lang='lat' dir='ltr'><em>tur</em></span> <span class='ocrx_word' id='word_1_178' title='bbox 554 2819 726 2894; x_wconf 84' lang='lat' dir='ltr'><strong>tamquam</strong></span> <span class='ocrx_word' id='word_1_179' title='bbox 754 2809 876 2893; x_wconf 87' lang='lat' dir='ltr'><em>aliquid</em></span> <span class='ocrx_word' id='word_1_180' title='bbox 904 2808 1083 2875; x_wconf 89' lang='lat' dir='ltr'><em>necessario</em></span> <span class='ocrx_word' id='word_1_181' title='bbox 1111 2809 1312 2877; x_wconf 86' lang='lat' dir='ltr'><em>conveniens</em></span> <span class='ocrx_word' id='word_1_182' title='bbox 1345 2810 1509 2895; x_wconf 89' lang='lat' dir='ltr'><em>subjecto,</em></span> <span class='ocrx_word' id='word_1_183' title='bbox 1547 2812 1598 2876; x_wconf 89' lang='lat' dir='ltr'><em>vel</em></span> 
     </span>
     <span class='ocr_line' id='line_1_23' title="bbox 474 2917 1598 3002; baseline -0.002 -17"><span class='ocrx_word' id='word_1_184' title='bbox 474 2920 582 2985; x_wconf 90' lang='lat' dir='ltr'><em>solum</em></span> <span class='ocrx_word' id='word_1_185' title='bbox 613 2918 841 3002; x_wconf 84' lang='lat' dir='ltr'><em>contingenter</em></span> <span class='ocrx_word' id='word_1_186' title='bbox 869 2924 902 2981; x_wconf 89' lang='lat' dir='ltr'><em>et</em></span> <span class='ocrx_word' id='word_1_187' title='bbox 929 2917 1089 2985; x_wconf 88' lang='lat' dir='ltr'><em>habentur</em></span> <span class='ocrx_word' id='word_1_188' title='bbox 1122 2917 1245 3002; x_wconf 91' lang='lat' dir='ltr'><em>reliqua</em></span> <span class='ocrx_word' id='word_1_189' title='bbox 1274 2917 1341 2983; x_wconf 87' lang='lat' dir='ltr'><em>duo</em></span> <span class='ocrx_word' id='word_1_190' title='bbox 1370 2917 1598 3001; x_wconf 73' lang='lat' dir='ltr'><em>praedicabilia,</em></span> 
     </span>
     <span class='ocr_line' id='line_1_24' title="bbox 468 3025 859 3109; baseline 0 -18"><span class='ocrx_word' id='word_1_191' title='bbox 468 3025 632 3109; x_wconf 79' lang='lat' dir='ltr'><em>proprium</em></span> <span class='ocrx_word' id='word_1_192' title='bbox 651 3034 684 3091; x_wconf 90' lang='lat' dir='ltr'><em>et</em></span> <span class='ocrx_word' id='word_1_193' title='bbox 701 3026 859 3091; x_wconf 84' lang='lat' dir='ltr'><em>acer&#39;dens.</em></span> 
     </span>
     <span class='ocr_line' id='line_1_25' title="bbox 423 3130 1600 3217; baseline 0 -18"><span class='ocrx_word' id='word_1_194' title='bbox 423 3210 428 3216; x_wconf 26' lang='lat'><strong>¹</strong></span> <span class='ocrx_word' id='word_1_195' title='bbox 540 3134 638 3199; x_wconf 86' lang='lat' dir='ltr'><em>Paulo</em></span> <span class='ocrx_word' id='word_1_196' title='bbox 656 3132 747 3198; x_wconf 89' lang='lat' dir='ltr'><em>aliter</em></span> <span class='ocrx_word' id='word_1_197' title='bbox 765 3132 917 3198; x_wconf 89' lang='lat' dir='ltr'><em>eamdem</em></span> <span class='ocrx_word' id='word_1_198' title='bbox 937 3150 1005 3197; x_wconf 92' lang='lat' dir='ltr'><em>rem</em></span> <span class='ocrx_word' id='word_1_199' title='bbox 1031 3130 1078 3199; x_wconf 92' lang='lat' dir='ltr'><em>sic</em></span> <span class='ocrx_word' id='word_1_200' title='bbox 1104 3132 1268 3217; x_wconf 85' lang='lat' dir='ltr'><em>probabis.</em></span> <span class='ocrx_word' id='word_1_201' title='bbox 1289 3131 1460 3217; x_wconf 87' lang='lat' dir='ltr'><em>Quidquid</em></span> <span class='ocrx_word' id='word_1_202' title='bbox 1478 3134 1519 3200; x_wconf 94' lang='lat' dir='ltr'><em>de</em></span> <span class='ocrx_word' id='word_1_203' title='bbox 1538 3134 1600 3199; x_wconf 89' lang='lat' dir='ltr'><em>alio</em></span> 
     </span>
     <span class='ocr_line' id='line_1_26' title="bbox 473 3239 1599 3326; baseline 0 -19"><span class='ocrx_word' id='word_1_204' title='bbox 473 3240 680 3326; x_wconf 84' lang='lat' dir='ltr'><em>praedicatur,</em></span> <span class='ocrx_word' id='word_1_205' title='bbox 702 3242 753 3307; x_wconf 91' lang='lat' dir='ltr'><em>vel</em></span> <span class='ocrx_word' id='word_1_206' title='bbox 773 3250 823 3307; x_wconf 91' lang='lat' dir='ltr'><em>est</em></span> <span class='ocrx_word' id='word_1_207' title='bbox 847 3239 876 3305; x_wconf 91' lang='lat' dir='ltr'><em>ei</em></span> <span class='ocrx_word' id='word_1_208' title='bbox 895 3239 1084 3317; x_wconf 85' lang='lat' dir='ltr'><em>essentiale,</em></span> <span class='ocrx_word' id='word_1_209' title='bbox 1106 3242 1158 3305; x_wconf 90' lang='lat' dir='ltr'><em>vel</em></span> <span class='ocrx_word' id='word_1_210' title='bbox 1178 3259 1258 3306; x_wconf 94' lang='lat' dir='ltr'><em>non.</em></span> <span class='ocrx_word' id='word_1_211' title='bbox 1279 3240 1313 3306; x_wconf 89' lang='lat' dir='ltr'><em>Si</em></span> <span class='ocrx_word' id='word_1_212' title='bbox 1333 3241 1521 3323; x_wconf 83' lang='lat' dir='ltr'><em>essentiale,</em></span> <span class='ocrx_word' id='word_1_213' title='bbox 1546 3244 1599 3308; x_wconf 90' lang='lat' dir='ltr'><em>vel</em></span> 
     </span>
     <span class='ocr_line' id='line_1_27' title="bbox 472 3346 1597 3443; baseline 0.002 -31"><span class='ocrx_word' id='word_1_214' title='bbox 472 3346 553 3443; x_wconf 35' lang='lat' dir='ltr'><em>ideo,</em></span> <span class='ocrx_word' id='word_1_215' title='bbox 571 3350 647 3432; x_wconf 89' lang='lat' dir='ltr'><em>quia</em></span> <span class='ocrx_word' id='word_1_216' title='bbox 673 3346 826 3432; x_wconf 85' lang='lat' dir='ltr'><em>exprimit</em></span> <span class='ocrx_word' id='word_1_217' title='bbox 843 3356 947 3413; x_wconf 86' lang='lat' dir='ltr'><em>totam</em></span> <span class='ocrx_word' id='word_1_218' title='bbox 976 3348 1046 3434; x_wconf 87' lang='lat' dir='ltr'><em>ejus</em></span> <span class='ocrx_word' id='word_1_219' title='bbox 1073 3346 1267 3425; x_wconf 86' lang='lat' dir='ltr'><em>essentiam,</em></span> <span class='ocrx_word' id='word_1_220' title='bbox 1300 3348 1350 3414; x_wconf 89' lang='lat' dir='ltr'><em>vel</em></span> <span class='ocrx_word' id='word_1_221' title='bbox 1377 3348 1453 3433; x_wconf 89' lang='lat' dir='ltr'><em>quia</em></span> <span class='ocrx_word' id='word_1_222' title='bbox 1472 3356 1597 3433; x_wconf 89' lang='lat' dir='ltr'><em>partem</em></span> 
     </span>
     <span class='ocr_line' id='line_1_28' title="bbox 472 3454 1599 3540; baseline 0.004 -21"><span class='ocrx_word' id='word_1_223' title='bbox 472 3463 618 3533; x_wconf 91' lang='lat' dir='ltr'><em>tantum,</em></span> <span class='ocrx_word' id='word_1_224' title='bbox 645 3456 714 3524; x_wconf 90' lang='lat' dir='ltr'><em>sive</em></span> <span class='ocrx_word' id='word_1_225' title='bbox 739 3456 1017 3523; x_wconf 86' lang='lat' dir='ltr'><em>determinabilem</em></span> <span class='ocrx_word' id='word_1_226' title='bbox 1038 3464 1070 3520; x_wconf 90' lang='lat' dir='ltr'><em>et</em></span> <span class='ocrx_word' id='word_1_227' title='bbox 1097 3454 1202 3540; x_wconf 84' lang='lat' dir='ltr'><em>magis</em></span> <span class='ocrx_word' id='word_1_228' title='bbox 1221 3456 1408 3539; x_wconf 83' lang='lat' dir='ltr'><em>generalem</em></span> <span class='ocrx_word' id='word_1_229' title='bbox 1437 3474 1473 3523; x_wconf 89' lang='lat' dir='ltr'><em>ac</em></span> <span class='ocrx_word' id='word_1_230' title='bbox 1502 3455 1599 3523; x_wconf 90' lang='lat' dir='ltr'><em>rebus</em></span> 
     </span>
     <span class='ocr_line' id='line_1_29' title="bbox 471 3562 1595 3646; baseline 0.001 -18"><span class='ocrx_word' id='word_1_231' title='bbox 471 3580 605 3646; x_wconf 90' lang='lat' dir='ltr'><em>quoque</em></span> <span class='ocrx_word' id='word_1_232' title='bbox 624 3563 758 3629; x_wconf 89' lang='lat' dir='ltr'><em>aliarum</em></span> <span class='ocrx_word' id='word_1_233' title='bbox 778 3576 967 3631; x_wconf 88' lang='lat' dir='ltr'><em>naturarum</em></span> <span class='ocrx_word' id='word_1_234' title='bbox 986 3580 1222 3639; x_wconf 87' lang='lat' dir='ltr'><em>communem,</em></span> <span class='ocrx_word' id='word_1_235' title='bbox 1240 3562 1308 3629; x_wconf 89' lang='lat' dir='ltr'><em>sive</em></span> <span class='ocrx_word' id='word_1_236' title='bbox 1322 3563 1595 3630; x_wconf 89' lang='lat' dir='ltr'><em>determinantem</em></span> 
     </span>
     <span class='ocr_line' id='line_1_30' title="bbox 471 3668 1599 3756; baseline 0.002 -21"><span class='ocrx_word' id='word_1_237' title='bbox 471 3688 508 3735; x_wconf 87' lang='lat' dir='ltr'><em>ae</em></span> <span class='ocrx_word' id='word_1_238' title='bbox 534 3670 710 3756; x_wconf 86' lang='lat' dir='ltr'><em>propriam.</em></span> <span class='ocrx_word' id='word_1_239' title='bbox 739 3669 772 3736; x_wconf 85' lang='lat' dir='ltr'><em>st</em></span> <span class='ocrx_word' id='word_1_240' title='bbox 799 3670 943 3755; x_wconf 89' lang='lat' dir='ltr'><em>primum</em></span> <span class='ocrx_word' id='word_1_241' title='bbox 971 3668 1157 3756; x_wconf 83' lang='lat' dir='ltr'><em>contingat,</em></span> <span class='ocrx_word' id='word_1_242' title='bbox 1185 3669 1325 3737; x_wconf 89' lang='lat' dir='ltr'><em>habetur</em></span> <span class='ocrx_word' id='word_1_243' title='bbox 1341 3670 1472 3753; x_wconf 64' lang='lat' dir='ltr'><em>speciem</em></span> <span class='ocrx_word' id='word_1_244' title='bbox 1494 3671 1520 3737; x_wconf 90' lang='lat' dir='ltr'><em>si</em></span> <span class='ocrx_word' id='word_1_245' title='bbox 1547 3690 1599 3737; x_wconf 89' lang='lat' dir='ltr'><em>se-</em></span> 
     </span>
     <span class='ocr_line' id='line_1_31' title="bbox 470 3776 1598 3865; baseline 0.001 -21"><span class='ocrx_word' id='word_1_246' title='bbox 470 3778 638 3863; x_wconf 89' lang='lat' dir='ltr'><em>cundum,</em></span> <span class='ocrx_word' id='word_1_247' title='bbox 666 3795 781 3862; x_wconf 56' lang='lat' dir='ltr'><em>genus·</em></span> <span class='ocrx_word' id='word_1_248' title='bbox 809 3778 859 3851; x_wconf 87' lang='lat' dir='ltr'><em>sin</em></span> <span class='ocrx_word' id='word_1_249' title='bbox 888 3776 1041 3854; x_wconf 90' lang='lat' dir='ltr'><em>tertium,</em></span> <span class='ocrx_word' id='word_1_250' title='bbox 1069 3776 1244 3860; x_wconf 78' lang='lat' dir='ltr'><em>differentia</em></span> <span class='ocrx_word' id='word_1_251' title='bbox 1276 3778 1431 3865; x_wconf 80' lang='lat' dir='ltr'><em>specrfim.</em></span> <span class='ocrx_word' id='word_1_252' title='bbox 1459 3778 1493 3844; x_wconf 90' lang='lat' dir='ltr'><em>Si</em></span> <span class='ocrx_word' id='word_1_253' title='bbox 1519 3797 1598 3845; x_wconf 88' lang='lat' dir='ltr'><em>vero</em></span> 
     </span>
     <span class='ocr_line' id='line_1_32' title="bbox 471 3883 1597 3971; baseline 0.002 -22"><span class='ocrx_word' id='word_1_254' title='bbox 471 3884 503 3951; x_wconf 92' lang='lat' dir='ltr'><em>id</em></span> <span class='ocrx_word' id='word_1_255' title='bbox 522 3886 613 3969; x_wconf 90' lang='lat' dir='ltr'><em>quod</em></span> <span class='ocrx_word' id='word_1_256' title='bbox 631 3885 673 3951; x_wconf 91' lang='lat' dir='ltr'><em>de</em></span> <span class='ocrx_word' id='word_1_257' title='bbox 692 3884 840 3970; x_wconf 90' lang='lat' dir='ltr'><em>pluribus</em></span> <span class='ocrx_word' id='word_1_258' title='bbox 859 3883 1069 3970; x_wconf 87' lang='lat' dir='ltr'><em>praedicatur,</em></span> <span class='ocrx_word' id='word_1_259' title='bbox 1093 3903 1158 3950; x_wconf 94' lang='lat' dir='ltr'><em>non</em></span> <span class='ocrx_word' id='word_1_260' title='bbox 1178 3884 1220 3951; x_wconf 89' lang='lat' dir='ltr'><em>sit</em></span> <span class='ocrx_word' id='word_1_261' title='bbox 1243 3884 1321 3971; x_wconf 90' lang='lat' dir='ltr'><em>ipsis</em></span> <span class='ocrx_word' id='word_1_262' title='bbox 1340 3886 1524 3964; x_wconf 87' lang='lat' dir='ltr'><em>essentiale,</em></span> <span class='ocrx_word' id='word_1_263' title='bbox 1545 3888 1597 3953; x_wconf 89' lang='lat' dir='ltr'><em>vel</em></span> 
     </span>
     <span class='ocr_line' id='line_1_33' title="bbox 470 3990 1598 4073; baseline 0.004 -17"><span class='ocrx_word' id='word_1_264' title='bbox 470 3990 542 4058; x_wconf 91' lang='lat' dir='ltr'><em>lluit</em></span> <span class='ocrx_word' id='word_1_265' title='bbox 559 3991 601 4058; x_wconf 86' lang='lat' dir='ltr'><em>ab</em></span> <span class='ocrx_word' id='word_1_266' title='bbox 619 4010 734 4058; x_wconf 89' lang='lat' dir='ltr'><em>eorum</em></span> <span class='ocrx_word' id='word_1_267' title='bbox 752 3992 895 4059; x_wconf 85' lang='lat' dir='ltr'><em>essentia</em></span> <span class='ocrx_word' id='word_1_268' title='bbox 921 3992 1101 4059; x_wconf 88' lang='lat' dir='ltr'><em>necessario</em></span> <span class='ocrx_word' id='word_1_269' title='bbox 1125 4003 1158 4060; x_wconf 91' lang='lat' dir='ltr'><em>et</em></span> <span class='ocrx_word' id='word_1_270' title='bbox 1183 3992 1451 4073; x_wconf 87' lang='lat' dir='ltr'><em>convertibiliter,</em></span> <span class='ocrx_word' id='word_1_271' title='bbox 1477 4014 1514 4060; x_wconf 90' lang='lat' dir='ltr'><em>ac</em></span> <span class='ocrx_word' id='word_1_272' title='bbox 1539 4012 1598 4060; x_wconf 92' lang='lat' dir='ltr'><em>vo-</em></span> 
     </span>
    </p>
   </div>
   <div class='ocr_carea' id='block_1_5' title="bbox 417 4098 1596 4297">
    <p class='ocr_par' dir='ltr' id='par_1_6' title="bbox 417 4098 1596 4297">
     <span class='ocr_line' id='line_1_34' title="bbox 470 4098 1596 4187; baseline 0.005 -23"><span class='ocrx_word' id='word_1_273' title='bbox 470 4108 562 4165; x_wconf 88' lang='lat' dir='ltr'><em>catur</em></span> <span class='ocrx_word' id='word_1_274' title='bbox 573 4099 757 4183; x_wconf 61' lang='lat' dir='ltr'><em>proprium</em></span> <span class='ocrx_word' id='word_1_275' title='bbox 783 4101 834 4166; x_wconf 87' lang='lat' dir='ltr'><em>vel</em></span> <span class='ocrx_word' id='word_1_276' title='bbox 859 4098 1089 4187; x_wconf 79' lang='lat' dir='ltr'><em>contingenter</em></span> <span class='ocrx_word' id='word_1_277' title='bbox 1113 4102 1284 4170; x_wconf 90' lang='lat' dir='ltr'><em>dumtaxat</em></span> <span class='ocrx_word' id='word_1_278' title='bbox 1309 4100 1370 4169; x_wconf 86' lang='lat' dir='ltr'><em>illis</em></span> <span class='ocrx_word' id='word_1_279' title='bbox 1392 4102 1542 4181; x_wconf 82' lang='lat' dir='ltr'><em>advenit,</em></span> <span class='ocrx_word' id='word_1_280' title='bbox 1562 4113 1596 4170; x_wconf 91' lang='lat' dir='ltr'><em>et</em></span> 
     </span>
     <span class='ocr_line' id='line_1_35' title="bbox 417 4205 977 4297; baseline 0.007 -25"><span class='ocrx_word' id='word_1_281' title='bbox 417 4239 420 4245; x_wconf 93' lang='lat'>·</span> <span class='ocrx_word' id='word_1_282' title='bbox 470 4223 590 4273; x_wconf 93' lang='lat' dir='ltr'><em>nomen</em></span> <span class='ocrx_word' id='word_1_283' title='bbox 610 4208 708 4274; x_wconf 88' lang='lat' dir='ltr'><em>babet</em></span> <span class='ocrx_word' id='word_1_284' title='bbox 725 4207 895 4274; x_wconf 60' lang='lat' dir='ltr'><em>ramulis</em></span> <span class='ocrx_word' id='word_1_285' title='bbox 912 4205 977 4297; x_wconf 87' lang='lat' dir='ltr'><em>(a).</em></span> 
     </span>
    </p>
   </div>
   <div class='ocr_carea' id='block_1_6' title="bbox 465 4400 1595 4824">
    <p class='ocr_par' dir='ltr' id='par_1_7' title="bbox 470 4400 1595 4549">
     <span class='ocr_line' id='line_1_36' title="bbox 470 4400 1595 4549; baseline 0.007 -90"><span class='ocrx_word' id='word_1_286' title='bbox 470 4490 480 4549; x_wconf 61' lang='lat'>¹</span> <span class='ocrx_word' id='word_1_287' title='bbox 504 4406 545 4470; x_wconf 83' lang='lat' dir='ltr'><em>(r)</em></span> <span class='ocrx_word' id='word_1_288' title='bbox 580 4401 657 4462; x_wconf 85' lang='lat' dir='ltr'><em>Vide</em></span> <span class='ocrx_word' id='word_1_289' title='bbox 668 4403 756 4463; x_wconf 73' lang='lat' dir='ltr'><em>tue.</em></span> <span class='ocrx_word' id='word_1_290' title='bbox 772 4400 884 4476; x_wconf 85' lang='lat' dir='ltr'><em>Opuse.</em></span> <span class='ocrx_word' id='word_1_291' title='bbox 898 4402 948 4463; x_wconf 85' lang='lat' dir='ltr'><em>eit.</em></span> <span class='ocrx_word' id='word_1_292' title='bbox 965 4423 1027 4478; x_wconf 78' lang='lat' dir='ltr'><em>esp.</em></span> <span class='ocrx_word' id='word_1_293' title='bbox 1043 4402 1255 4479; x_wconf 81' lang='lat' dir='ltr'><em>7.-Porpbyr.</em></span> <span class='ocrx_word' id='word_1_294' title='bbox 1271 4425 1296 4465; x_wconf 86' lang='lat' dir='ltr'><em>c.</em></span> <span class='ocrx_word' id='word_1_295' title='bbox 1306 4405 1595 4482; x_wconf 71' lang='lat' dir='ltr'><em>6.!sopog.eiueque</em></span> 
     </span>
    </p>

    <p class='ocr_par' dir='ltr' id='par_1_8' title="bbox 465 4504 1594 4824">
     <span class='ocr_line' id='line_1_37' title="bbox 483 4504 1590 4658; baseline 0.008 -21"><span class='ocrx_word' id='word_1_296' title='bbox 483 4504 789 4648; x_wconf 53' lang='lat' dir='ltr'><em>ni³iprlclte⁸lilbertum</em></span> <span class='ocrx_word' id='word_1_297' title='bbox 804 4580 847 4641; x_wconf 84' lang='lat' dir='ltr'><em>M.</em></span> <span class='ocrx_word' id='word_1_298' title='bbox 870 4582 915 4641; x_wconf 88' lang='lat' dir='ltr'><em>De</em></span> <span class='ocrx_word' id='word_1_299' title='bbox 935 4582 1201 4652; x_wconf 81' lang='lat' dir='ltr'><em>Proedieobilibus,</em></span> <span class='ocrx_word' id='word_1_300' title='bbox 1220 4596 1303 4645; x_wconf 85' lang='lat' dir='ltr'><em>treet.</em></span> <span class='ocrx_word' id='word_1_301' title='bbox 1318 4604 1350 4655; x_wconf 77' lang='grc' dir='ltr'><em>ι,</em></span> <span class='ocrx_word' id='word_1_302' title='bbox 1375 4605 1438 4658; x_wconf 85' lang='lat' dir='ltr'><em>cap.</em></span> <span class='ocrx_word' id='word_1_303' title='bbox 1458 4606 1485 4645; x_wconf 79' lang='lat' dir='ltr'><em>rs</em></span> <span class='ocrx_word' id='word_1_304' title='bbox 1502 4584 1590 4646; x_wconf 81' lang='lat' dir='ltr'><em>Suet.</em></span> 
     </span>
     <span class='ocr_line' id='line_1_38' title="bbox 465 4668 1594 4751; baseline 0.006 -22"><span class='ocrx_word' id='word_1_305' title='bbox 465 4668 543 4744; x_wconf 85' lang='lat' dir='ltr'><em>disp.</em></span> <span class='ocrx_word' id='word_1_306' title='bbox 563 4671 633 4729; x_wconf 82' lang='lat' dir='ltr'><em>Met.</em></span> <span class='ocrx_word' id='word_1_307' title='bbox 656 4672 688 4739; x_wconf 84' lang='lat'><em>6,</em></span> <span class='ocrx_word' id='word_1_308' title='bbox 718 4684 788 4732; x_wconf 82' lang='lat' dir='ltr'><em>sect.</em></span> <span class='ocrx_word' id='word_1_309' title='bbox 805 4672 838 4744; x_wconf 83' lang='lat'><em>8,</em></span> <span class='ocrx_word' id='word_1_310' title='bbox 863 4692 893 4732; x_wconf 90' lang='lat' dir='ltr'><em>n.</em></span> <span class='ocrx_word' id='word_1_311' title='bbox 914 4670 1106 4732; x_wconf 60' lang='lat' dir='ltr'><em>Vile-Plura</em></span> <span class='ocrx_word' id='word_1_312' title='bbox 1132 4673 1244 4733; x_wconf 87' lang='lat' dir='ltr'><em>dabunt</em></span> <span class='ocrx_word' id='word_1_313' title='bbox 1265 4673 1448 4751; x_wconf 76' lang='lat' dir='ltr'><em>Porphyrius</em></span> <span class='ocrx_word' id='word_1_314' title='bbox 1470 4676 1594 4750; x_wconf 80' lang='lat' dir='ltr'><em>ejusque</em></span> 
     </span>
     <span class='ocr_line' id='line_1_39' title="bbox 466 4758 728 4824; baseline -0.004 0"><span class='ocrx_word' id='word_1_315' title='bbox 466 4758 728 4824; x_wconf 82' lang='lat' dir='ltr'><em>Commentatoree.</em></span> 
     </span>
    </p>
   </div>
   <div class='ocr_carea' id='block_1_7' title="bbox 0 0 1750 5525">
    <p class='ocr_par' dir='ltr' id='par_1_9' title="bbox 0 0 1750 5525">
     <span class='ocr_line' id='line_1_40' title="bbox 0 0 1750 5525; baseline 0 6"><span class='ocrx_word' id='word_1_316' title='bbox 0 0 1750 5525; x_wconf 95' lang='lat' dir='ltr'><em> </em></span> 
     </span>
    </p>
   </div>
  </div>
 </body>
</html>
