3492 5525
565 427 625 493 208
757 428 885 494 Loorcr
905 425 1151 492 Minoa-Dassa
1179 379 1222 488 1.·Ι
1242 425 1321 488 Cae.
1348 439 1417 508 pum

524 615 629 681 idem:
650 621 687 680 ut
708 613 737 679 si
759 613 863 709 dicas3
884 604 997 694 logrca
1018 612 1067 676 est
1086 627 1141 676 ars
1158 625 1234 691 quae
1257 607 1358 674 tradit
1373 608 1494 691 regulas
1520 605 1644 690 moos,

524 729 596 786 aut:
617 721 716 788 Homo
733 723 782 786 est
796 719 918 784 animai
930 717 1043 783 habens
1056 717 1223 783 humanam
1238 718 1396 784 naturam.
1418 711 1565 792 Bilariam
1577 731 1649 798 pec-

523 829 586 896 cari
606 835 734 912 potest:
749 834 878 911 aperte,
899 838 936 892 ut
950 825 982 892 in
1006 824 1109 891 allatis
1131 823 1307 907 exemplis,
1328 829 1361 886 et
1381 822 1507 888 occulte
1520 837 1579 886 seu
1591 836 1647 903 per
1727 883 1728 888 ,

524 935 686 1009 nitrosum,
706 952 808 1018 quem
832 940 967 1008 vocant,
991 932 1162 1006 circulum,
1183 930 1316 1013 quando
1341 928 1496 994 nimirum
1525 925 1648 1008 aliquid

526 1041 680 1109 defrnitur
697 1060 755 1127 per
776 1039 881 1115 aliud,
903 1039 994 1123 quod
1007 1036 1149 1105 vicissim
1165 1037 1346 1122 explicatur
1364 1025 1421 1120 per
1436 1034 1593 1120 primum,
1612 1043 1648 1099 ut

526 1148 552 1214 si
569 1147 657 1214 diem
673 1148 808 1214 definias
819 1147 1016 1212 durationem
1029 1145 1140 1229 or'ginti
1156 1148 1291 1230 quotuor
1303 1143 1466 1220 horarum,
1478 1145 1509 1208 et
1521 1142 1644 1216 horam,

525 1255 705 1339 vigesimam
723 1258 863 1341 quartam
877 1258 1000 1336 partem
1017 1253 1092 1323 diei.
1124 1249 1345 1318 Nihilominus
1368 1251 1401 1317 in
1427 1248 1567 1317 relativis
1583 1267 1648 1313 non

527 1371 696 1447 reputatur
710 1361 845 1438 vitium,
861 1360 888 1426 si
907 1378 1012 1427 unum
1028 1376 1085 1444 per
1098 1358 1185 1426 aliud
1205 1357 1345 1426 invicem
1361 1357 1551 1432 definiatur,
1573 1356 1650 1439 quia
1727 1401 1728 1424 l

525 1470 600 1537 talis
616 1478 695 1537 sunt
720 1481 862 1546 naturae,
886 1477 922 1534 ut
941 1477 1059 1536 mutuo
1091 1467 1297 1552 dependeant
1329 1466 1439 1550 quoad
1467 1463 1518 1532 sui
1536 1463 1651 1549 cogni-
1727 1473 1728 1534 t

527 1577 667 1643 tionem.

592 1691 725 1768 Regula
741 1689 854 1752 tertia
888 1681 1039 1767 Definitio
1056 1681 1101 1748 sii
1115 1681 1235 1764 brouls·
1254 1681 1331 1764 quia
1351 1677 1494 1747 brevitas
1526 1677 1651 1744 confert

506 1792 567 1857 'ad
584 1792 762 1859 claritatem
782 1811 820 1857 ac
834 1790 1009 1856 faciliorem
1029 1789 1073 1855 rei
1097 1786 1360 1874 intelligentiam.
1386 1787 1462 1854 ideo
1486 1787 1573 1852 enirn
1592 1785 1652 1850 de·

526 1899 659 1966 linimus
692 1919 780 1975 rem,
814 1907 853 1966 ut
883 1897 976 1982 quasi
1005 1897 1180 1964 termulam
1218 1895 1396 1980 quamdam
1423 1891 1649 1968 conficiamus,

526 2025 600 2092 quae
615 2007 660 2073 rei
679 2015 827 2074 naturam
847 2017 946 2090 atque
964 2004 1120 2071 attributa
1137 2003 1330 2070 summatim
1343 2001 1509 2070 exhibeat.

414 2157 432 2193 ,.
491 2109 495 2117 ’
570 2121 703 2198 Regula
731 2127 866 2198 quarta.
913 2111 1064 2200 Definitio
1089 2112 1257 2178 conveniat
1282 2109 1368 2180 omni
1388 2113 1421 2176 et
1435 2109 1497 2176 soii
1510 2108 1650 2194 definito,

440 2280 443 2284 .
525 2223 578 2288 vel
598 2224 635 2288 ut
653 2222 694 2289 ab
721 2221 790 2288 aliis
808 2221 1012 2288 enuntiatur:
1040 2219 1190 2306 Definitro
1212 2218 1482 2295 praesederet,
1503 2221 1542 2282 ut
1553 2215 1657 2298 possit

525 2329 665 2396 converti
680 2347 752 2395 cum
768 2328 907 2414 definito.
927 2326 1039 2402 Ratio,
1064 2327 1140 2411 quia
1164 2326 1309 2392 definitio
1332 2326 1377 2391 ita
1401 2344 1469 2392 rem
1493 2325 1653 2390 declarare

527 2436 644 2512 debet,
664 2444 702 2502 ut
720 2454 792 2500 eam
807 2435 849 2500 ab
867 2434 937 2501 aliis
952 2433 1086 2500 aliarum
1107 2433 1288 2518 specierum
1307 2443 1465 2500 secernat.

571 2549 703 2626 Regula
720 2547 851 2627 quinta.
899 2541 1048 2630 Definitio
1066 2559 1129 2606 non
1151 2541 1195 2606 sit
1210 2543 1410 2617 redundans,
1439 2557 1536 2626 neque
1559 2538 1654 2605 dimi-

514 2655 617 2742 ·rmta.
638 2650 673 2716 Si
686 2651 774 2716 enim
794 2649 872 2734 quid
891 2648 1067 2726 redundat,
1094 2649 1145 2714 vel
1164 2645 1378 2724 desideretur,
1402 2667 1442 2714 eo
1465 2647 1539 2732 ipso
1558 2655 1655 2713 natu-

528 2778 597 2825 ram
617 2758 661 2825 rei
681 2757 922 2843 nonexplicat,
947 2776 1024 2823 cum
1047 2755 1092 2822 illi
1110 2755 1231 2825 tribuat
1250 2755 1384 2841 aliquid,
1405 2755 1497 2841 quod
1512 2775 1578 2823 non
1598 2755 1656 2821 lra-

524 2851 600 2943 bet,
621 2867 673 2932 vel
693 2866 805 2951 eripiat
824 2865 946 2949 aliquid
960 2863 1050 2948 quod
1069 2863 1166 2929 habet
1178 2862 1243 2950 (r).

571 2980 703 3057 Regula
724 2988 834 3041 sexta.
882 2967 1031 3057 Definitio
1040 2970 1120 3056 fleri
1138 2971 1227 3037 dalet
1236 2977 1295 3053 por
1307 2989 1407 3055 genus
1419 2969 1600 3054 proximum
1619 2989 1658 3045 et
1725 2942 1726 3015 j

526 3084 669 3149 mimam
690 3081 910 3164 dfflrmtram.
935 3078 1018 3155 Quae
1044 3080 1097 3145 lex
1124 3077 1333 3163 potissimum
1358 3077 1454 3143 habet
1482 3080 1592 3145 locum
1621 3078 1655 3143 in

528 3188 690 3257 essentiali
717 3187 923 3268 denninone;
954 3204 1069 3253 verum
1095 3193 1245 3253 servatur
1278 3184 1376 3251 etiam
1407 3204 1483 3252 cum
1510 3186 1654 3271 quadarn

529 3295 737 3383 proportione
767 3295 800 3360 in
828 3292 1013 3359 accidentali
1047 3311 1181 3378 quoque
1209 3310 1246 3358 ac
1277 3292 1489 3378 descriptiva.
1522 3293 1656 3376 quando

530 3412 645 3470 natura
663 3402 709 3469 rei
725 3400 903 3486 explicatur
922 3418 979 3485 per
994 3400 1131 3484 aliquid,
1148 3399 1239 3483 quod
1258 3399 1302 3466 illi
1316 3416 1496 3467 commune
1509 3410 1560 3469 est
1577 3418 1655 3467 cum

528 3510 617 3587 aliis.
636 3519 669 3577 et
689 3528 746 3595 per
764 3506 887 3593 aliquid
907 3506 1076 3593 proprium
1095 3507 1169 3592 ipsi.

595 3616 690 3684 Ratio
709 3636 803 3692 vero,
829 3634 887 3683 cur
914 3616 947 3681 in
976 3614 1067 3681 omni
1099 3624 1184 3683 recta
1207 3612 1398 3681 definitione
1427 3615 1578 3699 ponenda
1605 3622 1657 3680 est

528 3724 710 3793 differentia
728 3723 843 3791 ultima
867 3731 935 3799 est.
963 3724 1041 3808 quia
1058 3741 1152 3791 secus
1171 3739 1238 3788 non
1262 3720 1382 3808 poterit
1411 3740 1461 3791 res
1484 3722 1657 3790 discemia

528 3834 653 3899 caeteris
670 3830 825 3897 omnibus
843 3848 904 3897 seu
922 3830 965 3897 ab
982 3830 1070 3897 omni
1085 3849 1148 3897 non
1166 3830 1244 3912 ipsa.
1266 3828 1379 3897 Genus
1399 3848 1533 3915 quoque
1548 3831 1658 3915 proxi·

530 3958 625 4006 mum
642 3940 757 4005 afferre
781 3946 928 4022 oportet,
949 3946 986 4003 ut
1002 3938 1049 4031 ita
1070 3946 1286 4023 cognoscatur
1304 3936 1431 4024 integra
1448 3935 1493 4005 rei
1513 3938 1655 4005 essentia

529 4065 589 4113 seu
607 4044 747 4132 species,
768 4064 843 4130 quae
861 4064 903 4113 ex
925 4063 1047 4132 genere
1070 4044 1220 4130 proximo
1235 4064 1272 4111 ac
1294 4043 1475 4112 differentia
1492 4043 1653 4111 coalescit:

530 4154 621 4239 quod
637 4154 666 4220 si
684 4171 791 4239 genus
806 4152 995 4239 proximum
1014 4153 1231 4238 exprimatur,
1248 4171 1288 4220 eo
1307 4153 1380 4237 ipso
1397 4151 1552 4238 implicite
1566 4170 1658 4220 com-

531 4260 777 4348 prehenduntur
794 4270 919 4328 caeterre
938 4280 1056 4329 omnes
1071 4268 1157 4327 notae
1176 4256 1450 4349 essentiales(2).
1485 4290 1490 4301 ·

566 4530 609 4605 (r.)
643 4530 720 4590 Vide
747 4530 780 4590 S.
804 4532 949 4605 August..
973 4528 1025 4589 lib.¹
1038 4528 1063 4602 la
1084 4527 1277 4589 choctrirm
1306 4530 1429 4600 christ..
1454 4550 1479 4589 e.
1503 4547 1553 4605 35.
1568 4544 1599 4591 ct
1613 4532 1657 4591 De

533 4620 705 4703 Quantitote
717 4620 854 4690 Anima,
867 4640 894 4678 c.
909 4636 956 4694 ες.

567 4714 609 4780 (a)
645 4708 709 4770 ctr.
724 4708 827 4781 Arist..
842 4708 926 4769 timo
941 4709 1090 4785 Topica,
1103 4728 1166 4781 cap.
1184 4724 1210 4782 ς.
