3492 5525
542 493 603 578 446
663 493 785 592 Loorca
800 489 1028 565 MaJore-Lru.
1048 504 1117 566 ψ,
1134 487 1222 554 Drse.
1242 499 1283 550 r.·
1295 485 1375 548 Car».
1393 497 1465 566 μ’·

504 669 611 755 primo
630 689 662 735 re
680 689 755 736 vera
773 669 900 744 sedeat,
916 669 950 734 in
968 668 1069 733 altero
1087 675 1211 752 surgat.
1226 663 1328 748 Atqui
1345 672 1425 730 tunc
1438 663 1619 748 propositio

406 777 410 782 “
503 778 556 843 iiia
572 778 605 844 in
624 777 729 862 primo
748 777 880 843 instanti
899 795 975 842 vera
993 775 1070 852 erit,
1090 780 1204 859 utpote
1221 772 1399 838 conformis
1416 770 1564 855 objecto.
1582 769 1617 833 in

504 888 606 951 altero
631 894 741 952 autem
761 885 856 963 salsa,
877 883 953 966 quia
975 883 1139 968 objectum
1164 882 1260 945 refert
1282 880 1373 946 aliter
1390 897 1429 944 ac
1445 886 1495 944 est
1513 877 1545 942 in
1567 894 1616 942 se.

504 993 589 1078 Ergo
607 999 671 1059 stat
689 991 791 1058 thesis
808 999 930 1057 nostra.
1588 1058 1594 1070 ⁶

572 1107 688 1168 Minor
705 1107 809 1185 patet,
831 1099 906 1182 quia
925 1097 1103 1183 propositio
1127 1096 1194 1162 iila:
1215 1095 1328 1160 Petnes
1351 1094 1450 1168 sedet,
1471 1091 1620 1157 enuntiat

505 1207 685 1275 sessionem
704 1208 744 1273 de
759 1206 927 1291 praesenti,
948 1205 1107 1289 quamdiu
1125 1202 1194 1288 ipsa
1212 1201 1324 1278 durat,
1346 1201 1414 1294 sive
1433 1218 1493 1285 pro
1512 1200 1619 1284 primo

504 1316 575 1382 sive
602 1334 660 1401 pro
685 1314 830 1382 secundo
849 1312 998 1388 instanti,
1018 1311 1223 1376 habetenim
1243 1309 1380 1375 verbum
1408 1311 1442 1374 in
1467 1309 1620 1392 praesenti

505 1433 668 1508 tempore.
700 1423 743 1487 At
777 1440 855 1488 vero
882 1419 915 1487 in
941 1419 1086 1486 secundo
1112 1417 1247 1486 instanti
1276 1419 1347 1504 iam
1378 1435 1443 1483 non
1478 1416 1620 1501 amplius

506 1531 597 1597 sedet
615 1529 742 1596 Petrus.
761 1529 887 1614 Ergo...

573 1636 723 1706 Probatio
742 1637 810 1702 haec
829 1638 901 1701 luce
923 1634 1098 1701 meridiana
1116 1635 1229 1701 clarior
1247 1632 1388 1716 videtur;
1409 1643 1519 1700 tamen

572 1751 675 1812 Dices
692 1752 752 1812 1.⁰:
767 1745 820 1809 iila
831 1715 1052 1828 propositione
1073 1742 1231 1808 enuntiari
1247 1743 1425 1810 sessionem
1446 1741 1527 1808 Petri
1539 1759 1623 1826 prae·

507 1863 635 1920 sentem
654 1853 762 1919 soium
782 1871 841 1937 pro
860 1851 966 1935 primo
984 1849 1134 1926 instanti,
1154 1851 1187 1917 in
1206 1867 1274 1933 quo
1292 1853 1417 1934 prolata
1433 1851 1485 1917 iiia
1503 1859 1564 1934 est,
1586 1862 1622 1916 et

507 1961 540 2026 in
552 1978 620 2044 quo
638 1959 833 2044 supponitur
846 1961 961 2025 Petrus
979 1958 1105 2027 sedere.

573 2076 680 2151 Resp.
705 2068 797 2134 Tunc
824 2085 903 2151 ergo
933 2085 993 2151 pro
1021 2066 1165 2133 secundo
1193 2066 1327 2132 instanti
1359 2065 1536 2152 propositio
1566 2066 1622 2131 iiia

427 2239 429 2244 ,
508 2176 689 2242 enuntiaret
703 2174 883 2242 sessionem
898 2174 939 2240 de
952 2175 1129 2258 praeterito,
1145 2173 1307 2258 siquidem
1322 2173 1447 2240 instans
1461 2175 1621 2258 primum,

508 2293 666 2369 praesente
696 2283 862 2360 secundo,
897 2281 1095 2366 praeteritum
1128 2288 1190 2348 est.
1224 2281 1326 2365 Atqui
1358 2281 1537 2366 propositio
1567 2281 1624 2346 iiia

508 2391 687 2458 sessionem
715 2391 863 2456 absolute
894 2391 1040 2456 enuntiat
1067 2390 1107 2455 de
1135 2389 1303 2473 praesenti3
1335 2407 1402 2456 non
1430 2392 1517 2456 enim
1545 2388 1623 2454 dicit

509 2501 641 2565 Petrum
669 2498 799 2576 sedisse,
828 2497 887 2563 sed
916 2497 1046 2577 sedere;
1078 2515 1184 2579 neque
1215 2516 1291 2563 vero
1320 2505 1451 2582 tempus
1479 2515 1625 2582 praesens

508 2607 654 2674 absolute
674 2606 854 2690 prolatum,
874 2623 916 2670 err
939 2622 1040 2670 sensu
1065 2606 1234 2670 communi
1258 2605 1408 2671 omnium
1433 2605 1622 2681 hominum,

508 2724 613 2782 mutat
632 2712 920 2800 significationem,
941 2720 978 2779 ut
996 2712 1096 2779 modo
1115 2729 1183 2779 rem
1207 2714 1248 2780 de
1276 2711 1440 2798 prasenti,
1463 2714 1562 2780 modo
1580 2715 1625 2779 de

507 2823 670 2908 praeterito
693 2828 942 2889 commonstret.
962 2822 1050 2887 Pone
1074 2821 1186 2887 cellam
1212 2820 1384 2898 vinariam,
1405 2821 1439 2887 in
1462 2840 1527 2906 qua
1552 2822 1624 2888 haec

507 2933 634 3017 legatur
652 2929 833 3014 inscriptio:
854 2930 915 2995 Hie
931 2928 1079 2994 venditur
1095 2928 1222 2994 uinum:
1237 2926 1326 3014 tinge
1343 2930 1457 2995 celiam
1475 2932 1625 2996 converti

439 3087 442 3099 .
507 3038 540 3105 in
567 3038 733 3104 stabulum
759 3055 939 3121 equorum,
964 3037 1070 3101 adhuc
1095 3044 1206 3103 tamen
1232 3035 1476 3121 inscriptionem
1500 3037 1623 3103 ibidem

509 3164 686 3212 remanere.
716 3143 775 3211 Cui
803 3162 950 3227 unquam
977 3144 1011 3209 in
1040 3154 1185 3210 mentem
1211 3145 1337 3209 venerit
1363 3144 1468 3210 dicere
1494 3144 1561 3211 vim
1588 3156 1626 3211 et

508 3252 778 3338 significationem
793 3250 878 3317 iliius
888 3252 957 3337 jam
974 3270 1039 3317 non
1053 3269 1143 3329 esse,
1157 3252 1242 3336 quod
1252 3251 1362 3318 vinum
1379 3254 1547 3328 vendatarr,
1563 3254 1626 3319 sed

507 3364 589 3446 quod
605 3361 680 3426 olim
695 3359 901 3425 venderetur?
917 3356 970 3446 (r)

577 3472 679 3535 Dices
698 3474 749 3534 a.⁰
766 3485 841 3532 cum
857 3467 893 3534 Ρ.
910 3466 1061 3551 Arriaga,
1078 3484 1151 3533 esse
1169 3466 1209 3532 de
1219 3466 1384 3549 prodenti,
1396 3469 1553 3551 promo
1566 3480 1627 3535 aut

499 3574 632 3662 subere,
653 3593 719 3639 non
738 3592 810 3639 esse
827 3573 1024 3641 differentias
1043 3574 1232 3641 intrinsecas
1253 3572 1449 3641 mentalium
1475 3578 1625 3661 proposi-

510 3684 638 3749 tionum
665 3682 847 3748 inteilectus
876 3681 994 3758 nostri,
1028 3682 1086 3749 sed
1117 3681 1401 3749 denominationes
1427 3684 1626 3752 extrinsecas

510 3790 739 3876 provenientes
765 3810 784 3855 a
811 3789 988 3856 variatione
1013 3790 1225 3867 instantium,
1245 3808 1319 3873 quae
1343 3790 1456 3858 variari
1484 3791 1624 3877 possint,

510 3898 589 3983 quin
608 3898 749 3964 varietur
770 3897 889 3964 entitas
914 3904 970 3963 aut
995 3898 1236 3982 repraesentatio
1254 3898 1459 3983 cognitionis.
1477 3900 1528 3965 rid
1545 3919 1626 3966 eum

511 4006 665 4083 modurn,
682 4023 749 4088 quo
763 4004 897 4073 scientia
906 4005 1015 4071 divina
1028 4006 1069 4070 de
1083 4005 1236 4072 creaturis
1247 4004 1460 4073 existentibus
1471 4003 1628 4074 invariata

511 4124 639 4190 manet,
660 4114 729 4180 sive
756 4124 910 4180 creaturae
938 4113 1097 4191 existant,
1117 4111 1187 4179 sive
1213 4114 1393 4191 extiterint,
1422 4114 1491 4181 sive
1517 4116 1628 4182 adbuc

511 4222 659 4288 extiturae
687 4220 764 4289 sint.
785 4218 895 4297 Qrare
920 4220 1197 4305 propositionem:
1216 4222 1332 4287 Petrus
1346 4222 1445 4298 sedet,
1465 4240 1540 4307 quae
1566 4242 1629 4309 pro

511 4327 644 4396 instanti
659 4328 765 4414 primo
778 4326 938 4414 signifieat
953 4344 1114 4412 presens,
1131 4345 1190 4412 pro
1206 4326 1338 4397 instanti
1352 4330 1453 4395 altero
1466 4328 1631 4416 significa·

513 4444 560 4504 ret
578 4435 778 4521 preteritum
797 4436 923 4521 absque
940 4436 1004 4503 ulia
1024 4434 1075 4502 sui
1094 4434 1288 4504 mutatione.

513 4646 802 4663 ψ

548 4764 590 4835 (¹)
626 4754 688 4820 cre.
705 4758 844 4829 rosnae.
859 4757 914 4819 ιω.
930 4756 980 4819 ss.
1016 4713 1020 4719 ⁵
