3492 5525
214 495 331 559 Anrrc.
350 508 408 579 ῳ·
423 494 952 574 Quorurccxrrcunaernonus
968 514 1105 561 srnuoo.
1138 514 1195 579 333
1356 494 1359 505 ’

112 679 198 745 Nam
213 680 241 745 si
251 679 357 747 Minor
363 680 407 747 sit
416 680 578 765 negativa,
592 678 759 747 conclusio
772 680 890 765 pariter
902 680 1052 767 negativa
1061 681 1131 755 erit,
1145 678 1238 763 cujus
1257 754 1259 759 ,

12 783 13 822 ³
114 786 249 871 proinde
264 786 474 870 praedicatunr
490 785 673 854 universale
688 788 805 872 pariter
818 788 873 865 sit,
890 797 1032 872 oportet.
1049 786 1150 870 Atqui
1161 804 1240 869 pre

12 964 13 984 ¹
113 893 259 961 dicatum
279 896 342 961 boc
359 893 393 959 in
411 894 588 979 praemissis
605 894 797 979 particulare
819 896 893 963 fuit.
915 895 1127 962 Praedicatum
1147 893 1236 959 enim
1334 920 1336 923 ·

12 987 13 1074 f
112 1002 331 1068 conclusionis
364 1001 398 1067 in
440 1009 486 1069 r.·
515 1002 620 1088 ligura
646 1013 697 1069 est
722 1003 933 1087 praedicaturn
961 1002 1103 1089 Majoris,
1138 1002 1240 1086 Major

114 1119 243 1184 autem,
264 1106 292 1175 si
314 1110 421 1175 Minor
444 1120 649 1194 supponatur
675 1111 841 1194 negativa,
864 1130 929 1177 non
951 1110 1057 1195 potuit
1087 1108 1239 1193 negativa

114 1235 205 1294 esse,
232 1216 290 1283 sed
317 1216 530 1293 affirmativa,
551 1226 649 1301 atque
674 1218 757 1283 adeo
782 1219 992 1303 praedicatum
1021 1219 1091 1303 ejus
1119 1217 1239 1283 habere

114 1323 230 1391 debuit
243 1325 470 1390 extensionem
491 1324 744 1408 particularem„
872 1313 874 1318 ’

183 1436 340 1500 Secunda
356 1455 450 1515 pars.
475 1431 581 1519 Major
596 1448 671 1499 vero
683 1432 852 1517 generalis.
868 1431 953 1509 Quia
969 1449 1066 1500 secus
1079 1430 1239 1500 terminus

115 1539 246 1605 medius
278 1539 311 1605 in
349 1548 464 1606 neutra
500 1538 744 1623 praemissarum
782 1550 968 1607 sumeretur
1001 1538 1235 1606 universaliter:

114 1665 219 1731 quare
237 1655 424 1732 peccaretur
445 1657 558 1713 contra
576 1632 643 1730 4‘·
665 1649 813 1733 regulam
832 1649 1035 1734 generalem.
1152 1698 1154 1706 ,

183 1754 283 1821 Vides
310 1764 420 1821 autem
440 1755 579 1821 rationes
598 1757 656 1822 bas
675 1774 742 1822 non
761 1757 866 1822 valere
885 1775 945 1841 pro
969 1772 1013 1823 r.·
1035 1754 1139 1840 ligura
1158 1752 1240 1819 indi-

114 1872 215 1929 recta:
236 1861 270 1928 in
288 1882 353 1946 qua
371 1869 540 1947 propterea
558 1862 677 1929 dantur
699 1862 831 1946 quidam
859 1864 949 1929 modi
977 1871 1060 1932 recte
1084 1858 1238 1945 arguendi

12 1985 13 1990 ’
114 1990 193 2037 cum
213 1970 329 2036 Minori
357 1969 509 2056 negativa
527 1978 560 2035 et
584 1970 695 2056 Maiori
721 1970 921 2055 particulari,
949 1990 1069 2055 nempe
1095 1969 1240 2051 Fapesrno

114 2087 148 2143 et
167 2078 422 2145 Frisesomorunr.

183 2191 354 2254 Probatur
372 2195 429 2253 n*
453 2191 539 2269 legis
563 2191 675 2270 prima
692 2204 785 2269 pars:
816 2186 888 2251 Uno
910 2204 1025 2269 negans
1048 2188 1125 2251 esto.
1153 2184 1237 2250 Nam

114 2307 210 2359 secus
229 2292 357 2359 medius
374 2292 535 2359 terminus
553 2312 619 2359 non
639 2302 823 2359 sumeretur
841 2278 1076 2359 universaliter.

183 2405 340 2468 Secunda
356 2422 449 2483 pars.
463 2400 855 2487 NecMajorsirspeciatis,
871 2400 956 2474 Quia
967 2420 1043 2466 cum
1058 2398 1235 2473 conclusio,

114 2516 154 2574 ut
171 2526 213 2572 ex
231 2506 336 2591 prima
354 2515 443 2591 parte
464 2508 644 2574 necessario
658 2508 838 2583 deducitur,
856 2508 973 2574 debeat
987 2526 1058 2573 esse
1075 2506 1235 2591 negativa,

115 2614 326 2698 praedicatum
346 2616 416 2698 ejus
435 2614 615 2680 universale
633 2616 744 2702 procul
764 2616 864 2682 dubio
882 2612 955 2681 erit.
972 2614 1071 2699 Atqui
1089 2614 1238 2699 praedica·
1319 2640 1320 2649 ¹

113 2731 188 2788 tum
206 2720 422 2788 conclusionis
440 2731 491 2788 est
505 2722 686 2808 subjectum
702 2723 846 2809 majoris.
862 2723 946 2810 Ergo
961 2722 1062 2810 Major
1077 2722 1238 2789 universa-

114 2832 156 2896 lis
170 2830 224 2906 sit,
240 2838 379 2914 oportet,
397 2849 438 2897 ne
446 2831 654 2914 praedicatum
669 2833 739 2916 ejus
750 2831 844 2898 latius
855 2841 963 2916 pateat
972 2831 1005 2898 in
1013 2811 1243 2897 conclusione.-

184 2943 352 3005 Probatur
363 2947 421 3006 39
435 2944 519 3022 legis
532 2944 645 3022 prima
657 2961 750 3022 pare:
767 2939 819 3006 Sir
829 2939 939 3006 Minor
951 2939 1123 3023 affirmans,
1142 2935 1237 3004 Ratio

12 3042 13 3091 ἓ
113 3055 166 3112 est
185 3046 318 3121 eadem,
343 3065 378 3111 ac
403 3064 463 3130 pro
481 3046 585 3131 prima
603 3057 695 3131 parte
714 3048 835 3133 regulae
855 3067 913 3131 pro
933 3048 1037 3132 prima
1056 3047 1173 3131 figura.

180 3158 338 3222 Secunda
345 3176 438 3236 pars.
452 3154 619 3220 Conclusio
624 3154 845 3237 particularis.
858 3155 985 3222 Etenim
998 3156 1096 3221 ambo
1106 3155 1238 3220 conclu-

112 3261 218 3327 sionis
235 3256 365 3326 termini
385 3262 492 3327 locum
513 3262 675 3347 praedicati
690 3263 903 3328 obtinuerunt
921 3267 953 3330 in
963 3261 1153 3347 praemissis.
1165 3262 1235 3342 Jarn

12 3426 13 3431 ,
112 3370 167 3434 vel
186 3369 238 3434 hae
257 3370 389 3435 luerunt
405 3369 511 3434 ambae
521 3369 740 3446 affirmantes,
754 3372 806 3435 vel
818 3372 918 3438 altera
936 3370 1128 3436 affirmativa
1146 3379 1179 3436 et
1197 3370 1239 3434 al-

111 3485 184 3542 tera
204 3475 371 3560 negativa,
386 3494 461 3542 nam
476 3485 614 3560 utraque
630 3477 781 3563 negativa
794 3497 866 3545 esse
883 3479 1007 3563 nequit.
1025 3477 1059 3545 Si
1079 3478 1235 3563 primurn,

112 3593 255 3667 uterque
273 3584 433 3652 terminus
451 3585 670 3654 conclusionis
689 3586 888 3670 particularis
908 3605 980 3653 esse
990 3585 1121 3653 debebit
1135 3635 1143 3662 ,
1156 3585 1238 3652 sicut
1283 3615 1287 3626 ·

112 3692 174 3758 luit
193 3691 227 3757 in
243 3691 431 3777 praemissis.
451 3692 506 3759 Sin
526 3695 685 3769 alterum,
706 3712 794 3760 unus
812 3681 943 3761 tantum
957 3694 1106 3770 illorum,
1127 3692 1240 3760 videli-

12 3800 13 3810 ’
109 3809 166 3865 cet
184 3799 395 3884 praedicatum
411 3801 583 3886 negativae,
603 3803 666 3868 luit
685 3800 888 3880 universalis,
909 3805 989 3868 alter
1007 3819 1085 3869 vcro
1100 3799 1240 3886 particu-

109 3906 203 3972 laris.
222 3905 410 3991 Subiectum
430 3927 509 3994 ergo
528 3907 746 3976 conclusionis
759 3928 830 3976 esse
849 3911 947 3978 debet
966 3910 1176 3995 particulare,
1198 3928 1239 3975 ne

111 4014 212 4081 latius
226 4022 334 4098 pateat
351 4015 385 4081 in
401 4035 439 4080 ea
456 4034 557 4099 quam
576 4016 609 4082 in
630 4016 761 4086 minori.

183 4121 303 4205 Excipe
331 4121 374 4188 ab
396 4124 455 4188 hac
482 4123 594 4210 regula
612 4123 822 4192 inductionen
844 4125 906 4193 sub
926 4125 1030 4192 forma
1053 4123 1239 4213 syllogismi

110 4230 336 4316 propositam,
357 4230 470 4314 inqua
488 4233 656 4300 conclusio
682 4234 767 4302 solet
790 4251 863 4300 esse
885 4233 1088 4302 uniuersalis.
1117 4231 1180 4299 Sed
1199 4233 1247 4298 de.

109 4342 176 4406 hoc
190 4338 335 4404 inferius.
362 4392 365 4397 .
592 4351 595 4354 ’
649 4347 655 4361 ’

178 4447 242 4514 Pro
266 4454 313 4513 r.¹
327 4445 433 4531 ligura
446 4445 623 4523 indirecta,
644 4449 713 4514 haec
731 4450 816 4514 solet
833 4449 945 4534 regula
963 4449 1104 4537 praecipi:

247 4549 287 4619 Si
302 4551 412 4618 Minor
422 4555 585 4638 affirmat,
604 4553 804 4642 tunc‘Major
820 4555 1039 4640 sr'tgeneralr's.

247 4657 357 4748 Major
373 4660 428 4727 uiri
442 4661 600 4748 affirmat,
619 4663 777 4729 conclusio
789 4663 835 4730 sit
848 4663 992 4747 specialis

246 4767 285 4834 Si
295 4768 481 4851 negatista,
502 4769 613 4838 Minor
620 4773 778 4854 generalis
784 4773 926 4855 posnani
940 4793 1017 4848 esse.
