3492 5525
283 454 399 521 hamc.
418 455 616 523 1.¹¹·Rresur.
635 476 738 524 rausa
751 476 909 525 carratam
923 477 1121 535 sumserint
1170 474 1225 547 535

211 638 295 706 lnler
330 658 449 707 sensus
481 641 669 707 communis
701 650 858 725 patronos
890 641 1083 711 nobilissimi
1114 644 1264 711 omnium

140 757 221 814 sunt
251 756 367 833 praeter
397 747 560 815 Thomam
594 748 691 825 Reid,
714 749 855 832 lacobus
884 748 1005 817 Beattie
1030 748 1100 839 (1),
1128 751 1267 834 lacobus

141 855 283 923 Oswald
301 852 372 944 (a),
402 853 547 922 Thomas
574 854 693 925 Brown
710 854 780 947 (3),
807 852 936 945 Dugald
964 856 1109 927 Stewart
1134 856 1203 947 (a),
1232 870 1265 931 ct

139 962 333 1030 Theodorus
347 964 494 1053 Jourtroy
511 961 526 1050 (
550 968 578 1050 ).

209 1071 388 1139 Fridericus
403 1072 562 1140 hienricus
579 1070 687 1154 Jacobi
707 1090 824 1159 parum
843 1072 951 1141 ridens
969 1074 1084 1141 rationi
1097 1076 1263 1153 humana,
1322 1086 1430 1139 lamia

139 1198 241 1261 quam
261 1198 349 1279 saepe
362 1179 570 1265 turpissimos
589 1180 622 1247 in
642 1199 767 1247 errores
781 1182 967 1266 prolapsam
987 1182 1136 1260 videbat,
1155 1184 1266 1251 existi·

1340 1158 1417 1205 schola

1295 1230 1456 1276 centimenmls.

141 1289 245 1354 mavit
263 1288 501 1368 admittendam
521 1308 592 1355 esse
611 1288 772 1357 internam
797 1290 975 1373 quamdam
994 1289 1095 1358 animi
1122 1291 1265 1358 allectio-

140 1414 218 1461 nem
238 1414 275 1460 ac
292 1414 416 1463 sensum
434 1393 684 1481 (sentimenta),
705 1396 760 1481 qui
779 1396 882 1465 instar
899 1397 986 1463 basis
1009 1407 1042 1463 et
1060 1398 1264 1467 fundamenti

140 1502 336 1587 cognitionis
364 1504 472 1571 omnis
495 1502 661 1571 habeatur.
693 1504 803 1589 Atque
830 1504 875 1571 ita
902 1505 1037 1571 demum
1066 1515 1180 1575 auctor
1204 1508 1264 1573 suit

138 1610 260 1678 Schola
277 1612 513 1679 sentimentolis.
530 1610 562 1677 Sl
574 1612 857 1680 Senlimentalistas
869 1610 1050 1689 audiamus,
1068 1613 1198 1681 innatus
1213 1613 1264 1681 hic

139 1720 277 1786 aflectus
292 1720 383 1804 praeit
401 1720 646 1804 operationibus
665 1720 865 1797 intellectus.
887 1738 987 1803 quem
1007 1717 1143 1806 impellit
1161 1721 1264 1808 impe-

140 1826 189 1893 rio
208 1846 269 1894 suo
288 1828 328 1893 ad
347 1828 595 1915 agnoscendum
627 1827 751 1905 Deum,
780 1827 1035 1913 providentiam,
1065 1829 1261 1906 libertatern,

140 1936 375 2012 moralitatem,
415 1945 448 2001 et
477 1936 616 2020 reliquas
648 1936 817 2011 veritates,
838 1936 991 2001 sensilem
1022 1938 1262 2022 perceptionem

139 2042 422 2110 transcendentes.
454 2042 549 2110 Unde
570 2043 650 2110 ratio
674 2043 749 2109 dein
773 2042 824 2108 his
850 2043 1032 2109 assentiens
1060 2045 1261 2123 veritatibus,

127 2152 231 2237 fidem
265 2152 443 2234 quamdam
481 2162 608 2219 exercet
643 2161 857 2236 spontaneam
895 2159 994 2235 atque
1029 2153 1262 2220 irresistibilem

137 2258 228 2325 illius
240 2259 413 2343 affachbnis
433 2259 710 2347 inspirationibus.
731 2256 955 2336 Quamobrem
971 2259 1080 2327 omnis
1099 2262 1263 2346 persuasio

174 2514 214 2577 (r)
251 2510 375 2580 Jacobus
403 2508 512 2569 Bcattie
535 2510 644 2583 Esscys
669 2529 704 2568 on
728 2511 778 2568 the
795 2519 902 2567 nature
925 2512 983 2568 aad
1003 2512 1211 2588 immutahihily
1232 2518 1270 2585 os

137 2601 219 2659 lauth
233 2603 265 2658 ira
279 2602 441 2675 opprsition
456 2610 483 2658 to
497 2602 647 2675 sophistry
660 2601 718 2658 ond
730 2600 911 2675 sheplicism.

174 2690 215 2763 (a)
251 2689 375 2762 Jacobus
400 2688 533 2759 oswald,
553 2690 674 2766 Appecl
695 2700 723 2749 to
740 2708 867 2748 common
881 2710 965 2749 sense
979 2692 1013 2748 in
1033 2691 1141 2764 behais
1152 2696 1190 2764 os
1203 2694 1262 2753 Re·

137 2783 244 2858 ir'gion.

174 2877 214 2945 (3)
249 2870 378 2931 Thomas
393 2871 518 2939 Brown,
531 2871 669 2929 Lectures
684 2890 720 2928 ort
732 2871 778 2930 the
793 2872 979 2946 Philosophy
1000 2877 1038 2943 os
1051 2872 1157 2931 human
1170 2875 1260 2932 mind.

173 2967 213 3034 (4)
251 2961 368 3035 Dugald
384 2959 524 3028 Stemma
540 2962 687 3020 Elementa
708 2966 744 3032 os
760 2962 808 3020 the
828 2961 1016 3036 Philosophy
1039 2968 1076 3034 os
1091 2964 1137 3021 the
1154 2964 1262 3022 humore

137 3053 226 3109 mind.
537 3109 541 3114 .

172 3142 213 3214 (ς)
249 3142 420 3200 Theodorus
428 3139 567 3212 Jouffroy,
585 3139 660 3198 Crars
674 3142 709 3198 dc
723 3140 799 3198 droit
813 3141 943 3210 natural,
959 3141 1111 3220 Melanges
1125 3145 1262 3218 phyloso-

135 3235 271 3308 phimum
289 3231 422 3290 Histoire
439 3232 474 3288 de
495 3231 524 3288 ic
542 3231 750 3304 Philosophie‚
773 3249 869 3304 progr.
888 3229 925 3288 lll
946 3229 983 3288 de
1004 3229 1206 3304 Scepticismo.
1229 3233 1262 3292 in

136 3323 230 3396 primo
243 3321 338 3394 Opere
352 3334 373 3379 t.
393 3342 420 3390 r,
436 3320 500 3378 lect.
515 3341 534 3393 9
548 3319 588 3377 sic
602 3319 702 3378 habet:
721 3321 760 3377 Le
772 3321 906 3395 principe
920 3321 955 3377 de
977 3329 1053 3379 toute
1073 3324 1216 3380 certitudo
1235 3333 1262 3381 et

134 3415 170 3471 de
181 3422 259 3471 toute
270 3429 409 3485 croyance
422 3420 465 3468 est
478 3409 510 3467 d’
526 3410 615 3466 cbord
631 3429 672 3466 ua
692 3417 755 3467 octe
774 3410 808 3466 cle
821 3410 873 3478 soi
892 3411 1020 3485 arrupte
1033 3430 1068 3468 err
1084 3412 1115 3469 lc
1137 3413 1262 3470 vmccitd

135 3502 280 3562 naturalia
293 3502 327 3559 de
345 3521 396 3560 noa
410 3500 554 3570 sacultes.
569 3497 665 3570 Quam
680 3496 843 3558 doctrinam
860 3497 891 3555 in
910 3498 976 3556 aliis
993 3518 1110 3572 quoque
1120 3499 1262 3573 'operibus

135 3591 252 3664 repetit.
535 3657 537 3662 ¹
1026 3635 1030 3644 .

189 3681 255 3740 Non
278 3699 383 3753 parum
403 3678 481 3738 iavet
501 3677 591 3738 etiam
618 3676 741 3737 Scoticae
762 3676 878 3736 Scholae
893 3676 931 3737 in
950 3677 1151 3750 amplectendo
1172 3699 1260 3739 sensu

133 3769 281 3830 communi
307 3769 470 3829 Balmesius
491 3767 601 3841 aliique
623 3767 810 3826 recentiores.
836 3765 1028 3826 Clarissimus
1050 3767 1097 3826 hic
1118 3768 1262 3841 hispanus

134 3859 327 3934 philosophus
341 3859 371 3917 in
385 3857 484 3917 relatis
500 3877 593 3928 nuper
604 3857 675 3916 locis
688 3855 757 3915 huic
770 3858 1048 3916 sensas-communis
1061 3856 1190 3918 facultati
1204 3859 1260 3918 tri·

133 3950 199 4010 buit
218 3950 247 4008 in
263 3949 367 4022 primis
381 3946 524 4021 principia
540 3949 705 4005 immediate
718 3949 881 4016 euidentia,
897 3965 963 4018 quae
982 3961 1054 4006 aunt
1071 3967 1191 4020 prorsus
1203 3969 1261 4008 ne-

132 4039 258 4098 ccssaria
274 4039 310 4097 ad
324 4038 413 4096 vitam
435 4036 659 4096 intellectualem
674 4037 809 4095 alendam
823 4037 902 4107 (Fil.
925 4037 1018 4095 Fara.
1034 4037 1085 4097 lib.
1102 4059 1131 4108 r,
1146 4058 1209 4111 cap.
1225 4060 1259 4112 3²

134 4151 164 4188 n.
180 4133 256 4203 317);
271 4128 377 4187 deinde
387 4127 495 4198 judicia
510 4127 633 4185 mediate
646 4127 792 4185 menreb
803 4125 888 4194 (ibid.
900 4145 930 4184 n.
947 4126 1022 4198 318);
1035 4141 1097 4186 tum
1113 4128 1221 4200 judicia
1231 4143 1261 4189 et

132 4219 315 4294 cognitiones
339 4217 518 4276 necessarias
539 4216 577 4274 ad
602 4215 733 4274 ordinem
754 4217 891 4275 moralem
912 4216 1132 4289 voluntatisque
1153 4233 1260 4278 nostra:

131 4309 322 4368 directionem
338 4307 391 4374 (lb.
408 4327 440 4364 n.
457 4311 537 4379 319);
554 4320 689 4377 praeterea
705 4305 826 4377 iudicia,
841 4325 910 4378 quta
932 4319 1065 4378 spectant
1085 4307 1122 4365 ad
1137 4309 1261 4380 obiecti-

133 4419 198 4458 vam
215 4397 373 4456 realitatem
390 4395 591 4456 sensationum
607 4395 660 4462 (lb.
683 4415 711 4454 n.
728 4400 805 4468 320),
825 4396 1041 4456 inclinationem
1054 4398 1092 4457 ad
1106 4397 1192 4456 fidem
1206 4417 1260 4457 au-

130 4487 259 4548 ctoritati
278 4486 442 4546 habendam
465 4486 524 4551 (lb.
546 4490 627 4557 32¹)l
648 4485 776 4558 denique
798 4488 1021 4559 propensionem
1040 4487 1077 4545 ad
1100 4487 1157 4546 alia
1179 4488 1261 4546 varia

128 4577 240 4652 judicia
254 4575 438 4648 proferenda,
449 4594 574 4646 quorum
589 4595 715 4649 magnus
728 4588 772 4633 est
785 4595 858 4634 usus
872 4591 901 4634 et
913 4577 1025 4635 utilitas
1039 4576 1069 4636 in
1083 4575 1143 4635 vita
1155 4577 1260 4635 huma·

132 4685 171 4726 na
186 4665 240 4732 (lb.
264 4685 295 4726 n.
314 4665 446 4739 3²²·325)
466 4664 513 4724 Ci.
532 4665 668 4724 eumdem
684 4663 861 4724 Balmesium
885 4666 915 4724 in
935 4667 1035 4726 codem
1052 4665 1149 4739 Opere
1163 4665 1214 4727 lib.
1233 4689 1258 4731 r,

133 4776 198 4829 cap.
219 4774 266 4830 ις,
283 4776 312 4814 n.
331 4773 379 4829 135
395 4775 476 4827 seqq.
