3492 5525
525 432 580 501 524
631 417 758 483 Locrca
774 418 1005 495 Massa-Lis.
1027 434 1095 496 1³¹³,
1113 418 1207 483 Dies.
1223 428 1268 483 a·
1282 417 1362 483 Car.
1380 432 1450 499 ψ

527 660 583 725 80.
631 656 820 724 ΡκοΡοειτιο
848 640 903 721 a·
927 664 1061 725 Verum
1088 661 1267 724 evidenter
1285 678 1454 741 apparens
1473 662 1521 723 ita
1547 679 1608 724 ne·

482 766 622 833 'cessitat
634 770 844 832 intellectum
857 769 970 849 quoad
988 770 1207 842 exercitium,
1224 777 1263 831 ut
1276 787 1346 832 non
1359 768 1470 847 possit
1483 770 1609 854 volun·

482 883 537 940 tas
550 876 677 939 directe
690 876 856 956 impedire
869 893 1072 951 assensum,
1087 878 1248 955 quamvis
1258 878 1369 955 possit
1383 876 1559 939 indirecte.

486 1096 489 1105 ,
551 1050 697 1135 intellige
706 1050 738 1117 in
750 1050 877 1133 primis,
890 1048 969 1133 quid
983 1051 1025 1118 sit
1038 1050 1195 1135 impedire
1206 1050 1324 1115 directe
1333 1057 1366 1115 et
1377 1050 1540 1115 indirecte.
1553 1050 1607 1115 llle

485 1158 622 1242 impedit
650 1158 768 1223 directe
803 1157 945 1241 aliquam
973 1156 1153 1232 actionem,
1176 1157 1231 1240 qui
1258 1166 1366 1241 potest
1398 1156 1542 1233 efficere,
1570 1165 1608 1223 ut

485 1282 597 1341 causa,
619 1264 731 1349 positis
749 1264 905 1331 omnibus
920 1265 961 1329 ad
976 1265 1141 1349 agendum
1161 1264 1410 1349 praerequisitis,
1433 1284 1499 1329 non
1518 1274 1605 1350 agat.

486 1373 538 1437 llle
558 1380 667 1438 autem
681 1372 817 1457 impedit
831 1372 997 1447 indirecte,
1015 1372 1071 1455 qui
1087 1372 1172 1447 lacit,
1184 1380 1221 1437 ut
1236 1391 1302 1437 non
1319 1380 1460 1456 ponatur
1475 1371 1608 1455 aliquod

485 1479 743 1565 praerequisitum
774 1480 1009 1555 necessarium,
1039 1498 1107 1563 quo
1137 1479 1274 1563 proinde
1304 1480 1493 1557 deficiente,
1523 1480 1608 1545 actio

484 1587 585 1654 liuere
605 1588 730 1671 nequit.

550 1695 728 1779 Propositio
740 1706 789 1762 est
803 1704 917 1760 contra
936 1694 972 1759 P.
989 1690 1172 1761 Antonium
1191 1692 1297 1760 liubin
1315 1690 1383 1782 (ι),
1404 1694 1526 1759 Aversa
1542 1691 1607 1781 (2),

368 1815 373 1823 ·
484 1801 604 1879 Quiros
630 1800 682 1890 (3')
717 1813 748 1868 et
768 1803 931 1885 quosdam
961 1801 1041 1867 alios
1068 1800 1155 1884 apud
1184 1801 1312 1884 ipsum,
1342 1802 1398 1885 qui
1427 1800 1610 1867 concedunt

431 1977 434 1992 ,
485 1911 685 1977 intellectum
706 1910 868 1976 evidentia
897 1908 1080 1976 necessitari
1107 1909 1217 1992 quoad
1235 1908 1528 1993 specificationem,
1553 1928 1611 1975 ne-

483 2027 563 2107 gant
583 2036 658 2084 vero
676 2018 785 2103 quoad
804 2017 1007 2083 exercitium.
1024 2016 1068 2081 At
1092 2024 1201 2083 nostra
1216 2016 1377 2082 sententia
1396 2018 1494 2103 longe
1514 2034 1612 2082 com-

486 2124 633 2202 munior,
655 2144 713 2210 pro
732 2144 797 2209 qua
816 2126 916 2190 etiarn
943 2124 1148 2191 adducuntur
1171 2122 1208 2189 S.
1228 2122 1389 2217 Thomas,
1416 2122 1550 2199 Scotus,
1577 2135 1611 2189 et

485 2232 536 2299 alii
553 2233 751 2316 antiquiores
764 2228 828 2318 (4).

530 2345 631 2409 Prob.
656 2350 701 2406 1.⁰
746 2340 788 2403 Ea
808 2346 856 2404 est
877 2338 1022 2404 conditio
1041 2338 1259 2422 potentiarum
1280 2339 1553 2415 necessariarum,
1574 2351 1612 2404 ut

487 2447 600 2532 positis
620 2438 775 2513 omnibus
797 2446 838 2512 ad
861 2445 1027 2531 agendum
1047 2446 1295 2529 praerequisitis,
1317 2455 1482 2530 nequeant
1513 2446 1610 2513 actio·

488 2574 564 2622 nem
593 2554 761 2631 cohibere,
793 2572 901 2636 neque
929 2554 1134 2619 avoluntate
1166 2553 1288 2619 directe
1315 2551 1477 2636 impediri.
1512 2554 1611 2636 Atqui

487 2664 669 2729 intellectus
698 2670 749 2727 est
777 2662 922 2745 potentia
942 2659 1137 2736 necessaria,
1168 2671 1201 2725 et
1230 2678 1307 2726 vero
1326 2659 1494 2725 evidenter
1513 2679 1613 2745 appa·

489 2783 591 2847 rente,
613 2779 732 2855 praesto
761 2771 821 2854 ipsi
841 2770 961 2836 adsunt
980 2768 1092 2834 omnia
1121 2767 1343 2852 praerequisita
1364 2770 1404 2833 ad
1429 2768 1610 2855 agendum.

489 2881 615 2964 Ergo...

404 2973 405 2980 ἵ
555 2993 671 3053 Minor
691 2993 795 3069 patet,
817 2994 849 3048 et
868 2984 970 3070 Major
989 2984 1175 3049 inductione
1195 2983 1322 3067 probari
1343 2992 1462 3068 potest.

534 3100 635 3161 Prob.
658 3092 710 3158 2.⁰
759 3091 863 3156 Simili
887 3092 993 3182 ‘modo
1015 3109 1050 3156 se
1072 3091 1169 3157 habet
1188 3089 1389 3176 intelligibile
1413 3092 1547 3158 evidens
1566 3112 1615 3158 re·

488 3210 602 3289 spectu
618 3203 817 3276 intellectus,
835 3219 870 3265 ac
884 3199 1008 3265 visibile
1022 3207 1169 3283 respectu
1178 3199 1280 3264 visus.
1300 3199 1399 3284 Atqui
1413 3199 1613 3284 impossibile

490 3323 557 3386 est,
575 3319 611 3376 ut
629 3309 744 3375 oculus
759 3307 855 3371 etiam
882 3326 940 3390 per
958 3305 1131 3390 imperium
1157 3307 1334 3373 voluntatis
1352 3306 1512 3373 abstineat
1530 3327 1548 3372 a
1567 3306 1616 3373 vi-

491 3420 598 3494 sione,
615 3434 692 3483 cum
708 3415 798 3481 adest
813 3415 978 3500 objectum
995 3413 1192 3479 sufficienter
1211 3413 1415 3498 propositum
1430 3423 1463 3480 et
1477 3415 1616 3500 applica·

491 3536 575 3593 tum.
597 3525 680 3609 Ergo
699 3523 786 3589 idern
806 3523 981 3588 dicendum
1001 3529 1051 3586 est
1066 3521 1107 3585 de
1125 3520 1316 3606 intelligibili
1333 3522 1488 3591 evidenti.

559 3634 596 3698 Et
614 3650 647 3697 re
662 3631 795 3716 quidem
816 3646 893 3695 vera
910 3629 944 3694 in
963 3646 1118 3704 assensu,
1145 3628 1201 3712 qui
1212 3636 1381 3712 praestatur
1400 3631 1529 3716 objecto
1548 3630 1616 3695 evi·

492 3741 598 3816 denti,
614 3737 723 3805 omnia
740 3735 893 3821 principia
908 3744 1011 3821 agunt
1025 3735 1282 3819 independenter
1296 3754 1314 3801 a
1334 3737 1514 3803 voluntate.
1531 3737 1615 3804 Nam

494 3868 599 3933 neque
620 3846 802 3912 intellectus
822 3845 908 3928 ipse,
930 3863 989 3909 nec
1016 3843 1203 3927 objectum,
1226 3862 1285 3908 nec
1308 3845 1431 3911 motiva
1455 3864 1529 3911 cum
1556 3863 1617 3912 suo

494 3957 617 4022 lumine
636 3953 776 4020 subsunt
795 3951 975 4017 voluntatis
992 3949 1147 4034 imperio,
1166 3970 1203 4017 ac
1217 3951 1338 4016 directo
1353 3951 1503 4017 intluxui.

540 4067 643 4131 Proh.
664 4070 683 4129 3
702 4059 718 4091 ⁰
765 4058 984 4141 Experientia:
1006 4055 1154 4140 Quisque
1173 4057 1260 4123 enim
1281 4058 1371 4125 testis
1394 4067 1444 4124 est
1466 4059 1620 4125 inelucta-

495 4170 567 4237 bilis
599 4170 664 4244 vis,
690 4186 755 4251 qua
788 4166 974 4232 intellectus
1005 4164 1147 4250 adigitur
1171 4167 1211 4230 ad
1226 4166 1469 4232 assentiendum
1489 4166 1619 4234 cuilibet

502 4363 753 4376 ...-——---

533 4461 572 4522 (r)
613 4464 649 4512 1.·
664 4457 788 4522 Postea,
803 4472 865 4524 esp.
886 4472 909 4517 ι.
925 4470 954 4521 q.
969 4450 997 4508 8.

533 4547 574 4614 (a)
612 4545 726 4619 Logia,
742 4564 771 4616 q.
789 4561 833 4616 25,
849 4553 919 4599 sect.
934 4561 961 4612 9.

535 4641 575 4707 (ql
613 4634 681 4692 Loc.
697 4633 746 4691 cit.
1176 4673 1182 4686 .

536 4728 576 4798 (4)
612 4722 688 4782 Vide
713 4741 761 4782 eos
775 4721 853 4794 apud
869 4721 1010 4790 Ponseca,
1023 4717 1276 4781 conimbricenses
1290 4731 1320 4780 et
1332 4717 1422 4792 alios,
1432 4717 1503 4781 locis
1514 4717 1621 4781 citatis.
