3492 5525
538 488 598 552 art)
726 487 851 553 Loorca
871 484 1124 550 Mulon-Drse
1148 499 1189 550 r.·
1211 483 1289 550 Cae.
1316 500 1402 569 φη,

498 673 658 741 efficiunt.
686 672 738 738 Sic
763 690 884 757 corpus
899 673 1091 750 humanum
1123 679 1272 755 respectu
1300 671 1432 755 capitis,
1460 689 1618 738 manuum
1727 683 1728 686 ’

499 783 765 867 reliquorumque
788 780 1014 848 membrorum
1037 789 1086 846 est
1102 788 1210 848 toturn
1234 778 1408 864 integrale,
1424 778 1500 863 quia
1523 780 1620 846 exiis

496 892 682 975 completur
700 889 762 965 ita,
782 900 819 956 ut
837 889 865 956 si
885 888 975 973 quod
993 886 1138 964 deficiat,
1162 887 1304 954 essentia
1324 886 1458 970 quidem
1479 887 1620 953 hominis
1728 913 1729 976 5

501 1017 567 1065 non
582 1008 709 1083 pereat,
725 1014 847 1081 corpus
865 1005 977 1064 tamen
997 996 1099 1082 ipsius
1113 998 1182 1081 jam
1202 994 1339 1061 minime
1356 1006 1521 1061 remaneat
1539 996 1621 1062 inte-

500 1124 612 1192 grum.
642 1106 752 1171 Partes
778 1106 981 1190 integrantes
1006 1113 1144 1187 possunt
1171 1121 1242 1169 esse
1266 1103 1317 1167 vel
1345 1103 1533 1187 homogenaea
1561 1121 1620 1169 seu
1729 1156 1730 1208 ἶ

499 1215 671 1290 similans,
698 1215 811 1298 quales
831 1211 1036 1298 reperiuntur
1054 1213 1087 1278 in
1107 1212 1211 1296 lapide
1234 1230 1271 1278 ac
1289 1212 1413 1278 ceteris
1431 1211 1622 1296 corporibus
1729 1223 1730 1234 ¹

500 1321 715 1406 inorganicis,
727 1322 778 1388 vel
791 1320 990 1405 heterogena
1003 1338 1060 1386 seu
1071 1319 1224 1396 diversae,
1241 1327 1278 1385 ut
1292 1319 1451 1405 contingit
1461 1319 1494 1386 in
1508 1337 1623 1404 corpo-
1729 1361 1730 1364 =

500 1449 534 1496 re
553 1429 701 1496 humano
720 1439 754 1496 et
771 1427 952 1514 generatim
972 1428 1004 1493 in
1023 1427 1195 1512 organicis.
1211 1461 1213 1466 ·

306 1551 468 1608 ntoeuttvum.
568 1536 620 1602 Ad
642 1543 751 1602 totum
770 1555 808 1600 ac
831 1543 939 1621 partes
962 1535 1136 1620 integrales
1161 1535 1304 1600 revocari
1327 1552 1461 1617 quoque
1485 1543 1622 1618 possunt
1730 1519 1731 1564 ³

435 1676 439 1682 ,
501 1652 609 1711 totum
626 1645 716 1728 quod
732 1643 881 1728 peculiari
895 1661 992 1709 sensu
1002 1642 1220 1725 potestativum
1233 1650 1456 1724 nuncupatur,
1473 1649 1506 1706 et
1517 1651 1624 1726 partes

502 1750 562 1836 ipsi
577 1751 745 1837 subjectae.
762 1750 885 1818 Dicitur
899 1768 996 1836 porro
1010 1760 1119 1816 totum
1135 1749 1368 1834 potestativum
1383 1748 1512 1833 speciali
1523 1767 1622 1815 sensu
1731 1829 1732 1832 Ἴ

502 1858 624 1943 aliquid
648 1857 934 1943 respectuvirium
959 1877 1017 1924 seu
1043 1857 1280 1942 potentiarum,
1306 1857 1426 1940 quibus
1441 1857 1622 1932 instruitur,
1731 1927 1732 1944 ἢ

502 1979 536 2035 et
558 1966 591 2032 in
610 1985 750 2050 quarum
775 1967 912 2052 singulis
931 1966 1056 2049 integra
1080 1963 1183 2031 virtus
1203 1983 1241 2030 ac
1266 1965 1346 2030 ratio
1367 1965 1468 2030 totius
1489 1963 1625 2030 minime
1731 1965 1732 1986 ¹

503 2078 660 2142 salvatur.
689 2073 884 2158 Exemplum
916 2073 1016 2138 habes
1039 2073 1071 2138 in
1099 2072 1207 2138 anima
1234 2082 1380 2157 respectu
1407 2073 1624 2156 potentiarum

503 2181 620 2267 ipsius,
652 2190 690 2247 ut
716 2199 793 2247 curn
815 2180 934 2246 animae
957 2179 1074 2247 dicitur
1092 2180 1190 2246 altera
1221 2197 1293 2245 esse
1321 2198 1395 2263 pars
1413 2179 1624 2256 intellectiva,

503 2291 603 2356 altera
624 2287 813 2373 appetitiva.
840 2289 886 2352 lta
913 2287 1092 2372 prudentiae
1114 2287 1302 2354 tribuuntur
1329 2301 1500 2370 tamquam
1519 2297 1627 2372 partes
1732 2279 1733 2304 ¹

505 2395 710 2481 potestativae
727 2397 920 2478 synderesis,
945 2395 1071 2462 eubulia
1099 2403 1132 2460 et
1149 2411 1277 2478 gnoson
1305 2403 1337 2459 et
1360 2395 1494 2479 justitiae
1511 2395 1624 2476 pietas,

461 2563 466 2573 .
503 2504 616 2588 religio
640 2511 702 2569 etc.
729 2503 799 2568 Hoc
817 2503 947 2588 speciali
965 2521 1064 2569 sensu
1084 2502 1208 2568 videbis
1231 2502 1318 2587 apud
1337 2503 1509 2586 theologos
1533 2506 1628 2567 lotum

505 2631 542 2678 ac
557 2615 666 2694 paries
677 2611 877 2692 potestativas
895 2609 1056 2694 usurpari.
1079 2607 1291 2694 Quamquam
1315 2608 1495 2694 saepissime
1521 2609 1630 2675 Philo-

505 2719 601 2804 sophi
619 2727 729 2785 totum
745 2719 979 2802 potestativum
995 2725 1166 2803 tamquam
1184 2716 1363 2786 identicum
1383 2737 1460 2785 cum
1479 2715 1628 2805 integrali
1733 2713 1734 2720 ’

505 2827 681 2912 accipiunt.

574 2932 668 3000 Ratio
685 2950 782 3011 vero,
807 2950 866 2999 cur
883 2939 992 2999 totum
1011 2934 1246 3017 potestativum
1270 2932 1422 3018 peculiari
1447 2934 1510 3001 hoc
1528 2952 1629 3001 sensu
1734 2970 1735 2981 κ

505 3049 680 3126 sumptum
710 3041 750 3107 ad
777 3047 889 3107 toturn
916 3039 1074 3126 integrale
1102 3048 1287 3117 revocetur,
1314 3051 1363 3107 est
1390 3043 1493 3126 «quia
1518 3052 1555 3107 ut
1578 3060 1631 3108 res
1733 3116 1735 3133 Ι

506 3156 643 3216 extensa
656 3156 786 3215 constat
808 3148 877 3215 suis
897 3147 1043 3231 partibus
1065 3148 1303 3233 integrantibus
1322 3150 1432 3232 quoad
1454 3158 1558 3217 totam
1574 3168 1632 3216 ex-

506 3256 711 3331 tensionem,-
735 3254 782 3321 sic
805 3273 858 3321 res
885 3273 960 3339 quae
982 3257 1086 3322 multa
1109 3264 1236 3352 potest,
1262 3265 1391 3323 constat
1414 3257 1482 3324 suis
1506 3255 1630 3323 viribus
1734 3250 1735 3297 Ῑ

507 3362 705 3449 potentiisve
719 3362 829 3447 quoad
842 3371 948 3429 totam
969 3372 1203 3448 potestatem»
1222 3382 1280 3430 seu
1296 3365 1450 3431 virtutem
1467 3361 1530 3451 (ι).

329 3502 456 3561 „mm
552 3472 609 3557 83.
655 3470 777 3537 Totum
801 3471 985 3552 potentiale,
1015 3472 1223 3554 quodetiam
1243 3473 1463 3553 potestativum
1481 3480 1628 3548 vocatur,
1734 3512 1735 3561 3

506 3579 581 3646 licet
599 3596 666 3644 non
681 3579 713 3645 in
732 3596 832 3645 sensu
848 3579 994 3663 speciali,
1011 3596 1112 3661 quem
1128 3579 1229 3645 modo
1243 3580 1498 3656 declaravimus,
1515 3578 1633 3646 dicitur
1734 3572 1735 3645 ζ

506 3704 564 3771 per
581 3686 730 3753 ordinem
746 3685 927 3770 adportes,
944 3704 1026 3770 quas
1045 3703 1110 3752 non
1126 3698 1218 3763 actu,
1235 3687 1293 3753 sed
1313 3687 1458 3771 potentia
1467 3686 1632 3775 eontinet)

507 3794 661 3860 nimirum
680 3802 731 3860 est
746 3794 827 3859 ratio
840 3812 900 3859 seu
916 3794 987 3859 idea
1002 3794 1193 3861 universalis
1211 3806 1359 3879 respectu
1375 3795 1576 3871 interiorum,
1588 3794 1631 3859 de

507 3902 627 3986 quibus
646 3901 811 3986 praedicari
830 3909 957 3985 potest,
979 3919 1120 3986 quaeque
1141 3902 1204 3968 sub
1229 3920 1288 3968 sua
1306 3902 1500 3968 extensione
1524 3900 1632 3967 conti-

506 4017 575 4077 net.
591 4006 670 4074 'lale
686 4016 737 4074 est
751 4009 838 4074 homo
857 4017 1004 4093 respectu
1023 4008 1106 4075 Petri
1126 4020 1158 4076 et
1177 4008 1265 4076 Pauli
1284 4018 1318 4075 et
1335 4018 1527 4076 caeterorum
1551 4008 1633 4075 indi-

505 4115 694 4183 viduorum.
728 4116 880 4184 lnieriora
909 4133 988 4182 vero
1021 4117 1164 4183 notionis
1199 4117 1390 4183 universalis
1425 4118 1632 4201 appellantur

505 4233 613 4307 partes
626 4222 712 4289 illius
725 4224 868 4311 sabjecta
887 4224 937 4289 vel
952 4224 1138 4311 subjectiva.
1153 4224 1255 4289 Facile
1271 4242 1366 4308 porro
1382 4222 1556 4309 percipies,
1571 4242 1632 4289 cur

505 4330 699 4397 universalis
724 4332 795 4398 idea
813 4332 940 4398 dicatur
961 4341 1068 4401 totum
1102 4332 1295 4417 potentiale,
1323 4332 1477 4398 nimirum
1506 4330 1630 4399 ratione

539 4688 583 4838 (12l
618 4686 747 4747 Fonseca
761 4689 834 4747 lust.
849 4688 932 4748 Diei.
943 4688 993 4748 lib.
1008 4709 1041 4765 4,
1057 4711 1121 4764 cap.
1134 4712 1159 4763 3.
1172 4688 1233 4751 Cir.
1246 4704 1343 4752 tamen
1356 4688 1389 4749 S.
1401 4689 1458 4750 Th.
1476 4711 1486 4749 ι
1500 4710 1529 4763 p.
1541 4709 1570 4761 q.
1583 4710 1630 4764 77,

503 4798 563 4839 aa
601 4786 660 4836 ι.“
