3492 5525
548 434 608 522 848
668 440 796 505 Locren
810 438 1040 513 blason-Lus.
1057 453 1127 513 2³¹⁸,
1143 435 1235 502 Drse.
1250 453 1294 520 3.·
1309 440 1389 503 Car.
1409 454 1477 501 ram

508 622 629 690 tatibus
645 634 677 689 et
695 621 949 711 cognitionibus.
967 622 1051 708 Ergo
1066 640 1198 689 necesse
1214 632 1263 689 est
1276 624 1383 689 dicere
1397 643 1460 709 ope
1469 622 1625 688 ratiocinii

508 750 563 797 eas
580 732 773 817 comparari.
985 723 988 729 ’
1655 723 1658 727 ’

574 844 677 907 Prob.
698 846 747 907 αθ
755 836 970 924 experientia.
985 838 1092 903 Nemo
1106 837 1194 903 enirn
1210 846 1277 913 est,
1293 839 1373 923 quin
1387 838 1506 905 sentiat
1520 840 1625 904 multa

507 934 542 1011 se'
561 946 708 1013 didicisse
730 966 792 1029 ope
812 944 982 1022 ratiocinii,
1004 963 1079 1028 quae
1098 961 1195 1011 nosse
1212 945 1304 1011 aliter
1322 964 1389 1011 non
1405 946 1578 1030 potuisset.
1729 1003 1731 1022 ,

568 1059 693 1132 Dices,
711 1052 765 1119 bis
784 1052 862 1118 nibil
883 1051 1027 1137 probari,
1047 1053 1164 1117 saltem
1190 1061 1303 1119 contra
1329 1051 1528 1129 Platonicos,
1549 1052 1627 1136 quia
1729 1035 1731 1106 ῗ

507 1178 549 1227 ex
566 1178 681 1227 eorum
700 1159 860 1227 sententia
878 1158 1066 1245 responderi
1086 1167 1194 1244 potest
1217 1179 1272 1234 ea,
1287 1178 1370 1245 quae
1396 1176 1457 1226 nos
1475 1161 1517 1226 de
1536 1179 1624 1226 novo
1729 1139 1731 1162 '

507 1267 670 1334 addiscere
698 1274 873 1351 putamus,
900 1285 1012 1334 revera
1038 1282 1106 1331 non
1134 1266 1174 1331 de
1203 1285 1290 1333 novo
1307 1267 1447 1345 addisci,
1467 1268 1526 1334 sed
1545 1269 1625 1334 olim
1729 1275 1731 1300 ³

509 1385 585 1441 nota
604 1383 637 1440 et
654 1374 810 1441 oblivioni
830 1374 947 1439 tradita
962 1373 995 1439 in
1015 1374 1208 1439 memoriam
1227 1374 1528 1451 dumtaxat,·novis
1541 1376 1628 1441 exci-
1729 1369 1731 1414 ἶ

506 1482 683 1549 tationibus
694 1502 736 1549 ex
748 1500 907 1565 sensuum
919 1481 1109 1547 testimonio
1122 1481 1363 1559 accedentibus,
1379 1483 1533 1548 revocari.
1548 1484 1626 1549 Pere

506 1590 591 1655 saut
604 1590 692 1675 ferri
712 1590 886 1674 arannem
907 1590 1097 1675 araneantes,
1125 1588 1270 1655 videmur
1294 1590 1483 1665 claritatem,
1499 1595 1573 1675 qua
1595 1592 1628 1656 ei

506 1698 698 1764 naturaliter
714 1698 811 1774 inest,
832 1697 978 1763 inducere
997 1692 1065 1784 (r),
1084 1714 1161 1763 cum
1180 1703 1290 1763 tamen
1310 1714 1419 1762 revera
1437 1697 1516 1763 nihil
1530 1697 1627 1763 indu·

496 1822 632 1873 camus.
968 1811 973 1820 ’
1729 1873 1731 1890 ,

573 1919 679 1997 Resp.
700 1912 845 1978 Assertio
865 1910 1103 1978 Platonicorum
1121 1912 1202 1979 adeo
1220 1920 1272 1980 est
1293 1914 1393 1997 gratis
1410 1911 1569 1990 conficta,
1589 1926 1625 1980 ut
1729 1937 1731 1978 ε

508 2033 647 2103 nequeat
665 2017 862 2085 evidentiam
883 2018 1090 2103 experientia
1104 2020 1419 2103 rationisque-allatae
1436 2020 1624 2087 obscurare.

507 2128 648 2195 Probent
665 2145 744 2212 ergo
764 2126 852 2211 prius
870 2126 931 2212 ipsi
949 2126 1060 2193 animo
1079 2137 1192 2193 nostro
1213 2127 1255 2193 ab
1274 2129 1346 2212 ipsa
1362 2128 1525 2194 creatione
1548 2128 1628 2195 insi·
1729 2113 1731 2174 ἱ

506 2244 574 2301 tam
604 2252 710 2300 rerum
739 2234 888 2309 omnium
916 2234 1023 2300 inesse
1045 2233 1230 2310 scientiam,
1262 2243 1295 2299 et
1321 2244 1393 2317 turn
1416 2235 1554 2301 demum
1569 2238 1626 2323 jus
1729 2279 1731 2292 ·

507 2341 674 2409 habebunt
693 2342 860 2408 ridiculam
879 2343 967 2407 illam
988 2341 1260 2409 reminiscentiam
1279 2342 1487 2409 obtrudendi.
1729 2327 1731 2336 Ξ

389 2509 448 2540 ω,
472 2492 493 2537 5,
573 2458 749 2519 ceterum
768 2456 799 2531 sl
816 2472 957 2533 quaeras
971 2468 1037 2533 quo
1057 2448 1411 2533 pacto-ratiocinatione
1425 2436 1519 2515 nova
1534 2452 1627 2518 dete·
1729 2523 1731 2544 Ι

301 2568 479 2615 levaverim
504 2568 624 2642 gantur
643 2558 810 2646 veritates,
836 2556 1006 2641 responsio
1028 2556 1062 2621 in
1077 2566 1237 2641 ⁴promptu
1250 2557 1318 2624 est.
1338 2558 1422 2625 Nam
1440 2560 1626 2643 generatim
1729 2611 1731 2630 .

340 2638 445 2685 ¹¹¹'‘¹²⁵⁸·
505 2664 670 2749 loquendo
684 2684 760 2730 cum
781 2663 1026 2740 ratiocinamur,
1047 2663 1152 2748 prima
1165 2664 1322 2749 principia
1336 2676 1368 2732 et
1386 2664 1540 2734 veritates
1554 2669 1626 2752 jam

508 2783 601 2842 notas
623 2773 665 2840 ad
683 2773 825 2857 aliquam
853 2773 1022 2839 materiam
1050 2771 1299 2842 determinatam
1326 2776 1546 2861 applicamus,
1573 2779 1625 2843 vel
1729 2792 1731 2797 ·

504 2891 683 2966 conceptus
703 2881 808 2946 varios
822 2881 907 2947 inter
924 2899 959 2946 se
977 2899 1224 2964 comparamus3
1245 2883 1278 2947 in
1296 2900 1362 2965 qua
1378 2886 1626 2968 comparatione
1729 2880 1731 2953 l

505 2999 539 3055 et
557 2989 772 3074 applicatione
791 3007 887 3064 novae
915 2987 1091 3054 relationes
1116 2989 1336 3074 deteguntur,
1357 2991 1519 3074 novaeque
1543 2993 1623 3058 veri·

505 3105 590 3163 tates
609 3096 785 3182 patefiunt,
801 3113 876 3178 quae
894 3095 985 3178 prius
1003 3114 1070 3162 non
1088 3091 1350 3164 innotescebant}
1379 3097 1471 3164 Sicut
1489 3099 1626 3164 admoto
1729 3090 1731 3113 '

440 3272 442 3276 ,
507 3205 629 3270 lumine
653 3203 695 3269 ad
719 3202 851 3287 aliquod
874 3201 1057 3288 objectum,
1084 3204 1294 3288 quodprius
1311 3206 1397 3270 clare
1415 3223 1482 3272 non
1502 3210 1627 3291 perspi·

388 3313 391 3322 ’
506 3314 664 3389 ciebatur,
698 3312 802 3377 multa
829 3328 905 3394 quae
935 3310 1035 3376 videri
1064 3330 1130 3377 non
1161 3320 1329 3397 poterant,
1357 3313 1468 3379 vivido
1497 3317 1625 3400 fulgore
1729 3328 1731 3357 ²

505 3421 675 3486 incurrunt
692 3417 725 3484 in
743 3419 869 3484 oculos.
896 3416 1021 3483 Verum
1041 3419 1111 3484 haec
1133 3420 1224 3485 nullo
1244 3421 1377 3504 negotio
1395 3420 1576 3507 intelliges,
1596 3425 1624 3489 si

505 3529 674 3612 paululum
695 3521 861 3609 respicias,
882 3523 961 3608 quid
980 3543 1041 3591 nos
1053 3527 1210 3593 hactenus
1223 3527 1256 3593 in
1270 3527 1626 3614 demonstrandispro-
1729 3568 1731 3571 -

504 3634 720 3720 positionibus
737 3630 922 3700 fecerimus.

688 3807 691 3813 ·
807 3791 1026 3861 botrorum
1049 3783 1297 3861 ormcutrnres.

552 3975 629 4044 233.
675 3959 784 4038 Objlc.
815 3953 868 4022 1.⁰
896 3953 961 4031 Qui
989 3953 1031 4018 ad
1057 3954 1315 4022 ratiocinandum
1334 3957 1475 4034 accedit,
1495 3961 1549 4026 'rel
1566 3962 1628 4027 scit

506 4085 576 4132 rem
596 4062 814 4150 propositam,
831 4062 883 4127 vel
902 4061 1043 4147 ignorat.
1061 4059 1192 4137 Sistit,
1213 4080 1283 4132 non
1300 4081 1386 4147 opus
1411 4073 1461 4132 est
1483 4087 1559 4132 earn
1577 4069 1629 4134 in·

504 4172 645 4257 quirere.
664 4169 697 4236 Si
711 4170 855 4255 ignorat,
876 4169 994 4251 frustra
1012 4167 1170 4253 inquiret,
1190 4187 1267 4235 curn
1283 4171 1424 4249 nesciat,
1438 4173 1521 4257 quid
1533 4193 1631 4260 quae-
1729 4240 1731 4243 .

505 4287 567 4350 rat.
586 4278 708 4356 Quare,
724 4275 851 4342 etiamsi
869 4273 951 4341 inid
968 4275 1128 4352 incurrat,
1147 4275 1255 4343 adhuc
1270 4266 1632 4368 seinvenisse'ignora-
1729 4336 1731 4357 ;

504 4387 566 4457 bit.
586 4387 632 4453 En
645 4369 774 4453 celebre
792 4381 950 4448 dilemma
967 4381 1111 4450 Platonis
1126 4381 1162 4447 ln
1180 4385 1315 4451 Menona
1328 4383 1396 4476 (a).
1729 4366 1731 4381 ¹

503 4495 784 4520 -1—-1--1-3—

506 4517 510 4530 ’
540 4554 581 4618 (ι)
617 4545 652 4606 S.
666 4545 737 4610 Th..
753 4541 876 4617 3.⁰dist.
891 4559 989 4614 33,q.
1006 4542 1250 4614 r,art.a,solut.
1266 4564 1292 4602 r.

540 4643 581 4708 (a)
616 4635 692 4694 Vide
701 4633 779 4708 apud
789 4630 894 4702 Arist„
902 4629 954 4690 lib.
966 4641 1005 4689 1.·
1013 4631 1256 4709 Paslerr'or.,cap.
1268 4655 1295 4705 1,
1304 4648 1335 4696 et
1343 4635 1424 4709 apud
1431 4635 1634 4716 eminuere„

505 4729 555 4794 lib.
575 4749 601 4800 ι,
614 4725 789 4794 Posterior„
803 4743 867 4797 cup.
885 4741 912 4790 r,
924 4733 1029 4794 qoeet.
1046 4739 1073 4792 1,
1086 4734 1143 4784 art.
1161 4743 1185 4782 r.
