3492 5525
302 473 417 535 Annae.
435 485 495 534 λυ·
508 471 657 535 Haurrus
672 487 849 534 rnrnonun
862 489 1103 536 rnrncreronun
1162 469 1221 552 787

941 578 1262 592 ψ

212 654 394 721 «Probatur
420 653 536 721 Minor.
567 653 652 732 Quia
673 654 800 720 diversa
832 654 986 738 principia
1012 654 1182 721 continent
1213 654 1261 719 di·

142 781 279 838 versam
301 763 483 839 veritatem,
504 779 603 846 quam
628 759 802 846 respiciunt
820 779 973 828 assensus
991 771 1161 846 tamquam
1185 780 1260 845 pro-

141 870 249 955 prium
268 871 445 956 objectum3
471 876 508 934 ut
530 870 690 935 diversam
714 869 882 934 veritatem
901 869 1008 954 specie
1029 870 1175 936 continet
1195 867 1259 948 hoc

141 978 347 1063 principium:
380 978 479 1043 Homo
500 979 548 1042 est
567 976 688 1042 animal
704 976 868 1052 rationale,
895 977 937 1042 ab
965 978 1032 1044 ilio:
1063 976 1189 1044 Natura
1214 980 1265 1042 est

138 1089 240 1151 motus
257 1083 448 1166 principium
476 1087 511 1149 et
532 1084 642 1168 qur'etis
668 1075 753 1172 ejus,
778 1083 812 1148 in
837 1101 898 1168 quo
921 1088 976 1150 est.
1004 1084 1087 1169 Ergo
1114 1082 1259 1151 efficiunt

139 1210 295 1259 assensus
322 1191 428 1276 specie
454 1191 623 1258 distinctos
641 1191 677 1256 in
703 1191 879 1258 intellectu.
907 1191 945 1256 Et
963 1190 1081 1258 diversi
1106 1180 1259 1258 assensus

137 1300 282 1366 efficient
304 1298 432 1366 babitus
451 1299 549 1366 etiam
569 1299 728 1365 diversos.
751 1297 789 1363 Et
813 1299 899 1364 idem
926 1301 1116 1385 exemplum
1142 1298 1259 1365 adduci

137 1416 249 1492 potest
266 1408 299 1472 in
318 1405 453 1472 diversis
467 1405 630 1492 principiis
648 1402 983 1492 universalissimisu(
1008 1403 1034 1494 ).

205 1515 270 1582 «Et
287 1515 315 1581 si
333 1515 419 1581 dicas
437 1513 593 1598 distingui
618 1514 726 1598 specie
751 1531 918 1590 assensus,
938 1513 997 1580 sed
1024 1522 1136 1580 tamen
1160 1512 1259 1598 perti·

136 1641 215 1688 nere
233 1622 274 1688 ad
302 1622 457 1687 eumdem
486 1621 646 1698 habitum,
672 1621 747 1704 quia
777 1633 855 1688 sunt
878 1630 970 1687 actus
990 1621 1185 1705 inadaequati
1208 1639 1259 1686 re·

134 1739 249 1814 spectu
269 1729 366 1805 illius,
388 1729 427 1794 ad
439 1729 551 1794 omnia
568 1728 722 1812 principia
740 1745 773 1796 et
792 1728 832 1793 ad
851 1746 968 1794 omnes
979 1745 1134 1795 assensus
1143 1747 1256 1795 eorum

133 1856 172 1902 se
192 1836 409 1918 extendentis3
425 1836 458 1902 in
477 1836 673 1903 contrarium
694 1845 757 1912 est,
774 1836 904 1920 quodsi
923 1835 1171 1921 distinguuntur
1183 1854 1258 1920 spe·

133 1943 195 2020 cie,
213 1945 286 2010 licet
304 1943 517 2027 inadaequata,
547 1961 679 2009 necesse
699 1950 749 2009 est
767 1961 824 2010 eos
846 1961 1003 2028 generare
1030 1943 1159 2010 habitus
1186 1961 1260 2028 pare

132 2049 346 2136 tialesspecie
359 2051 541 2133 distinctos;
556 2051 632 2135 quia
651 2051 804 2134 quaeIibet
822 2069 920 2116 causa
939 2051 1088 2134 producit
1101 2052 1253 2116 effectum

132 2159 317 2224 secundum
337 2177 430 2223 suam
450 2157 605 2242 speciem,
627 2157 699 2224 licet
729 2157 980 2240 inadaequatam.
1008 2158 1091 2243 Ergo
1110 2178 1130 2223 a
1149 2159 1256 2225 causis

131 2265 241 2350 specie
259 2264 429 2341 distinctis,
451 2265 523 2330 licet
542 2264 755 2347 inadequatis,
774 2283 907 2330 necesse
925 2275 975 2331 est
993 2266 1129 2331 effectus
1147 2265 1256 2349 specie

130 2372 293 2448 diversos,
315 2372 387 2438 iicet
411 2373 651 2455 inadaequaros,
673 2372 859 2454 procedere.
881 2369 990 2447 Qrare
1003 2374 1071 2458 jarn
1092 2371 1256 2439 dabuntur

128 2479 248 2546 diversi
269 2480 410 2558 babitus,
427 2481 543 2546 saitem
563 2479 724 2563 partiales,
745 2481 852 2564 specie
870 2478 1047 2546 distincti.»

201 2587 345 2653 «Verum
361 2587 516 2671 probatur
534 2586 651 2652 debere
670 2585 826 2671 distingui
845 2588 953 2670 specie
971 2587 1074 2652 totali.
1095 2585 1181 2663 Quia
1199 2587 1256 2652 ha·

130 2694 220 2762 bitus
241 2694 470 2780 principiorum
491 2692 675 2760 nonhabet
701 2701 830 2760 tantam
847 2693 1074 2760 extensionem
1098 2713 1136 2760 ac
1162 2695 1256 2760 intel-

132 2803 252 2879 lectus,
273 2812 310 2868 ut
329 2802 432 2889 possit
450 2802 592 2867 idem-se
609 2801 785 2867 extendere
803 2802 843 2867 ad
862 2820 981 2868 omnes
1000 2803 1172 2884 veritates3
1195 2820 1256 2868 nec

131 2910 233 2974 habet
251 2912 407 2996 majorem
423 2909 665 2984 extensionem,
682 2927 780 2993 quam
797 2908 926 2975 habitus
938 2909 1097 2988 scientiae,
1114 2910 1166 2975 cui
1181 2930 1255 2994 pro-

132 3015 336 3101 portionatur
350 3036 386 3082 ac
400 3016 578 3083 necessario
593 3015 866 3099 praesupponitur.
885 3016 950 3081 Sed
967 3017 1097 3083 habitus
1112 3018 1254 3083 scientiae

131 3124 379 3209 distinguuntur
395 3124 501 3209 specie
520 3142 578 3207 per
591 3122 718 3189 diversa
736 3123 862 3208 objecta
881 3125 1039 3191 formalia.
1061 3125 1144 3210 Ergo
1165 3126 1255 3191 habi-

131 3242 188 3298 tus
206 3229 459 3317 principiorum,
473 3231 529 3314 qui
544 3230 591 3296 eis
602 3230 850 3315 correspondet,
870 3230 970 3298 debet
984 3232 1083 3297 etiam
1098 3231 1254 3318 distingui

131 3338 240 3424 specie
259 3358 317 3423 per
334 3339 477 3405 diversas
493 3338 646 3423 yeritates
660 3336 911 3422 principiorum,
931 3338 1013 3405 circa
1026 3355 1108 3421 quas
1123 3357 1256 3407 versan-

131 3457 203 3523 tur,
225 3456 395 3531 tamquam
413 3446 493 3512 circa
514 3446 641 3530 propria
660 3428 810 3529 objecta»
827 3442 893 3533 (a).

200 3552 250 3620 Ad
281 3553 438 3619 rationem
466 3538 544 3619 uero
572 3552 765 3618 contrariam
791 3571 896 3618 exeo
924 3553 1077 3638 petitam,
1107 3556 1197 3639 quod
1221 3555 1255 3621 in

131 3661 288 3729 omnibus
299 3660 460 3746 principiis
471 3662 584 3725 eadem
601 3660 643 3726 sit
658 3662 737 3725 ratio
750 3660 895 3727 formalis
909 3662 1123 3741 assentiendi,
1138 3662 1257 3729 scilicet

131 3768 205 3837 sine
223 3768 331 3834 medio
351 3768 520 3853 probante,
538 3768 713 3852 respondet
732 3768 872 3846 RubiuS,
888 3770 1048 3854 negando
1066 3770 1184 3835 exinde
1205 3789 1257 3836 se-

131 3878 191 3961 qui
215 3875 397 3962 specisrcam
417 3876 620 3943 identitatem
641 3890 794 3941 assensus
815 3876 847 3941 in
867 3876 1044 3961 principiis.
1066 3880 1170 3945 «Nam
1183 3879 1257 3948 licet

132 3985 289 4051 omnibus
307 3982 501 4050 assentiatur
519 3983 682 4049 intellecta
697 3982 932 4068 significatione
950 3983 1167 4052 terminorum
1186 3985 1256 4051 sine

133 4091 259 4167 medio,
281 4092 400 4159 modus
419 4100 529 4157 tamen
549 4090 609 4156 iste
630 4090 827 4157 assentiendi
846 4100 879 4157 et
908 4092 987 4158 ratio
1014 4094 1165 4177 generica
1192 4102 1255 4169 est,

133 4198 220 4267 sicut
245 4200 342 4265 etiam
362 4207 412 4266 est
427 4197 580 4283 ¹generica
602 4197 634 4263 in
654 4198 797 4264 scientiis
821 4200 978 4265 assentire
996 4201 1257 4268 conclusionibus

134 4326 195 4393 per
214 4306 359 4373 medium
379 4304 675 4373 demonstrativum
706 4304 797 4373 Sicut
815 4325 893 4392 ergo
920 4308 954 4375 in
975 4308 1123 4377 scientiis
1150 4309 1258 4393 specie

172 4580 212 4645 (ι)
248 4575 362 4634 Rubius
388 4572 421 4632 iu
445 4573 550 4649 Lopic.
575 4574 624 4633 lib.
650 4580 687 4631 1.·
706 4572 840 4644 Postea,
853 4586 971 4634 tract.·r
991 4578 1027 4635 de
1042 4576 1133 4635 tabit
1146 4576 1259 4653 prinei-

131 4666 224 4740 pium,
242 4684 272 4725 o.
288 4684 333 4723 ar.
1154 4701 1158 4709 =

173 4760 213 4823 (π)
249 4754 325 4815 Rub.
341 4753 380 4815 ib.
397 4774 427 4813 n.
447 4774 491 4812 ar.
