3492 5525
562 489 620 554 4²²
670 470 793 536 Lootctt
807 468 1036 544 hltJon-Lrn.
1057 481 1127 544 ψ,
1141 467 1235 530 Dtse.
1256 477 1298 528 r.·
1312 463 1394 528 Can.
1410 476 1482 527 an·

571 780 621 845 ¹4·
670 764 878 830 Pnorosnto.
897 766 1052 846 simplici
1076 763 1342 845 apprehensioni
1361 762 1470 842 logica
1492 777 1555 825 seu
1573 761 1654 822 tor·

520 876 622 939 malie
638 876 767 940 veritas
779 875 961 942 tribuenda
975 882 1040 938 eet.

588 1091 689 1153 Prob.
727 1093 774 1153 1.·
805 1083 933 1152 Veritas
972 1083 1078 1169 logica
1107 1091 1172 1150 stat
1202 1081 1234 1149 in
1268 1080 1454 1167 cognitione
1481 1078 1651 1147 conformi

519 1192 647 1278 objecto
666 1211 739 1260 suo.
761 1191 862 1278 Atqui
882 1191 1025 1277 simplex
1042 1190 1258 1277 apprehensio
1282 1199 1332 1256 est
1349 1187 1510 1274 cognitio,
1534 1195 1568 1254 et
1591 1199 1653 1255 est
1691 1274 1699 1290 .

519 1299 697 1368 conformis
714 1299 844 1385 objecto
862 1317 938 1369 suo.
954 1299 1050 1385 Ergo.

586 1413 699 1492 Major
715 1407 863 1475 continet
881 1406 1025 1474 veritatis
1039 1405 1153 1490 logicae
1166 1403 1410 1484 definitionem
1425 1410 1458 1468 et
1473 1401 1579 1468 Minor
1592 1413 1653 1470 eet

518 1513 600 1582 adeo
633 1533 725 1591 vera,
760 1522 798 1582 ut
829 1513 963 1582 interius
999 1513 1206 1599 probandum
1239 1510 1334 1578 nobis
1365 1509 1424 1586 sit,
1458 1509 1650 1594 simplicem

517 1619 811 1706 apprehensionem
831 1621 875 1690 ita
892 1621 1023 1706 objecto
1041 1638 1104 1688 suo
1120 1617 1334 1694 conformari,
1354 1626 1393 1684 ut
1406 1616 1566 1685 difformis
1578 1617 1651 1702 ipsi
1708 1623 1722 1654 ⁰

517 1747 591 1796 esse
610 1737 763 1814 nequeat.

585 1840 687 1904 Prob.
708 1835 762 1903 a.⁰
787 1835 833 1902 Ex
858 1835 1030 1903 communi
1048 1834 1194 1902 doctrina
1212 1833 1332 1902 veritas
1348 1833 1651 1900 transcendentalis

516 1942 666 2010 consistit
680 1942 778 2021 ineo,
794 1944 885 2027 quod
901 1943 1070 2029 objectum
1083 1943 1323 2019 conformetur,
1339 1943 1392 2008 vel
1406 1940 1650 2007 conformabile

515 2050 558 2118 sit
575 2049 752 2120 intellectui
772 2069 830 2119 seu
844 2050 1045 2138 cognitioni;
1065 2051 1185 2118 veritas
1203 2068 1282 2118 vero
1300 2048 1421 2136 logica,
1442 2049 1475 2114 in
1493 2067 1536 2114 eo
1548 2051 1647 2132 quod

515 2157 659 2244 cognitio
684 2160 909 2227 conformetur
935 2159 1077 2244 objecto.
1102 2159 1203 2243 Atqui
1230 2157 1369 2242 simplici
1387 2156 1648 2242 apprehensioni

516 2285 583 2334 non
603 2268 673 2334 sola
690 2267 849 2353 competit
869 2267 973 2353 prima
990 2265 1184 2352 adaequatio.
1205 2267 1302 2352 Ergo.
1322 2337 1325 2342 ,

583 2373 708 2441 Revera
736 2375 877 2460 simplex
904 2375 1121 2460 apprehensio
1154 2393 1220 2441 non
1246 2375 1357 2441 solum
1384 2381 1435 2440 est
1459 2373 1647 2440 conformis

517 2479 596 2550 ideis
613 2481 733 2551 divinis
751 2483 953 2569 archetypis,
970 2501 1037 2550 non
1060 2484 1169 2550 solum
1184 2490 1234 2550 est
1246 2480 1490 2548 conformabilis
1513 2479 1647 2546 intelle·

516 2589 582 2656 ctui
600 2608 641 2659 eo
659 2607 778 2667 sensu,
807 2599 844 2657 ut
862 2590 933 2675 ipsa
951 2589 984 2656 in
1012 2609 1049 2656 se
1071 2589 1227 2675 cognosci
1244 2586 1354 2673 'possit
1376 2589 1439 2654 alio
1457 2599 1532 2656 actu
1552 2607 1644 2654 verae

516 2696 728 2783 cognitionis,
763 2697 820 2783 qui
852 2706 904 2765 est
933 2698 1056 2783 duplex
1097 2698 1233 2765 modus
1249 2695 1429 2782 explicandi
1466 2696 1644 2763 veritatem

514 2806 848 2882 transcendentalem,
869 2816 907 2875 ut
925 2824 987 2874 suo
1005 2809 1077 2873 loco
1099 2805 1284 2880 videbimus
1305 2802 1379 2893 (·1);
1402 2806 1463 2871 sed
1482 2815 1644 2890 praeterea

514 2913 592 2997 quia
610 2922 660 2979 est
677 2914 789 3000 imago
810 2922 1047 2998 repraesentans
1072 2913 1239 2999 objectum
1258 2912 1409 2998 aliquod,
1428 2912 1481 2981 cui
1501 2914 1644 2998 proinde

512 3021 692 3088 conformis
708 3022 763 3101 sit,
779 3030 921 3107 oportet.

580 3134 683 3197 Prob.
704 3137 755 3199 3.⁰
777 3128 886 3197 Nemo
901 3131 1046 3215 prolecto
1059 3130 1192 3215 negabit
1207 3138 1405 3214 conceptum
1424 3127 1642 3198 exhibentem

511 3235 635 3303 animal
650 3236 805 3303 rationale
827 3255 901 3305 esse
922 3238 1027 3323 logice
1044 3255 1179 3315 verum,
1204 3236 1231 3303 si
1256 3237 1297 3303 ad
1316 3236 1487 3302 hominem
1506 3256 1526 3301 a
1545 3239 1644 3323 cogi-

513 3352 603 3411 tante
631 3344 798 3411 reseratur.
829 3344 931 3429 Atqui
956 3364 999 3411 ex
1020 3362 1060 3411 eo
1081 3323 1171 3429 quod
1190 3346 1231 3411 ad
1254 3344 1425 3411 hominem
1445 3345 1603 3413 referatur
1622 3365 1643 3411 a

512 3451 695 3537 cogitante,
717 3451 795 3518 nihil
814 3451 875 3535 ipsi
894 3450 1066 3538 conceptui
1093 3453 1127 3517 in
1154 3471 1190 3518 se
1217 3453 1381 3519 accrescit.
1411 3452 1496 3538 litgo
1524 3470 1645 3518 conce-

515 3568 592 3643 ptus
603 3559 656 3625 ille
668 3560 741 3625 licet
749 3578 873 3626 meram
886 3560 1034 3627 notitiam
1046 3559 1225 3636 contineat,
1240 3563 1299 3627 ne'c
1314 3561 1469 3626 reseratur
1481 3560 1523 3625 ad
1534 3561 1644 3627 homi-

515 3683 606 3744 nem,
622 3666 773 3733 eamdem
790 3666 822 3734 in
835 3684 871 3733 se
883 3667 982 3734 habet
994 3667 1178 3735 veritatem.
1190 3668 1235 3733 lta
1244 3668 1355 3753 imago
1363 3666 1514 3744 Caesaris,
1524 3667 1644 3735 etiarn·
1735 3733 1736 3738 ,

514 3774 541 3841 si
556 3794 576 3839 a
590 3793 644 3839 me
660 3791 726 3841 non
746 3776 902 3840 reseratur
914 3775 956 3841 ad
973 3774 1148 3852 Caesarem,
1165 3794 1225 3841 nec
1245 3776 1432 3841 adoerbtur
1446 3774 1491 3841 illi
1505 3774 1640 3855 similis,

515 3899 625 3947 revera
649 3898 716 3948 non
745 3881 865 3950 desinit
885 3900 951 3949 csse
967 3881 1084 3949 similis
1108 3893 1141 3952 et
1157 3883 1337 3950 conformis
1361 3884 1539 3968 exemplari
1556 3900 1638 3953 suo.

547 4130 589 4204 (t)
626 4129 659 4190 S.
674 4130 780 4191 Thom.
794 4130 951 4203 dupliciter
969 4130 1043 4191 solet
1062 4129 1209 4191 declarare
1229 4104 1512 4192 transcendeittalem
1525 4132 1643 4193 veritu-
1734 4185 1735 4212 ,

513 4234 582 4281 tem:
602 4231 641 4279 1.·
654 4240 706 4294 per
718 4220 851 4281 ordinem
865 4221 903 4280 ad
925 4219 1104 4280 intellectum
1118 4220 1279 4293 practicum
1297 4222 1435 4282 divinum
1448 4242 1501 4283 ceu
1514 4224 1642 4284 consor-

512 4312 659 4381 mitatem,
683 4330 773 4384 quum
794 4330 840 4369 res
863 4310 960 4369 omnis
985 4308 1074 4369 hebet
1096 4332 1165 4369 cum
1190 4311 1264 4371 ideis
1288 4309 1399 4372 divinis
1421 4312 1605 4387 archetypis,
1623 4338 1641 4375 a

511 4400 620 4474 quibus
637 4400 806 4475 assuuntur
825 4399 985 4474 unicuique
1002 4400 1046 4459 rei
1069 4400 1187 4460 creabili
1208 4421 1346 4461 mensure
1366 4422 1430 4462 suae
1451 4402 1641 4477 perfectionis
1733 4465 1734 4490 ,

511 4504 599 4563 etque
613 4489 753 4551 entitntis.
769 4502 810 4551 a·
823 4509 875 4563 per
888 4490 1023 4551 ordinem
1036 4490 1074 4549 ad
1087 4490 1266 4551 intellectum
1283 4492 1510 4565 speculativum,
1525 4507 1641 4567 quate·
1733 4501 1734 4522 ¹

512 4600 569 4640 nus
583 4578 722 4639 nimirum
736 4579 873 4653 quelibet
885 4600 932 4639 ree
944 4578 1151 4655 cognoscibilis
1163 4594 1225 4649 eet,
1235 4594 1266 4640 et
1277 4580 1459 4643 conformare
1466 4581 1524 4642 cibi
1536 4598 1641 4657 potent

511 4669 706 4740 intellectum,
720 4690 737 4728 ι
751 4690 810 4743 quo
824 4690 893 4731 rere
906 4683 1111 4746 cognoscetur.
1125 4668 1203 4729 Vide
1222 4670 1285 4730 loca
1298 4690 1389 4745 supra
1403 4672 1501 4732 citati.
1521 4670 1583 4733 Sed
1598 4678 1640 4735 de

510 4758 558 4820 his
571 4758 603 4820 in
617 4758 787 4835 Ontologia.
