3492 5525
421 503 539 565 Aurio
564 516 623 587 μ·
644 501 695 567 De
717 501 1001 570 Pannicuunurrs
1180 504 1234 589 183

143 683 219 752 liter
245 684 404 752 nimirum
431 686 587 770 quatenus
615 685 749 752 renna
779 691 870 765 sunt,
903 689 955 756 vel
984 689 1108 756 habent
1135 691 1274 756 formam

146 791 329 869 relationis,
350 799 383 857 et
401 790 428 858 si
449 800 548 876 prout
566 792 698 860 relativa
714 805 966 880 cognoscantur.
986 797 1025 864 Si
1040 797 1124 864 enim
1145 817 1211 866 asse
1227 817 1277 864 re-

144 899 242 966 lativi
254 902 304 967 est
313 902 358 965 ad
366 899 459 967 aiud
470 918 503 965 se
516 899 641 967 labere.
650 951 670 968 ..
682 902 784 984 posito
797 919 860 970 uno
870 905 1018 982 relativo,
1032 905 1139 972 statim
1146 905 1279 988 ponitur

144 1007 382 1084 correlatiaum,
397 1011 427 1074 et
438 1007 509 1074 ideo
520 1008 625 1090 posita
638 1028 672 1075 sc
684 1014 824 1092 ponunt,
839 1015 872 1078 et
881 1015 1042 1096 perempta
1055 1031 1088 1078 se
1101 1013 1273 1095 perimunt.

146 1115 318 1198 Proprium
341 1120 444 1181 auum
465 1116 674 1214 relativarum
691 1120 753 1194 est,
778 1121 817 1184 ut
835 1119 892 1202 qui
908 1118 1041 1202 diffinite
1059 1119 1273 1196 novitumnn,
1343 1124 1345 1128 ’

144 1224 656 1310 armrummterrerrqra,rse
672 1226 921 1310 altmannno
937 1211 1311 1402 esanarnounfflg
1367 1268 1375 1282 .
1403 1297 1406 1303 ,

145 1349 220 1398 esse
237 1332 286 1398 rei
297 1332 495 1416 significans,
513 1334 559 1398 aa
571 1350 637 1398 esse
653 1336 758 1410 autern
776 1335 905 1401 relativi
919 1335 1094 1420 requiritur
1105 1353 1192 1402 neces
1254 1336 1260 1349 '

144 1425 468 1524 correlatioumssqui
490 1458 565 1524 ergo
588 1440 744 1524 cognoscit
764 1460 830 1507 esse
853 1442 951 1510 unius
973 1443 1119 1520 relativi,
1145 1445 1274 1526 oportet,

145 1550 234 1632 quod
249 1551 411 1631 cognoscat
424 1567 490 1614 esse
505 1548 558 1613 sui
572 1547 760 1617 correlatiai
777 1545 790 1637 (
816 1546 841 1637 ).

215 1654 252 1721 Si
270 1663 380 1720 autern
409 1657 541 1721 relativa
566 1665 741 1724 sumantur
758 1657 981 1735 materialiter,
1007 1676 1066 1724 seu
1094 1660 1275 1726 secundum

145 1781 213 1828 esse
226 1763 390 1846 proprium
407 1768 441 1829 et
452 1764 628 1830 absolutum
651 1783 783 1842 eorum,
805 1765 1048 1849 praescindendo
1067 1767 1108 1832 ab
1126 1766 1195 1851 ipsa
1213 1767 1278 1832 lor-

147 1891 204 1938 ma
218 1872 398 1949 relationis,
419 1891 484 1955 qua
507 1872 707 1948 afficiuntur,
729 1890 796 1938 non
815 1881 866 1939 est
885 1873 1108 1939 universaliter
1130 1893 1206 1940 vera
1224 1875 1276 1942 illa

147 1980 343 2065 proprietas.
369 1978 423 2046 Sic
441 1987 549 2064 pater,
574 1997 637 2063 qua
650 1983 757 2061 pater,
779 1999 838 2045 nec
855 1989 918 2057 est,
940 1999 998 2046 nec
1016 1979 1152 2066 intelligi
1170 1990 1277 2065 potest

149 2089 221 2154 sine
240 2087 326 2164 tilio,
343 2087 401 2154 sed
422 2104 487 2169 qua
503 2087 608 2164 lonn‘,
633 2097 666 2152 et
689 2099 741 2154 est
759 2089 865 2154 multo
885 2089 974 2172 prius
996 2107 1095 2171 quarn
1122 2087 1224 2164 tilius,
1244 2098 1277 2154 et

148 2197 341 2281 intelligitur
358 2195 429 2262 sine
446 2213 499 2262 eo.

216 2302 255 2395 γ)
272 2303 418 2372 Relatr'aa
435 2303 588 2370 dicamur
598 2304 753 2386 suscipere
767 2304 864 2387 magis
877 2310 909 2369 et
923 2305 1028 2370 minuas
1041 2308 1075 2370 et
1084 2304 1194 2371 habere
1206 2323 1279 2370 con·

148 2412 299 2479 trarium.
325 2410 358 2477 ld
378 2419 488 2477 autem
509 2430 624 2478 verum
643 2430 711 2477 non
734 2418 785 2477 est
807 2411 848 2476 de
866 2411 1038 2488 omnibus,
1058 2413 1117 2478 sed
1135 2413 1176 2478 de
1196 2429 1278 2478 non-

147 2520 263 2586 nullis:
302 2519 446 2586 Relatiaa
479 2519 602 2602 inquit,
636 2527 748 2585 auctor
775 2519 922 2600 opusculi
946 2520 997 2585 de.
1021 2518 1126 2586 Totius
1156 2520 1277 2604 logica

147 2626 330 2693 Aristotelis
341 2627 486 2703 Samnio,
500 2625 882 2712 quorumsundamentum
896 2631 927 2692 et
938 2627 1088 2692 terminus
1101 2626 1281 2709 suscipiunt

145 2737 245 2821 nangis
261 2733 425 2812 atminus,
440 2739 472 2801 et
485 2736 750 2811 contrarietatem,
771 2720 869 2817 ipsam
887 2735 979 2801 etiam
992 2734 1170 2817 suscipiunt
1180 2733 1277 2819 magis

145 2848 180 2911 et
193 2844 300 2909 minus
312 2842 617 2909 etcontrarictatem:
629 2860 763 2927 quornm
775 2861 849 2909 vero
853 2842 1098 2928 fundamentum
1110 2846 1142 2908 et
1152 2843 1278 2909 termini

146 2971 211 3019 non
228 2951 407 3033 suscipiunt
425 2950 692 3036 ingenuinus
708 2970 765 3017 nec
786 2951 1054 3029 cananaeam,
1080 2970 1137 3017 nec
1161 2950 1276 3035 etipsa

145 3060 327 3141 suscipiunt
336 3055 402 3148 (2).

216 3168 311 3238 Actio
325 3176 376 3234 est
395 3168 475 3233 ratio
483 3165 648 3253 famatis,
664 3174 725 3250 per
740 3184 834 3251 quarn
846 3166 971 3251 ananiel
986 3166 1106 3233 dicitm
1121 3185 1221 3251 agere.
1239 3168 1276 3234 Et
1312 3197 1372 3253 Qun
1383 3198 1439 3243 ...10
1448 3205 1470 3241 n
1540 3210 1544 3219 ·

145 3276 304 3343 dividitur
316 3276 351 3341 in
368 3276 586 3341 immanentem
603 3292 640 3339 ac
657 3278 879 3341 tramcuntem.
902 3274 1088 3340 lmmanens
1100 3283 1166 3350 est,
1184 3277 1276 3361 cujus
1326 3269 1453 3329 ³³⁰¹¹¹P¹t¹²

145 3384 310 3450 terminus
334 3382 484 3467 recipitur
504 3382 537 3447 in
566 3382 637 3465 ipso
656 3391 774 3467 agente
799 3391 832 3447 et
849 3383 883 3447 in
902 3383 972 3467 ipsa
991 3382 1152 3467 potentia,
1174 3402 1191 3463 a
1211 3402 1276 3467 qua

145 3492 290 3569 elicitur,
311 3501 348 3557 ut
365 3491 546 3574 intellegere.
567 3489 740 3556 Transiens
759 3498 824 3565 est,
841 3492 933 3575 cuius
947 3489 1107 3556 terminus
1120 3500 1169 3556 est
1184 3499 1276 3556 extra

144 3617 267 3686 agens,
288 3600 340 3663 vel
359 3607 450 3663 extra
469 3597 668 3682 potentiam,
689 3617 708 3661 a
726 3616 792 3681 qua
811 3598 1014 3682 producitur,
1036 3606 1072 3663 ut
1091 3600 1273 3671 calefacere.

183 3708 191 3716 '
216 3706 326 3774 Passio
346 3712 396 3771 est
409 3704 492 3771 ratio
501 3703 653 3790 sarmatis
665 3712 726 3786 per
738 3722 833 3789 quam
850 3705 974 3790 aliquid
987 3705 1123 3788 patitur,
1139 3706 1277 3792 autsor-
1316 3724 1461 3785 quamn

146 3836 235 3881 nram
247 3814 386 3899 utranam
402 3812 530 3897 receptu
549 3823 586 3880 ut
604 3811 753 3901 calefieri.
776 3812 936 3879 Dividitur
954 3831 1087 3897 quoque
1106 3812 1139 3879 in
1163 3814 1275 3879 imnac-

143 3927 271 3989 nentem
288 3940 325 3987 ac
343 3924 571 3996 transeuntem,
589 3930 686 4005 prout
700 3918 877 4005 respondet
891 3919 1010 3987 actioni
1029 3922 1220 3987 immanenti
1239 3940 1275 3987 ac

143 4028 344 4097 transeunti.

215 4137 380 4203 Attributa
397 4136 537 4213 actionis¹
551 4145 584 4201 et
603 4136 762 4220 passionis
777 4144 871 4213 sunt,
887 4135 1042 4218 neseipere
1055 4136 1152 4220 magis
1169 4138 1201 4202 et
1215 4136 1275 4201 mi·
1319 4173 1461 4230 „mmmm

143 4266 210 4313 nus
228 4256 327 4329 atque
346 4244 440 4310 etiam
461 4244 721 4309 contrarietatem.
749 4244 833 4309 Nam
847 4246 1014 4329 calejmre
1031 4253 1063 4309 et
1071 4244 1271 4330 frigefacere,
1320 4244 1458 4291 ommim·

140 4353 289 4442 calefieri
311 4350 512 4439 etfrigqieri
534 4350 693 4417 contraria
717 4359 811 4428 sunt,
838 4360 872 4416 et
890 4352 1037 4418 diversos
1061 4352 1179 4417 habere
1199 4368 1275 4436 pos-

140 4470 227 4532 sunt
246 4460 381 4546 gradus.

178 4722 191 4775 t
195 4714 224 4787 1)
261 4711 333 4771 Vid.
349 4726 459 4859 agctor.
479 4708 584 4769 Totins
596 4709 673 4786 Lag.
686 4710 780 4769 Arist.
795 4709 905 4769 Summ.
921 4710 974 4769 loe.
990 4708 1039 4769 cit.
1054 4730 1079 4769 c.
1097 4727 1122 4783 5.

179 4809 225 4873 (a)
264 4802 309 4877 ld.
325 4800 394 4859 ibi.
