3492 5525
252 482 367 546 Anne.
387 495 445 561 ψ
456 481 508 545 Au
522 496 673 545 serenam
688 498 730 548 er
743 495 859 547 omnio
873 498 970 545 cmcx
984 498 1065 544 roan
1119 496 1178 561 937
1299 558 1309 581 ι

95 686 151 732 res
170 677 272 743 certe,
297 668 407 758 plures
425 667 494 733 aliae
512 667 552 733 ad
579 665 666 731 idem
689 666 854 752 objectum
883 672 1068 750 spectantes
1089 672 1219 730 contro·

94 775 226 850 versiae,
238 773 445 859 probabiliter
453 775 623 842 dumtaxat
639 774 858 842 resolvuntur.
872 773 916 839 At
928 792 990 841 nos
1005 789 1070 841 non
1088 771 1217 858 agimus

95 882 150 949 bic
177 884 286 951 solum
312 883 353 948 de
379 883 493 950 eadem
519 902 570 960 re,
590 882 649 949 sed
675 881 716 947 de
735 882 852 947 eodem
870 881 1077 959 enuntiabili,
1099 897 1157 947 seu
1176 880 1217 945 de

93 992 214 1057 eadem
233 990 392 1077 objectiva
411 991 648 1075 propositione,
669 999 701 1056 et
720 989 930 1073 inquirimus,
951 1008 993 1056 an
1011 988 1092 1057 circa
1111 1006 1217 1056 unum

93 1100 253 1184 idemque
271 1085 469 1167 enuntiabile
494 1099 562 1166 dari
585 1099 689 1183 possit
706 1099 827 1183 duplex
852 1110 961 1175 actus,
989 1098 1070 1165 alter
1094 1106 1215 1173 certus,

94 1210 180 1275 alter
198 1226 277 1292 pure
295 1206 492 1291 opinativus.
520 1206 676 1273 Praeterea
701 1206 841 1290 quaestio
865 1206 1090 1291 restringenda
1108 1213 1158 1271 est
1176 1204 1217 1271 ad

97 1314 309 1382 enuntiabilia
328 1316 380 1379 vel
399 1304 524 1399 objecta
542 1314 714 1381 dumtaxat
729 1313 919 1381 necessaria.
935 1314 1020 1380 Nam
1033 1312 1114 1379 circa
1128 1311 1217 1395 obje-

91 1432 188 1489 ctum
217 1422 412 1507 contingens
438 1441 504 1488 non
531 1422 627 1487 datur
649 1421 782 1489 scientia
808 1422 859 1488 vel
878 1430 970 1488 actus
989 1430 1114 1495 certus,
1134 1420 1217 1485 circa

93 1530 224 1616 objecta
242 1548 320 1596 vero
338 1530 518 1596 necessaria
544 1548 610 1596 non
638 1530 748 1597 solum
773 1540 864 1595 actus
890 1538 997 1597 certus
1015 1536 1048 1593 et
1066 1520 1218 1595 scientifi-

93 1638 253 1714 cus,·sed
282 1637 380 1705 etiam
409 1637 594 1721 opinativus
622 1637 740 1705 versari
768 1644 895 1722 potest,
921 1644 957 1702 ut
975 1644 1063 1720 patet
1082 1653 1123 1700 ex
1142 1632 1215 1703 alibi

94 1745 204 1812 dictis.
226 1744 345 1811 ldcirco
365 1745 559 1829 quaerimus,
581 1764 661 1812 num
680 1746 762 1811 circa
780 1746 868 1812 idem
887 1743 1084 1813 enuntiabile
1103 1760 1217 1811 neces·
1256 1760 1260 1768 ·

92 1854 218 1921 sarium
238 1852 346 1919 haberi
374 1852 478 1937 possit
497 1862 588 1919 actus
606 1853 749 1919 scientiae
766 1864 799 1921 et
826 1851 1001 1937 opinionis.
1022 1852 1089 1919 Nec
1107 1852 1214 1917 solum

93 1959 294 2045 inquirimus
320 1962 400 2036 hoc,
421 1978 498 2027 nam
518 1960 597 2027 satis
615 1979 726 2045 perse
749 1960 938 2035 innotescit,
959 1958 1105 2025 diversos
1123 1958 1217 2025 intel·
1237 2023 1238 2026 ,

93 2072 200 2135 lectus
219 2086 316 2153 posse
334 2067 433 2134 etiam
450 2068 532 2134 circa
550 2068 637 2136 idern
657 2068 870 2144 enuntiabile,
896 2068 1033 2133 alterum
1051 2065 1217 2133 certitudi-

94 2196 193 2253 nem,
213 2176 352 2242 alterum
371 2174 559 2259 opinionem
579 2175 713 2258 habere;
735 2175 806 2243 sive
828 2176 905 2259 quia
924 2176 1003 2241 alter
1021 2174 1110 2239 nulla
1124 2173 1215 2239 novit

93 2285 157 2352 nisi
176 2282 353 2368 probabilia
372 2281 496 2349 motiva
513 2300 684 2362 assensus,
704 2283 774 2349 sive
792 2284 870 2367 quia
883 2282 957 2349 licet
971 2293 1110 2365 uterque
1125 2282 1215 2347 novit

93 2392 218 2459 motiva
237 2392 270 2458 in
289 2410 325 2457 se
353 2391 549 2468 necessaria,
570 2410 638 2459 non
661 2400 773 2459 tamen
797 2410 892 2477 aeque
912 2399 1059 2477 penetrat
1078 2400 1213 2474 uterque

91 2502 161 2567 vim
180 2500 323 2567 illorum.
848 2487 851 2493 ’
1095 2512 1100 2523 ·

149 2594 309 2685 'Qraesrlo
335 2625 415 2693 ergo
445 2625 589 2692 praesens
616 2615 667 2673 est
694 2606 735 2673 de
762 2607 879 2674 eodem
908 2606 1072 2703 intellectu
1105 2624 1142 2673 ac
1171 2605 1212 2672 de

91 2716 210 2786 codem
238 2726 400 2800 tempore.
427 2715 506 2782 Fieri
535 2716 622 2782 enim
650 2723 778 2800 potest,
799 2734 836 2782 ac
855 2713 975 2800 passim
999 2714 1052 2791 nt,
1074 2725 1110 2783 ut
1130 2714 1212 2782 circa

91 2826 180 2890 idem
201 2822 399 2890 enuntiabile
418 2825 509 2908 plura
528 2833 699 2889 occurrant
716 2833 929 2910 argumenta,
950 2823 1010 2889 alia
1028 2831 1130 2900 certa,
1152 2824 1212 2892 alia
1266 2828 1267 2832 ’

91 2934 264 2997 dumtaxat
287 2931 475 3016 probabilia.
504 2933 613 3016 Atque
632 2913 713 2998 adeo
740 2932 773 2997 in
793 2932 930 2998 dubium
951 2939 1101 3007 vocatur,
1131 2950 1210 2998 num

91 3041 226 3123 quando
243 3040 276 3106 id
294 3040 419 3116 evenit,
441 3039 568 3124 possint
591 3038 689 3106 simul
715 3040 823 3106 inesse
845 3041 879 3105 in
905 3041 1021 3105 eodem
1046 3038 1211 3106 intellectu

92 3150 158 3214 duo
177 3155 285 3223 actus,
305 3148 386 3212 alter
408 3155 516 3213 certus
543 3156 576 3212 et
604 3147 818 3223 scientificus,
838 3166 880 3212 ex
898 3147 1099 3232 argumentis
1118 3147 1211 3214 certis

93 3276 130 3321 ac
159 3253 346 3321 necessariis
376 3255 518 3339 positus,
553 3256 634 3321 alter
661 3273 739 3320 vero
772 3273 853 3338 pure
880 3255 1083 3339 opinativus,
1110 3275 1210 3340 quem
1307 3241 1314 3252 ’

93 3363 215 3430 motiva
236 3361 410 3447 probabilia
432 3363 582 3447 gignant.
603 3363 648 3428 En
669 3381 736 3428 non
755 3381 869 3447 parum
898 3362 1062 3429 difficilem
1083 3371 1211 3430 contro-

93 3469 248 3546 versiam,
270 3488 387 3553 quam,
409 3468 617 3535 Aristotelem
632 3467 684 3559 (ι)
703 3469 835 3547 imitati,
851 3471 1123 3548 communissime
1136 3489 1211 3555 pro·

92 3597 214 3663 ponere
231 3578 380 3643 solebant
394 3585 521 3643 veteres
536 3577 657 3663 logici.
679 3577 740 3644 Cui
759 3575 873 3646 similis
887 3585 938 3645 est
950 3578 1004 3644 illa
1021 3578 1094 3656 alia,
1110 3598 1208 3664 quam

92 3707 134 3752 ex
152 3685 312 3752 similibus
331 3684 499 3751 dubitandi
515 3684 694 3752 rationibus
708 3694 897 3771 proponunt
916 3685 1073 3773 Theologi
1088 3687 1121 3752 in
1141 3706 1211 3752 ma-

93 3793 169 3860 teria
192 3794 234 3858 de
253 3792 328 3858 Fide
346 3792 470 3871 divina,
501 3811 541 3857 an
563 3811 681 3876 nempe
703 3791 787 3859 fides
814 3811 851 3860 ac
869 3793 1004 3860 scientia
1030 3795 1072 3860 de
1091 3795 1207 3862 eodem

92 3903 246 3987 dogmate
270 3902 368 3968 simul
387 3900 420 3966 in
440 3901 557 3967 eodem
576 3902 741 3986 intellectu
762 3901 925 3968 coherere
944 3903 1084 3969 valeant.
1165 3911 1168 3918 '

158 4010 196 4074 Et
213 4010 351 4094 quaestio
370 4010 454 4075 solet
473 4007 682 4092 potissimum
694 4008 834 4076 coerceri
844 4010 885 4077 ad
899 4010 1118 4090 enuntiabilia,
1133 4029 1207 4098 quae

93 4119 239 4185 discursu
268 4125 383 4202 egent,
419 4125 456 4182 ut
488 4126 739 4202 cognoscantur.
769 4117 853 4183 Nam
883 4117 969 4204 circa
990 4119 1094 4204 prima
1120 4119 1207 4204 prin·

91 4224 172 4310 cipia
194 4233 227 4290 et
252 4221 462 4292 enuntiabilia
474 4225 662 4292 immediata
682 4233 805 4312 negant
816 4245 915 4310 posse
929 4237 1014 4296 stare
1035 4245 1206 4294 assensum

90 4343 215 4401 certum
238 4333 337 4400 simul
364 4352 441 4399 cum
468 4332 635 4418 opinativo
659 4335 769 4418 plures
787 4333 885 4401 etiam
914 4325 1058 4413 illoflim,
1087 4335 1145 4420 qui
1174 4334 1207 4402 id

90 4443 254 4509 affirmant
272 4441 313 4506 de
331 4459 467 4507 assensu
487 4441 623 4508 aliorum
638 4442 899 4520 enuntiabilium,
914 4441 1062 4509 videlicet
1075 4452 1208 4528 propter

90 4569 256 4618 summam
276 4547 505 4634 principiorum
524 4549 739 4628 evidentiam,
760 4569 835 4635 quae
853 4551 982 4617 videtur
1001 4569 1061 4620 suo
1080 4553 1207 4637 fulgore

125 4786 164 4849 (r)
200 4781 263 4842 Lib.
284 4782 461 4853 1.⁰Poster.,
477 4802 540 4856 cap.
555 4783 601 4842 26.
