3492 5525
521 492 541 552 b
931 488 1157 553 iurnonucrro

492 673 645 757 quaelibet
669 691 736 751 res,
763 672 790 738 si
809 673 924 739 saltem
949 671 990 736 de
1013 672 1127 736 creatis
1152 680 1284 755 agatur,
1309 690 1367 754 per
1384 689 1461 737 suas
1478 690 1604 737 causas.

491 783 602 864 ltaque
617 782 757 864 perfecte
772 798 838 846 non
853 780 1063 864 cognoscitur
1082 797 1133 843 res
1147 778 1206 844 nisi
1226 798 1283 862 per
1301 798 1377 844 suas
1395 798 1525 855 causas,
1549 799 1606 843 nec
1648 774 1653 787 '

490 909 546 973 per
564 888 743 971 quamlibet
761 906 894 965 causas,
916 888 974 953 sed
994 904 1051 970 per
1069 903 1185 952 omnes
1202 904 1308 969 usque
1327 888 1366 950 ad
1386 886 1557 953 altissimas
1571 908 1605 951 ac

486 996 739 1070 remotissimas,
764 996 870 1060 donec
893 994 1042 1060 veniatur
1065 993 1096 1057 in
1115 994 1371 1059 demonstrando
1393 994 1433 1058 ad
1454 993 1605 1079 principia

488 1105 675 1170 immediata
690 1122 746 1187 per
760 1122 795 1169 se
810 1101 972 1168 evidentia
987 1112 1019 1166 et
1039 1102 1174 1167 ulterius
1191 1100 1510 1178 indemonstrabilia,
1531 1120 1604 1185 quae

486 1223 564 1279 sunt
580 1222 751 1295 postrema·
759 1209 838 1275 ratio
853 1207 1139 1275 demonstrationis
1154 1216 1187 1272 et
1202 1206 1336 1271 ultimus
1346 1209 1506 1273 terminus
1520 1228 1605 1273 reso-

486 1321 620 1387 lutionis
631 1315 826 1384 scientifice.
844 1316 897 1381 Sic
912 1316 938 1381 si
954 1324 1118 1397 quaeratur
1135 1333 1193 1379 cur
1209 1315 1311 1378 homo
1325 1314 1366 1382 sit
1382 1314 1523 1391 risibilis,
1541 1335 1605 1379 res-

485 1428 628 1512 pondere
639 1426 775 1509 poteris,
788 1425 862 1506 quia
873 1432 923 1489 est
934 1423 1144 1487 admirativus
1156 1472 1164 1497 ,
1178 1439 1312 1503 remque
1322 1423 1384 1486 scis
1396 1440 1451 1505 per
1459 1434 1602 1497 causam,

485 1534 564 1618 quia
579 1534 666 1601 radix
681 1542 713 1597 et
727 1550 824 1596 causa
837 1530 1022 1595 risibilitatis
1036 1537 1101 1595 stat
1113 1530 1145 1593 in
1162 1528 1369 1593 admirativo:
1394 1528 1604 1596 nihilominus

486 1641 785 1723 nondumperlecte
795 1645 1090 1717 consummatoque
1102 1636 1165 1700 scis
1177 1636 1345 1700 hominem
1357 1654 1428 1701 esse
1439 1636 1601 1713 risibilem,

485 1751 590 1814 donec
606 1748 718 1812 venias
734 1746 773 1809 ad
791 1746 941 1812 ultimam
959 1744 1134 1817 rationem,
1154 1761 1272 1826 nempe
1286 1743 1327 1806 ad
1342 1744 1602 1819 rationalitatem,

486 1873 651 1938 quaecum
668 1852 709 1919 sit
725 1852 804 1919 ratio
819 1850 1018 1927 admirativi,
1038 1861 1087 1916 est
1106 1868 1240 1932 quoque
1258 1860 1383 1915 remota
1402 1859 1435 1914 et
1453 1870 1603 1935 suprema

486 1980 585 2028 causa
601 1960 798 2026 risibilitatis.
812 1958 894 2022 Nam
911 1961 943 2023 in
960 1957 1208 2041 investigatione
1222 1974 1391 2022 causarum
1407 1956 1602 2035 risibilitatis,

485 2088 562 2137 cum
586 2070 654 2154 jam
686 2080 823 2135 ventum
853 2066 966 2131 estad
996 2064 1261 2140 rationalitatem,
1290 2046 1366 2147 quae
1390 2074 1439 2141 est
1462 2065 1604 2132 hominis

486 2178 645 2251 essentia,
663 2174 791 2258 procedi
809 2175 943 2239 ulterius
956 2173 1084 2254 nequit.
1097 2172 1151 2235 Est
1166 2190 1244 2254 ergo
1259 2172 1463 2255 Philosophia
1473 2173 1603 2239 scientia

487 2302 596 2350 rerum
611 2286 751 2367 perlecta
766 2292 1080 2361 consummataque3
1096 2280 1228 2344 scientia
1243 2298 1321 2350 vero
1336 2281 1476 2362 perlecta
1490 2281 1540 2345 illa
1554 2292 1602 2346 est

487 2410 562 2475 quae
577 2409 644 2456 rem
660 2390 829 2474 cognoscit
848 2407 906 2473 per
927 2405 1044 2452 omnes
1065 2404 1141 2452 suas
1158 2404 1274 2451 causas
1295 2404 1401 2468 usque
1415 2386 1456 2452 ad
1473 2389 1602 2452 ultimas

486 2498 703 2581 omniumque
718 2496 962 2563 remotissimas.
981 2494 1123 2558 Scientia
1138 2494 1224 2558 enim
1242 2494 1381 2576 perlecta
1397 2513 1463 2559 non
1479 2505 1528 2560 est
1543 2495 1601 2561 nisi

487 2608 538 2673 illa
565 2624 639 2690 quae
664 2606 772 2689 explet
794 2602 1004 2687 cupiditatem
1029 2620 1164 2666 omnem
1189 2601 1328 2680 sciendi;
1353 2620 1411 2666 nec
1432 2604 1601 2685 irrequieta

486 2713 643 2799 cupiditas
653 2712 773 2779 sciendi
785 2712 872 2796 prius
882 2710 1034 2784 satiatur,
1052 2726 1151 2792 quam
1163 2726 1280 2774 omnes
1296 2710 1339 2774 rei
1354 2728 1460 2775 causae
1472 2712 1601 2794 penitus

486 2823 704 2888 innotescant,

553 2927 635 3004 Quae
649 2946 725 2994 curn
736 2929 779 2993 ita
789 2925 870 3002 sint,
884 2935 959 3010 apte
973 2924 1109 2990 describi
1121 2935 1228 3006 potest
1240 2924 1461 3008 Philosophia:
1474 2927 1602 2992 scientia

486 3055 592 3103 rerum
615 3043 673 3117 per
698 3054 810 3100 causas
836 3041 996 3116 supremas
1023 3032 1165 3096 araherali
1188 3032 1305 3096 lumine
1329 3039 1518 3114 comparata.
1548 3033 1601 3100 Est

485 3145 629 3220 scientia,
649 3161 768 3226 nempe
782 3141 927 3226 cognitio
936 3150 1022 3206 certa
1035 3150 1068 3205 et
1079 3140 1213 3204 evidens
1223 3157 1280 3222 per
1289 3141 1600 3207 demonstrationem

488 3251 660 3334 acquisita,
684 3249 730 3316 sic
758 3250 845 3315 enim
882 3248 1036 3313 delinitur
1057 3247 1209 3322 scientia,
1224 3248 1516 3329 ‘quemadmodum
1540 3265 1601 3314 suo

488 3361 559 3424 loco
581 3367 775 3442 exponetur.
801 3357 854 3422 Est
877 3356 1007 3421 scientia
1026 3362 1084 3436 per
1104 3372 1216 3418 causas
1237 3363 1415 3434 supremam
1437 3355 1513 3438 quia
1533 3357 1599 3440 jam

487 3451 646 3540 diximus,
664 3483 729 3531 non
744 3481 989 3546 quamcumque
1005 3462 1172 3527 scientiam
1189 3479 1261 3526 esse
1275 3461 1532 3546 Philosophiam,
1544 3466 1601 3530 sed

487 3573 656 3640 scientiam
677 3574 847 3638 dumtaxat
868 3573 1060 3653 perlectam,
1081 3569 1186 3652 qualis
1205 3568 1314 3633 haberi
1335 3571 1463 3652 nequit,
1486 3570 1546 3635 nisi
1568 3571 1601 3635 in

486 3700 657 3748 causarum
672 3680 921 3764 investigatione
936 3685 1124 3760 assurgatur
1140 3693 1244 3760 usque
1258 3677 1296 3740 ad
1311 3694 1489 3758 supremas.
1508 3677 1603 3742 Unde

486 3789 643 3863 scientiae,
660 3806 742 3871 quas
757 3792 875 3851 vocant
893 3785 1107 3860 subalternas,
1123 3802 1200 3848 cum
1222 3801 1287 3848 non
1308 3794 1480 3867 assurgant
1496 3802 1602 3869 usque

486 3899 525 3962 ad
542 3894 730 3980 hujusmodi
744 3910 878 3967 causas,
894 3890 952 3956 sed
967 3892 1119 3956 haereant
1134 3892 1165 3955 in
1182 3890 1450 3974 proximioribus,
1472 3910 1531 3957 nec
1546 3895 1603 3957 ha·

486 4006 584 4070 beant
599 4001 751 4088 principia
766 3999 877 4084 propia
892 4008 925 4064 et
939 3998 1254 4075 indemonstrabilia,
1271 3999 1330 4064 sed
1344 4001 1416 4064 loco
1431 4000 1603 4084 principio-

486 4131 558 4179 rum
581 4120 714 4179 utantur
733 4107 1009 4192 propositionibus
1031 4106 1062 4170 in
1082 4105 1183 4170 altiori
1202 4106 1335 4171 scientia
1356 4108 1598 4186 demonstratis;

487 4239 542 4307 per
556 4239 592 4286 se
608 4236 666 4284 nec
682 4234 802 4282 nomen
819 4234 878 4280 nec
892 4213 1085 4299 dignitatem
1101 4213 1318 4293 Philosophiae
1338 4225 1522 4289 merentur,
1540 4216 1600 4280 nisi

485 4334 566 4395 lorte
590 4326 664 4408 quis
684 4325 809 4388 illarum
833 4321 1057 4406 cognitionem
1080 4322 1257 4406 conjungat
1274 4332 1306 4385 et
1329 4322 1499 4387 continuet
1522 4341 1598 4389 cum

483 4435 671 4520 cognitione
686 4430 805 4497 altioris
818 4430 902 4494 illius
916 4428 1073 4502 scientiae,
1091 4426 1153 4493 sub
1168 4447 1233 4510 qua
1248 4429 1521 4494 subalternantur.

551 4541 697 4623 Denique
713 4537 828 4603 dicitur
842 4533 1048 4619 Philosophia
1062 4533 1194 4600 scientia
1206 4554 1313 4600 rerum
1329 4537 1471 4601 naturali
1484 4538 1601 4603 himine

483 4652 671 4733 comparata,
689 4655 724 4712 ut
738 4644 986 4728 distinguatura
1001 4640 1178 4727 Theologia
1189 4643 1386 4724 dogmatica,
1401 4661 1474 4725 quae
1487 4654 1519 4710 et
1529 4647 1598 4729 ipsa

484 4771 533 4826 est
560 4756 693 4823 scientia
716 4770 824 4819 rerum
849 4769 907 4834 per
931 4767 1046 4815 causas
1072 4750 1220 4826 ultimas,
1246 4760 1279 4814 at
1303 4768 1368 4816 non
1392 4764 1599 4835 comparatur
