3492 5525
553 513 611 582 742
667 497 794 560 Locren
808 496 1037 570 Maron-Lis.
1056 512 1126 575 are,
1142 496 1234 561 Drsn.
1255 509 1295 559 r.·
1309 483 1477 580 Cne.'4.⁰²

329 691 475 776 Quouuodi·⁸
580 679 749 767 Singulare
764 682 816 748 vel
830 680 1035 747 individuum
1050 681 1202 746 trifariam
1218 679 1354 764 exprimi
1370 687 1493 765 potest:
1523 677 1560 766 α)
1575 699 1636 745 no-

316 765 485 882 ΞΞΞᾸΞΞ
515 789 655 856 minibus
675 789 827 876 propriis,
848 810 883 855 v.
904 809 939 874 g.
959 788 1115 855 moues:
1134 786 1170 877 β)
1189 787 1382 874 pronomine
1400 787 1636 855 demonstrati-

514 917 556 964 vo
575 919 607 964 v.
630 917 664 984 g.
686 898 734 992 lic
753 898 855 973 homo,
884 897 938 963 ille
964 897 1063 978 lapis:
1081 893 1118 988 γ)
1140 896 1294 982 adjuncto
1319 913 1395 960 casu
1417 893 1556 978 ,obliquo
1582 895 1635 958 vel

515 1007 640 1092 integra
661 990 808 1071 oratione
838 1005 880 1070 ad
907 1023 1030 1070 nomen
1042 1023 1258 1070 communem
1276 1024 1311 1071 v.
1325 1023 1359 1088 g.
1380 1005 1485 1070 Mater
1498 1001 1633 1077 coristi,

513 1113 695 1196 odaeum
711 1129 799 1197 quem
811 1113 964 1198 diligebat
965 1113 1069 1196 lesus.

570 1219 774 1288 individuum
784 1219 931 1287 secundo
940 1218 1190 1287 intentionaliter
1201 1228 1370 1304 acceptum
1381 1217 1508 1286 definiri
1520 1226 1634 1301 potest

513 1340 587 1396 tum
606 1339 643 1395 ut
661 1327 837 1413 subjicibile
863 1328 896 1394 in
921 1326 1159 1412 propositione,
1188 1337 1260 1394 tum
1287 1337 1325 1393 ut
1352 1325 1567 1412 praedicabiie.
1591 1324 1638 1390 Ut

514 1433 694 1522 subjicibfie
713 1435 847 1520 quidem
868 1435 929 1502 sic:
946 1434 1151 1502 individuum
1169 1439 1217 1501 cst
1227 1435 1262 1499 id
1267 1427 1552 1519 Lquodinrmodiaie
1563 1433 1640 1498 snb·

506 1544 572 1632 jici
595 1547 697 1626 potest
715 1543 846 1625 speciei:
871 1552 908 1609 ut
926 1540 1126 1626 praedicabile
1150 1561 1244 1609 vero:
1264 1545 1348 1627 quod
1367 1544 1407 1607 de
1423 1559 1488 1607 uno
1513 1545 1641 1610 moen

509 1651 682 1735 praedicari
694 1653 803 1732 potest.

330 1784 469 1830 nar-uuum
583 1757 789 1824 individuum
810 1757 842 1824 in
861 1756 1120 1824 consideratione
1134 1757 1356 1844 metaphysica
1373 1757 1459 1824 aliud
1478 1768 1529 1826 est
1543 1780 1643 1826 corn-

316 1857 485 1986 fflffif
517 1868 659 1952 pletum,
681 1865 768 1931 aliud
787 1863 1036 1947 incompletum.
1056 1863 1268 1948 completum
1290 1864 1434 1930 continet
1460 1868 1642 1934 formaliter

516 1983 622 2040 totam
640 1971 816 2040 essentiam
836 1971 1037 2056 specificam,
1052 1991 1128 2055 qua·
1146 1979 1197 2037 est
1213 1992 1233 2036 a
1252 1981 1342 2056 parte
1361 1973 1421 2048 rei,
1443 1982 1540 2056 prout
1559 1977 1642 2040 affe-

473 2145 479 2162 ,
515 2093 602 2150 ctam
614 2079 1105 2165 singularitate,ut:l’etrus,ffie
1115 2078 1459 2165 homosincompletum
1469 2092 1532 2156 est,
1544 2085 1640 2165 quod

515 2187 693 2258 formaliter
712 2205 778 2262 non
798 2185 951 2270 exprimit
970 2185 1030 2251 nisi
1058 2194 1183 2270 partem
1213 2185 1363 2253 essentiae
1385 2188 1493 2265 realis,
1519 2189 1553 2254 id
1572 2199 1639 2266 est,

450 2363 452 2372 ,
516 2296 647 2381 aliquod
661 2295 833 2362 essentiale
848 2293 1074 2379 praedicatum,
1091 2303 1188 2377 prout
1205 2295 1357 2360 affectum
1370 2295 1569 2372 haecceitate,
1585 2308 1639 2364 ut:

515 2407 583 2473 Hoc
598 2405 736 2470 aniani:
754 2403 822 2468 Hoc
838 2400 960 2467 oriens.
976 2400 1093 2488 Negari
1107 2400 1229 2485 quippe
1243 2401 1364 2484 nequid
1378 2403 1453 2468 talia
1470 2403 1642 2472 individua

517 2529 645 2600 possea
665 2509 760 2576 nobis
777 2507 902 2593 concipi
920 2528 995 2575 cunr
1016 2509 1202 2593 praecisione
1217 2529 1237 2574 a
1250 2509 1382 2592 reliquis
1393 2509 1577 2594 pradicatis
1591 2514 1644 2580 in-

516 2619 638 2687 dividui
655 2617 829 2701 completi,
843 2616 1128 2701 quemadmodum
1141 2617 1310 2682 manifeste
1324 2625 1461 2684 testatur
1472 2621 1644 2704 experien-

517 2728 577 2805 tia,
599 2725 743 2794 maxime
760 2724 842 2792 dum
868 2723 980 2810 procul
999 2723 1126 2809 objecta
1151 2723 1333 2801 cernimus,
1361 2725 1442 2809 quin
1470 2725 1642 2812 possimus

516 2836 622 2903 adhuc
639 2834 822 2901 discernere
841 2830 1024 2916 specificam
1050 2832 1180 2898 illorum
1208 2830 1441 2911 differentiam,
1469 2836 1641 2903 ueletiam

516 2962 594 3012 curn
606 2960 717 3010 coram
733 2941 825 3007 adest
838 2940 970 3023 aliquod
984 2957 1122 3028 corpus,
1137 2940 1231 3024 cujus
1247 2949 1394 3007 naturam
1410 2943 1542 3026 penitus
1556 2964 1643 3011 non-

516 3054 596 3119 dum
607 3050 856 3136 cognoscimus,
881 3046 957 3112 licet
971 3048 1122 3130 quaedam
1144 3045 1273 3115 illorum
1294 3046 1444 3132 generica
1466 3052 1642 3134 predicata

516 3158 718 3229 noverimus.

354 3308 485 3353 „mm
583 3266 673 3333 Solet
690 3264 788 3329 etiam
808 3260 1013 3329 individuum
1031 3260 1187 3347 distingui
1202 3260 1234 3327 in
1253 3262 1491 3331 determinem
1505 3273 1537 3332 et
1551 3267 1643 3335 inde-

340 3380 378 3422 ¹i⁰
395 3378 483 3422 demi·
518 3375 716 3443 teminotum
730 3390 788 3439 seu
806 3388 935 3455 nomm.
951 3370 1145 3455 Exemplum
1157 3369 1359 3437 determinati
1374 3373 1566 3451 estPelraes,
1581 3377 1643 3443 liic

391 3538 397 3551 .
519 3486 606 3550 homo
633 3489 710 3561 etc.;
749 3478 986 3544 indeterminati
1015 3497 1112 3554 vero,
1141 3478 1271 3562 Aliquis
1305 3478 1406 3548 horno.
1443 3479 1641 3566 Huiusmodi

519 3588 723 3657 individuum
739 3603 816 3653 cum
837 3586 879 3651 sit
898 3584 1101 3670 praedicabile
1113 3577 1155 3650 de
1174 3584 1337 3669 pluribus,
1357 3588 1484 3671 proprie
1504 3607 1574 3657 non
1594 3603 1642 3658 est
1730 3625 1731 3634 ,

519 3695 742 3771 individuum,
768 3692 921 3777 quamvis
939 3692 984 3758 ita
1001 3700 1151 3768 vocetur,
1171 3692 1247 3775 quia
1273 3710 1313 3759 ex
1332 3702 1421 3777 parte
1446 3704 1538 3763 actus
1556 3699 1643 3763 haec-

519 3806 671 3873 ceitatem
690 3800 859 3887 exprimit,
880 3800 955 3866 licet
979 3798 1242 3865 indeterminate:
1263 3818 1332 3883 quo
1349 3820 1390 3867 ex
1406 3802 1513 3886 capite
1530 3804 1642 3871 deficit

519 3934 538 3979 a
567 3912 671 3998 rigore
698 3916 732 3975 et
760 3906 954 3992 proprietate
992 3906 1193 3973 universalis.
1224 3905 1332 3990 ltaque
1356 3908 1505 3976 medium
1531 3922 1642 3979 servat

519 4022 604 4087 inter
622 4018 800 4085 universale
819 4023 851 4081 et
875 4014 1094 4082 individuum.
1115 4014 1272 4099 Apposite
1291 4014 1328 4082 S.
1343 4015 1503 4084 Thomas:
1523 4020 1643 4086 intimi

519 4132 616 4195 duum
638 4144 769 4210 vagum,
790 4137 829 4191 ut
855 4128 979 4206 aliquis
1007 4130 1129 4201 homo,
1154 4122 1316 4208 significat
1333 4128 1481 4191 mirram
1505 4146 1643 4195 commu

519 4254 589 4303 nelo
605 4253 676 4299 cum
689 4232 893 4299 determinato
904 4232 995 4295 modo
1006 4228 1177 4305 existendi,
1193 4230 1249 4315 qui
1259 4232 1405 4313 competit
1413 4232 1640 4318 singularibus,

519 4346 558 4410 art
571 4342 691 4409 scilicet
704 4340 749 4406 sit
759 4346 818 4422 per
843 4358 876 4404 se
893 4338 1063 4404 subsistens
1083 4337 1263 4405 dr'slincfurn
1280 4340 1422 4405 eduliis.
1441 4340 1506 4408 Sed
1529 4342 1565 4409 in
1589 4365 1644 4410 no·

520 4450 603 4519 mine
615 4447 790 4533 singulm
802 4445 957 4530 designati
967 4444 1166 4531 significatur
1180 4446 1418 4514 demminatron
1430 4448 1642 4535 distinguens,

519 4558 604 4625 sicut
618 4557 653 4622 in
669 4555 793 4621 nomine
811 4552 951 4619 Socratt‘s
969 4552 1031 4619 laec
1048 4570 1122 4618 coro
1138 4555 1171 4617 el
1185 4552 1240 4619 loc
1256 4571 1291 4620 os
1307 4550 1372 4640 (r).

502 4840 506 4848 .
557 4791 598 4855 (r)
635 4784 667 4845 S.
683 4783 800 4852 Thom,
819 4802 844 4853 r,
860 4803 890 4854 p.
904 4801 934 4853 q.
951 4800 996 4855 30,
1010 4794 1066 4840 art.
1081 4800 1110 4854 4.
