3492 5525
539 511 600 577 494
655 493 781 557 Locren
796 491 1026 567 Maron-Lm.
1047 492 1222 568 1.¹¹⁸,Drsr>.
1242 504 1285 556 a·
1300 492 1380 555 Can.
1398 506 1468 555 ψ

565 677 658 743 Unde
670 677 744 745 iicet
758 686 849 743 actus
859 676 930 760 ipse
942 674 1093 741 credendi
1105 674 1249 739 formalis
1258 674 1416 740 obscurus
1428 672 1483 749 sit,
1494 673 1624 737 evaderes

498 792 608 849 tamen
624 793 673 851 est
684 784 842 869 judicium
859 782 1063 868 praecedens,
1080 799 1148 864 quo
1163 781 1331 849 veritatem
1356 781 1532 847 revelatam
1553 799 1623 846 cre·

496 891 630 958 dibilem
650 900 682 957 et
700 893 896 958 credendam
915 908 987 957 esse
1007 889 1086 954 ratio
1100 888 1261 963 decernit,
1273 888 1330 972 qui
1345 900 1451 964 actuS,
1467 896 1504 954 ut
1517 896 1619 973 patet,
1736 915 1737 976 ι

497 998 669 1067 distinctus
689 1008 740 1065 est
759 999 799 1064 ab
820 998 891 1083 ipso
920 996 1044 1063 formali
1071 1004 1144 1063 actu
1170 996 1323 1062 credendi
1340 1014 1399 1061 seu
1422 995 1509 1061 Fide.
1535 996 1620 1060 Nam
1736 985 1737 1070 ᾗ

496 1106 539 1171 iiii
556 1106 677 1191 judicio
696 1105 841 1173 succedit
861 1106 998 1171 liberum
1021 1103 1194 1189 imperium
1215 1104 1392 1170 voluntatis
1419 1102 1523 1185 (piam
1546 1102 1624 1185 affl·
1736 1131 1737 1184 3

494 1214 626 1279 ctionem
644 1224 762 1280 vocant
781 1209 954 1299 Theologi)
973 1211 1186 1296 praecipientis
1206 1221 1313 1276 actum
1337 1210 1430 1285 ndei,
1450 1229 1487 1275 ac
1507 1221 1622 1293 postea

495 1340 536 1385 ex
551 1320 821 1388 determinatione
841 1321 938 1405 hujus
963 1318 1088 1403 imperii
1112 1319 1261 1403 sequitur
1278 1318 1410 1383 tandem
1435 1326 1527 1382 actus
1549 1317 1622 1401 ipse
1736 1365 1737 1368 ,

495 1428 638 1494 formalis
657 1428 748 1504 fidei,
765 1446 864 1513 quem
886 1427 978 1512 ponit
998 1427 1192 1493 intellectus.

561 1542 675 1604 Dices.
697 1536 743 1602 Ex
763 1536 895 1602 motivis
913 1532 1131 1600 credibilitatis
1151 1551 1216 1599 non
1237 1532 1347 1598 minus
1371 1532 1507 1599 evidens
1532 1531 1621 1597 reddi
1736 1537 1737 1542 ’

495 1642 624 1709 videtur
647 1642 816 1709 existentia
837 1640 1048 1725 ¹revelationis
1066 1640 1198 1715 divinae,
1219 1658 1319 1721 quam
1344 1641 1429 1706 sacta
1455 1636 1619 1715 historica,
1736 1633 1737 1682 ἶ

493 1768 570 1831 quae
588 1748 725 1816 aliorum
746 1748 937 1816 testimonio
962 1767 1037 1814 cum
1063 1746 1255 1817 certitudine
1276 1746 1444 1812 novimus.
1466 1745 1568 1828 Atqui
1588 1747 1621 1811 in
1736 1731 1737 1820 ξ

495 1856 683 1941 hujusmodi
708 1856 798 1922 sactis
817 1856 910 1921 adest
928 1854 1090 1921 evidentia
1108 1855 1224 1919 saitem
1245 1853 1389 1919 moralis.
1417 1852 1501 1938 Ergo
1520 1852 1620 1917 etiam
1736 1833 1737 1916 ἶ

494 1964 629 2030 evidens
639 1964 802 2031 moraliter
816 1971 866 2030 est
886 1962 1091 2029 revelationis
1104 1961 1223 2027 divinae
1236 1961 1420 2028 existentia.
1437 1958 1523 2025 Cum
1543 1979 1621 2025 vero

493 2072 625 2137 aliunde
653 2071 763 2137 divina
790 2070 947 2137 veracitas
970 2068 1136 2136 evidenter
1158 2068 1314 2153 cognosci
1340 2067 1464 2133 lumine
1484 2068 1621 2133 naturali

494 2180 614 2263 possit,
638 2198 752 2245 verum
776 2198 843 2245 non
869 2178 970 2244 estin
999 2177 1074 2242 Fide
1104 2174 1214 2242 divina
1240 2173 1469 2242 certitudinem
1495 2175 1621 2257 absque

494 2286 657 2352 evidentia
675 2287 756 2353 dari.
857 2310 863 2323 ·

561 2401 666 2477 Resp.
697 2394 878 2487 Difficultas
905 2394 972 2457 haec
998 2391 1031 2458 in
1061 2390 1238 2475 Theologia
1266 2384 1385 2455 melius
1409 2388 1622 2456 dissolvenda

492 2510 557 2569 est.
578 2501 673 2567 Nunc
692 2510 802 2567 tamen
825 2500 967 2565 breviter
984 2499 1047 2564 dici
1067 2505 1192 2581 potest,
1213 2496 1365 2579 quamvis
1384 2497 1468 2562 iacta
1487 2504 1623 2561 natura·

494 2608 532 2673 iia
547 2628 588 2674 ex
607 2609 743 2675 aliorum
760 2607 950 2676 testimonio
969 2604 1165 2672 evidentiam
1181 2605 1288 2671 sortiri
1300 2602 1444 2688 possint,
1459 2601 1492 2667 id
1506 2597 1640 2671 tamen'

493 2735 560 2784 non
583 2716 727 2784 accidere
754 2718 785 2784 in
814 2718 900 2810 iacto
929 2713 1049 2781 divinae
1081 2712 1296 2780 revelationis.
1326 2711 1421 2783 Ratio
1447 2730 1525 2777 vero
1548 2730 1621 2778 esse
1736 2701 1737 2728 i

493 2834 601 2910 potest
620 2825 763 2891 arduitas
779 2825 899 2891 divinae
918 2821 1138 2898 revelationis,
1160 2839 1235 2904 quae
1252 2831 1303 2886 est
1321 2821 1444 2886 sactum
1463 2837 1623 2904 suprana-

491 2934 609 3008 turaie,
630 2951 667 2997 ac
696 2931 887 2999 sublimitas
907 2931 1059 2996 revelatae
1077 2927 1245 3004 doctrinae,
1273 2928 1457 2993 humanum
1483 2936 1619 3010 captum

491 3039 692 3124 superantis,
713 3059 750 3104 ac
770 3058 836 3105 non
856 3057 959 3122 pauca
977 3035 1146 3103 affectibus
1164 3043 1329 3120 corrupte
1350 3045 1473 3102 naturae
1491 3042 1622 3100 contra·

493 3147 536 3213 ria
556 3146 783 3232 precipientis,
804 3166 879 3230 quae
893 3144 1002 3220 efficit,
1017 3153 1054 3211 ut
1068 3143 1238 3210 imbeciuis
1252 3143 1333 3208 ratio
1350 3151 1459 3209 nostra
1475 3150 1622 3226 nequeat

493 3254 698 3320 revelationis
718 3253 927 3321 existentiam
944 3271 981 3318 ea
994 3252 1138 3318 claritate
1158 3251 1333 3336 percipere,
1348 3269 1415 3333 qua
1433 3249 1622 3333 experimur
1736 3318 1737 3323 ,

494 3379 555 3427 nos
575 3362 739 3446 percipere
757 3362 817 3428 alia
838 3364 921 3428 iacta
938 3360 1115 3427 intellectui
1136 3369 1250 3426 nostro
1269 3359 1527 3443 proportionata.

557 3468 643 3545 Quae
661 3469 798 3535 comita
816 3470 899 3546 sint,
920 3470 1017 3554 piane
1035 3468 1193 3542 cernitur,
1215 3467 1387 3549 quomodo
1406 3466 1508 3550 possit
1527 3465 1621 3532 Fides

491 3577 613 3654 divina,
631 3587 667 3643 ut
682 3595 769 3660 saepe
787 3578 884 3651 solet,
904 3573 1140 3642 tentationibus
1152 3593 1189 3639 ac
1206 3573 1505 3656 perturbationibus
1517 3572 1618 3638 obno
1736 3612 1737 3659 ι

492 3685 543 3750 xia
555 3701 627 3750 esse
641 3685 672 3749 in
686 3683 802 3749 animis
819 3683 979 3760 fidelium,
996 3682 1039 3748 ob
1053 3683 1218 3748 deiectum
1235 3699 1355 3764 nempe
1369 3679 1540 3746 evidentiae
1551 3677 1617 3766 (ι);
1736 3708 1737 3769 ι

490 3791 653 3857 evidentia
671 3799 782 3855 tamen
802 3789 1021 3858 credibilitatis
1040 3787 1175 3854 minime
1196 3788 1327 3873 patitur,
1350 3799 1386 3854 ut
1405 3788 1479 3869 quis
1493 3787 1620 3854 moveri
1736 3834 1737 3847 ,

492 3917 527 3964 se
546 3897 630 3964 sinat
659 3897 848 3984 hujusmodi
875 3895 1188 3982 perturbationibus,
1217 3895 1244 3961 si
1269 3895 1498 3960 rationabiliter
1521 3914 1620 3979 agere
1736 3890 1737 3963 f

492 4007 580 4074 velit.
600 4007 668 4072 Nec
687 4013 797 4090 potest
826 4005 989 4090 quispiam
1016 4003 1188 4070 deliberate
1206 4002 1378 4069 admittere
1409 4001 1619 4069 formidinem
1736 4038 1737 4089 3

491 4113 680 4200 hujusmodi
699 4114 798 4178 ullam
818 4113 858 4180 de
873 4113 971 4178 rebus
987 4131 1007 4176 a
1025 4110 1093 4177 Deo
1108 4109 1266 4185 revelatis,
1284 4109 1363 4192 quio
1378 4119 1490 4194 peccet
1505 4119 1620 4176 contra
1736 4110 1737 4117 ’

493 4223 652 4290 virtutem
670 4221 771 4290 Fidei.

526 4511 568 4584 (ι)
604 4509 680 4568 Vide
694 4507 795 4578 Suam,
810 4507 845 4565 cle
866 4504 946 4574 Fue,
961 4502 1037 4574 disp.
1052 4504 1086 4569 6,
1106 4515 1176 4561 sect.
1196 4522 1225 4576 ς,
1241 4523 1271 4560 ιι.
1290 4523 1337 4571 ¹²3
1353 4501 1481 4576 uipera,
1495 4504 1531 4562 de
1547 4504 1622 4564 Fide

490 4601 568 4674 disp.
586 4621 628 4667 11,
641 4613 755 4666 sect-m
772 4617 801 4655 n.
820 4597 867 4666 163
884 4593 1044 4662 Haunoid„
1059 4591 1198 4653 controv.
1211 4611 1240 4665 5,
1256 4611 1286 4651 n.
1302 4609 1366 4663 2543
1382 4592 1472 4650 Card.
1487 4591 1621 4652 Franze-

491 4691 544 4762 iin,
561 4691 604 4748 De
618 4689 729 4746 Divina
746 4686 915 4745 Traditioae
924 4694 952 4742 et
962 4681 1132 4757 Scriptura,
1147 4682 1282 4755 Append.
1296 4701 1320 4740 r.
1332 4703 1357 4753 ς.
1369 4681 1432 4742 cfr.
1445 4681 1478 4740 Ρ.
1491 4680 1621 4742 Sanctus
1736 4692 1738 4698 “

492 4777 638 4849 Schiffini,
654 4775 812 4852 Principia
827 4776 938 4850 philos.
953 4773 992 4832 ed
1005 4781 1126 4832 mentm
1139 4773 1249 4845 aquia.
1266 4792 1298 4832 ιι.
1313 4790 1377 4844 303,
1393 4791 1456 4846 ³04·
