3492 5525
526 459 584 543 380
713 461 834 524 Loorca
855 423 1108 524 Minora-Drse
1129 473 1172 543 3.·
1193 460 1272 525 Cae.
1298 475 1368 545 μω

483 647 561 710 esset
581 645 746 712 ramnum
763 648 794 710 et
809 643 1005 710 irrata'onalis
1027 664 1090 710 non
1107 643 1353 730 distinguerem
1367 665 1390 712 o
1405 649 1514 728 hrum
1531 657 1603 716 aut:

482 752 520 818 Si
527 752 624 819 simul
631 755 799 819 essentlux
811 757 842 818 et
853 753 983 818 bnehroe
996 771 1084 817 nemo
1092 755 1197 835 posset
1206 753 1313 820 viden
1323 763 1385 820 etc.
1401 754 1606 851 ineptissime

483 869 649 946 argueret,
663 878 738 926 nam
749 880 790 927 ex
804 859 866 926 illis
876 859 1117 927 conditionibus
1127 861 1382 944 impossibilibus
1396 863 1603 940 utrumlibet,

484 979 520 1034 ut
540 986 596 1052 per
613 987 649 1034 se
668 977 769 1053 patet,
787 968 939 1043 infertur,
961 975 995 1032 et
1008 969 1097 1052 quod
1112 971 1214 1035 homo
1228 988 1294 1034 non
1313 969 1567 1056 distingueretur
1584 991 1605 1037 a

481 1077 595 1151 bruto,
616 1083 650 1140 et
672 1076 761 1159 quod
783 1075 1053 1160 distingueretur;
1073 1076 1163 1159 quod
1185 1095 1284 1142 nemo
1303 1087 1415 1161 posset
1435 1079 1548 1145 videre
1569 1088 1605 1145 et

482 1184 571 1267 quod
584 1201 682 1248 nemo
697 1201 762 1248 non
774 1191 886 1268 posset
902 1181 1020 1248 videre.
1036 1183 1075 1251 Et
1088 1185 1121 1249 in
1134 1185 1196 1250 hoc
1206 1183 1304 1248 etiam
1316 1201 1416 1252 sensu
1432 1186 1606 1275 veritatem

482 1292 601 1356 habere
614 1298 723 1374 potest
737 1293 872 1356 ellatum
889 1290 980 1357 illud.
999 1290 1044 1355 Ex
1054 1291 1245 1375 impossibili
1253 1292 1408 1401 pequitur
1419 1293 1602 1376 quodlibet.

483 1397 575 1466 Ratio
585 1415 698 1482 porro,
713 1417 770 1464 cur
779 1417 820 1464 ex
829 1396 1019 1482 hujusmodi
1029 1398 1202 1486 hypothesi
1215 1386 1283 1464 non
1294 1400 1439 1483 legitime
1445 1400 1606 1466 inseratur

482 1522 585 1571 unum
601 1525 643 1571 ex
657 1505 799 1582 duobus,
813 1513 864 1571 est
877 1505 953 1588 quia
967 1504 1192 1573 conditionalis
1206 1506 1264 1570 illa*
1272 1508 1429 1582 continet,
1445 1515 1482 1574 ut
1496 1509 1603 1594 ajunt,

481 1613 705 1694 implisantiam
724 1613 757 1678 in
775 1613 911 1700 arijecto,
935 1613 1040 1704 atales
1055 1613 1142 1678 enim
1159 1621 1327 1697 ponuntur
1339 1613 1470 1680 termini
1489 1615 1607 1698 (ratio-

480 1720 565 1786 nalis
582 1730 615 1787 et
634 1719 848 1801 irrahonalis;
869 1722 927 1785 lux
944 1723 976 1784 et
996 1719 1144 1806 embra)
1161 1720 1217 1805 qui
1237 1739 1304 1796 non
1327 1729 1457 1787 tantum
1479 1723 1606 1788 realiter

481 1829 605 1911 sumpti
625 1827 809 1912 implicent,
830 1827 1007 1893 sedetiam
1028 1828 1204 1893 formaliter
1223 1820 1259 1894 se
1286 1829 1478 1906 excludant,
1505 1830 1551 1896 ita
1567 1839 1607 1895 ut

481 1954 521 2002 ex
537 1944 626 2019 parte
641 1935 833 2021 hypothesis
845 1935 960 2005 eadem
976 1953 1028 2001 res
1042 1943 1193 2020 ponatur,
1210 1946 1242 2002 et
1253 1917 1356 2002 simul
1368 1935 1602 2025 tollatur»(r):

481 2044 514 2111 id
539 2043 629 2127 quod
652 2061 718 2109 non
737 2042 893 2128 contigit,
919 2043 1052 2126 quando
1071 2063 1113 2109 ex
1139 2055 1229 2128 parte
1253 2043 1448 2110 conditionis
1473 2045 1607 2129 ponitur

481 2151 623 2235 simplex
640 2150 757 2234 aliquis
771 2151 931 2217 terminus
947 2168 1014 2216 non
1032 2169 1112 2216 vero
1130 2151 1315 2236 complexio
1333 2151 1549 2218 terminorum
1569 2172 1607 2218 se

481 2267 600 2324 mutuo
615 2257 866 2331 destruentium,
882 2258 964 2324 utin
980 2259 1029 2323 his
1043 2259 1219 2343 exemplis:
1233 2247 1272 2323 Si
1284 2277 1347 2323 non
1360 2261 1493 2325 daretur
1504 2261 1605 2338 Deus,

481 2369 617 2433 mundus
630 2385 694 2432 non
705 2369 793 2441 esset,
810 2369 867 2430 aul
879 2369 987 2431 esseta
997 2365 1082 2446 se;si
1091 2366 1179 2430 bomo
1189 2366 1363 2442 estasinus,
1377 2366 1610 2451 babetqaaiuor

475 2476 587 2557 pedes:
604 2474 644 2541 Si
659 2473 796 2556 Spiritus
812 2471 848 2538 S.
870 2491 934 2538 non
949 2472 1092 2554 procedit
1104 2492 1127 2537 a
1139 2472 1237 2548 Filrb,
1257 2493 1322 2538 nora
1339 2478 1387 2540 est
1399 2473 1567 2541 distinctus
1584 2496 1608 2541 a

480 2582 577 2658 Filio,
609 2581 893 2665 quemadmodum
921 2580 1208 2664 argumentabatur
1237 2580 1419 2648 Concilium
1450 2582 1610 2649 Florenti·

482 2709 562 2756 num
582 2686 648 2779 (2).
663 2688 761 2774 lgitur
777 2695 813 2754 ut
829 2687 1020 2775 hypothesis
1035 2686 1243 2772 impossibilis
1257 2689 1401 2775 legitime
1415 2691 1606 2772 concludat,

481 2799 601 2865 «debet
621 2815 687 2863 non
706 2797 871 2882 implicare
890 2796 1068 2862 formaliter
1095 2798 1128 2861 in
1155 2796 1303 2863 terminis
1321 2800 1391 2864 sive
1409 2799 1445 2864 in
1468 2800 1606 2887 adjecto,

481 2914 519 2971 ut
537 2906 639 2991 ajunt,
660 2904 693 2969 id
711 2914 762 2971 est
781 2904 814 2971 in
833 2904 1009 2988 praedicato
1034 2903 1176 2970 conflato
1199 2924 1241 2972 ex
1258 2906 1407 2973 terminis
1428 2925 1503 2984 sese
1520 2908 1609 2974 invi-

400 3060 401 3065 .
480 3032 553 3079 cem
582 3030 734 3097 expresse
763 3010 1019 3078 destruentibus.
1052 3012 1140 3077 ldem
1166 3020 1232 3088 est,
1259 3013 1391 3095 quando
1418 3014 1607 3100 subjectum

482 3119 674 3206 hypothesis
700 3119 879 3186 assumitur
903 3126 940 3184 ut
965 3127 1096 3200 prorsus
1118 3119 1311 3185 invamhlum
1334 3140 1369 3185 ν.
1395 3140 1430 3206 g.
1449 3123 1482 3187 si
1499 3122 1604 3200 bomo,

481 3245 611 3293 manens
627 3227 725 3303 bomo,
746 3245 809 3291 non
827 3228 906 3293 essai
918 3225 1083 3292 rationalis
1100 3227 1189 3309 quod
1206 3228 1324 3311 pariter
1336 3228 1480 3313 implicat
1497 3230 1529 3295 in
1544 3230 1605 3295 ad·

477 3336 585 3422 jectoy
603 3352 680 3400 cum
696 3333 828 3417 perinde
842 3336 963 3409 valeat,
983 3353 1020 3400 ac
1038 3333 1064 3399 si
1084 3334 1171 3399 bomo
1184 3337 1325 3400 maneret
1338 3339 1444 3401 elnon
1460 3342 1608 3403 maeret

481 3442 659 3509 rationalis.
677 3440 781 3508 Debet
799 3460 877 3526 ergo
896 3440 1105 3525 praedicatum
1125 3441 1318 3529 hypothesis
1333 3462 1400 3510 non
1412 3444 1545 3510 conllari
1563 3464 1608 3512 ex

481 3549 630 3616 terminis
654 3548 897 3633 implicantibus
907 3533 975 3634 ‚set
993 3549 1177 3634 subjectum
1199 3550 1322 3617 assumi
1345 3551 1443 3619 debet
1464 3560 1501 3617 ut
1522 3571 1610 3635 prae-
1735 3537 1736 3540 ¹

395 3650 423 3750 Y
483 3658 634 3725 scindens
651 3676 670 3722 a
684 3656 873 3741 praedicato,
891 3657 980 3740 quod
995 3657 1054 3740 ipsi
1070 3644 1213 3726 alfenus
1226 3656 1259 3722 in
1274 3658 1447 3743 hypothesi
1463 3666 1608 3745 negante

404 3792 410 3829 ι
484 3766 535 3831 vel
554 3763 781 3831 aformalitate
795 3764 916 3830 directe
929 3764 1080 3849 opposita
1094 3764 1283 3849 praedicato,
1301 3767 1391 3850 quod
1403 3764 1462 3851 ipsi
1476 3767 1609 3834 additur
1734 3823 1735 3858 ἐ

484 3874 516 3940 in
535 3874 708 3961 hypothesi
724 3872 931 3939 affirmante»
951 3858 1030 3977 (3)]

484 3986 736 3999 ——n-—nffl

519 4039 560 4100 (1)
597 4034 631 4091 Ρ.
647 4034 757 4091 Anton.
773 4032 867 4105 Mayr,
884 4032 999 4089 Philos.
1016 4032 1113 4106 perip.
1128 4045 1149 4090 t.
1169 4051 1280 4103 1‚pars
1296 4053 1321 4089 1.
1338 4031 1414 4103 disp.
1430 4031 1514 4101 unic,
1530 4052 1559 4104 q.
1575 4054 1607 4106 3,

484 4136 539 4182 art.
554 4142 601 4191 ιο,
622 4142 652 4179 n.
671 4122 730 4180 181.
751 4120 814 4179 Cir.
833 4120 963 4179 Lossada
978 4120 1008 4178 in
1022 4121 1075 4178 loc.
1090 4140 1157 4179 mox
1170 4120 1295 4179 citando.

520 4216 560 4279 (a)
597 4211 675 4271 Sess.
692 4210 787 4270 ultim.
804 4208 833 4267 in
850 4210 952 4282 primis
965 4209 1027 4267 suis
1036 4209 1140 4268 litteris
1150 4210 1188 4268 ad
1200 4209 1326 4269 Graecos.

520 4304 562 4374 (3)
599 4300 744 4369 Lossada,
768 4300 855 4361 Curs.
876 4300 993 4357 Philos.
1015 4311 1086 4358 tom.
1110 4300 1264 4375 3Physr'e.
1280 4312 1364 4359 tract.
1385 4320 1417 4372 a,
1436 4301 1512 4375 disp.
1534 4323 1551 4377 7
1573 4302 1609 4362 in

482 4396 602 4465 procem.
618 4409 732 4461 paragr.
745 4388 803 4447 Sed
816 4390 1036 4447 observandum.

540 4479 584 4537 De
593 4478 845 4551 argumentatione
853 4498 888 4534 ex
898 4476 1053 4549 hypothesi
1061 4476 1463 4552 impossibilifuaedisputant
1473 4480 1505 4539 P.
1515 4480 1611 4551 Joau·
1733 4493 1734 4554 Τ

485 4588 538 4627 nee
552 4568 635 4627 Ulloa
656 4567 685 4625 in
707 4568 879 4636 Prodromo,
894 4565 968 4638 disp.
996 4588 1025 4635 r,
1047 4587 1077 4625 n.
1103 4569 1152 4626 116
1166 4586 1264 4639 eeqq.;
1280 4567 1430 4640 laquierdo
1442 4570 1483 4639 lin
1503 4572 1611 4633 Pharo

483 4658 644 4727 scientiar„
663 4655 738 4729 disp.
757 4678 797 4723 ιι,
820 4676 847 4728 q.
863 4657 892 4725 6,
911 4676 941 4713 n.
960 4675 1026 4729 ¹52³
1042 4654 1163 4715 Cardin.
1179 4656 1304 4716 Ptolom.
1320 4657 1351 4716 in
1365 4660 1480 4718 Philas.
1495 4660 1612 4724 Mentis

487 4756 516 4805 el
529 4766 682 4815 sensuam,-
697 4746 832 4819 Vaaquez
850 4744 881 4804 in
897 4756 959 4804 r.·¹
972 4758 1047 4818 part.
1064 4758 1085 4805 t.
1101 4765 1135 4819 a,
1147 4744 1258 4819 disput.
1277 4767 1342 4821 147,
1357 4768 1422 4821 cap.
1437 4768 1461 4807 a.
