3492 5525
556 468 616 555 884
671 472 795 537 Loorca
808 470 1036 548 Maron-Lm.
1055 486 1127 549 ψ,
1141 471 1233 536 Drsn.
1250 484 1295 554 4,·
1311 470 1388 535 cap,
1409 454 1476 533 Lim

516 652 649 729 dicitur,
673 656 757 739 quod
777 654 954 721 norninilus
975 656 1124 720 utendum
1143 656 1206 728 est,
1228 658 1266 718 ut
1279 654 1389 736 plures
1408 655 1547 717 utunnn
1565 647 1638 737 (ι).

515 762 639 827 Notant
663 772 792 829 autores
822 780 899 829 cum
926 761 962 829 S.
992 760 1118 827 Thoma
1139 760 1203 845 (2),
1226 758 1360 846 AEgidio
1380 760 1532 826 Romano
1550 756 1641 823 aliis·

515 884 581 950 que
599 865 652 955 (3)
669 866 909 944 definitionem,
929 886 995 951 qua
1012 865 1204 935 Aristoteles
1221 868 1377 941 declarat,
1398 866 1476 949 quid
1494 866 1538 931 sit
1554 864 1639 931 scire

517 975 624 1059 potius
643 976 949 1043 essenominalem:
970 975 1055 1041 bene
1081 985 1193 1041 tannen
1220 976 1394 1041 advertunt
1412 972 1550 1039 Toletus
1566 970 1635 1058 (a),

516 1090 549 1146 et
562 1080 844 1148 Conimbricenses
858 1080 927 1169 (5),
942 1100 1008 1148 non
1022 1083 1067 1150 ita
1081 1082 1279 1149 nominalem
1294 1100 1379 1157 esse,
1396 1082 1476 1164 quin
1492 1098 1636 1164 peream

442 1262 449 1273 ,
516 1189 595 1255 satis
622 1206 754 1272 quoque
785 1190 994 1273 intelligatur,
1015 1189 1095 1272 quid
1113 1190 1218 1274 reipsa
1242 1191 1284 1255 sit
1301 1189 1446 1255 scientia.
1469 1189 1634 1253 Caeterum

516 1296 679 1373 definitio,
700 1306 798 1382 prout
816 1317 835 1362 a
854 1298 950 1363 nobis
969 1299 1133 1382 proposita
1151 1307 1216 1374 est,
1238 1298 1331 1362 realis
1350 1296 1489 1362 omnino
1507 1295 1637 1360 videtur

516 1423 587 1471 esse
606 1404 759 1481 dicenda,
780 1424 855 1470 cum
875 1414 1005 1473 constet
1023 1424 1143 1491 genere
1162 1424 1198 1469 ac
1216 1404 1410 1470 differentia.
1525 1419 1532 1432 ·

375 1560 388 1588 0
439 1556 466 1587 ex
562 1528 638 1595 250.
687 1512 868 1579 Divisiones
888 1512 1029 1578 scientiae
1044 1514 1157 1578 multae
1175 1523 1268 1578 sunt:
1286 1513 1347 1577 alia
1360 1512 1448 1577 enim
1462 1520 1512 1576 est
1532 1511 1635 1576 scien-

357 1616 452 1731 „qa'g'
516 1620 560 1687 ¹1²
581 1619 733 1695 actualis»
753 1619 813 1685 alia
840 1620 1018 1694 habitum·
1038 1619 1184 1685 Actualis
1209 1629 1260 1685 est
1288 1636 1440 1685 assensus
1467 1627 1576 1683 certus
1602 1630 1633 1681 er

324 1766 344 1801 et
355 1754 482 1808 habitualis,

517 1726 651 1793 evidens
683 1745 738 1811 per
776 1727 1089 1794 demonstrationem
1121 1736 1345 1811 comparatus:
1380 1726 1554 1792 habitualis
1585 1738 1633 1789 est

518 1834 646 1900 habitus
666 1834 786 1900 mentis
801 1854 837 1899 ac
858 1834 990 1901 facilitas
1004 1833 1160 1900 inclinans
1175 1834 1374 1901 intellectum
1390 1833 1430 1899 ad
1446 1834 1632 1918 hujusmodi

517 1958 670 2007 assensus
699 1940 887 2007 eliciendos.
922 1940 1058 2026 Utrique
1087 1943 1234 2026 perfacile
1257 1941 1499 2008 accommodari
1527 1950 1632 2025 potest

514 2048 662 2115 definitio
676 2048 819 2115 scientiae
838 2066 936 2132 supra
950 2068 991 2115 ex
1010 2049 1184 2127 Aristotele
1203 2049 1384 2135 proposita;
1400 2058 1465 2137 ‘eat
1483 2050 1536 2113 cui
1556 2067 1632 2132 prae·

516 2154 610 2240 cipue
632 2164 798 2240 competat
824 2176 865 2221 ex
889 2165 999 2222 mente
1022 2156 1220 2240 Philosophi,
1242 2176 1309 2221 non
1331 2165 1426 2221 vacat
1448 2156 1629 2239 questione.

515 2262 711 2347 quibusdam
732 2264 956 2349 pugnantibus
975 2282 1034 2348 pro
1052 2264 1225 2342 habituali,
1245 2282 1318 2346 quae
1337 2256 1486 2329 absolute
1504 2262 1630 2328 seientia
1721 2297 1722 2358 3

516 2370 648 2445 dicitur,
669 2369 738 2437 aliis
757 2389 814 2455 pro
833 2370 967 2446 actuali,
987 2390 1086 2453 quarn
1107 2371 1211 2456 magis
1230 2380 1350 2437 sonant
1372 2372 1473 2436 verba
1491 2371 1630 2437 Philoso
1721 2367 1722 2420 l

517 2478 589 2562 phi,
610 2477 691 2543 scire
710 2478 798 2543 enim
818 2488 851 2543 et
869 2496 1066 2563 cognoscere
1094 2478 1277 2563 significant
1299 2479 1474 2545 actionem.
1497 2477 1629 2560 AEquior

517 2593 567 2651 est
595 2587 712 2651 horum
741 2604 831 2669 pars,
852 2595 885 2650 et
914 2594 1045 2669 propter
1073 2586 1228 2652 rationem
1255 2586 1475 2671 assignatam,
1500 2598 1531 2651 et
1559 2584 1627 2666 quia

516 2692 648 2759 actualis
668 2692 841 2778 perfectior,
854 2694 1174 2778 consummatiorque
1192 2693 1325 2760 scientia
1348 2702 1415 2769 est,
1437 2704 1471 2759 et
1498 2694 1626 2758 adeam

516 2802 684 2868 ordinatur
702 2801 890 2877 habitualis,
911 2813 947 2868 ut
966 2803 1006 2867 ad
1027 2802 1175 2867 ultimam
1195 2801 1425 2886 perfectionem
1455 2801 1488 2866 in
1516 2820 1554 2865 eo
1574 2821 1628 2884 ge-

517 2927 610 2990 nere;
632 2910 896 2994 unumquodque
922 2909 1009 2974 enim
1036 2909 1207 2992 perfectius
1226 2920 1275 2976 est
1301 2910 1333 2975 in
1362 2916 1453 2984 actu,
1474 2927 1571 2993 quam
1596 2908 1626 2971 in

517 3016 645 3092 habitu,
666 3016 754 3100 quod
774 3018 884 3083 docuit
908 3016 1098 3084 Aristoteles
1121 3013 1185 3104 (6),
1210 3016 1369 3082 definiens
1390 3017 1544 3082 virtutem
1566 3014 1627 3082 dis-

517 3123 714 3208 positionem
746 3125 876 3208 perfecti
905 3126 944 3189 ad
972 3123 1154 3208 optimum,
1176 3126 1237 3190 hoc
1267 3135 1334 3201 est,
1356 3125 1530 3208 interprete
1555 3125 1625 3188 divo

515 3232 659 3319 Thoma,
678 3232 867 3315 qualitatem
887 3251 953 3315 qua
970 3231 1153 3316 subjectum
1175 3231 1339 3316 perficitur
1355 3231 1397 3296 ad
1415 3231 1623 3298 exercendum

516 3349 638 3405 actum.
661 3339 707 3404 Ex
725 3339 844 3421 quibus
863 3339 960 3404 etiam
983 3339 1088 3404 soluta
1113 3349 1222 3404 manet
1247 3337 1328 3404 ratio
1353 3358 1412 3422 pro
1438 3343 1535 3405 altera
1558 3356 1623 3422 par·

515 3453 574 3512 te»
597 3443 659 3532 (7).
680 3446 846 3528 Quidquid
865 3445 907 3512 sit
926 3445 966 3510 de
986 3447 1044 3510 hac
1063 3445 1296 3521 controversia,
1318 3457 1455 3512 nonest
1479 3465 1528 3513 res
1549 3446 1620 3512 tanti

516 3554 694 3629 momenti,
715 3571 789 3636 quae
808 3554 926 3618 debeat
945 3572 1005 3619 nos
1023 3554 1145 3620 diutius
1163 3553 1320 3620 detinere.

582 3661 652 3726 Alia
670 3668 719 3727 est
738 3660 852 3726 divisio
871 3661 1015 3726 scientiae
1033 3661 1066 3726 in
1085 3661 1252 3727 scientiam
1267 3665 1397 3743 propter
1412 3663 1491 3746 quid
1508 3671 1540 3727 et
1554 3661 1621 3748 quio

342 3770 364 3799 ⁰¹
389 3769 401 3798 ²
436 3766 480 3804 ²¹¹⁸*
515 3787 574 3854 pro
593 3767 714 3834 ratione
733 3769 1033 3845 demonstrationis,
1054 3787 1230 3853 perquam
1249 3779 1467 3852 comparetur.

444 3911 456 3940 e
580 3875 689 3942 Tertio
707 3875 861 3944 dividitur
886 3877 918 3944 in
941 3877 1109 3958 partialem
1127 3886 1160 3944 et
1178 3872 1315 3943 totalem}
1336 3875 1460 3945 Totalis
1477 3887 1525 3944 est
1541 3895 1621 3942 com

370 3967 441 4013 ⁰³³³·
515 3985 631 4068 plexus
658 3983 908 4050 conclusionum
932 3984 1100 4059 omniurn,
1120 4002 1196 4068 quae
1223 3984 1304 4050 circa
1329 4002 1434 4052 unum
1464 3986 1617 4071 objectum

550 4221 590 4282 (ι)
628 4214 661 4275 S.
676 4217 793 4285 Thom.‚
813 4225 850 4273 ιθ
860 4217 1033 4286 Posterior..
1048 4215 1111 4274 lect.
1127 4235 1155 4290 4,
1174 4217 1271 4275 Tertio
1285 4217 1331 4275 toi
1342 4219 1529 4288 monisesturn
1543 4225 1591 4277 esf.

550 4304 591 4378 (a)
629 4305 707 4364 Lect.
724 4325 795 4378 nup.
811 4305 860 4363 eit.

549 4400 588 4466 (3)
604 4395 690 4466 Apud
706 4395 898 4463 Conimbris.‚
914 4396 1060 4463 1.·P0sr.,
1075 4413 1136 4468 cap.
1152 4415 1179 4465 a,
1194 4416 1225 4467 q.
1245 4417 1268 4465 r,
1284 4417 1310 4454 a.
1327 4416 1353 4454 a.

547 4489 588 4558 (4l
625 4483 705 4542 Libr.
725 4505 747 4541 t.
764 4484 891 4553 Foster„
906 4505 969 4556 cap.
983 4503 1011 4553 a,
1023 4496 1128 4556 quaeat.
1147 4506 1176 4553 t,
1193 4485 1247 4544 Est
1261 4494 1300 4558 3.·
1312 4489 1528 4547 advertendum.

547 4578 588 4644 (ς)
626 4573 694 4633 Loc.
710 4593 781 4645 nup.
797 4573 847 4632 cit.
865 4573 896 4631 in
911 4573 963 4631 fin.
976 4587 1032 4632 art.
1050 4595 1074 4632 r.

548 4663 588 4726 (6)
626 4661 691 4720 Lib.
709 4683 735 4736 7.
754 4662 920 4735 Pfcysicor.¹
935 4683 998 4735 cap.
1015 4683 1042 4736 3,
1055 4675 1125 4724 text.
1140 4685 1180 4738 ¹7·

545 4757 586 4826 (7)
622 4749 853 4812 Conimbricena.
876 4763 919 4810 ιθ
932 4753 1058 4825 poster,
1072 4772 1136 4826 cap.
1152 4773 1179 4825 a,
1195 4773 1225 4827 q.
1243 4766 1268 4826 ¹1,
1283 4775 1312 4813 a.
1328 4777 1353 4826 r,
1375 4757 1545 4831 paulopost
1564 4753 1621 4816 init.
