3492 5525
1403 0 1612 38 lunt-:x
1656 0 1895 38 RERUM

323 169 696 299 Ecclesia
710 237 1008 308 catholica,
1024 238 1401 299 instaurstrix
1409 237 1585 300 etiam

374 328 751 388 scientiarum
781 330 844 388 in
868 330 1112 391 Christo
1135 350 1229 404 40.

306 418 647 476 Ecleouoi
677 419 977 503 Philosopi
1008 422 1096 495 36,
1135 440 1230 493 90.

305 510 847 569 Eoleessolsmus
857 511 1242 592 recentiorum
1254 507 1590 570 confutatur

380 618 533 669 1052:
561 600 751 672 qualis
777 600 1190 661 eclecticismus
1227 599 1395 661 liceat
1427 620 1583 676 1054.

301 690 542 748 Μαῖα
570 710 670 749 seu
710 690 1002 751 axiomata
1030 711 1155 768 754.

301 782 951 855 nncyclopasdistae
977 783 1070 842 86.

301 871 448 929 Eun
468 872 778 929 rationis
796 873 942 946 quid
966 894 986 931 ι
1001 894 1121 947 139.

303 961 721 1019 Enuntlasso
750 982 888 1038 243,
921 982 1049 1037 244.

300 1051 780 1125 Enthymema
795 1050 938 1123 quid
960 1053 1083 1125 365:
1103 1049 1300 1125 opinio
1318 1050 1585 1123 Caietani

371 1141 764 1202 Sanseverino
791 1143 941 1203 circa
967 1142 1344 1218 enthymema
1381 1143 1585 1203 consu·

372 1244 532 1292 tatur
560 1234 684 1306 366.

300 1321 658 1394 Epicurus
685 1335 743 1381 et
770 1320 1023 1396 epicurei
1053 1344 1142 1398 27,
1173 1343 1261 1396 3¹·

300 1409 772 1482 Epichsrema
800 1413 926 1486 376.

299 1500 725 1573 Ερὶᾱιοοῐιιε
753 1524 843 1576 32.

300 1591 646 1649 Erasmus
678 1593 772 1666 69.

297 1682 516 1740 Error
549 1684 692 1755 quid
735 1702 859 1757 414,
906 1702 1038 1758 457:
1077 1702 1344 1742 errorum
1391 1701 1582 1742 causae

370 1772 478 1846 634
505 1792 672 1844 seqq-

295 1860 681 1919 Evidenua
706 1861 852 1933 quid
885 1861 1005 1935 508:
1053 1860 1346 1921 evidentia
1374 1860 1581 1934 objecti

366 1963 424 2008 et
451 1950 803 2023 cognitionis
832 1951 955 2026 5¹08:
981 1951 1125 2024 quid
1155 1950 1445 2009 evidentia
1468 1953 1582 2010 ob-

366 2040 568 2112 jectiva
593 2060 712 2115 509:
744 2040 1059 2101 discrimen
1088 2041 1294 2113 objecti
1342 2041 1580 2100 eviden-

366 2128 460 2198 tis,
504 2128 813 2202 opinabilis
854 2144 914 2189 et
952 2127 1240 2188 credibilis
1290 2148 1410 2202 5¹¹²
1456 2129 1581 2189 evi-

364 2218 565 2277 dentia
594 2218 913 2290 subjectiva
951 2237 1071 2292 513:
1106 2216 1395 2277 evidentia
1425 2239 1581 2277 sem-

368 2329 470 2381 per
487 2328 742 2368 connexa
760 2329 894 2366 cum
916 2307 1266 2368 certitudine
1289 2329 1410 2383 507:
1435 2309 1578 2381 quid

364 2398 530 2471 prius
557 2399 793 2458 evidens
818 2400 1066 2470 dicatur,
1097 2399 1482 2471 objectumne,
1502 2419 1579 2459 an

361 2488 619 2560 cognitio
652 2508 772 2563 5¹4³
820 2489 1111 2549 evidentia
1152 2489 1489 2548 immediata
1520 2504 1580 2550 et

365 2576 618 2635 mediata
651 2596 772 2652 515:
804 2576 1222 2651 metaphysica,
1253 2577 1493 2652 physica
1519 2591 1582 2637 et

362 2666 598 2725 moralis
654 2685 774 2741 515:
806 2667 1119 2726 intrinseca
1159 2682 1217 2727 et
1255 2667 1576 2744 extrinseca

365 2757 484 2829 516:
518 2754 777 2816 veritatis
791 2770 849 2816 et
866 2755 1264 2817 credibilitatis
1296 2758 1416 2831 516:
1443 2780 1575 2818 con-

361 2845 681 2916 sequentiae
695 2860 752 2904 et
760 2846 1175 2918 consequentis
1195 2848 1317 2920 516:
1340 2846 1577 2906 eviden-

361 2937 438 2995 tia
464 2937 525 2995 in
554 2949 865 2995 attestante
881 2939 1009 3010 603:
1034 2937 1320 2997 evidentia
1343 2957 1461 2997 non
1485 2951 1574 2996 cst

356 3025 431 3082 de
485 3027 741 3084 essentia
789 3025 1156 3086 certitudinis
1222 3045 1347 3101 492:
1416 3027 1571 3099 quod

357 3114 613 3198 evidens,
639 3129 728 3174 est
753 3136 957 3175 verum
973 3130 1060 3175 est
1090 3136 1117 3189 5
1137 3138 1225 3192 17,
1257 3116 1433 3189 idque
1456 3116 1575 3175 evi-

356 3204 768 3264 dentissimum
819 3225 946 3264 esse
991 3206 1322 3265 ostenditur
1374 3220 1575 3266 contra

358 3291 591 3350 Balmes
611 3292 730 3366 518:
750 3293 1039 3353 evidentia
1055 3294 1570 3368 cogitintellectum

359 3380 432 3438 ad
460 3401 790 3451 assensum,
822 3397 878 3441 et
906 3402 1025 3455 quo
1044 3402 1219 3441 sensu
1244 3403 1340 3456 52ι
1383 3402 1571 3457 seqq.:

357 3470 647 3529 evidentia
664 3485 752 3530 est
771 3492 971 3530 verum
992 3471 1292 3531 criterium
1305 3471 1576 3552 ⁴veritatis

360 3578 420 3631 55
437 3579 481 3615 1:
503 3579 770 3630 quaenam
787 3559 1078 3620 evidentia
1094 3559 1171 3619 sit
1188 3560 1452 3620 veritatis
1469 3561 1575 3620 cri·

356 3647 911 3719 terium,subjectiva
932 3670 1024 3716 ne,
1046 3670 1123 3708 an
1145 3650 1426 3725 objectiva
1449 3670 1569 3725 555.

282 3738 683 3816 Βιοορῐίνο.
712 3736 1031 3811 propositio
1055 3741 1198 3813 quid
1231 3760 1355 3816 274.

281 3826 675 3884 Exclusiva
694 3827 1016 3900 propositio
1036 3827 1179 3905 quid
1199 3849 1296 3905 27¹
1309 3873 1324 3900 ,
1354 3843 1411 3888 et
1431 3850 1575 3901 quo-

356 3917 554 3989 tuplex
582 3937 706 3991 272:
747 3919 1035 3978 exclusiva
1057 3918 1235 3978 dictio
1274 3939 1392 3979 non
1420 3920 1573 3980 tollit

354 4006 800 4066 concomitantia
827 4027 953 4082 272.

284 4095 711 4167 Exemplum
740 4097 864 4170 369.
1262 4118 1266 4123 ·

283 4184 749 4257 Exponenda
770 4197 830 4245 et
857 4183 1119 4245 inductio
1148 4184 1208 4245 in
1234 4186 1575 4262 colligendis

354 4272 654 4348 principiis
675 4273 998 4334 necessuia
1016 4288 1105 4336 est
1120 4293 1220 4350 795
1243 4294 1433 4349 seqq.;
1456 4294 1574 4336 non

2750 0 2896 53 ¹¹⁰7

1764 165 1960 212 tamen
1973 165 2061 211 est
2076 150 2354 211 motivum
2371 150 2673 224 impellens
2683 149 2756 210 sd
2772 171 2974 210 eorum

1762 261 2088 311 assensum,
2141 243 2241 300 sed
2280 240 2503 301 occasio
2538 241 2856 300 dumtaxat
2882 241 2977 299 vel

1761 323 2018 390 conditio
2044 350 2222 389 manu
2254 328 2475 389 ducens
2503 330 2883 400 intellectum,
2910 344 2977 389 ut

1762 417 1870 477 rite
1882 432 2139 492 penetret
2148 418 2266 477 vim
2284 420 2668 477 terminorum
2682 419 2791 477 806
2808 439 2971 491 seqq.

1687 506 2277 580 &perimentum
2301 508 2535 581 proprie
2561 506 2704 581 quid
2728 508 2853 580 798:
2877 508 2978 565 da·

1761 610 1859 655 tur
1876 596 1937 655 in
1949 596 2206 668 homine,
2222 618 2339 657 non
2350 612 2547 657 autem
2559 596 2620 656 in
2632 598 2823 657 brutis
2846 596 2971 671 798.

1686 686 2187 759 Expositorlus
2215 686 2591 761 syllogismus
2622 704 2745 761 345.

1687 768 2030 834 Extendi)
2056 786 2115 835 et
2140 776 2581 849 comprehensio
2609 775 2752 835 ideae
2780 795 2897 835 121.

1702 884 1998 1015 Fectio
2029 969 2087 1015 et
2107 955 2261 1016 actio
2284 955 2430 1029 quid
2458 954 2731 1016 differant
2755 975 2887 1030 909.

1684 1045 2103 1103 Facultates
2156 1045 2565 1120 cognoscitivae
2631 1043 2970 1107 describun-

1758 1149 1856 1194 tur
1907 1138 2002 1209 561
2053 1156 2239 1209 seqq.:
2288 1157 2394 1209 per
2438 1157 2501 1195 se
2553 1156 2786 1196 veraces
2832 1149 2977 1195 sunt

1755 1222 1902 1283 circa
1924 1224 2222 1298 proprium
2243 1226 2551 1298 objectum,
2577 1228 2847 1298 quamvis
2871 1245 2974 1299 per

1757 1313 2023 1373 accidens
2052 1313 2171 1374 falli
2199 1315 2429 1388 possint
2459 1334 2559 1390 573
2590 1309 2753 1389 seqq.

1682 1403 2001 1463 Fallacia
2023 1406 2167 1479 quid
2197 1408 2336 1480 384,
2352 1407 2673 1480 quotuplex
2705 1408 2827 1481 387.

1681 1494 1998 1553 falsitas
2025 1495 2209 1570 logica
2239 1496 2379 1569 quid
2401 1518 2529 1571 413:
2562 1497 2856 1569 quomodo
2873 1518 2973 1557 ve-

1753 1584 1916 1643 ritati
1942 1578 2272 1659 opponatur
2310 1605 2438 1659 414:
2470 1607 2546 1647 sn
2573 1600 2634 1646 et
2672 1587 2968 1659 quomodo

1755 1676 1939 1746 possit
1964 1693 2093 1734 esse
2131 1676 2191 1735 in
2222 1675 2469 1749 simplici
2507 1678 2972 1751 apprehensione

1750 1776 1855 1837 433
1886 1784 2072 1839 seqq.:
2104 1765 2324 1825 salsitas
2350 1768 2570 1841 gradus
2605 1767 2883 1838 admittit,
2912 1780 2972 1827 ct

1754 1872 1871 1912 non
1899 1853 2166 1913 consistit
2193 1855 2253 1913 in
2283 1853 2623 1915 indivisibili
2643 1876 2771 1931 452.

1680 1943 1902 2001 Fama
1922 1947 2012 2004 vel
2042 1964 2240 2005 rumor
2266 1946 2408 2018 quid
2436 1948 2561 2007 600.

1680 2032 1918 2104 Petico
1944 2034 2035 2094 88.
2441 2090 2446 2094 .

1678 2122 2165 2183 Fen-ariensis
2221 2124 2563 2187 Franciscus
2626 2126 2701 2185 de
2757 2124 2967 2201 Sylve·
3010 2155 3017 2162 ·

1752 2228 1891 2271 stris
1917 2233 2006 2287 72.

1677 2301 1929 2359 riehte
1947 2303 2259 2375 Amedeus,
2283 2302 2801 2364 transcendentalis
2821 2322 2966 2377 pan-

1751 2390 1963 2451 theista
1987 2393 2079 2450 88.

1676 2479 1892 2537 rides
1919 2479 2062 2553 quid
2097 2482 2227 2555 468,
2254 2482 2382 2541 601:
2424 2481 2643 2555 duplex
2688 2482 2749 2542 in
2777 2481 2844 2542 ea
2873 2480 2966 2542 di-

1750 2570 2105 2645 stinguenda
2133 2571 2435 2643 habitudo,
2457 2573 2529 2631 ad
2552 2594 2671 2633 rem
2691 2594 2796 2633 seu
2815 2575 2968 2646 obje-

1748 2674 1906 2719 ctum
1948 2662 2236 2721 creditum
2283 2677 2341 2722 et
2376 2664 2451 2722 ad
2494 2683 2823 2737 personam,
2871 2663 2966 2722 cui

1746 2753 2001 2812 creditur
2027 2753 2153 2812 602:
2185 2769 2376 2814 actum
2414 2754 2549 2816 fidei
2578 2754 2847 2830 proecedit
2874 2752 2965 2828 iu-

1746 2839 1961 2919 dicium
2007 2841 2407 2903 credibilitatis
2446 2844 2577 2905 6023
2619 2842 2963 2904 actus'fidei

1748 2950 1866 2988 non
1886 2931 2145 2991 continet
2165 2931 2465 2991 formalem
2482 2932 2815 2991 discursum
2833 2933 2962 3005 604:

1745 3018 1890 3077 fides
1907 3019 2162 3077 humana
2184 3019 2528 3094 plerumque
2546 3022 2729 3085 solam
2748 3021 2966 3093 praebet

1746 3107 2210 3180 probabilitatem
2253 3112 2353 3168 611
2388 3123 2447 3171 et
2484 3111 2612 3169 616:
2646 3110 2965 3170 utilitas‘ac

1745 3198 2059 3256 necessitas
2086 3197 2219 3256 fidei
2249 3200 2387 3277 ‚6042
2421 3198 2574 3259 inter
2601 3200 2786 3259 fidem*
2813 3197 2960 3258 divi·

1746 3306 1883 3344 nam
1926 3302 1984 3347 et
2013 3287 2293 3346 rationem
2337 3290 2500 3348 nulla
2536 3288 2661 3349 veri
2703 3289 2963 3350 nominis

1743 3374 2035 3435 dissensio
2062 3396 2189 3436 esse
2223 3390 2415 3451 potest
2439 3379 2567 3452 963:
2602 3377 2776 3438 Fides
2816 3379 2966 3438 divi-

1748 3486 1825 3524 na
1866 3480 1922 3525 et
1964 3466 2114 3526 ratio
2144 3482 2351 3529 mutuo
2386 3490 2447 3529 se
2482 3471 2710 3543 juvant,
2748 3471 2962 3530 nedum

1748 3554 1901 3614 inter
1940 3576 2003 3615 se
2045 3571 2313 3630 pugnent
2351 3560 2480 3633 964.
2532 3559 2695 3621 Fidei
2751 3580 2963 3620 nomen

1745 3645 2024 3706 tribuitur
2042 3647 2217 3708 etiam
2236 3648 2309 3708 ab
2329 3649 2591 3724 antiquis
2610 3651 2965 3725 quandoque

1745 3735 1962 3808 judicio
1989 3756 2113 3811 224.

1672 3826 1941 3899 Figura
1968 3828 2291 3902 syllogismi
2321 3849 2448 3904 324,
2488 3831 2808 3904 quotuplex
2837 3852 2960 3904 330:

1746 3937 1890 3976 num
1945 3916 2306 3977 admittenda
2368 3919 2445 3978 sit
2495 3935 2710 3992 quarta
2775 3922 2999 4004 figurao

1746 4006 2045 4067 Gallenica
2087 4029 2211 4082 33¹²
2261 4008 2585 4083 figurarum
2627 4012 2787 4086 leges
2836 4032 2961 4085 332:

1743 4117 2017 4170 quanam
2042 4099 2476 4171 praestantiores
2500 4101 2702 4175 figurae
2731 4121 2856 4176 335.

1671 4187 1993 4245 Pontem
2044 4187 2252 4247 Petrus
2281 4189 2537 4277 74:·eius
2576 4188 2778 4262 opinio
2813 4189 2964 4251 circa

1745 4275 2098 4337 universalia
2126 4278 2254 4352 665,
2279 4279 2622 4340 confutatur
2652 4281 2781 4355 673.
