3492 5525
546 474 603 549 322
734 454 862 534 Locren
881 451 1129 533 Minore-Dran
1155 482 1197 552 3.·
1219 450 1299 533 Cn.
1324 473 1397 533 aaut

504 650 687 718 breviorem
708 651 880 738 praedicato
899 653 1134 731 conclusionis,
1154 662 1228 720 tum
1242 654 1319 737 quia
1335 664 1385 721 est
1405 652 1552 719 medium
1569 671 1627 719 seu

504 770 736 842 argumentum
755 760 975 847 cognoscendi
993 760 1238 827 conclusionem
1253 758 1317 849 (ι).
1339 761 1509 827 Praemissa
1528 760 1581 825 illa
1596 761 1628 825 in

504 885 569 950 qua
595 868 758 935 terminus
779 870 884 955 major
909 885 968 935 seu
993 868 1204 955 praedicatum
1228 867 1448 936 conclusionis
1470 866 1628 954 (intellige
1727 930 1728 941 ,

502 974 745 1042 conclusionem
781 973 948 1065 directam)
979 976 1190 1061 componitur
1220 994 1294 1042 cum
1329 977 1470 1041 termino
1503 974 1625 1052 medio,

504 1079 684 1166 appellatur
715 1084 855 1168 proprie,
886 1082 953 1149 sive
973 1084 1151 1150 collocetur
1169 1084 1275 1169 primo
1295 1084 1366 1149 loco
1385 1083 1453 1149 sive
1468 1084 1626 1159 secundo,

503 1187 629 1277 Maiam
652 1188 761 1256 Minor
784 1209 862 1256 vero
885 1190 954 1269 illa,
975 1192 1008 1257 in
1031 1210 1097 1275 qua
1119 1192 1302 1277 subjectum
1328 1174 1546 1265 conclusionis
1569 1208 1627 1255 seu
1727 1226 1728 1281 3

505 1297 614 1362 minus
647 1306 832 1365 extremum
865 1299 1038 1383 copulatur
1069 1318 1146 1365 cum
1180 1300 1297 1365 eodem
1330 1298 1471 1364 termino
1504 1298 1624 1363 medio.

502 1401 715 1488 Quamquam
745 1405 829 1473 inter
856 1406 1093 1491 disputandum
1125 1416 1158 1473 et
1190 1406 1488 1491 argumentandum
1521 1408 1630 1493 Major·
1727 1484 1728 1497 ἢ

504 1510 682 1596 propositio
701 1514 809 1579 vocari
837 1516 961 1591 soleat,
988 1532 1063 1597 que
1087 1514 1191 1599 prima
1219 1514 1354 1590 ocurrit,
1379 1512 1489 1579 Minor·
1515 1523 1625 1580 autem
1727 1502 1728 1505 '

503 1636 577 1701 quae
592 1621 739 1686 secundo
754 1622 824 1686 loco
839 1621 1046 1699 enuntiatur,
1062 1620 1138 1705 quia
1154 1641 1274 1707 nempe
1290 1641 1349 1687 nec
1368 1624 1510 1689 multum
1531 1622 1627 1686 resen

503 1726 535 1792 in
564 1744 627 1793 usu
652 1728 838 1803 communi,
867 1748 929 1794 nec
957 1748 1044 1814 saepe
1068 1739 1177 1807 vacat,
1199 1731 1366 1796 mentione
1386 1730 1486 1797 animi
1508 1730 1548 1795 ad
1567 1728 1627 1793 alia

501 1833 665 1911 distracta,
685 1834 888 1913 examinare,
909 1855 1061 1919 quaenam
1083 1838 1211 1922 proprie
1231 1836 1272 1905 sit
1293 1838 1397 1923 major
1414 1847 1447 1903 et
1471 1856 1625 1921 quaenam
1727 1874 1728 1915 2

502 1940 610 2006 minor
624 1939 827 2030 propositio(
852 1942 880 2030 ).

567 2048 688 2115 Totum
705 2068 802 2134 porro
817 2051 880 2115 hoc
897 2069 983 2135 opus
995 2050 1205 2141 syllogistica
1219 2051 1489 2129 ratiocinationis,
1508 2061 1545 2119 ut
1556 2052 1624 2138 jam

501 2173 606 2241 nuper
620 2167 827 2233 notaveram,
848 2158 880 2224 in
900 2159 970 2243 ipsa
987 2159 1106 2225 mentis
1124 2161 1277 2225 numana
1296 2170 1409 2226 natura
1428 2160 1626 2227 tundamen-
1727 2182 1728 2187 ¹

499 2271 572 2329 turn
592 2264 702 2331 habet.
715 2264 800 2332 Cum
815 2266 902 2331 enim
914 2267 957 2332 ob
972 2266 1093 2353 ingenii
1106 2269 1206 2333 nostri
1220 2266 1473 2333 imbecillitatem
1487 2268 1528 2333 de
1546 2286 1626 2352 pau·
1727 2288 1728 2365 J

499 2370 640 2439 cissimis
660 2372 756 2439 rebus
766 2372 953 2439 immediata
965 2374 1083 2459 judicia
1097 2375 1305 2459 pronuntiare
1321 2377 1487 2441 valeamus
1499 2394 1539 2440 ex
1555 2377 1624 2441 sola
1727 2398 1728 2431 r

498 2479 715 2546 terminorum
752 2482 1027 2565 apprehensione3
1068 2482 1342 2567 quotiescumque
1380 2483 1534 2567 ambigua
1571 2485 1622 2549 vel
1727 2476 1728 2495 ¹

501 2586 611 2671 ignota
634 2586 773 2670 quaestio
798 2589 891 2655 nobis
910 2590 1068 2656 solvenda
1087 2590 1295 2675 proponitur,
1324 2611 1358 2657 v.
1374 2611 1409 2675 g.
1428 2610 1504 2655 num
1519 2592 1565 2655 leo
1582 2592 1627 2655 sit
1727 2574 1728 2609 ¹

499 2694 688 2779 susbstantia,
721 2714 821 2779 quam
850 2695 934 2763 illico
966 2698 1139 2764 decernere
1168 2698 1369 2775 nesciamus,
1403 2698 1444 2764 ad
1478 2697 1620 2782 aliquem
1727 2700 1728 2772 ἶ

501 2802 646 2868 medium
661 2805 838 2870 terminum
865 2807 1040 2891 confugere
1056 2825 1189 2872 necesse
1216 2817 1283 2884 est,
1303 2806 1359 2890 qui
1387 2819 1621 2890 argumentum
1727 2795 1728 2880 Ξ

498 2909 686 2994 suppeditet
714 2911 943 2996 motivumque
971 2913 1138 2980 sufficiens
1167 2913 1367 2999 propositam
1401 2915 1619 2997 questionem
1727 2895 1728 2942 ³

498 3017 689 3086 extricandi.
705 3019 738 3085 ln
753 3037 818 3103 qua
832 3019 1157 3106 investigationetres
1170 3040 1316 3088 ocurrere
1328 3032 1466 3107 possunt
1481 3023 1620 3088 omnino

497 3143 604 3191 casus:
626 3138 682 3194 aut
701 3125 789 3192 enim
804 3128 964 3194 terminus
983 3129 1035 3193 ille
1054 3129 1188 3204 tertius,
1202 3147 1278 3195 curn
1299 3148 1368 3213 quo
1386 3147 1619 3214 comparamus
1727 3131 1728 3140 ’

497 3232 682 3317 subjectum
703 3241 736 3299 et
759 3234 967 3320 praedicatum
993 3237 1167 3320 propositae
1193 3237 1400 3320 questionis,
1426 3237 1523 3304 habet
1543 3255 1619 3304 cum

498 3350 641 3424 utroque
658 3341 919 3408 convenientiam
940 3351 974 3408 et
998 3343 1254 3421 connexionem,
1280 3354 1336 3410 aut
1363 3355 1523 3430 repugnat
1541 3363 1617 3411 curn

498 3459 657 3532 utroque,
677 3459 733 3516 aut
752 3451 889 3517 demum
908 3470 985 3518 cum
1005 3453 1106 3519 altero
1125 3451 1401 3528 convenientiam,
1422 3471 1497 3519 cum
1517 3455 1618 3518 altero

498 3559 747 3643 repugnantiam
766 3559 862 3644 gerit.

563 3665 597 3732 ln
617 3666 723 3751 primo
750 3685 828 3733 casu
845 3667 1109 3734 concludendum
1127 3679 1189 3744 est,
1205 3666 1415 3753 predicatum
1426 3667 1618 3752 quaestionis

495 3771 537 3839 de
547 3773 693 3860 subjecto
707 3774 939 3842 affirmandum
955 3793 1041 3852 esse,
1053 3775 1084 3840 vi
1100 3775 1258 3860 principii,
1275 3777 1365 3859 quod
1378 3785 1497 3842 vocant
1507 3777 1621 3843 identi-

494 3880 582 3958 tatis,
594 3890 694 3966 atque
703 3881 747 3947 ita
766 3882 969 3949 enuntiatur:
990 3882 1069 3966 Qec
1085 3887 1162 3949 sunt
1176 3885 1282 3948 eadem
1299 3882 1359 3949 uni
1367 3883 1467 3960 mnu,
1487 3887 1621 3950 suntea-

493 3989 565 4054 dem
577 3989 661 4055 inter
671 4006 716 4057 se.
734 3987 787 4056 Sic
797 3989 873 4056 siad
888 3989 1166 4076 investigandum,
1180 4001 1292 4058 utrum
1308 3991 1358 4057 leo
1376 3991 1419 4058 sit
1435 3990 1620 4060 substantia

529 4227 570 4289 (r)
606 4220 859 4282 Dissimulandum
868 4237 966 4282 autern
976 4243 1035 4282 non
1044 4237 1098 4290 est,
1110 4241 1269 4282 nonunum
1277 4223 1469 4294 eumdemque
1478 4222 1620 4294 loquendi

494 4309 613 4370 modum
623 4311 714 4371 teneri
724 4312 761 4370 ab
769 4311 937 4372 auctoribus
947 4311 978 4372 in
989 4313 1181 4386 designandis
1192 4311 1338 4382 terminia,
1350 4311 1452 4384 maiori
1461 4325 1489 4372 et
1499 4313 1618 4374 minori.

493 4399 570 4458 Vide
583 4401 711 4462 Fonaeca
722 4402 808 4473 (last.
823 4403 955 4472 dialect,
970 4403 1020 4462 lib.
1039 4403 1068 4462 ⁶.
1084 4424 1110 4462 c.
1127 4408 1182 4472 ro);
1196 4401 1289 4461 Tolet.
1304 4401 1429 4474 (terroe.
1444 4403 1475 4459 iu
1489 4401 1618 4464 Dialect.

492 4486 543 4546 lib.
557 4509 589 4564 4.
603 4510 668 4563 cap,
684 4498 727 4565 alt
736 4489 847 4560 Mauri,
861 4491 1019 4558 (Sammaei.
1034 4513 1097 4566 cap·
1112 4491 1563 4567 ⁶7ltLossada(Srrmrnul.disp.
1575 4495 1618 4564 8.,

491 4597 556 4650 cap.
572 4599 603 4651 3,
624 4599 654 4638 ιι.
673 4579 736 4651 ro,
747 4587 853 4654 aeqq);
869 4583 914 4641 De
929 4582 1112 4653 Benedictis,
1128 4582 1269 4657 Arriaga,
1291 4580 1337 4652 Jo.
1353 4581 1443 4656 Bapt.
1470 4581 1618 4643 Ptolomei

490 4667 751 4745 ctdntondtiayr.

529 4763 571 4825 (a)
606 4757 746 4822 Fumea.
761 4757 831 4822 lust.
848 4761 950 4823 deiciet.
963 4761 1013 4826 lib.
1024 4765 1053 4822 6.
1068 4783 1094 4824 c.
1112 4783 1155 4823 ιο.
