3492 5525
561 426 618 509 576
670 428 793 490 Locren
807 426 1041 500 Meron-Lm.
1062 426 1239 502 1.²¹·‚D1se.
1257 439 1302 508 4·
1317 425 1395 490 Cae.
1415 438 1484 488 nvn

520 626 585 672 non
605 606 737 691 quidem
753 627 794 674 en
813 607 942 692 proprio
961 601 1105 683 delectu,
1130 607 1187 672 sed
1211 626 1252 672 ex
1270 607 1398 672 deiectu
1417 614 1474 671 aut
1492 607 1644 673 materiae

519 725 575 780 aut
594 714 724 781 artificis
743 724 805 782 etc.
826 714 949 791 Quidni
967 734 1046 800 ergo
1073 714 1172 781 etiam
1201 716 1367 779 facultates
1391 713 1641 799 cognoscitivae,

518 839 592 904 quae
620 822 837 889 instrumenta
863 832 940 888 sunt
960 831 1074 888 natura
1101 821 1194 888 nobis
1221 822 1357 896 donata,
1378 821 1562 897 interdum,
1585 822 1643 885 vel
1731 901 1732 908 ἵ

517 930 599 993 circa
612 929 779 1014 proprium
797 930 977 1013 objectum,
994 930 1119 996 ratione
1136 931 1272 1015 alicujus
1285 928 1511 1012 impedimenti
1529 948 1548 992 a
1565 946 1646 993 sco-
1731 967 1732 970 =

519 1056 561 1120 po
581 1035 724 1102 veritatis
743 1036 913 1103 aberrent?
1731 1015 1732 1052 ³

584 1144 622 1209 Et
641 1144 710 1208 baec
728 1144 861 1229 quidem
881 1144 915 1211 in
934 1163 1053 1229 genere
1077 1145 1162 1210 dicta
1183 1144 1302 1211 fuerint
1317 1144 1358 1209 de
1377 1144 1567 1210 facultatum
1581 1162 1643 1207 co-
1731 1155 1732 1218 l

516 1250 772 1335 gnoscitivarum
785 1252 968 1317 veracitate:
987 1270 1072 1317 nunc
1083 1270 1184 1336 pauca
1193 1250 1362 1336 speciatim
1372 1251 1643 1321 adderenecesse

517 1367 566 1424 est
585 1359 627 1424 de
644 1358 858 1442 quibusdam,
879 1368 916 1425 ut
938 1360 1127 1444 praejactum
1151 1361 1213 1424 hoc
1235 1357 1417 1424 universale
1441 1356 1640 1442 principium

518 1465 576 1533 rite
594 1466 771 1551 applicetur
788 1468 828 1532 ad
848 1466 934 1534 varia
956 1467 1094 1551 objecta.

588 1624 661 1693 106.
709 1629 898 1697 enoiosmo
922 1645 974 1691 2.⁸
999 1634 1131 1695 Sensus
1157 1633 1307 1705 externi,
1332 1633 1363 1695 si
1387 1632 1522 1693 nullum
1545 1628 1642 1691 adsit

515 1740 817 1817 impedimentum,
837 1740 946 1818 decipi
963 1748 1139 1819 nequeunt
1155 1740 1246 1802 circa
1263 1739 1426 1802 sensibile
1442 1736 1637 1816 proprium

516 1847 594 1910 licet
610 1854 757 1926 possunt
773 1848 863 1909 circa
880 1863 1066 1909 commune
1083 1856 1118 1909 et
1134 1864 1196 1925 per
1213 1846 1384 1909 accidens.

456 1982 460 1991 ’
528 2006 532 2015 ’
582 2002 732 2069 Doctrina
751 2003 820 2068 haec
834 2000 1105 2069 communissima
1119 2010 1187 2079 est,
1203 2021 1240 2068 ac
1254 2003 1320 2067 lere
1337 2002 1369 2067 in
1385 2000 1509 2073 eisdem
1523 1999 1641 2065 termi-
1731 2011 1732 2032 ¹

457 2155 462 2167 .
516 2110 565 2176 nis
582 2090 720 2177 treditur
737 2109 777 2174 ab
797 2108 955 2194 Angelico
978 2109 1116 2176 Doctore
1139 2110 1185 2174 sic
1208 2109 1384 2175 scribente:
1408 2108 1526 2174 Sanus
1540 2106 1639 2195 judi-
1731 2105 1732 2182 l

513 2219 596 2283 cium
612 2220 650 2282 de
667 2217 864 2283 sensibilibus
878 2217 1017 2299 propriis
1034 2225 1153 2299 semper
1169 2222 1215 2283 est
1230 2235 1355 2292 oerum,
1376 2215 1441 2280 nisi
1451 2214 1496 2280 sit
1506 2214 1642 2295 impedi·

513 2328 649 2391 nurerum
662 2325 696 2389 r'n
709 2342 827 2409 organo
840 2327 890 2389 vel
902 2325 937 2389 in
954 2324 1072 2406 medam
1087 2328 1141 2390 sed
1158 2325 1193 2389 in
1210 2323 1406 2390 sensibilibus
1422 2321 1641 2387 communibus
1731 2387 1733 2392 ,

513 2437 547 2498 et
555 2440 615 2517 per
631 2432 774 2497 accidens
792 2431 951 2498 interdum
961 2431 1123 2521 judicium
1139 2451 1248 2497 sensus
1258 2427 1418 2518 fallitur(
1443 2428 1469 2519 ).
1731 2495 1732 2522 ἒ

581 2539 647 2605 Sed
672 2539 884 2625 priusquam
911 2540 950 2604 ad
970 2540 1067 2621 hujus
1090 2540 1203 2605 asserti
1230 2538 1480 2605 declarationem
1506 2539 1641 2603 acceda-
1731 2563 1732 2582 ¹

350 2634 464 2751 ΣῘἪ
515 2666 608 2723 mus,
643 2646 787 2733 intellige
816 2647 917 2725 bene,
949 2647 1027 2729 quid
1055 2648 1203 2714 evincere
1233 2647 1383 2712 velimus.
1406 2646 1557 2711 Sensatio
1583 2656 1639 2711 est
1731 2649 1732 2724 l

513 2764 604 2821 actus
626 2755 759 2839 quidam
779 2754 885 2821 vitalis
911 2774 1034 2840 organo
1058 2753 1237 2832 inhaerens‚
1265 2775 1322 2840 per
1345 2774 1446 2839 quem
1465 2754 1636 2839 objectum
1731 2737 1733 2819 Ϊ

512 2863 643 2946 aliquod
663 2863 810 2948 subjecto
829 2861 980 2930 sentienti
1000 2863 1192 2938 innotescit,
1214 2872 1250 2929 ut
1269 2881 1402 2929 cernere
1419 2870 1470 2928 est
1488 2882 1522 2928 v.
1542 2881 1580 2946 g.
1599 2861 1636 2926 in

512 2970 653 3045 visione,
673 2987 746 3052 quae
765 2970 844 3034 dum
864 2988 988 3054 organo
1006 2971 1106 3047 inest,
1127 2971 1200 3036 iacit
1215 2988 1413 3055 cognoscere
1433 2970 1577 3044 colores,
1599 2979 1635 3033 et
1669 2977 1675 2987 '

513 3076 658 3142 similiter
672 3077 705 3142 in
719 3075 899 3152 auditione,
914 3085 1002 3144 tactu
1022 3085 1055 3141 et
1075 3076 1205 3161 reliquis
1228 3076 1435 3143 sensibilibus
1454 3077 1638 3161 perceptio-
1731 3100 1732 3145 1

513 3184 620 3250 nibus.
642 3182 750 3259 Quare
769 3183 915 3249 bilariam
938 3184 1132 3250 considerari
1157 3184 1299 3250 sensatio
1324 3193 1449 3267 potest:
1469 3183 1636 3270 suln‘ectioe
1731 3234 1732 3249 ,

512 3311 571 3358 seu
591 3302 754 3376 quatenus
777 3300 827 3357 est
849 3291 1036 3377 modfficatio
1054 3293 1106 3357 vel
1125 3292 1253 3357 allectio
1276 3291 1428 3376 quaedam
1454 3290 1486 3356 in
1506 3309 1633 3375 organo
1731 3332 1732 3357 1

514 3408 658 3484 recepta,
680 3409 712 3464 et
730 3399 877 3486 objectiva
895 3417 953 3464 seu
977 3399 1198 3474 terminative,
1221 3399 1374 3464 nimirum
1395 3405 1559 3481 quatenus
1583 3407 1636 3463 est
1731 3390 1732 3395 ’

513 3505 623 3590 imago
643 3505 793 3589 quaedam
814 3505 930 3591 objecti
947 3525 983 3570 ac
1000 3505 1252 3590 repraesentatio.
1270 3505 1340 3571 Sub
1360 3505 1466 3589 primo
1481 3513 1633 3589 respectu

513 3613 635 3680 adverti
650 3621 770 3698 potest,
785 3633 821 3678 ac
838 3631 933 3697 porro
948 3613 1136 3690 advertitur,
1154 3632 1211 3698 per
1219 3613 1452 3680 conscientiam
1467 3631 1527 3680 seu
1543 3611 1638 3678 relle-
1689 3662 1694 3672 .

512 3739 591 3788 xum
623 3729 732 3787 actum
762 3721 962 3796 intellectus,
990 3729 1028 3786 ut
1050 3739 1127 3786 cum
1156 3721 1290 3788 adverto
1319 3741 1373 3786 me
1403 3739 1489 3786 nunc
1514 3721 1635 3786 habere
1731 3784 1732 3789 ,

511 3829 662 3895 visionem
687 3831 803 3895 charte
830 3829 910 3895 albu
935 3829 970 3894 in
992 3829 1108 3904 oculis,
1139 3829 1190 3894 vel
1208 3827 1439 3910 impresseram
1462 3828 1577 3894 caloris
1599 3828 1633 3893 in

512 3956 608 4004 nunu
626 3937 678 4003 vel
698 3937 834 4002 demum
854 3936 1074 4019 experientium
1096 3945 1201 4002 tactus
1221 3939 1279 4002 aut
1297 3937 1436 4024 aluujus
1452 3935 1636 4002 resistentia

512 4045 547 4112 in
577 4045 687 4130 quovis
713 4045 857 4110 membro.
890 4043 928 4108 Et
956 4043 1002 4108 sic
1030 4043 1183 4108 dicitura
1207 4043 1241 4108 S.
1266 4044 1393 4110 Thoma
1412 4044 1633 4110 sensationem

512 4154 574 4218 hoc
602 4153 701 4219 modo
729 4151 909 4235 comparari
939 4149 980 4214 ad
1007 4149 1207 4217 intellectum
1236 4153 1327 4217 velut
1353 4170 1419 4216 rem
1449 4153 1631 4235 quamdam,

514 4278 633 4343 nempe
652 4257 728 4342 quia
752 4259 823 4343 ipse
846 4267 939 4324 actus
971 4257 1165 4325 sensationis
1197 4257 1374 4325 intellectui
1404 4257 1554 4344 objicitur
1578 4278 1636 4324 co·

512 4367 737 4453 gnoscendus‚
757 4367 841 4433 sicut
860 4364 1057 4450 objiciuntur
1074 4367 1144 4431 aliae
1162 4383 1214 4433 res
1232 4366 1265 4433 in
1285 4365 1355 4433 aliis
1373 4367 1497 4433 actibus
1510 4363 1576 4455 (a).
1598 4367 1636 4433 Et
1731 4396 1732 4441 1

548 4615 590 4690 (ι)
625 4616 670 4676 De
686 4617 792 4682 Venit„
805 4635 835 4687 q.
855 4637 881 4684 r,
895 4626 951 4674 art.
969 4635 1011 4674 rr.

546 4705 589 4782 (a)
624 4706 688 4768 Csr.
704 4704 738 4767 S.
753 4705 922 4776 Thom.‚‘de
940 4705 1045 4776 Verit.¹
1060 4724 1091 4775 q.
1109 4725 1136 4774 ι,
1153 4726 1179 4763 a.
1199 4725 1242 4764 ιι.
