<?xml version="1.0" encoding="UTF-8"?>
<!DOCTYPE html PUBLIC "-//W3C//DTD XHTML 1.0 Transitional//EN"
    "http://www.w3.org/TR/xhtml1/DTD/xhtml1-transitional.dtd">
<html xmlns="http://www.w3.org/1999/xhtml" xml:lang="en" lang="en">
 <head>
  <title>
</title>
<meta http-equiv="Content-Type" content="text/html;charset=utf-8" />
  <meta name='ocr-system' content='tesseract 3.04.00' />
  <meta name='ocr-capabilities' content='ocr_page ocr_carea ocr_par ocr_line ocrx_word'/>
</head>
<body>
  <div class='ocr_page' id='page_1' title='image "./institutionesph00urrgoog/institutionesph00urrgoog_0852.png"; bbox 0 0 3492 5525; ppageno 0'>
   <div class='ocr_carea' id='block_1_1' title="bbox 547 422 1467 508">
    <p class='ocr_par' dir='ltr' id='par_1_1' title="bbox 547 422 1467 508">
     <span class='ocr_line' id='line_1_1' title="bbox 547 422 1467 508; baseline 0 -19"><span class='ocrx_word' id='word_1_1' title='bbox 547 422 604 503; x_wconf 80' lang='lat'>832</span> <span class='ocrx_word' id='word_1_2' title='bbox 667 426 791 491; x_wconf 77' lang='lat' dir='ltr'>Locren</span> <span class='ocrx_word' id='word_1_3' title='bbox 806 423 1037 500; x_wconf 68' lang='lat' dir='ltr'>Meron-Lm.</span> <span class='ocrx_word' id='word_1_4' title='bbox 1055 439 1113 499; x_wconf 58' lang='grc' dir='ltr'>αν,</span> <span class='ocrx_word' id='word_1_5' title='bbox 1129 424 1221 488; x_wconf 79' lang='lat' dir='ltr'>Drse.</span> <span class='ocrx_word' id='word_1_6' title='bbox 1238 436 1284 508; x_wconf 65' lang='grc'>3.·</span> <span class='ocrx_word' id='word_1_7' title='bbox 1298 425 1378 489; x_wconf 74' lang='lat' dir='ltr'>Cae.</span> <span class='ocrx_word' id='word_1_8' title='bbox 1397 440 1467 489; x_wconf 65' lang='lat' dir='ltr'>ram</span> 
     </span>
    </p>
   </div>
   <div class='ocr_carea' id='block_1_2' title="bbox 508 664 1629 856">
    <p class='ocr_par' dir='ltr' id='par_1_2' title="bbox 508 664 1629 856">
     <span class='ocr_line' id='line_1_2' title="bbox 560 664 1629 767; baseline -0.004 -37"><span class='ocrx_word' id='word_1_9' title='bbox 560 683 639 750; x_wconf 80' lang='lat'>225.</span> <span class='ocrx_word' id='word_1_10' title='bbox 693 670 778 733; x_wconf 86' lang='lat' dir='ltr'>Dico</span> <span class='ocrx_word' id='word_1_11' title='bbox 806 671 856 767; x_wconf 77' lang='lat'>2.⁰</span> <span class='ocrx_word' id='word_1_12' title='bbox 884 672 964 733; x_wconf 85' lang='lat' dir='ltr'>Non</span> <span class='ocrx_word' id='word_1_13' title='bbox 987 667 1175 747; x_wconf 81' lang='lat' dir='ltr'>requiritur</span> <span class='ocrx_word' id='word_1_14' title='bbox 1201 668 1306 731; x_wconf 85' lang='lat' dir='ltr'>etiarn</span> <span class='ocrx_word' id='word_1_15' title='bbox 1331 684 1394 747; x_wconf 85' lang='lat' dir='ltr'>prr</span> <span class='ocrx_word' id='word_1_16' title='bbox 1417 686 1457 729; x_wconf 86' lang='lat' dir='ltr'>se</span> <span class='ocrx_word' id='word_1_17' title='bbox 1478 664 1629 744; x_wconf 73' lang='lat' dir='ltr'>cognitio</span> 
     </span>
     <span class='ocr_line' id='line_1_3' title="bbox 508 773 1558 856; baseline -0.004 -17"><span class='ocrx_word' id='word_1_18' title='bbox 508 778 631 841; x_wconf 78' lang='lat' dir='ltr'>saltem</span> <span class='ocrx_word' id='word_1_19' title='bbox 641 777 845 856; x_wconf 80' lang='lat' dir='ltr'>iudicetive,</span> <span class='ocrx_word' id='word_1_20' title='bbox 859 778 903 841; x_wconf 87' lang='lat' dir='ltr'>de</span> <span class='ocrx_word' id='word_1_21' title='bbox 918 777 1070 839; x_wconf 81' lang='lat' dir='ltr'>bonitate</span> <span class='ocrx_word' id='word_1_22' title='bbox 1087 776 1268 854; x_wconf 75' lang='lat' dir='ltr'>objectivae</span> <span class='ocrx_word' id='word_1_23' title='bbox 1285 773 1558 854; x_wconf 78' lang='lat' dir='ltr'>consequentioe.</span> 
     </span>
    </p>
   </div>
   <div class='ocr_carea' id='block_1_3' title="bbox 507 929 1628 2307">
    <p class='ocr_par' dir='ltr' id='par_1_3' title="bbox 508 929 1628 1339">
     <span class='ocr_line' id='line_1_4' title="bbox 553 929 1624 1019; baseline -0.007 -18"><span class='ocrx_word' id='word_1_24' title='bbox 553 940 695 1001; x_wconf 80' lang='lat' dir='ltr'>Probrri</span> <span class='ocrx_word' id='word_1_25' title='bbox 734 932 784 1003; x_wconf 88' lang='lat'>1.⁰</span> <span class='ocrx_word' id='word_1_26' title='bbox 831 945 922 1019; x_wconf 86' lang='lat' dir='ltr'>patet</span> <span class='ocrx_word' id='word_1_27' title='bbox 958 933 1176 1019; x_wconf 85' lang='lat' dir='ltr'>experientia;</span> <span class='ocrx_word' id='word_1_28' title='bbox 1207 932 1485 1015; x_wconf 82' lang='lat' dir='ltr'><strong>quotiescumque</strong></span> <span class='ocrx_word' id='word_1_29' title='bbox 1522 929 1624 1006; x_wconf 89' lang='lat' dir='ltr'>enim,</span> 
     </span>
     <span class='ocr_line' id='line_1_5' title="bbox 510 1037 1628 1126; baseline -0.003 -20"><span class='ocrx_word' id='word_1_30' title='bbox 510 1042 643 1107; x_wconf 85' lang='lat' dir='ltr'>materia</span> <span class='ocrx_word' id='word_1_31' title='bbox 658 1040 826 1126; x_wconf 84' lang='lat' dir='ltr'>perspicua</span> <span class='ocrx_word' id='word_1_32' title='bbox 845 1050 914 1117; x_wconf 89' lang='lat' dir='ltr'>est,</span> <span class='ocrx_word' id='word_1_33' title='bbox 935 1060 971 1107; x_wconf 85' lang='lat' dir='ltr'>ac</span> <span class='ocrx_word' id='word_1_34' title='bbox 990 1039 1161 1126; x_wconf 84' lang='lat' dir='ltr'>dispositio</span> <span class='ocrx_word' id='word_1_35' title='bbox 1174 1038 1390 1108; x_wconf 86' lang='lat' dir='ltr'>terminorum</span> <span class='ocrx_word' id='word_1_36' title='bbox 1403 1038 1436 1103; x_wconf 95' lang='lat' dir='ltr'>in</span> <span class='ocrx_word' id='word_1_37' title='bbox 1451 1037 1628 1122; x_wconf 72' lang='lat' dir='ltr'>praemissis</span> 
     </span>
     <span class='ocr_line' id='line_1_6' title="bbox 510 1143 1625 1233; baseline -0.004 -20"><span class='ocrx_word' id='word_1_38' title='bbox 510 1150 621 1233; x_wconf 87' lang='lat' dir='ltr'>plana,</span> <span class='ocrx_word' id='word_1_39' title='bbox 650 1148 877 1216; x_wconf 84' lang='lat' dir='ltr'>conclusiones</span> <span class='ocrx_word' id='word_1_40' title='bbox 904 1148 1067 1223; x_wconf 86' lang='lat' dir='ltr'>elicimus,</span> <span class='ocrx_word' id='word_1_41' title='bbox 1089 1147 1167 1231; x_wconf 89' lang='lat' dir='ltr'>quin</span> <span class='ocrx_word' id='word_1_42' title='bbox 1187 1147 1395 1213; x_wconf 89' lang='lat' dir='ltr'>advertamus</span> <span class='ocrx_word' id='word_1_43' title='bbox 1417 1143 1568 1230; x_wconf 82' lang='lat' dir='ltr'>explicite</span> <span class='ocrx_word' id='word_1_44' title='bbox 1586 1144 1625 1209; x_wconf 91' lang='lat' dir='ltr'>ad</span> 
     </span>
     <span class='ocr_line' id='line_1_7' title="bbox 508 1254 965 1339; baseline -0.004 -18"><span class='ocrx_word' id='word_1_45' title='bbox 508 1256 689 1323; x_wconf 76' lang='lat' dir='ltr'>bonitatem</span> <span class='ocrx_word' id='word_1_46' title='bbox 709 1254 965 1339; x_wconf 86' lang='lat' dir='ltr'>consequentiae.</span> 
     </span>
    </p>

    <p class='ocr_par' dir='ltr' id='par_1_4' title="bbox 507 1360 1628 2307">
     <span class='ocr_line' id='line_1_8' title="bbox 553 1360 1626 1448; baseline -0.007 -17"><span class='ocrx_word' id='word_1_47' title='bbox 553 1369 654 1431; x_wconf 82' lang='lat' dir='ltr'>Proh.</span> <span class='ocrx_word' id='word_1_48' title='bbox 673 1372 721 1430; x_wconf 86' lang='lat'>2.·</span> <span class='ocrx_word' id='word_1_49' title='bbox 766 1360 799 1429; x_wconf 88' lang='lat' dir='ltr'>Sl</span> <span class='ocrx_word' id='word_1_50' title='bbox 820 1361 1036 1428; x_wconf 86' lang='lat' dir='ltr'>necessarium</span> <span class='ocrx_word' id='word_1_51' title='bbox 1056 1363 1138 1428; x_wconf 78' lang='lat' dir='ltr'>toret</span> <span class='ocrx_word' id='word_1_52' title='bbox 1147 1360 1308 1448; x_wconf 89' lang='lat' dir='ltr'>judicium</span> <span class='ocrx_word' id='word_1_53' title='bbox 1327 1362 1368 1427; x_wconf 95' lang='lat' dir='ltr'>de</span> <span class='ocrx_word' id='word_1_54' title='bbox 1386 1360 1532 1427; x_wconf 89' lang='lat' dir='ltr'>bonitate</span> <span class='ocrx_word' id='word_1_55' title='bbox 1549 1378 1626 1425; x_wconf 91' lang='lat' dir='ltr'>con·</span> 
     </span>
     <span class='ocr_line' id='line_1_9' title="bbox 507 1468 1625 1554; baseline -0.004 -18"><span class='ocrx_word' id='word_1_56' title='bbox 507 1470 703 1554; x_wconf 85' lang='lat' dir='ltr'>sequentiae,</span> <span class='ocrx_word' id='word_1_57' title='bbox 733 1470 924 1537; x_wconf 90' lang='lat' dir='ltr'>distinctum</span> <span class='ocrx_word' id='word_1_58' title='bbox 949 1469 989 1533; x_wconf 91' lang='lat' dir='ltr'>ab</span> <span class='ocrx_word' id='word_1_59' title='bbox 1018 1470 1087 1553; x_wconf 86' lang='lat' dir='ltr'>ipsa</span> <span class='ocrx_word' id='word_1_60' title='bbox 1113 1469 1323 1535; x_wconf 84' lang='lat' dir='ltr'>conclusione</span> <span class='ocrx_word' id='word_1_61' title='bbox 1345 1468 1531 1549; x_wconf 80' lang='lat' dir='ltr'>inserenda3</span> <span class='ocrx_word' id='word_1_62' title='bbox 1561 1485 1625 1532; x_wconf 91' lang='lat' dir='ltr'>non</span> 
     </span>
     <span class='ocr_line' id='line_1_10' title="bbox 509 1576 1624 1663; baseline -0.004 -19"><span class='ocrx_word' id='word_1_63' title='bbox 509 1587 620 1663; x_wconf 90' lang='lat' dir='ltr'>posset</span> <span class='ocrx_word' id='word_1_64' title='bbox 639 1596 733 1644; x_wconf 91' lang='lat' dir='ltr'>mens</span> <span class='ocrx_word' id='word_1_65' title='bbox 752 1578 996 1644; x_wconf 86' lang='lat' dir='ltr'>conclusionem</span> <span class='ocrx_word' id='word_1_66' title='bbox 1019 1578 1119 1643; x_wconf 87' lang='lat' dir='ltr'>ullam</span> <span class='ocrx_word' id='word_1_67' title='bbox 1138 1596 1180 1644; x_wconf 90' lang='lat' dir='ltr'>ex</span> <span class='ocrx_word' id='word_1_68' title='bbox 1198 1576 1375 1661; x_wconf 76' lang='lat' dir='ltr'>praemissis</span> <span class='ocrx_word' id='word_1_69' title='bbox 1393 1576 1526 1652; x_wconf 88' lang='lat' dir='ltr'>elicere,</span> <span class='ocrx_word' id='word_1_70' title='bbox 1546 1577 1624 1659; x_wconf 92' lang='lat' dir='ltr'>quin</span> 
     </span>
     <span class='ocr_line' id='line_1_11' title="bbox 509 1683 1626 1771; baseline -0.003 -22"><span class='ocrx_word' id='word_1_71' title='bbox 509 1684 597 1771; x_wconf 89' lang='lat' dir='ltr'>prius</span> <span class='ocrx_word' id='word_1_72' title='bbox 613 1685 770 1771; x_wconf 87' lang='lat' dir='ltr'>judicaret</span> <span class='ocrx_word' id='word_1_73' title='bbox 790 1696 863 1751; x_wconf 92' lang='lat' dir='ltr'>actu</span> <span class='ocrx_word' id='word_1_74' title='bbox 883 1683 1035 1751; x_wconf 90' lang='lat' dir='ltr'>distincto</span> <span class='ocrx_word' id='word_1_75' title='bbox 1055 1684 1223 1752; x_wconf 87' lang='lat' dir='ltr'>veritatem</span> <span class='ocrx_word' id='word_1_76' title='bbox 1250 1684 1489 1769; x_wconf 84' lang='lat' dir='ltr'>praemissarum</span> <span class='ocrx_word' id='word_1_77' title='bbox 1517 1700 1626 1749; x_wconf 88' lang='lat' dir='ltr'>neces·</span> 
     </span>
     <span class='ocr_line' id='line_1_12' title="bbox 507 1790 1624 1875; baseline -0.005 -16"><span class='ocrx_word' id='word_1_78' title='bbox 507 1791 591 1859; x_wconf 84' lang='lat' dir='ltr'>sario</span> <span class='ocrx_word' id='word_1_79' title='bbox 609 1791 757 1860; x_wconf 91' lang='lat' dir='ltr'>connecti</span> <span class='ocrx_word' id='word_1_80' title='bbox 777 1812 852 1859; x_wconf 91' lang='lat' dir='ltr'>cum</span> <span class='ocrx_word' id='word_1_81' title='bbox 873 1790 1008 1860; x_wconf 89' lang='lat' dir='ltr'>veritate</span> <span class='ocrx_word' id='word_1_82' title='bbox 1035 1792 1266 1859; x_wconf 87' lang='lat' dir='ltr'>conclusionis.</span> <span class='ocrx_word' id='word_1_83' title='bbox 1293 1791 1393 1875; x_wconf 76' lang='lat' dir='ltr'>Atqui</span> <span class='ocrx_word' id='word_1_84' title='bbox 1417 1792 1483 1858; x_wconf 89' lang='lat' dir='ltr'>hoc</span> <span class='ocrx_word' id='word_1_85' title='bbox 1508 1790 1624 1856; x_wconf 83' lang='lat' dir='ltr'>salsum</span> 
     </span>
     <span class='ocr_line' id='line_1_13' title="bbox 508 1897 1624 1983; baseline -0.004 -18"><span class='ocrx_word' id='word_1_86' title='bbox 508 1918 580 1967; x_wconf 88' lang='lat' dir='ltr'>esse</span> <span class='ocrx_word' id='word_1_87' title='bbox 611 1901 750 1967; x_wconf 87' lang='lat' dir='ltr'>videtur.</span> <span class='ocrx_word' id='word_1_88' title='bbox 781 1899 883 1966; x_wconf 89' lang='lat' dir='ltr'>Secus</span> <span class='ocrx_word' id='word_1_89' title='bbox 911 1899 999 1966; x_wconf 87' lang='lat' dir='ltr'>enim</span> <span class='ocrx_word' id='word_1_90' title='bbox 1025 1907 1091 1965; x_wconf 89' lang='lat' dir='ltr'>tres</span> <span class='ocrx_word' id='word_1_91' title='bbox 1118 1898 1295 1983; x_wconf 86' lang='lat' dir='ltr'>praemissae</span> <span class='ocrx_word' id='word_1_92' title='bbox 1322 1898 1363 1963; x_wconf 85' lang='lat' dir='ltr'>ad</span> <span class='ocrx_word' id='word_1_93' title='bbox 1395 1897 1624 1983; x_wconf 84' lang='lat' dir='ltr'>syllogismum</span> 
     </span>
     <span class='ocr_line' id='line_1_14' title="bbox 507 2004 1624 2091; baseline -0.004 -18"><span class='ocrx_word' id='word_1_94' title='bbox 507 2015 617 2075; x_wconf 90' lang='lat' dir='ltr'>essent</span> <span class='ocrx_word' id='word_1_95' title='bbox 642 2007 846 2083; x_wconf 82' lang='lat' dir='ltr'>necessariae,</span> <span class='ocrx_word' id='word_1_96' title='bbox 879 2024 944 2073; x_wconf 93' lang='lat' dir='ltr'>non</span> <span class='ocrx_word' id='word_1_97' title='bbox 975 2006 1048 2073; x_wconf 91' lang='lat' dir='ltr'>duae</span> <span class='ocrx_word' id='word_1_98' title='bbox 1077 2007 1261 2074; x_wconf 84' lang='lat' dir='ltr'>dumtaxat.</span> <span class='ocrx_word' id='word_1_99' title='bbox 1289 2008 1372 2073; x_wconf 88' lang='lat' dir='ltr'>Nam</span> <span class='ocrx_word' id='word_1_100' title='bbox 1393 2026 1426 2071; x_wconf 90' lang='grc' dir='ltr'>ν.</span> <span class='ocrx_word' id='word_1_101' title='bbox 1446 2024 1483 2091; x_wconf 83' lang='lat' dir='ltr'>g.</span> <span class='ocrx_word' id='word_1_102' title='bbox 1503 2024 1545 2071; x_wconf 83' lang='lat' dir='ltr'>ex</span> <span class='ocrx_word' id='word_1_103' title='bbox 1562 2004 1624 2071; x_wconf 85' lang='lat' dir='ltr'>his:</span> 
     </span>
     <span class='ocr_line' id='line_1_15' title="bbox 509 2113 1626 2198; baseline -0.004 -16"><span class='ocrx_word' id='word_1_104' title='bbox 509 2116 622 2183; x_wconf 81' lang='lat' dir='ltr'>Omnis</span> <span class='ocrx_word' id='word_1_105' title='bbox 639 2116 727 2181; x_wconf 83' lang='lat' dir='ltr'>homo</span> <span class='ocrx_word' id='word_1_106' title='bbox 744 2119 794 2181; x_wconf 84' lang='lat' dir='ltr'>est</span> <span class='ocrx_word' id='word_1_107' title='bbox 807 2113 931 2181; x_wconf 83' lang='lat' dir='ltr'>animai</span> <span class='ocrx_word' id='word_1_108' title='bbox 946 2125 979 2180; x_wconf 89' lang='lat' dir='ltr'>et</span> <span class='ocrx_word' id='word_1_109' title='bbox 997 2115 1110 2181; x_wconf 81' lang='lat' dir='ltr'>Petrus</span> <span class='ocrx_word' id='word_1_110' title='bbox 1127 2118 1175 2180; x_wconf 81' lang='lat' dir='ltr'>esi</span> <span class='ocrx_word' id='word_1_111' title='bbox 1186 2114 1290 2192; x_wconf 76' lang='lat' dir='ltr'>domo,</span> <span class='ocrx_word' id='word_1_112' title='bbox 1303 2132 1371 2181; x_wconf 89' lang='lat' dir='ltr'>non</span> <span class='ocrx_word' id='word_1_113' title='bbox 1389 2121 1502 2198; x_wconf 89' lang='lat' dir='ltr'>posset</span> <span class='ocrx_word' id='word_1_114' title='bbox 1520 2113 1626 2179; x_wconf 79' lang='lat' dir='ltr'>inferri</span> 
     </span>
     <span class='ocr_line' id='line_1_16' title="bbox 508 2221 1628 2307; baseline -0.002 -18"><span class='ocrx_word' id='word_1_115' title='bbox 508 2223 691 2289; x_wconf 89' lang='lat' dir='ltr'>conclusio:</span> <span class='ocrx_word' id='word_1_116' title='bbox 712 2224 791 2307; x_wconf 69' lang='lat' dir='ltr'>Ergo</span> <span class='ocrx_word' id='word_1_117' title='bbox 807 2222 918 2289; x_wconf 81' lang='lat' dir='ltr'>Petrus</span> <span class='ocrx_word' id='word_1_118' title='bbox 937 2224 986 2288; x_wconf 84' lang='lat' dir='ltr'>est</span> <span class='ocrx_word' id='word_1_119' title='bbox 1007 2221 1144 2298; x_wconf 84' lang='lat' dir='ltr'>animal,</span> <span class='ocrx_word' id='word_1_120' title='bbox 1171 2222 1276 2289; x_wconf 89' lang='lat' dir='ltr'>donec</span> <span class='ocrx_word' id='word_1_121' title='bbox 1298 2221 1549 2307; x_wconf 85' lang='lat' dir='ltr'>praemitteretur</span> <span class='ocrx_word' id='word_1_122' title='bbox 1567 2223 1628 2287; x_wconf 83' lang='lat' dir='ltr'>lroc</span> 
     </span>
    </p>
   </div>
   <div class='ocr_carea' id='block_1_4' title="bbox 508 2329 1629 2417">
    <p class='ocr_par' dir='ltr' id='par_1_5' title="bbox 508 2329 1629 2417">
     <span class='ocr_line' id='line_1_17' title="bbox 508 2329 1629 2417; baseline 0 -22"><span class='ocrx_word' id='word_1_123' title='bbox 508 2329 595 2397; x_wconf 90' lang='lat' dir='ltr'>aliud</span> <span class='ocrx_word' id='word_1_124' title='bbox 605 2330 782 2417; x_wconf 86' lang='lat' dir='ltr'>judicium:</span> <span class='ocrx_word' id='word_1_125' title='bbox 801 2330 896 2413; x_wconf 81' lang='lat' dir='ltr'>Quod</span> <span class='ocrx_word' id='word_1_126' title='bbox 906 2330 1006 2395; x_wconf 84' lang='lat' dir='ltr'>omnis</span> <span class='ocrx_word' id='word_1_127' title='bbox 1020 2330 1107 2395; x_wconf 84' lang='lat' dir='ltr'>homo</span> <span class='ocrx_word' id='word_1_128' title='bbox 1117 2330 1161 2395; x_wconf 85' lang='lat' dir='ltr'>sii</span> <span class='ocrx_word' id='word_1_129' title='bbox 1169 2330 1303 2407; x_wconf 79' lang='lat' dir='ltr'>animi,</span> <span class='ocrx_word' id='word_1_130' title='bbox 1315 2332 1348 2394; x_wconf 81' lang='lat' dir='ltr'>et</span> <span class='ocrx_word' id='word_1_131' title='bbox 1356 2330 1472 2396; x_wconf 82' lang='lat' dir='ltr'>Petrus</span> <span class='ocrx_word' id='word_1_132' title='bbox 1484 2330 1531 2394; x_wconf 85' lang='lat' dir='ltr'>sit</span> <span class='ocrx_word' id='word_1_133' title='bbox 1541 2330 1629 2395; x_wconf 79' lang='lat' dir='ltr'>lromo</span> 
     </span>
    </p>
   </div>
   <div class='ocr_carea' id='block_1_5' title="bbox 507 2436 1728 2633">
    <p class='ocr_par' dir='ltr' id='par_1_6' title="bbox 507 2436 1728 2660">
     <span class='ocr_line' id='line_1_18' title="bbox 507 2436 1728 2523; baseline -0.001 -21"><span class='ocrx_word' id='word_1_134' title='bbox 507 2455 616 2503; x_wconf 83' lang='lat' dir='ltr'>verum</span> <span class='ocrx_word' id='word_1_135' title='bbox 629 2456 694 2504; x_wconf 81' lang='lat' dir='ltr'>esse</span> <span class='ocrx_word' id='word_1_136' title='bbox 712 2436 832 2523; x_wconf 83' lang='lat' dir='ltr'>nequit,</span> <span class='ocrx_word' id='word_1_137' title='bbox 852 2436 917 2502; x_wconf 84' lang='lat' dir='ltr'>nisi</span> <span class='ocrx_word' id='word_1_138' title='bbox 928 2454 1037 2502; x_wconf 84' lang='lat' dir='ltr'>verum</span> <span class='ocrx_word' id='word_1_139' title='bbox 1048 2437 1104 2513; x_wconf 84' lang='lat' dir='ltr'>sii,</span> <span class='ocrx_word' id='word_1_140' title='bbox 1116 2439 1200 2522; x_wconf 79' lang='lat' dir='ltr'>quod</span> <span class='ocrx_word' id='word_1_141' title='bbox 1212 2438 1325 2504; x_wconf 79' lang='lat' dir='ltr'>Petrus</span> <span class='ocrx_word' id='word_1_142' title='bbox 1333 2437 1379 2501; x_wconf 83' lang='lat' dir='ltr'>sit</span> <span class='ocrx_word' id='word_1_143' title='bbox 1387 2436 1521 2503; x_wconf 82' lang='lat' dir='ltr'>animai.</span> <span class='ocrx_word' id='word_1_144' title='bbox 1534 2436 1627 2503; x_wconf 86' lang='lat' dir='ltr'>Unde</span> <span class='ocrx_word' id='word_1_145' title='bbox 1727 2489 1728 2508; x_wconf 79' lang='lat'>,</span> 
     </span>
     <span class='ocr_line' id='line_1_19' title="bbox 508 2544 1626 2633; baseline -0.002 -21"><span class='ocrx_word' id='word_1_146' title='bbox 508 2554 701 2630; x_wconf 87' lang='lat' dir='ltr'>sequeretur</span> <span class='ocrx_word' id='word_1_147' title='bbox 719 2544 815 2610; x_wconf 90' lang='lat' dir='ltr'>etlam</span> <span class='ocrx_word' id='word_1_148' title='bbox 835 2544 1066 2633; x_wconf 83' lang='lat' dir='ltr'>syllogismum</span> <span class='ocrx_word' id='word_1_149' title='bbox 1087 2564 1152 2611; x_wconf 94' lang='lat' dir='ltr'>non</span> <span class='ocrx_word' id='word_1_150' title='bbox 1172 2545 1276 2612; x_wconf 86' lang='lat' dir='ltr'>tribus</span> <span class='ocrx_word' id='word_1_151' title='bbox 1293 2556 1444 2612; x_wconf 88' lang='lat' dir='ltr'>constare</span> <span class='ocrx_word' id='word_1_152' title='bbox 1462 2544 1626 2619; x_wconf 89' lang='lat' dir='ltr'>terminis,</span> 
     </span>
    </p>
   </div>
   <div class='ocr_carea' id='block_1_6' title="bbox 453 2648 1631 3495">
    <p class='ocr_par' dir='ltr' id='par_1_7' title="bbox 453 2648 1631 3495">
     <span class='ocr_line' id='line_1_20' title="bbox 508 2648 1542 2741; baseline -0.002 -21"><span class='ocrx_word' id='word_1_153' title='bbox 508 2664 621 2721; x_wconf 90' lang='lat' dir='ltr'>contra</span> <span class='ocrx_word' id='word_1_154' title='bbox 638 2670 849 2719; x_wconf 87' lang='lat' dir='ltr'>communem</span> <span class='ocrx_word' id='word_1_155' title='bbox 869 2668 1004 2719; x_wconf 90' lang='lat' dir='ltr'>sensum</span> <span class='ocrx_word' id='word_1_156' title='bbox 1020 2654 1170 2720; x_wconf 92' lang='lat' dir='ltr'>omnium</span> <span class='ocrx_word' id='word_1_157' title='bbox 1190 2653 1464 2738; x_wconf 81' lang='lat' dir='ltr'>Philosophomm</span> <span class='ocrx_word' id='word_1_158' title='bbox 1478 2648 1542 2741; x_wconf 89' lang='lat' dir='ltr'>(t).</span> 
     </span>
     <span class='ocr_line' id='line_1_21' title="bbox 553 2759 1629 2847; baseline -0.002 -17"><span class='ocrx_word' id='word_1_159' title='bbox 553 2768 653 2831; x_wconf 84' lang='lat' dir='ltr'>Prob.</span> <span class='ocrx_word' id='word_1_160' title='bbox 681 2760 733 2831; x_wconf 80' lang='lat'>³.⁰</span> <span class='ocrx_word' id='word_1_161' title='bbox 781 2760 826 2828; x_wconf 87' lang='lat' dir='ltr'>Ex</span> <span class='ocrx_word' id='word_1_162' title='bbox 844 2759 1002 2847; x_wconf 87' lang='lat' dir='ltr'>principio</span> <span class='ocrx_word' id='word_1_163' title='bbox 1020 2760 1197 2829; x_wconf 86' lang='lat' dir='ltr'>identitatis</span> <span class='ocrx_word' id='word_1_164' title='bbox 1215 2760 1336 2828; x_wconf 82' lang='lat' dir='ltr'>sufficit</span> <span class='ocrx_word' id='word_1_165' title='bbox 1349 2759 1530 2846; x_wconf 89' lang='lat' dir='ltr'>perspicere</span> <span class='ocrx_word' id='word_1_166' title='bbox 1544 2760 1629 2828; x_wconf 87' lang='lat' dir='ltr'>duos</span> 
     </span>
     <span class='ocr_line' id='line_1_22' title="bbox 507 2868 1630 2966; baseline -0.001 -30"><span class='ocrx_word' id='word_1_167' title='bbox 507 2868 872 2966; x_wconf 81' lang='lat' dir='ltr'>terminosidentisrcari</span> <span class='ocrx_word' id='word_1_168' title='bbox 891 2887 968 2934; x_wconf 89' lang='lat' dir='ltr'>curn</span> <span class='ocrx_word' id='word_1_169' title='bbox 988 2887 1054 2935; x_wconf 90' lang='lat' dir='ltr'>uno</span> <span class='ocrx_word' id='word_1_170' title='bbox 1072 2868 1186 2946; x_wconf 92' lang='lat' dir='ltr'>tertio,</span> <span class='ocrx_word' id='word_1_171' title='bbox 1207 2878 1243 2935; x_wconf 90' lang='lat' dir='ltr'>ut</span> <span class='ocrx_word' id='word_1_172' title='bbox 1262 2868 1347 2935; x_wconf 93' lang='lat' dir='ltr'>illico</span> <span class='ocrx_word' id='word_1_173' title='bbox 1366 2877 1475 2955; x_wconf 90' lang='lat' dir='ltr'>pateat</span> <span class='ocrx_word' id='word_1_174' title='bbox 1491 2869 1563 2935; x_wconf 92' lang='lat' dir='ltr'>illos</span> <span class='ocrx_word' id='word_1_175' title='bbox 1580 2869 1630 2935; x_wconf 91' lang='lat' dir='ltr'>in·</span> 
     </span>
     <span class='ocr_line' id='line_1_23' title="bbox 508 2975 1626 3061; baseline -0.004 -15"><span class='ocrx_word' id='word_1_176' title='bbox 508 2989 557 3046; x_wconf 89' lang='lat' dir='ltr'>ter</span> <span class='ocrx_word' id='word_1_177' title='bbox 571 2997 606 3045; x_wconf 91' lang='lat' dir='ltr'>se</span> <span class='ocrx_word' id='word_1_178' title='bbox 625 2977 823 3048; x_wconf 81' lang='lat' dir='ltr'>identificari.</span> <span class='ocrx_word' id='word_1_179' title='bbox 841 2975 875 3042; x_wconf 88' lang='lat' dir='ltr'>Si</span> <span class='ocrx_word' id='word_1_180' title='bbox 892 2985 1003 3042; x_wconf 92' lang='lat' dir='ltr'>autem</span> <span class='ocrx_word' id='word_1_181' title='bbox 1024 2985 1132 3061; x_wconf 89' lang='lat' dir='ltr'>pateat</span> <span class='ocrx_word' id='word_1_182' title='bbox 1149 2977 1222 3042; x_wconf 91' lang='lat' dir='ltr'>illos</span> <span class='ocrx_word' id='word_1_183' title='bbox 1249 2976 1333 3042; x_wconf 82' lang='lat' dir='ltr'>inter</span> <span class='ocrx_word' id='word_1_184' title='bbox 1358 2995 1395 3042; x_wconf 91' lang='lat' dir='ltr'>se</span> <span class='ocrx_word' id='word_1_185' title='bbox 1422 2975 1626 3054; x_wconf 82' lang='lat' dir='ltr'>identificarl,</span> 
     </span>
     <span class='ocr_line' id='line_1_24' title="bbox 453 3083 1628 3170; baseline -0.003 -17"><span class='ocrx_word' id='word_1_186' title='bbox 453 3109 462 3128; x_wconf 92' lang='lat'><strong>·</strong></span> <span class='ocrx_word' id='word_1_187' title='bbox 509 3085 585 3153; x_wconf 88' lang='lat' dir='ltr'>nihil</span> <span class='ocrx_word' id='word_1_188' title='bbox 601 3085 740 3170; x_wconf 84' lang='lat' dir='ltr'>amplius</span> <span class='ocrx_word' id='word_1_189' title='bbox 750 3084 935 3169; x_wconf 88' lang='lat' dir='ltr'>requiritur,</span> <span class='ocrx_word' id='word_1_190' title='bbox 947 3091 983 3149; x_wconf 89' lang='lat' dir='ltr'>ut</span> <span class='ocrx_word' id='word_1_191' title='bbox 993 3084 1155 3170; x_wconf 88' lang='lat' dir='ltr'>judicetur</span> <span class='ocrx_word' id='word_1_192' title='bbox 1168 3084 1297 3150; x_wconf 91' lang='lat' dir='ltr'>illorum</span> <span class='ocrx_word' id='word_1_193' title='bbox 1313 3083 1477 3154; x_wconf 82' lang='lat' dir='ltr'>identitas.</span> <span class='ocrx_word' id='word_1_194' title='bbox 1495 3084 1628 3170; x_wconf 81' lang='lat' dir='ltr'>Atquiin</span> 
     </span>
     <span class='ocr_line' id='line_1_25' title="bbox 509 3191 1631 3280; baseline -0.002 -20"><span class='ocrx_word' id='word_1_195' title='bbox 509 3194 683 3280; x_wconf 83' lang='lat' dir='ltr'>praemissis</span> <span class='ocrx_word' id='word_1_196' title='bbox 698 3193 901 3278; x_wconf 89' lang='lat' dir='ltr'>perspicitur,</span> <span class='ocrx_word' id='word_1_197' title='bbox 915 3202 948 3260; x_wconf 91' lang='lat' dir='ltr'>et</span> <span class='ocrx_word' id='word_1_198' title='bbox 962 3191 1125 3279; x_wconf 84' lang='lat' dir='ltr'>judicatur</span> <span class='ocrx_word' id='word_1_199' title='bbox 1143 3191 1295 3258; x_wconf 88' lang='lat' dir='ltr'>identitas</span> <span class='ocrx_word' id='word_1_200' title='bbox 1311 3193 1452 3259; x_wconf 91' lang='lat' dir='ltr'>duorum</span> <span class='ocrx_word' id='word_1_201' title='bbox 1472 3194 1631 3260; x_wconf 76' lang='lat' dir='ltr'>termino</span> 
     </span>
     <span class='ocr_line' id='line_1_26' title="bbox 509 3299 1629 3386; baseline 0 -18"><span class='ocrx_word' id='word_1_202' title='bbox 509 3321 582 3368; x_wconf 90' lang='lat' dir='ltr'>rum</span> <span class='ocrx_word' id='word_1_203' title='bbox 613 3299 829 3370; x_wconf 88' lang='lat' dir='ltr'>conclusionis</span> <span class='ocrx_word' id='word_1_204' title='bbox 860 3319 936 3366; x_wconf 92' lang='lat' dir='ltr'>cum</span> <span class='ocrx_word' id='word_1_205' title='bbox 971 3309 1037 3365; x_wconf 85' lang='lat' dir='ltr'>uno</span> <span class='ocrx_word' id='word_1_206' title='bbox 1069 3299 1208 3365; x_wconf 89' lang='lat' dir='ltr'>termino</span> <span class='ocrx_word' id='word_1_207' title='bbox 1241 3299 1362 3367; x_wconf 89' lang='lat' dir='ltr'>medio.</span> <span class='ocrx_word' id='word_1_208' title='bbox 1395 3300 1482 3386; x_wconf 77' lang='lat' dir='ltr'>Ergo</span> <span class='ocrx_word' id='word_1_209' title='bbox 1515 3302 1629 3385; x_wconf 86' lang='lat' dir='ltr'>positis</span> 
     </span>
     <span class='ocr_line' id='line_1_27' title="bbox 509 3405 1629 3495; baseline 0 -19"><span class='ocrx_word' id='word_1_210' title='bbox 509 3409 701 3495; x_wconf 77' lang='lat' dir='ltr'>premissis,</span> <span class='ocrx_word' id='word_1_211' title='bbox 718 3409 844 3478; x_wconf 91' lang='lat' dir='ltr'>nullum</span> <span class='ocrx_word' id='word_1_212' title='bbox 857 3409 926 3493; x_wconf 84' lang='lat' dir='ltr'>jam</span> <span class='ocrx_word' id='word_1_213' title='bbox 941 3405 1039 3472; x_wconf 87' lang='lat' dir='ltr'>alliud</span> <span class='ocrx_word' id='word_1_214' title='bbox 1059 3407 1218 3492; x_wconf 89' lang='lat' dir='ltr'>judicium</span> <span class='ocrx_word' id='word_1_215' title='bbox 1237 3406 1410 3491; x_wconf 87' lang='lat' dir='ltr'>requiritur</span> <span class='ocrx_word' id='word_1_216' title='bbox 1432 3407 1474 3472; x_wconf 87' lang='lat' dir='ltr'>ad</span> <span class='ocrx_word' id='word_1_217' title='bbox 1493 3409 1572 3484; x_wconf 85' lang='lat' dir='ltr'>hoc,</span> <span class='ocrx_word' id='word_1_218' title='bbox 1593 3422 1629 3476; x_wconf 91' lang='lat' dir='ltr'>ut</span> 
     </span>
    </p>
   </div>
   <div class='ocr_carea' id='block_1_7' title="bbox 421 3509 1726 3600">
    <p class='ocr_par' dir='ltr' id='par_1_8' title="bbox 421 3509 1726 3600">
     <span class='ocr_line' id='line_1_28' title="bbox 421 3509 1726 3600; baseline -0.004 -15"><span class='ocrx_word' id='word_1_219' title='bbox 421 3509 425 3516; x_wconf 76' lang='grc'><strong>’</strong></span> <span class='ocrx_word' id='word_1_220' title='bbox 510 3517 693 3585; x_wconf 86' lang='lat' dir='ltr'>intellectus</span> <span class='ocrx_word' id='word_1_221' title='bbox 708 3515 826 3600; x_wconf 84' lang='lat' dir='ltr'>jungat</span> <span class='ocrx_word' id='word_1_222' title='bbox 844 3514 1003 3581; x_wconf 89' lang='lat' dir='ltr'>terminos</span> <span class='ocrx_word' id='word_1_223' title='bbox 1021 3513 1093 3580; x_wconf 92' lang='lat' dir='ltr'>illos</span> <span class='ocrx_word' id='word_1_224' title='bbox 1111 3515 1142 3580; x_wconf 93' lang='lat' dir='ltr'>in</span> <span class='ocrx_word' id='word_1_225' title='bbox 1169 3515 1393 3581; x_wconf 91' lang='lat' dir='ltr'>conclusione.</span> <span class='ocrx_word' id='word_1_226' title='bbox 1414 3514 1507 3598; x_wconf 86' lang='lat' dir='ltr'>Sicut</span> <span class='ocrx_word' id='word_1_227' title='bbox 1528 3514 1626 3581; x_wconf 85' lang='lat' dir='ltr'>etiam</span> <span class='ocrx_word' id='word_1_228' title='bbox 1725 3554 1726 3567; x_wconf 67' lang='lat'>,</span> 
     </span>
    </p>
   </div>
   <div class='ocr_carea' id='block_1_8' title="bbox 506 3620 1631 4034">
    <p class='ocr_par' dir='ltr' id='par_1_9' title="bbox 506 3620 1631 4034">
     <span class='ocr_line' id='line_1_29' title="bbox 510 3620 1629 3709; baseline 0 -19"><span class='ocrx_word' id='word_1_229' title='bbox 510 3626 542 3691; x_wconf 94' lang='lat' dir='ltr'>in</span> <span class='ocrx_word' id='word_1_230' title='bbox 570 3623 647 3709; x_wconf 91' lang='lat' dir='ltr'>ipsis</span> <span class='ocrx_word' id='word_1_231' title='bbox 662 3621 791 3709; x_wconf 89' lang='lat' dir='ltr'>judiciis</span> <span class='ocrx_word' id='word_1_232' title='bbox 815 3620 1012 3686; x_wconf 87' lang='lat' dir='ltr'>immediatis</span> <span class='ocrx_word' id='word_1_233' title='bbox 1031 3620 1071 3687; x_wconf 88' lang='lat' dir='ltr'>ad</span> <span class='ocrx_word' id='word_1_234' title='bbox 1090 3623 1297 3687; x_wconf 88' lang='lat' dir='ltr'>asserendam</span> <span class='ocrx_word' id='word_1_235' title='bbox 1323 3622 1527 3689; x_wconf 86' lang='lat' dir='ltr'>identitatem</span> <span class='ocrx_word' id='word_1_236' title='bbox 1545 3624 1629 3690; x_wconf 89' lang='lat' dir='ltr'>duo·</span> 
     </span>
     <span class='ocr_line' id='line_1_30' title="bbox 510 3727 1631 3818; baseline 0.001 -21"><span class='ocrx_word' id='word_1_237' title='bbox 510 3751 582 3800; x_wconf 90' lang='lat' dir='ltr'>rum</span> <span class='ocrx_word' id='word_1_238' title='bbox 615 3731 847 3806; x_wconf 87' lang='lat' dir='ltr'>terminorum,</span> <span class='ocrx_word' id='word_1_239' title='bbox 869 3747 935 3796; x_wconf 94' lang='lat' dir='ltr'>non</span> <span class='ocrx_word' id='word_1_240' title='bbox 947 3727 1119 3812; x_wconf 90' lang='lat' dir='ltr'>requiritur</span> <span class='ocrx_word' id='word_1_241' title='bbox 1133 3729 1288 3813; x_wconf 85' lang='lat' dir='ltr'>praevium</span> <span class='ocrx_word' id='word_1_242' title='bbox 1295 3730 1475 3814; x_wconf 87' lang='lat' dir='ltr'>judicium,</span> <span class='ocrx_word' id='word_1_243' title='bbox 1495 3750 1565 3816; x_wconf 93' lang='lat' dir='ltr'>quo</span> <span class='ocrx_word' id='word_1_244' title='bbox 1575 3734 1631 3818; x_wconf 89' lang='lat' dir='ltr'>ju·</span> 
     </span>
     <span class='ocr_line' id='line_1_31' title="bbox 509 3835 1628 3918; baseline -0.001 -13"><span class='ocrx_word' id='word_1_245' title='bbox 509 3839 631 3908; x_wconf 89' lang='lat' dir='ltr'>dicetur</span> <span class='ocrx_word' id='word_1_246' title='bbox 648 3839 700 3904; x_wconf 87' lang='lat' dir='ltr'>illa</span> <span class='ocrx_word' id='word_1_247' title='bbox 715 3837 885 3918; x_wconf 88' lang='lat' dir='ltr'>identitas;</span> <span class='ocrx_word' id='word_1_248' title='bbox 900 3853 995 3902; x_wconf 89' lang='lat' dir='ltr'>secus</span> <span class='ocrx_word' id='word_1_249' title='bbox 1009 3835 1096 3902; x_wconf 90' lang='lat' dir='ltr'>enim</span> <span class='ocrx_word' id='word_1_250' title='bbox 1110 3837 1237 3902; x_wconf 93' lang='lat' dir='ltr'>nullum</span> <span class='ocrx_word' id='word_1_251' title='bbox 1253 3836 1383 3904; x_wconf 90' lang='lat' dir='ltr'>daretur</span> <span class='ocrx_word' id='word_1_252' title='bbox 1396 3838 1628 3905; x_wconf 87' lang='lat' dir='ltr'>immediatum</span> 
     </span>
     <span class='ocr_line' id='line_1_32' title="bbox 506 3947 677 4034; baseline -0.018 -21"><span class='ocrx_word' id='word_1_253' title='bbox 506 3947 677 4034; x_wconf 88' lang='lat' dir='ltr'>judicium.</span> 
     </span>
    </p>
   </div>
   <div class='ocr_carea' id='block_1_9' title="bbox 575 4050 1725 4136">
    <p class='ocr_par' dir='ltr' id='par_1_10' title="bbox 575 4050 1725 4136">
     <span class='ocr_line' id='line_1_33' title="bbox 575 4050 1725 4136; baseline 0.003 -18"><span class='ocrx_word' id='word_1_254' title='bbox 575 4055 613 4120; x_wconf 87' lang='lat' dir='ltr'>Et</span> <span class='ocrx_word' id='word_1_255' title='bbox 630 4051 726 4120; x_wconf 91' lang='lat' dir='ltr'>simili</span> <span class='ocrx_word' id='word_1_256' title='bbox 746 4050 845 4118; x_wconf 91' lang='lat' dir='ltr'>modo</span> <span class='ocrx_word' id='word_1_257' title='bbox 864 4050 955 4136; x_wconf 85' lang='lat' dir='ltr'>argui</span> <span class='ocrx_word' id='word_1_258' title='bbox 976 4057 1083 4135; x_wconf 89' lang='lat' dir='ltr'>potest</span> <span class='ocrx_word' id='word_1_259' title='bbox 1100 4069 1142 4116; x_wconf 82' lang='lat' dir='ltr'>ex</span> <span class='ocrx_word' id='word_1_260' title='bbox 1162 4051 1324 4136; x_wconf 89' lang='lat' dir='ltr'>principiis</span> <span class='ocrx_word' id='word_1_261' title='bbox 1345 4051 1423 4118; x_wconf 79' lang='lat' dir='ltr'>Dici</span> <span class='ocrx_word' id='word_1_262' title='bbox 1435 4055 1477 4118; x_wconf 79' lang='lat' dir='ltr'>de</span> <span class='ocrx_word' id='word_1_263' title='bbox 1493 4052 1582 4120; x_wconf 83' lang='lat' dir='ltr'>omni</span> <span class='ocrx_word' id='word_1_264' title='bbox 1599 4065 1631 4120; x_wconf 87' lang='lat' dir='ltr'>et</span> <span class='ocrx_word' id='word_1_265' title='bbox 1724 4114 1725 4121; x_wconf 74' lang='grc'>,</span> 
     </span>
    </p>
   </div>
   <div class='ocr_carea' id='block_1_10' title="bbox 509 4158 1725 4244">
    <p class='ocr_par' dir='ltr' id='par_1_11' title="bbox 509 4158 1725 4244">
     <span class='ocr_line' id='line_1_34' title="bbox 509 4158 1725 4244; baseline -0.004 -14"><span class='ocrx_word' id='word_1_266' title='bbox 509 4161 584 4230; x_wconf 84' lang='lat' dir='ltr'>Dici</span> <span class='ocrx_word' id='word_1_267' title='bbox 599 4163 638 4227; x_wconf 82' lang='lat' dir='ltr'>de</span> <span class='ocrx_word' id='word_1_268' title='bbox 651 4162 755 4236; x_wconf 88' lang='lat' dir='ltr'>nullo,</span> <span class='ocrx_word' id='word_1_269' title='bbox 779 4159 901 4243; x_wconf 88' lang='lat' dir='ltr'>quibus</span> <span class='ocrx_word' id='word_1_270' title='bbox 927 4159 1030 4224; x_wconf 81' lang='lat' dir='ltr'>forma</span> <span class='ocrx_word' id='word_1_271' title='bbox 1048 4158 1264 4244; x_wconf 84' lang='lat' dir='ltr'>syllogistica,</span> <span class='ocrx_word' id='word_1_272' title='bbox 1283 4160 1421 4227; x_wconf 87' lang='lat' dir='ltr'>docente</span> <span class='ocrx_word' id='word_1_273' title='bbox 1438 4160 1630 4239; x_wconf 78' lang='lat' dir='ltr'>Aristotele,</span> <span class='ocrx_word' id='word_1_274' title='bbox 1724 4220 1725 4225; x_wconf 75' lang='grc'>,</span> 
     </span>
    </p>
   </div>
   <div class='ocr_carea' id='block_1_11' title="bbox 510 4265 1724 4352">
    <p class='ocr_par' dir='ltr' id='par_1_12' title="bbox 510 4265 1724 4352">
     <span class='ocr_line' id='line_1_35' title="bbox 510 4265 1724 4352; baseline 0.004 -16"><span class='ocrx_word' id='word_1_275' title='bbox 510 4269 666 4336; x_wconf 88' lang='lat' dir='ltr'>innititur.</span> <span class='ocrx_word' id='word_1_276' title='bbox 687 4267 721 4334; x_wconf 88' lang='lat' dir='ltr'>Si</span> <span class='ocrx_word' id='word_1_277' title='bbox 736 4267 823 4334; x_wconf 92' lang='lat' dir='ltr'>enim</span> <span class='ocrx_word' id='word_1_278' title='bbox 835 4265 1226 4352; x_wconf 87' lang='lat' dir='ltr'>quidquiduniversaliter</span> <span class='ocrx_word' id='word_1_279' title='bbox 1235 4265 1439 4334; x_wconf 89' lang='lat' dir='ltr'>distributive</span> <span class='ocrx_word' id='word_1_280' title='bbox 1449 4267 1633 4336; x_wconf 81' lang='lat' dir='ltr'>affirmatur</span> <span class='ocrx_word' id='word_1_281' title='bbox 1723 4338 1724 4341; x_wconf 74' lang='grc'>,</span> 
     </span>
    </p>
   </div>
   <div class='ocr_carea' id='block_1_12' title="bbox 510 4373 1632 4462">
    <p class='ocr_par' dir='ltr' id='par_1_13' title="bbox 510 4373 1632 4462">
     <span class='ocr_line' id='line_1_36' title="bbox 510 4373 1632 4462; baseline -0.001 -17"><span class='ocrx_word' id='word_1_282' title='bbox 510 4380 561 4446; x_wconf 86' lang='lat' dir='ltr'>vel</span> <span class='ocrx_word' id='word_1_283' title='bbox 581 4385 717 4462; x_wconf 80' lang='lat' dir='ltr'>negatur</span> <span class='ocrx_word' id='word_1_284' title='bbox 735 4377 776 4443; x_wconf 89' lang='lat' dir='ltr'>de</span> <span class='ocrx_word' id='word_1_285' title='bbox 794 4375 903 4459; x_wconf 85' lang='lat' dir='ltr'>aliquo</span> <span class='ocrx_word' id='word_1_286' title='bbox 918 4373 1078 4460; x_wconf 87' lang='lat' dir='ltr'>subjecto,</span> <span class='ocrx_word' id='word_1_287' title='bbox 1095 4393 1226 4441; x_wconf 86' lang='lat' dir='ltr'>necesse</span> <span class='ocrx_word' id='word_1_288' title='bbox 1239 4383 1307 4454; x_wconf 89' lang='lat' dir='ltr'>est,</span> <span class='ocrx_word' id='word_1_289' title='bbox 1328 4384 1365 4444; x_wconf 90' lang='lat' dir='ltr'>ut</span> <span class='ocrx_word' id='word_1_290' title='bbox 1378 4375 1561 4444; x_wconf 82' lang='lat' dir='ltr'>affirmetur</span> <span class='ocrx_word' id='word_1_291' title='bbox 1578 4381 1632 4446; x_wconf 85' lang='lat' dir='ltr'>rel</span> 
     </span>
    </p>
   </div>
   <div class='ocr_carea' id='block_1_13' title="bbox 545 4597 1724 4681">
    <p class='ocr_par' dir='ltr' id='par_1_14' title="bbox 545 4597 1724 4681">
     <span class='ocr_line' id='line_1_37' title="bbox 545 4597 1724 4681; baseline 0.003 -14"><span class='ocrx_word' id='word_1_292' title='bbox 545 4615 586 4678; x_wconf 80' lang='lat' dir='ltr'>(t)</span> <span class='ocrx_word' id='word_1_293' title='bbox 622 4607 698 4666; x_wconf 85' lang='lat' dir='ltr'>Vide</span> <span class='ocrx_word' id='word_1_294' title='bbox 723 4605 867 4676; x_wconf 76' lang='lat' dir='ltr'>Leueade,</span> <span class='ocrx_word' id='word_1_295' title='bbox 889 4605 1008 4681; x_wconf 70' lang='lat' dir='ltr'>Lopic„</span> <span class='ocrx_word' id='word_1_296' title='bbox 1034 4617 1119 4666; x_wconf 76' lang='lat' dir='ltr'>treet.</span> <span class='ocrx_word' id='word_1_297' title='bbox 1132 4604 1177 4676; x_wconf 72' lang='grc'>,6,</span> <span class='ocrx_word' id='word_1_298' title='bbox 1200 4604 1254 4666; x_wconf 86' lang='lat' dir='ltr'>loc.</span> <span class='ocrx_word' id='word_1_299' title='bbox 1276 4605 1327 4666; x_wconf 86' lang='lat' dir='ltr'>cit.</span> <span class='ocrx_word' id='word_1_300' title='bbox 1352 4597 1633 4672; x_wconf 74' lang='lat' dir='ltr'>ctr.1&gt;eBeneli-</span> <span class='ocrx_word' id='word_1_301' title='bbox 1723 4644 1724 4661; x_wconf 70' lang='lat'>,</span> 
     </span>
    </p>
   </div>
   <div class='ocr_carea' id='block_1_14' title="bbox 509 4693 668 4772">
    <p class='ocr_par' dir='ltr' id='par_1_15' title="bbox 509 4693 668 4772">
     <span class='ocr_line' id='line_1_38' title="bbox 509 4693 668 4772; baseline -0.063 -7"><span class='ocrx_word' id='word_1_302' title='bbox 509 4700 582 4772; x_wconf 80' lang='lat' dir='ltr'>ctis,</span> <span class='ocrx_word' id='word_1_303' title='bbox 597 4693 668 4757; x_wconf 86' lang='lat' dir='ltr'>ibid.</span> 
     </span>
    </p>
   </div>
   <div class='ocr_carea' id='block_1_15' title="bbox 0 0 1755 5525">
    <p class='ocr_par' dir='ltr' id='par_1_16' title="bbox 0 0 1755 5525">
     <span class='ocr_line' id='line_1_39' title="bbox 0 0 1755 5525; baseline 0 0"><span class='ocrx_word' id='word_1_304' title='bbox 0 0 1755 5525; x_wconf 95' lang='lat' dir='ltr'> </span> 
     </span>
    </p>
   </div>
  </div>
 </body>
</html>
