3492 5525
557 514 615 599 510
667 516 791 580 loorcr
808 509 1042 590 Maron-Lm.
1061 526 1129 587 ψ,
1145 510 1239 578 Drse.
1258 522 1302 577 a·
1317 508 1397 577 Cae.
1415 524 1485 591 ω

516 701 732 781 evidentiam,
753 702 999 785 contendatque
1017 718 1088 767 esse
1109 718 1233 766 meram
1260 698 1488 766 certitudinem
1513 699 1644 783 absque

516 808 624 874 stricta
646 817 679 873 et
704 808 833 893 propria
858 808 1036 889 evidentia;
1057 808 1199 892 quaestio
1223 809 1331 873 solum
1350 808 1410 873 erit
1428 807 1469 872 de
1488 804 1640 871 nomine.

455 962 467 991 0
583 914 743 982 Dividitur
761 925 914 1001 praeterea
933 915 1094 981 evidentia
1112 915 1145 982 in
1164 914 1367 981 intrinsecam
1383 925 1416 982 et
1432 913 1640 990 cariosam,

374 1021 390 1065 ¹'
437 1035 464 1061 ’·
517 1041 574 1089 seu
598 1022 629 1089 in
648 1026 826 1090 attestante.
848 1024 1015 1090 Evidentia
1044 1022 1224 1090 extrinseca
1243 1041 1301 1089 seu
1329 1022 1362 1088 in
1388 1030 1564 1089 attestante
1590 1030 1643 1087 est

516 1128 584 1206 illa,
606 1150 679 1215 quae
706 1132 862 1197 tundatur
886 1132 918 1197 in
947 1130 1078 1197 alterius
1100 1130 1292 1197 testimonio
1311 1128 1484 1202 'evidenter
1508 1140 1589 1196 noto
1608 1140 1642 1193 et

516 1256 665 1303 connexo
696 1257 771 1305 cum
798 1240 842 1303 rei
867 1240 1015 1305 veritate.
1041 1237 1214 1304 intrinseca
1238 1256 1316 1302 vero
1343 1246 1394 1301 est
1421 1254 1642 1319 quacumque

516 1346 593 1422 alia,
614 1362 688 1429 quae
707 1346 860 1412 nimirum
881 1346 1036 1412 tundatur
1054 1346 1086 1411 in
1113 1346 1224 1429 aliquo
1243 1345 1368 1409 motivo
1390 1343 1554 1430 objectivo
1573 1340 1638 1429 (r).

583 1454 707 1519 Rursus
721 1452 875 1520 dividitur
887 1454 919 1520 in
933 1454 1117 1541 objectioam
1131 1461 1165 1517 et
1177 1452 1378 1539 subjectrbcm
1392 1450 1640 1535 senformulm

516 1558 687 1646 Objectiva
715 1568 764 1625 est
791 1559 953 1626 evidentia
983 1561 1119 1645 objecti,
1160 1565 1192 1624 et
1220 1558 1400 1644 subjectiva
1430 1557 1639 1642 cognitionis.

328 1660 340 1690 ²
359 1660 372 1689 ⁰
389 1644 438 1688 '²²⁵
468 1656 474 1685 ²
515 1666 614 1734 Porro
629 1667 807 1753 subjectiva
827 1668 955 1752 proprie
976 1668 1134 1752 reperitur
1147 1666 1179 1731 in
1195 1677 1269 1732 actu
1280 1665 1392 1751 judicii
1409 1685 1452 1732 ex
1469 1666 1641 1729 communi

516 1792 577 1841 usu
607 1774 759 1859 loquendi
787 1772 856 1863 (2);
879 1793 1084 1859 quamquam
1104 1773 1139 1839 S.
1165 1773 1310 1839 Thomas
1335 1772 1432 1842 etiam
1460 1774 1643 1857 apprehen-

516 1881 598 1948 sioni
618 1882 756 1967 simplici
777 1884 905 1949 videtur
919 1884 1072 1949 eamdem
1087 1882 1227 1947 tribuere
1246 1878 1310 1969 (3).

585 1990 731 2056 Tandem
752 1990 884 2056 omissis
906 1990 974 2055 aliis
993 1989 1225 2078 divisionibus,
1246 2008 1321 2071 quae
1339 1987 1553 2053 declaratione
1573 2006 1640 2054 non

517 2105 632 2181 egent,
654 2096 815 2162 evidentia
834 2097 1029 2181 dispescitur
1044 2098 1076 2161 in
1092 2096 1289 2162 evidentiam
1304 2095 1447 2161 veritatis
1460 2103 1492 2160 et
1507 2094 1642 2160 eviden-

516 2205 596 2269 tiam
615 2204 846 2279 credibilitatis,
864 2205 958 2288 cujus
978 2203 1158 2289 partitionis
1177 2205 1265 2268 haud
1283 2203 1423 2287 exiguus
1438 2210 1488 2267 est
1507 2218 1587 2268 usus
1606 2202 1640 2267 in

516 2311 706 2397 Theologia.
729 2310 895 2378 Evidentia
914 2312 1079 2387 veritatis,
1097 2320 1134 2376 ut
1147 2310 1256 2395 ipsum
1274 2329 1395 2376 nomen
1414 2309 1549 2387 indicat,
1567 2310 1643 2373 facit

517 2419 683 2504 objectum
711 2416 819 2502 ipsum
849 2420 1009 2485 evidenter
1034 2438 1162 2500 oerum;
1181 2428 1213 2484 et
1237 2418 1397 2483 evidentia
1419 2416 1640 2482 credibilitatis

518 2524 592 2590 lacit
610 2526 776 2611 objectum
795 2526 955 2592 evidenter
972 2527 1138 2593 credibile:
1155 2533 1285 2591 nonest
1302 2534 1412 2589 autem
1432 2523 1518 2589 idem
1538 2524 1642 2588 credi-

518 2632 582 2698 bile
602 2652 637 2698 ac
666 2650 798 2714 verum;
829 2635 933 2699 multa
963 2635 1051 2698 enim
1080 2634 1159 2699 salsa
1188 2642 1265 2699 sunt
1292 2632 1470 2707 credibilia,
1499 2630 1578 2714 quin
1607 2642 1640 2695 et

516 2740 683 2807 evidenter
701 2740 882 2817 credibilia,
905 2758 1039 2807 assensu
1060 2739 1215 2806 nimirum
1235 2739 1413 2824 opinativo.
1435 2738 1544 2822 ltaque
1571 2757 1638 2804 non

516 2855 565 2912 est
583 2848 812 2913 contundenda
828 2851 897 2913 haec
912 2848 1028 2913 divisio
1047 2848 1218 2914 evidentiae
1236 2867 1311 2912 cum
1331 2846 1385 2911 illa
1402 2847 1462 2912 alia
1476 2847 1508 2912 in
1524 2847 1642 2911 intrin-

516 2973 615 3019 secam
638 2964 669 3018 et
692 2954 911 3020 extrinsecam.
939 2955 1064 3020 Etenim
1088 2955 1251 3019 evidentia
1274 2953 1416 3020 veritatis
1435 2962 1544 3038 potest
1566 2973 1639 3020 esse

516 3063 567 3125 vel
584 3061 755 3127 intrinseca
771 3063 821 3126 vel
838 3062 1034 3142 extrinseca;
1051 3062 1211 3128 evidentia
1232 3081 1309 3128 vero
1323 3062 1540 3128 credibilitatis
1554 3072 1640 3128 stare

516 3177 623 3251 potest
639 3187 704 3234 non
720 3171 828 3234 solum
844 3187 922 3235 cum
939 3170 1136 3235 obscuritate
1152 3170 1310 3245 veritatis,
1329 3180 1365 3234 ut
1379 3168 1493 3236 accidit
1511 3169 1543 3234 in
1564 3170 1639 3234 Fide

516 3273 644 3357 divina3
665 3294 739 3359 quae
762 3277 856 3362 juxta
875 3277 1182 3342 communissimam
1199 3275 1442 3362 Theologorum
1457 3277 1638 3343 doctrinam

515 3383 674 3449 evidenter
694 3384 853 3448 credibilis
877 3393 942 3459 est,
972 3401 1037 3449 non
1063 3402 1140 3450 vero
1163 3385 1322 3448 euidenter
1344 3403 1439 3464 oera,·
1464 3383 1637 3450 sedetiam

515 3507 590 3554 curn
612 3490 835 3574 probabilitate
854 3499 953 3574 atque
973 3492 1053 3556 adeo
1067 3509 1144 3556 cum
1160 3490 1309 3556 falsitate.
1331 3490 1497 3556 Evidentia
1518 3490 1638 3575 quippe

515 3597 736 3662 credibilitatis
764 3617 829 3663 non
856 3598 942 3663 aliud
971 3597 1143 3682 importat,
1166 3597 1226 3664 nisi
1245 3599 1335 3681 quod
1349 3597 1485 3664 evidens
1502 3597 1543 3665 sit
1558 3599 1640 3681 ludi-

515 3701 622 3779 cium,
639 3722 707 3786 quo
719 3705 906 3789 judicamus
922 3725 990 3770 rem
1009 3705 1151 3790 aliquam
1169 3705 1254 3770 credi
1273 3723 1369 3788 posse
1387 3717 1443 3772 aut
1462 3707 1592 3771 debere.

584 3811 637 3876 llla
656 3829 789 3895 quoque
807 3813 1011 3878 consideratu
1035 3813 1133 3897 digna
1159 3821 1208 3878 est
1233 3812 1379 3896 partitio,
1395 3832 1459 3896 qua
1479 3813 1637 3879 evidentia

457 3953 461 3963 ·
515 3917 719 3985 distribuitur
734 3920 766 3984 in
787 3918 984 3985 evidentiam
1005 3919 1158 3984 ilarionis
1175 3937 1234 3985 seu
1250 3921 1491 4004 consequenirie,
1512 3930 1544 3987 et
1562 3940 1639 3986 con-

302 4035 314 4064 ο
345 4037 403 4066 '⁰¹¹⁶
422 4039 462 4067 ⁰⁶¹¹
475 4025 500 4068 ⁵³·
515 4011 697 4108 sequentis.
719 4026 885 4092 Evidentia
904 4027 1147 4110 consequentiae
1171 4027 1280 4101 adest,
1300 4046 1377 4092 cum
1398 4047 1439 4093 ex
1458 4028 1567 4110 aliquo
1582 4047 1639 4095 an-

515 4134 684 4198 tecedente
703 4133 754 4200 vel
771 4133 958 4199 conditione
978 4133 1149 4202 manifeste
1168 4133 1239 4199 lluit
1253 4133 1352 4200 aliud.
1374 4134 1540 4201 Evidentia
1560 4154 1637 4200 vero

515 4241 750 4324 consequentis
769 4240 879 4316 adest,
895 4259 971 4307 curn
991 4241 1023 4306 id
1042 4240 1133 4324 quod
1156 4260 1197 4306 ex
1215 4242 1277 4308 alio
1296 4241 1368 4307 tiuit
1393 4243 1443 4307 vel
1461 4241 1636 4327 colligitur,

518 4433 797 4447 —ffl

549 4526 590 4596 (r)
626 4523 688 4584 cfr.
707 4526 744 4584 de
760 4526 813 4584 hac
830 4524 977 4584 divisione
1001 4525 1162 4596 laquierdo‚
1188 4525 1246 4598 Op.
1264 4527 1313 4586 cit.
1336 4527 1414 4600 disp.
1429 4547 1458 4601 4,
1482 4537 1588 4600 quaest.
1611 4545 1636 4598 a,

513 4634 543 4672 Π·
562 4633 593 4686 35
610 4633 692 4686 ΜΨ

552 4709 594 4770 (a)
632 4703 673 4763 ld.
692 4703 762 4762 ibid.
779 4723 809 4764 n.
825 4725 871 4763 ao.

547 4793 589 4866 (3)
625 4797 666 4868 3!
682 4793 758 4854 bist.
773 4813 820 4868 aa,
835 4806 940 4867 quaest.
961 4815 986 4866 ι,
1000 4814 1028 4854 a.
1044 4815 1070 4853 a.
